  <div class='ocr_page' id='page_1' title='image "/cluster/home/n/w/nwhite01/storage/ocr_20150623/101/hvd.32044054759683/384.png"; bbox 0 0 3866 6170; ppageno 0'>
   <div class='ocr_carea' id='block_1_1' title="bbox 224 310 319 364">
    <p class='ocr_par' dir='ltr' id='par_1_1' title="bbox 224 310 319 364">
     <span class='ocr_line' id='line_1_1' title="bbox 224 310 319 364; baseline 0 -1"><span class='ocrx_word' id='word_1_1' title='bbox 224 310 319 364; x_wconf 76' lang='lat'><strong>757</strong></span> 
     </span>
    </p>
   </div>
   <div class='ocr_carea' id='block_1_2' title="bbox 224 415 1610 485">
    <p class='ocr_par' dir='ltr' id='par_1_2' title="bbox 224 415 1610 485">
     <span class='ocr_line' id='line_1_2' title="bbox 224 415 1610 485; baseline -0.006 -10"><span class='ocrx_word' id='word_1_2' title='bbox 224 420 287 475; x_wconf 90' lang='lat' dir='ltr'><strong>Ut</strong></span> <span class='ocrx_word' id='word_1_3' title='bbox 307 417 505 482; x_wconf 87' lang='lat' dir='ltr'><strong>cernis,</strong></span> <span class='ocrx_word' id='word_1_4' title='bbox 534 416 726 475; x_wconf 90' lang='lat' dir='ltr'><strong>lector.</strong></span> <span class='ocrx_word' id='word_1_5' title='bbox 753 420 918 471; x_wconf 88' lang='lat' dir='ltr'><strong>totam</strong></span> <span class='ocrx_word' id='word_1_6' title='bbox 942 427 1203 479; x_wconf 83' lang='lat' dir='ltr'><strong>renovare</strong></span> <span class='ocrx_word' id='word_1_7' title='bbox 1226 429 1327 485; x_wconf 84' lang='lat' dir='ltr'><strong>per</strong></span> <span class='ocrx_word' id='word_1_8' title='bbox 1355 415 1532 469; x_wconf 82' lang='lat' dir='ltr'><strong>aulam</strong></span> <span class='ocrx_word' id='word_1_9' title='bbox 1562 427 1610 466; x_wconf 76' lang='grc' dir='ltr'><strong>ι.</strong></span> 
     </span>
    </p>
   </div>
   <div class='ocr_carea' id='block_1_3' title="bbox 220 504 1540 575">
    <p class='ocr_par' dir='ltr' id='par_1_3' title="bbox 220 504 1540 575">
     <span class='ocr_line' id='line_1_3' title="bbox 220 504 1540 575; baseline -0.005 -12"><span class='ocrx_word' id='word_1_10' title='bbox 220 510 315 563; x_wconf 84' lang='lat' dir='ltr'><strong>llic</strong></span> <span class='ocrx_word' id='word_1_11' title='bbox 334 508 453 563; x_wconf 86' lang='lat' dir='ltr'><strong>loca</strong></span> <span class='ocrx_word' id='word_1_12' title='bbox 487 506 732 575; x_wconf 88' lang='lat' dir='ltr'><strong>reliquiis</strong></span> <span class='ocrx_word' id='word_1_13' title='bbox 763 514 1006 563; x_wconf 89' lang='lat' dir='ltr'><strong>statuens</strong></span> <span class='ocrx_word' id='word_1_14' title='bbox 1039 505 1318 574; x_wconf 89' lang='lat' dir='ltr'><strong>aptissima</strong></span> <span class='ocrx_word' id='word_1_15' title='bbox 1344 504 1540 570; x_wconf 88' lang='lat' dir='ltr'><strong>sacris,</strong></span> 
     </span>
    </p>
   </div>
   <div class='ocr_carea' id='block_1_4' title="bbox 221 595 1575 667">
    <p class='ocr_par' dir='ltr' id='par_1_4' title="bbox 221 595 1575 667">
     <span class='ocr_line' id='line_1_4' title="bbox 221 595 1575 667; baseline -0.004 -15"><span class='ocrx_word' id='word_1_16' title='bbox 221 596 541 653; x_wconf 85' lang='lat' dir='ltr'><strong>Sanctorqu</strong></span> <span class='ocrx_word' id='word_1_17' title='bbox 561 595 779 667; x_wconf 78' lang='lat' dir='ltr'><strong>requies</strong></span> <span class='ocrx_word' id='word_1_18' title='bbox 800 603 977 650; x_wconf 86' lang='lat' dir='ltr'><strong>certos</strong></span> <span class='ocrx_word' id='word_1_19' title='bbox 999 604 1057 649; x_wconf 93' lang='lat' dir='ltr'><strong>ut</strong></span> <span class='ocrx_word' id='word_1_20' title='bbox 1072 596 1297 649; x_wconf 90' lang='lat' dir='ltr'><strong>haberet</strong></span> <span class='ocrx_word' id='word_1_21' title='bbox 1319 595 1575 659; x_wconf 82' lang='lat' dir='ltr'><strong>honores,</strong></span> 
     </span>
    </p>
   </div>
   <div class='ocr_carea' id='block_1_5' title="bbox 220 685 1508 755">
    <p class='ocr_par' dir='ltr' id='par_1_5' title="bbox 220 685 1508 755">
     <span class='ocr_line' id='line_1_5' title="bbox 220 685 1508 755; baseline -0.005 -11"><span class='ocrx_word' id='word_1_22' title='bbox 220 688 291 744; x_wconf 86' lang='lat' dir='ltr'><strong>Ut</strong></span> <span class='ocrx_word' id='word_1_23' title='bbox 318 688 477 743; x_wconf 89' lang='lat' dir='ltr'><strong>decet</strong></span> <span class='ocrx_word' id='word_1_24' title='bbox 498 686 554 741; x_wconf 92' lang='lat' dir='ltr'><strong>in</strong></span> <span class='ocrx_word' id='word_1_25' title='bbox 587 686 750 740; x_wconf 92' lang='lat' dir='ltr'><strong>terris</strong></span> <span class='ocrx_word' id='word_1_26' title='bbox 774 686 1025 740; x_wconf 87' lang='lat' dir='ltr'><strong>venerari</strong></span> <span class='ocrx_word' id='word_1_27' title='bbox 1054 694 1243 740; x_wconf 89' lang='lat' dir='ltr'><strong>sancta</strong></span> <span class='ocrx_word' id='word_1_28' title='bbox 1270 685 1508 755; x_wconf 89' lang='lat' dir='ltr'><strong>piorum,</strong></span> 
     </span>
    </p>
   </div>
   <div class='ocr_carea' id='block_1_6' title="bbox 219 775 1587 845">
    <p class='ocr_par' dir='ltr' id='par_1_6' title="bbox 219 775 1587 845">
     <span class='ocr_line' id='line_1_6' title="bbox 219 775 1587 845; baseline -0.004 -13"><span class='ocrx_word' id='word_1_29' title='bbox 219 776 362 843; x_wconf 82' lang='lat' dir='ltr'><strong>Quos</strong></span> <span class='ocrx_word' id='word_1_30' title='bbox 385 777 529 831; x_wconf 88' lang='lat' dir='ltr'><strong>Deus</strong></span> <span class='ocrx_word' id='word_1_31' title='bbox 556 776 609 829; x_wconf 89' lang='lat' dir='ltr'><strong>in</strong></span> <span class='ocrx_word' id='word_1_32' title='bbox 633 775 788 830; x_wconf 64' lang='lat' dir='ltr'><strong>oculis</strong></span> <span class='ocrx_word' id='word_1_33' title='bbox 818 775 988 829; x_wconf 87' lang='lat' dir='ltr'><strong>voluit</strong></span> <span class='ocrx_word' id='word_1_34' title='bbox 1024 789 1252 844; x_wconf 88' lang='lat' dir='ltr'><strong>regnare</strong></span> <span class='ocrx_word' id='word_1_35' title='bbox 1272 789 1370 845; x_wconf 91' lang='lat' dir='ltr'><strong>per</strong></span> <span class='ocrx_word' id='word_1_36' title='bbox 1393 789 1587 828; x_wconf 74' lang='lat' dir='ltr'><strong>mvum.</strong></span> 
     </span>
    </p>
   </div>
   <div class='ocr_carea' id='block_1_7' title="bbox 219 892 1795 943">
    <p class='ocr_par' dir='ltr' id='par_1_7' title="bbox 219 892 1795 943">
     <span class='ocr_line' id='line_1_7' title="bbox 219 892 1795 943; baseline -0.004 0"><span class='ocrx_word' id='word_1_37' title='bbox 219 898 319 943; x_wconf 76' lang='lat' dir='ltr'><strong>xx.</strong></span> <span class='ocrx_word' id='word_1_38' title='bbox 369 895 463 941; x_wconf 74' lang='grc' dir='ltr'><strong>ηε</strong></span> <span class='ocrx_word' id='word_1_39' title='bbox 521 895 1067 943; x_wconf 66' lang='grc' dir='ltr'><strong>ποιμα-ωιτη</strong></span> <span class='ocrx_word' id='word_1_40' title='bbox 1124 896 1183 940; x_wconf 75' lang='grc' dir='ltr'><strong>ι.</strong></span> <span class='ocrx_word' id='word_1_41' title='bbox 1243 894 1481 943; x_wconf 66' lang='grc' dir='ltr'><strong>ιιι-ειη</strong></span> <span class='ocrx_word' id='word_1_42' title='bbox 1539 892 1795 939; x_wconf 62' lang='grc' dir='ltr'><strong>ιλιι.-</strong></span> 
     </span>
    </p>
   </div>
   <div class='ocr_carea' id='block_1_8' title="bbox 249 961 1754 1013">
    <p class='ocr_par' dir='ltr' id='par_1_8' title="bbox 249 961 1754 1013">
     <span class='ocr_line' id='line_1_8' title="bbox 249 961 1754 1013; baseline -0.005 0"><span class='ocrx_word' id='word_1_43' title='bbox 249 965 656 1013; x_wconf 61' lang='grc' dir='ltr'><strong>επις-ιιι</strong></span> <span class='ocrx_word' id='word_1_44' title='bbox 692 965 791 1011; x_wconf 69' lang='grc' dir='ltr'><strong>ετ</strong></span> <span class='ocrx_word' id='word_1_45' title='bbox 822 966 881 1011; x_wconf 75' lang='grc' dir='ltr'><strong>Ι.</strong></span> <span class='ocrx_word' id='word_1_46' title='bbox 912 965 1237 1011; x_wconf 64' lang='grc' dir='ltr'><strong>ΔΙΔΠΏΙ</strong></span> <span class='ocrx_word' id='word_1_47' title='bbox 1271 961 1754 1011; x_wconf 66' lang='grc' dir='ltr'><strong>ειποκικιι.</strong></span> 
     </span>
    </p>
   </div>
   <div class='ocr_carea' id='block_1_9' title="bbox 373 1067 1630 1226">
    <p class='ocr_par' dir='ltr' id='par_1_9' title="bbox 373 1067 1630 1226">
     <span class='ocr_line' id='line_1_9' title="bbox 373 1067 1630 1226; baseline -0.006 -13"><span class='ocrx_word' id='word_1_48' title='bbox 373 1159 405 1200; x_wconf 71' lang='grc' dir='ltr'><strong>ιι</strong></span> <span class='ocrx_word' id='word_1_49' title='bbox 445 1158 524 1213; x_wconf 85' lang='lat' dir='ltr'><strong>De</strong></span> <span class='ocrx_word' id='word_1_50' title='bbox 549 1158 635 1212; x_wconf 75' lang='lat' dir='ltr'><strong>via</strong></span> <span class='ocrx_word' id='word_1_51' title='bbox 662 1156 860 1226; x_wconf 75' lang='lat' dir='ltr'><strong>duplici</strong></span> <span class='ocrx_word' id='word_1_52' title='bbox 889 1067 1217 1211; x_wconf 45' lang='lat' dir='ltr'><strong>agjilcﬁolam</strong></span> <span class='ocrx_word' id='word_1_53' title='bbox 1244 1163 1293 1209; x_wconf 84' lang='lat' dir='ltr'><strong>et</strong></span> <span class='ocrx_word' id='word_1_54' title='bbox 1318 1169 1630 1224; x_wconf 82' lang='lat' dir='ltr'><strong>cauponam.</strong></span> 
     </span>
    </p>
   </div>
   <div class='ocr_carea' id='block_1_10' title="bbox 221 1269 1565 1341">
    <p class='ocr_par' dir='ltr' id='par_1_10' title="bbox 221 1269 1565 1341">
     <span class='ocr_line' id='line_1_10' title="bbox 221 1269 1565 1341; baseline -0.004 -14"><span class='ocrx_word' id='word_1_55' title='bbox 221 1269 318 1327; x_wconf 79' lang='lat' dir='ltr'><strong>Hic</strong></span> <span class='ocrx_word' id='word_1_56' title='bbox 339 1278 397 1325; x_wconf 90' lang='lat' dir='ltr'><strong>tu</strong></span> <span class='ocrx_word' id='word_1_57' title='bbox 428 1285 526 1341; x_wconf 87' lang='lat' dir='ltr'><strong>per</strong></span> <span class='ocrx_word' id='word_1_58' title='bbox 560 1277 787 1325; x_wconf 88' lang='lat' dir='ltr'><strong>stratum</strong></span> <span class='ocrx_word' id='word_1_59' title='bbox 811 1283 1045 1340; x_wconf 80' lang='lat' dir='ltr'><strong>pergens</strong></span> <span class='ocrx_word' id='word_1_60' title='bbox 1078 1269 1334 1334; x_wconf 79' lang='lat' dir='ltr'><strong>subsiste,</strong></span> <span class='ocrx_word' id='word_1_61' title='bbox 1367 1269 1565 1334; x_wconf 78' lang='lat' dir='ltr'><strong>viator,</strong></span> 
     </span>
    </p>
   </div>
   <div class='ocr_carea' id='block_1_11' title="bbox 223 1359 1509 1430">
    <p class='ocr_par' dir='ltr' id='par_1_11' title="bbox 223 1359 1509 1430">
     <span class='ocr_line' id='line_1_11' title="bbox 223 1359 1509 1430; baseline -0.004 -14"><span class='ocrx_word' id='word_1_62' title='bbox 223 1360 528 1416; x_wconf 74' lang='lat' dir='ltr'><strong>Versiculos</strong></span> <span class='ocrx_word' id='word_1_63' title='bbox 558 1374 759 1430; x_wconf 88' lang='lat' dir='ltr'><strong>paucos</strong></span> <span class='ocrx_word' id='word_1_64' title='bbox 785 1360 1024 1415; x_wconf 88' lang='lat' dir='ltr'><strong>studiosa</strong></span> <span class='ocrx_word' id='word_1_65' title='bbox 1061 1359 1280 1430; x_wconf 88' lang='lat' dir='ltr'><strong>perlege</strong></span> <span class='ocrx_word' id='word_1_66' title='bbox 1308 1368 1509 1415; x_wconf 87' lang='lat' dir='ltr'><strong>mente.</strong></span> 
     </span>
    </p>
   </div>
   <div class='ocr_carea' id='block_1_12' title="bbox 222 1451 1578 1522">
    <p class='ocr_par' dir='ltr' id='par_1_12' title="bbox 222 1451 1578 1522">
     <span class='ocr_line' id='line_1_12' title="bbox 222 1451 1578 1522; baseline -0.001 -16"><span class='ocrx_word' id='word_1_67' title='bbox 222 1452 278 1507; x_wconf 88' lang='lat' dir='ltr'><strong>In</strong></span> <span class='ocrx_word' id='word_1_68' title='bbox 307 1452 416 1517; x_wconf 88' lang='lat' dir='ltr'><strong>via,</strong></span> <span class='ocrx_word' id='word_1_69' title='bbox 438 1467 601 1521; x_wconf 89' lang='lat' dir='ltr'><strong>quam</strong></span> <span class='ocrx_word' id='word_1_70' title='bbox 632 1451 833 1516; x_wconf 90' lang='lat' dir='ltr'><strong>cernis,</strong></span> <span class='ocrx_word' id='word_1_71' title='bbox 866 1451 1066 1522; x_wconf 85' lang='lat' dir='ltr'><strong>duplici</strong></span> <span class='ocrx_word' id='word_1_72' title='bbox 1093 1451 1299 1507; x_wconf 88' lang='lat' dir='ltr'><strong>ditatur</strong></span> <span class='ocrx_word' id='word_1_73' title='bbox 1334 1451 1578 1506; x_wconf 89' lang='lat' dir='ltr'><strong>honore:</strong></span> 
     </span>
    </p>
   </div>
   <div class='ocr_carea' id='block_1_13' title="bbox 223 1543 1526 1615">
    <p class='ocr_par' dir='ltr' id='par_1_13' title="bbox 223 1543 1526 1615">
     <span class='ocr_line' id='line_1_13' title="bbox 223 1543 1526 1615; baseline -0.001 -18"><span class='ocrx_word' id='word_1_74' title='bbox 223 1543 345 1599; x_wconf 72' lang='lat' dir='ltr'><strong>Haec</strong></span> <span class='ocrx_word' id='word_1_75' title='bbox 373 1544 440 1599; x_wconf 87' lang='lat' dir='ltr'><strong>ad</strong></span> <span class='ocrx_word' id='word_1_76' title='bbox 466 1559 761 1615; x_wconf 83' lang='lat' dir='ltr'><strong>cauponem</strong></span> <span class='ocrx_word' id='word_1_77' title='bbox 782 1544 928 1600; x_wconf 91' lang='lat' dir='ltr'><strong>ducit</strong></span> <span class='ocrx_word' id='word_1_78' title='bbox 949 1552 1138 1615; x_wconf 89' lang='lat' dir='ltr'><strong>potare</strong></span> <span class='ocrx_word' id='word_1_79' title='bbox 1164 1555 1188 1583; x_wconf 77' lang='grc' dir='ltr'><strong>ο</strong></span> <span class='ocrx_word' id='word_1_80' title='bbox 1219 1544 1486 1600; x_wconf 91' lang='lat' dir='ltr'><strong>volentem</strong></span> <span class='ocrx_word' id='word_1_81' title='bbox 1513 1562 1526 1596; x_wconf 86' lang='lat'><strong>:</strong></span> 
     </span>
    </p>
   </div>
   <div class='ocr_carea' id='block_1_14' title="bbox 223 1631 1615 1704">
    <p class='ocr_par' dir='ltr' id='par_1_14' title="bbox 223 1631 1615 1704">
     <span class='ocr_line' id='line_1_14' title="bbox 223 1631 1615 1704; baseline -0.001 -16"><span class='ocrx_word' id='word_1_82' title='bbox 223 1633 393 1704; x_wconf 81' lang='lat' dir='ltr'><strong>Elige,</strong></span> <span class='ocrx_word' id='word_1_83' title='bbox 420 1634 563 1703; x_wconf 90' lang='lat' dir='ltr'><strong>quod</strong></span> <span class='ocrx_word' id='word_1_84' title='bbox 583 1634 793 1703; x_wconf 77' lang='lat' dir='ltr'><strong>placeat</strong></span> <span class='ocrx_word' id='word_1_85' title='bbox 826 1633 923 1689; x_wconf 89' lang='lat' dir='ltr'><strong>tibi</strong></span> <span class='ocrx_word' id='word_1_86' title='bbox 947 1649 1088 1689; x_wconf 90' lang='lat' dir='ltr'><strong>nunc</strong></span> <span class='ocrx_word' id='word_1_87' title='bbox 1109 1635 1227 1698; x_wconf 89' lang='lat' dir='ltr'><strong>iter,</strong></span> <span class='ocrx_word' id='word_1_88' title='bbox 1254 1647 1384 1688; x_wconf 90' lang='lat' dir='ltr'><strong>ecce</strong></span> <span class='ocrx_word' id='word_1_89' title='bbox 1411 1631 1615 1698; x_wconf 89' lang='lat' dir='ltr'><strong>viator,</strong></span> 
     </span>
    </p>
   </div>
   <div class='ocr_carea' id='block_1_15' title="bbox 222 1724 1570 1797">
    <p class='ocr_par' dir='ltr' id='par_1_15' title="bbox 222 1724 1570 1797">
     <span class='ocr_line' id='line_1_15' title="bbox 222 1724 1570 1797; baseline -0.001 -17"><span class='ocrx_word' id='word_1_90' title='bbox 222 1727 325 1780; x_wconf 89' lang='lat' dir='ltr'><strong>Ant</strong></span> <span class='ocrx_word' id='word_1_91' title='bbox 349 1734 537 1797; x_wconf 85' lang='lat' dir='ltr'><strong>potare</strong></span> <span class='ocrx_word' id='word_1_92' title='bbox 562 1740 791 1790; x_wconf 78' lang='lat' dir='ltr'><strong>mecum,</strong></span> <span class='ocrx_word' id='word_1_93' title='bbox 820 1741 1007 1785; x_wconf 88' lang='lat' dir='ltr'><strong>saeros</strong></span> <span class='ocrx_word' id='word_1_94' title='bbox 1036 1733 1129 1785; x_wconf 87' lang='lat' dir='ltr'><strong>aut</strong></span> <span class='ocrx_word' id='word_1_95' title='bbox 1149 1726 1360 1781; x_wconf 89' lang='lat' dir='ltr'><strong>discere</strong></span> <span class='ocrx_word' id='word_1_96' title='bbox 1382 1724 1570 1780; x_wconf 88' lang='lat' dir='ltr'><strong>libros.</strong></span> 
     </span>
    </p>
   </div>
   <div class='ocr_carea' id='block_1_16' title="bbox 224 1816 1551 1890">
    <p class='ocr_par' dir='ltr' id='par_1_16' title="bbox 224 1816 1551 1890">
     <span class='ocr_line' id='line_1_16' title="bbox 224 1816 1551 1890; baseline -0.002 -18"><span class='ocrx_word' id='word_1_97' title='bbox 224 1816 281 1872; x_wconf 88' lang='lat' dir='ltr'><strong>Si</strong></span> <span class='ocrx_word' id='word_1_98' title='bbox 312 1826 503 1888; x_wconf 89' lang='lat' dir='ltr'><strong>potare</strong></span> <span class='ocrx_word' id='word_1_99' title='bbox 528 1819 675 1885; x_wconf 86' lang='lat' dir='ltr'><strong>velis,</strong></span> <span class='ocrx_word' id='word_1_100' title='bbox 707 1834 956 1876; x_wconf 86' lang='lat' dir='ltr'><strong>nummos</strong></span> <span class='ocrx_word' id='word_1_101' title='bbox 991 1827 1251 1890; x_wconf 63' lang='lat' dir='ltr'><strong>praestare</strong></span> <span class='ocrx_word' id='word_1_102' title='bbox 1286 1817 1508 1873; x_wconf 83' lang='lat' dir='ltr'><strong>debebis</strong></span> <span class='ocrx_word' id='word_1_103' title='bbox 1538 1832 1551 1869; x_wconf 90' lang='lat'><strong>:</strong></span> 
     </span>
    </p>
   </div>
   <div class='ocr_carea' id='block_1_17' title="bbox 222 1904 1679 1981">
    <p class='ocr_par' dir='ltr' id='par_1_17' title="bbox 222 1904 1679 1981">
     <span class='ocr_line' id='line_1_17' title="bbox 222 1904 1679 1981; baseline -0.001 -19"><span class='ocrx_word' id='word_1_104' title='bbox 222 1906 445 1966; x_wconf 84' lang='lat' dir='ltr'><strong>Discere</strong></span> <span class='ocrx_word' id='word_1_105' title='bbox 466 1910 510 1965; x_wconf 89' lang='lat' dir='ltr'><strong>si</strong></span> <span class='ocrx_word' id='word_1_106' title='bbox 538 1911 748 1981; x_wconf 88' lang='lat' dir='ltr'><strong>cupias,</strong></span> <span class='ocrx_word' id='word_1_107' title='bbox 782 1909 973 1980; x_wconf 78' lang='lat' dir='ltr'><strong>gratis,</strong></span> <span class='ocrx_word' id='word_1_108' title='bbox 998 1908 1142 1980; x_wconf 82' lang='lat' dir='ltr'><strong>quod</strong></span> <span class='ocrx_word' id='word_1_109' title='bbox 1178 1907 1401 1978; x_wconf 79' lang='lat' dir='ltr'><strong>quaeris,</strong></span> <span class='ocrx_word' id='word_1_110' title='bbox 1432 1904 1679 1962; x_wconf 81' lang='lat' dir='ltr'><strong>habebis.</strong></span> 
     </span>
    </p>
   </div>
   <div class='ocr_carea' id='block_1_18' title="bbox 1011 2020 1081 2075">
    <p class='ocr_par' dir='ltr' id='par_1_18' title="bbox 1011 2020 1081 2075">
     <span class='ocr_line' id='line_1_18' title="bbox 1011 2020 1081 2075; baseline 0 0"><span class='ocrx_word' id='word_1_111' title='bbox 1011 2020 1081 2075; x_wconf 79' lang='grc' dir='ltr'><strong>Χ.</strong></span> 
     </span>
    </p>
   </div>
   <div class='ocr_carea' id='block_1_19' title="bbox 591 2021 1410 2169">
    <p class='ocr_par' dir='ltr' id='par_1_19' title="bbox 591 2021 1410 2169">
     <span class='ocr_line' id='line_1_19' title="bbox 1011 2021 1081 2075; baseline 0 0"><span class='ocrx_word' id='word_1_112' title='bbox 1011 2021 1081 2075; x_wconf 83' lang='lat' dir='ltr'><strong>X.</strong></span> 
     </span>
     <span class='ocr_line' id='line_1_20' title="bbox 591 2021 1410 2169; baseline -0.005 -2"><span class='ocrx_word' id='word_1_113' title='bbox 591 2114 618 2154; x_wconf 74' lang='grc' dir='ltr'><em>ά</em></span> <span class='ocrx_word' id='word_1_114' title='bbox 646 2114 727 2168; x_wconf 81' lang='lat' dir='ltr'><strong>Ad</strong></span> <span class='ocrx_word' id='word_1_115' title='bbox 754 2021 1024 2169; x_wconf 43' lang='lat' dir='ltr'><strong>ecclesia;</strong></span> <span class='ocrx_word' id='word_1_116' title='bbox 1048 2112 1218 2168; x_wconf 80' lang='lat' dir='ltr'><strong>sancti</strong></span> <span class='ocrx_word' id='word_1_117' title='bbox 1244 2110 1410 2165; x_wconf 82' lang='lat' dir='ltr'><strong>Petri.</strong></span> 
     </span>
    </p>
   </div>
   <div class='ocr_carea' id='block_1_20' title="bbox 226 2221 1579 2299">
    <p class='ocr_par' dir='ltr' id='par_1_20' title="bbox 226 2221 1579 2299">
     <span class='ocr_line' id='line_1_21' title="bbox 226 2221 1579 2299; baseline -0.005 -16"><span class='ocrx_word' id='word_1_118' title='bbox 226 2226 470 2299; x_wconf 80' lang='lat' dir='ltr'><strong>Claviger</strong></span> <span class='ocrx_word' id='word_1_119' title='bbox 496 2226 770 2291; x_wconf 68' lang='lat' dir='ltr'><strong>aetherius,</strong></span> <span class='ocrx_word' id='word_1_120' title='bbox 794 2238 982 2297; x_wconf 86' lang='lat' dir='ltr'><strong>portas</strong></span> <span class='ocrx_word' id='word_1_121' title='bbox 1008 2224 1100 2297; x_wconf 89' lang='lat' dir='ltr'><strong>qui</strong></span> <span class='ocrx_word' id='word_1_122' title='bbox 1126 2223 1315 2295; x_wconf 79' lang='lat' dir='ltr'><strong>pandit</strong></span> <span class='ocrx_word' id='word_1_123' title='bbox 1345 2221 1579 2294; x_wconf 85' lang='lat' dir='ltr'><strong>Olympi,</strong></span> 
     </span>
    </p>
   </div>
   <div class='ocr_carea' id='block_1_21' title="bbox 227 2313 1795 2387">
    <p class='ocr_par' dir='ltr' id='par_1_21' title="bbox 227 2313 1795 2387">
     <span class='ocr_line' id='line_1_22' title="bbox 227 2313 1795 2387; baseline -0.003 -16"><span class='ocrx_word' id='word_1_124' title='bbox 227 2317 433 2383; x_wconf 86' lang='lat' dir='ltr'><strong>Petrus,</strong></span> <span class='ocrx_word' id='word_1_125' title='bbox 464 2315 760 2387; x_wconf 89' lang='lat' dir='ltr'><strong>apostolico</strong></span> <span class='ocrx_word' id='word_1_126' title='bbox 795 2315 1088 2386; x_wconf 62' lang='lat' dir='ltr'><strong>pra‘clarus</strong></span> <span class='ocrx_word' id='word_1_127' title='bbox 1132 2315 1187 2368; x_wconf 90' lang='lat' dir='ltr'><strong>in</strong></span> <span class='ocrx_word' id='word_1_128' title='bbox 1223 2314 1434 2385; x_wconf 84' lang='lat' dir='ltr'><strong>agmine</strong></span> <span class='ocrx_word' id='word_1_129' title='bbox 1469 2324 1492 2352; x_wconf 75' lang='grc' dir='ltr'>ε</span> <span class='ocrx_word' id='word_1_130' title='bbox 1518 2313 1795 2382; x_wconf 87' lang='lat' dir='ltr'><strong>princeps,</strong></span> 
     </span>
    </p>
   </div>
   <div class='ocr_carea' id='block_1_22' title="bbox 226 2392 1794 2479">
    <p class='ocr_par' dir='ltr' id='par_1_22' title="bbox 226 2392 1794 2479">
     <span class='ocr_line' id='line_1_23' title="bbox 226 2392 1794 2479; baseline -0.003 -16"><span class='ocrx_word' id='word_1_131' title='bbox 226 2409 477 2479; x_wconf 84' lang='lat' dir='ltr'><strong>Protegat</strong></span> <span class='ocrx_word' id='word_1_132' title='bbox 519 2408 661 2462; x_wconf 90' lang='lat' dir='ltr'><strong>hanc</strong></span> <span class='ocrx_word' id='word_1_133' title='bbox 696 2406 873 2462; x_wconf 81' lang='lat' dir='ltr'><strong>aulam</strong></span> <span class='ocrx_word' id='word_1_134' title='bbox 931 2405 1147 2461; x_wconf 81' lang='lat' dir='ltr'><strong>Christo</strong></span> <span class='ocrx_word' id='word_1_135' title='bbox 1188 2392 1427 2459; x_wconf 81' lang='lat' dir='ltr'><strong>donante</strong></span> <span class='ocrx_word' id='word_1_136' title='bbox 1461 2419 1562 2473; x_wconf 89' lang='lat' dir='ltr'><strong>per</strong></span> <span class='ocrx_word' id='word_1_137' title='bbox 1596 2417 1794 2469; x_wconf 74' lang='lat' dir='ltr'><strong>aevum,</strong></span> 
     </span>
    </p>
   </div>
   <div class='ocr_carea' id='block_1_23' title="bbox 227 2492 1687 2570">
    <p class='ocr_par' dir='ltr' id='par_1_23' title="bbox 227 2492 1687 2570">
     <span class='ocr_line' id='line_1_24' title="bbox 227 2492 1687 2570; baseline -0.003 -19"><span class='ocrx_word' id='word_1_138' title='bbox 227 2498 394 2566; x_wconf 83' lang='lat' dir='ltr'><strong>Quam</strong></span> <span class='ocrx_word' id='word_1_139' title='bbox 416 2498 582 2552; x_wconf 88' lang='lat' dir='ltr'><strong>Pater</strong></span> <span class='ocrx_word' id='word_1_140' title='bbox 605 2499 855 2570; x_wconf 87' lang='lat' dir='ltr'><strong>egregius</strong></span> <span class='ocrx_word' id='word_1_141' title='bbox 881 2495 1220 2551; x_wconf 82' lang='lat' dir='ltr'><strong>Hrodhertus</strong></span> <span class='ocrx_word' id='word_1_142' title='bbox 1246 2492 1267 2532; x_wconf 65' lang='grc' dir='ltr'>ί</span> <span class='ocrx_word' id='word_1_143' title='bbox 1300 2492 1508 2549; x_wconf 91' lang='lat' dir='ltr'><strong>fecerat</strong></span> <span class='ocrx_word' id='word_1_144' title='bbox 1536 2493 1687 2560; x_wconf 89' lang='lat' dir='ltr'><strong>olim,</strong></span> 
     </span>
    </p>
   </div>
   <div class='ocr_carea' id='block_1_24' title="bbox 230 2584 1620 2657">
    <p class='ocr_par' dir='ltr' id='par_1_24' title="bbox 230 2584 1620 2657">
     <span class='ocr_line' id='line_1_25' title="bbox 230 2584 1620 2657; baseline -0.004 -12"><span class='ocrx_word' id='word_1_145' title='bbox 230 2589 295 2645; x_wconf 97' lang='lat' dir='ltr'><strong>Ut</strong></span> <span class='ocrx_word' id='word_1_146' title='bbox 320 2588 465 2646; x_wconf 87' lang='lat' dir='ltr'><strong>foret</strong></span> <span class='ocrx_word' id='word_1_147' title='bbox 485 2589 781 2644; x_wconf 87' lang='lat' dir='ltr'><strong>aitithrono</strong></span> <span class='ocrx_word' id='word_1_148' title='bbox 802 2588 939 2651; x_wconf 87' lang='lat' dir='ltr'><strong>laus,</strong></span> <span class='ocrx_word' id='word_1_149' title='bbox 966 2588 1135 2656; x_wconf 81' lang='lat' dir='ltr'><strong>gloria</strong></span> <span class='ocrx_word' id='word_1_150' title='bbox 1161 2601 1374 2657; x_wconf 86' lang='lat' dir='ltr'><strong>semper</strong></span> <span class='ocrx_word' id='word_1_151' title='bbox 1412 2584 1469 2641; x_wconf 88' lang='lat' dir='ltr'><strong>in</strong></span> <span class='ocrx_word' id='word_1_152' title='bbox 1507 2585 1620 2650; x_wconf 89' lang='lat' dir='ltr'><strong>illa,</strong></span> 
     </span>
    </p>
   </div>
   <div class='ocr_carea' id='block_1_25' title="bbox 229 2676 1519 2749">
    <p class='ocr_par' dir='ltr' id='par_1_25' title="bbox 229 2676 1519 2749">
     <span class='ocr_line' id='line_1_26' title="bbox 229 2676 1519 2749; baseline -0.003 -14"><span class='ocrx_word' id='word_1_153' title='bbox 229 2679 433 2749; x_wconf 87' lang='lat' dir='ltr'><strong>Septies</strong></span> <span class='ocrx_word' id='word_1_154' title='bbox 458 2681 623 2749; x_wconf 89' lang='lat' dir='ltr'><strong>inque</strong></span> <span class='ocrx_word' id='word_1_155' title='bbox 650 2680 736 2735; x_wconf 90' lang='lat' dir='ltr'><strong>die</strong></span> <span class='ocrx_word' id='word_1_156' title='bbox 758 2680 943 2734; x_wconf 83' lang='lat' dir='ltr'><strong>laudes</strong></span> <span class='ocrx_word' id='word_1_157' title='bbox 974 2678 1065 2734; x_wconf 90' lang='lat' dir='ltr'><strong>ubi</strong></span> <span class='ocrx_word' id='word_1_158' title='bbox 1091 2678 1274 2733; x_wconf 86' lang='lat' dir='ltr'><strong>dicere</strong></span> <span class='ocrx_word' id='word_1_159' title='bbox 1300 2676 1519 2733; x_wconf 83' lang='lat' dir='ltr'><strong>Christo</strong></span> 
     </span>
    </p>
   </div>
   <div class='ocr_carea' id='block_1_26' title="bbox 228 2768 1535 2842">
    <p class='ocr_par' dir='ltr' id='par_1_26' title="bbox 228 2768 1535 2842">
     <span class='ocr_line' id='line_1_27' title="bbox 228 2768 1535 2842; baseline -0.002 -17"><span class='ocrx_word' id='word_1_160' title='bbox 228 2770 562 2827; x_wconf 79' lang='lat' dir='ltr'><strong>Conveniunt</strong></span> <span class='ocrx_word' id='word_1_161' title='bbox 578 2772 801 2842; x_wconf 89' lang='lat' dir='ltr'><strong>pariter,</strong></span> <span class='ocrx_word' id='word_1_162' title='bbox 828 2771 1020 2826; x_wconf 87' lang='lat' dir='ltr'><strong>devoto</strong></span> <span class='ocrx_word' id='word_1_163' title='bbox 1043 2778 1281 2840; x_wconf 88' lang='lat' dir='ltr'><strong>pectore,</strong></span> <span class='ocrx_word' id='word_1_164' title='bbox 1315 2768 1535 2825; x_wconf 82' lang='lat' dir='ltr'><strong>fratres.</strong></span> 
     </span>
    </p>
   </div>
   <div class='ocr_carea' id='block_1_27' title="bbox 229 2859 1799 2934">
    <p class='ocr_par' dir='ltr' id='par_1_27' title="bbox 229 2859 1799 2934">
     <span class='ocr_line' id='line_1_28' title="bbox 229 2859 1799 2934; baseline 0.001 -20"><span class='ocrx_word' id='word_1_165' title='bbox 229 2859 350 2928; x_wconf 78' lang='lat' dir='ltr'><strong>Vos,</strong></span> <span class='ocrx_word' id='word_1_166' title='bbox 375 2863 504 2917; x_wconf 92' lang='lat' dir='ltr'><strong>dum</strong></span> <span class='ocrx_word' id='word_1_167' title='bbox 532 2864 683 2934; x_wconf 89' lang='lat' dir='ltr'><strong>signa</strong></span> <span class='ocrx_word' id='word_1_168' title='bbox 705 2872 917 2928; x_wconf 84' lang='lat' dir='ltr'><strong>sonent,</strong></span> <span class='ocrx_word' id='word_1_169' title='bbox 941 2863 1176 2933; x_wconf 85' lang='lat' dir='ltr'><strong>prompti</strong></span> <span class='ocrx_word' id='word_1_170' title='bbox 1210 2865 1235 2903; x_wconf 75' lang='grc' dir='ltr'><strong><em>ε</em></strong></span> <span class='ocrx_word' id='word_1_171' title='bbox 1264 2862 1573 2917; x_wconf 88' lang='lat' dir='ltr'><strong>concurrite</strong></span> <span class='ocrx_word' id='word_1_172' title='bbox 1594 2861 1799 2928; x_wconf 88' lang='lat' dir='ltr'><strong>cuncti,</strong></span> 
     </span>
    </p>
   </div>
   <div class='ocr_carea' id='block_1_28' title="bbox 228 2952 1412 3020">
    <p class='ocr_par' dir='ltr' id='par_1_28' title="bbox 228 2952 1412 3020">
     <span class='ocr_line' id='line_1_29' title="bbox 228 2952 1412 3020; baseline 0 -13"><span class='ocrx_word' id='word_1_173' title='bbox 228 2952 441 3009; x_wconf 74' lang='lat' dir='ltr'><strong>\‘erticc</strong></span> <span class='ocrx_word' id='word_1_174' title='bbox 464 2955 758 3020; x_wconf 88' lang='lat' dir='ltr'><strong>submisso,</strong></span> <span class='ocrx_word' id='word_1_175' title='bbox 784 2955 978 3009; x_wconf 87' lang='lat' dir='ltr'><strong>devota</strong></span> <span class='ocrx_word' id='word_1_176' title='bbox 1002 2962 1185 3008; x_wconf 86' lang='lat' dir='ltr'><strong>mente</strong></span> <span class='ocrx_word' id='word_1_177' title='bbox 1210 2953 1412 3008; x_wconf 85' lang='lat' dir='ltr'><strong>venite.</strong></span> 
     </span>
    </p>
   </div>
   <div class='ocr_carea' id='block_1_29' title="bbox 226 3043 1618 3114">
    <p class='ocr_par' dir='ltr' id='par_1_29' title="bbox 226 3043 1618 3114">
     <span class='ocr_line' id='line_1_30' title="bbox 226 3043 1618 3114; baseline 0 -16"><span class='ocrx_word' id='word_1_178' title='bbox 226 3043 511 3113; x_wconf 79' lang='lat' dir='ltr'><strong>Angelicus</strong></span> <span class='ocrx_word' id='word_1_179' title='bbox 532 3044 786 3114; x_wconf 91' lang='lat' dir='ltr'><strong>quoniam</strong></span> <span class='ocrx_word' id='word_1_180' title='bbox 818 3053 992 3100; x_wconf 72' lang='lat' dir='ltr'><strong>cmtus</strong></span> <span class='ocrx_word' id='word_1_181' title='bbox 1014 3058 1112 3099; x_wconf 90' lang='lat' dir='ltr'><strong>vos</strong></span> <span class='ocrx_word' id='word_1_182' title='bbox 1143 3052 1353 3114; x_wconf 86' lang='lat' dir='ltr'><strong>spectat</strong></span> <span class='ocrx_word' id='word_1_183' title='bbox 1381 3044 1433 3098; x_wconf 93' lang='lat' dir='ltr'><strong>in</strong></span> <span class='ocrx_word' id='word_1_184' title='bbox 1470 3044 1618 3109; x_wconf 86' lang='lat' dir='ltr'><strong>aula,</strong></span> 
     </span>
    </p>
   </div>
   <div class='ocr_carea' id='block_1_30' title="bbox 228 3131 1691 3202">
    <p class='ocr_par' dir='ltr' id='par_1_30' title="bbox 228 3131 1691 3202">
     <span class='ocr_line' id='line_1_31' title="bbox 228 3131 1691 3202; baseline 0.001 -16"><span class='ocrx_word' id='word_1_185' title='bbox 228 3132 292 3187; x_wconf 79' lang='lat' dir='ltr'><strong>Et</strong></span> <span class='ocrx_word' id='word_1_186' title='bbox 316 3133 463 3188; x_wconf 85' lang='lat' dir='ltr'><strong>Deus</strong></span> <span class='ocrx_word' id='word_1_187' title='bbox 490 3133 748 3189; x_wconf 79' lang='lat' dir='ltr'><strong>auxilium</strong></span> <span class='ocrx_word' id='word_1_188' title='bbox 784 3132 1005 3189; x_wconf 85' lang='lat' dir='ltr'><strong>humilis</strong></span> <span class='ocrx_word' id='word_1_189' title='bbox 1031 3131 1138 3188; x_wconf 83' lang='lat' dir='ltr'><strong>fert</strong></span> <span class='ocrx_word' id='word_1_190' title='bbox 1154 3133 1185 3173; x_wconf 67' lang='grc' dir='ltr'>δ</span> <span class='ocrx_word' id='word_1_191' title='bbox 1208 3132 1372 3188; x_wconf 88' lang='lat' dir='ltr'><strong>corde</strong></span> <span class='ocrx_word' id='word_1_192' title='bbox 1396 3132 1691 3202; x_wconf 84' lang='lat' dir='ltr'><strong>precantis.</strong></span> 
     </span>
    </p>
   </div>
   <div class='ocr_carea' id='block_1_31' title="bbox 227 3222 1567 3295">
    <p class='ocr_par' dir='ltr' id='par_1_31' title="bbox 227 3222 1567 3295">
     <span class='ocr_line' id='line_1_32' title="bbox 227 3222 1567 3295; baseline 0.002 -19"><span class='ocrx_word' id='word_1_193' title='bbox 227 3222 361 3277; x_wconf 92' lang='lat' dir='ltr'><strong>Ante</strong></span> <span class='ocrx_word' id='word_1_194' title='bbox 388 3222 564 3278; x_wconf 87' lang='lat' dir='ltr'><strong>altare</strong></span> <span class='ocrx_word' id='word_1_195' title='bbox 586 3223 680 3278; x_wconf 87' lang='lat' dir='ltr'><strong>Dei</strong></span> <span class='ocrx_word' id='word_1_196' title='bbox 704 3223 976 3294; x_wconf 78' lang='lat' dir='ltr'><strong>laerymas</strong></span> <span class='ocrx_word' id='word_1_197' title='bbox 998 3233 1329 3295; x_wconf 85' lang='lat' dir='ltr'><strong>quapropter</strong></span> <span class='ocrx_word' id='word_1_198' title='bbox 1350 3238 1567 3279; x_wconf 86' lang='lat' dir='ltr'><strong>amaras</strong></span> 
     </span>
    </p>
   </div>
   <div class='ocr_carea' id='block_1_32' title="bbox 229 3311 1653 3386">
    <p class='ocr_par' dir='ltr' id='par_1_32' title="bbox 229 3311 1653 3386">
     <span class='ocr_line' id='line_1_33' title="bbox 229 3311 1653 3386; baseline 0.001 -19"><span class='ocrx_word' id='word_1_199' title='bbox 229 3311 455 3369; x_wconf 80' lang='lat' dir='ltr'><strong>Fundite</strong></span> <span class='ocrx_word' id='word_1_200' title='bbox 476 3354 490 3380; x_wconf 96' lang='lat'><strong>,</strong></span> <span class='ocrx_word' id='word_1_201' title='bbox 526 3313 802 3369; x_wconf 89' lang='lat' dir='ltr'><strong>duleisona</strong></span> <span class='ocrx_word' id='word_1_202' title='bbox 827 3315 1033 3386; x_wconf 89' lang='lat' dir='ltr'><strong>pariter</strong></span> <span class='ocrx_word' id='word_1_203' title='bbox 1053 3330 1175 3370; x_wconf 92' lang='lat' dir='ltr'><strong>cum</strong></span> <span class='ocrx_word' id='word_1_204' title='bbox 1207 3314 1365 3370; x_wconf 90' lang='lat' dir='ltr'><strong>laude</strong></span> <span class='ocrx_word' id='word_1_205' title='bbox 1397 3313 1653 3381; x_wconf 86' lang='lat' dir='ltr'><strong>Tonanti,</strong></span> 
     </span>
    </p>
   </div>
   <div class='ocr_carea' id='block_1_33' title="bbox 236 3401 1444 3474">
    <p class='ocr_par' dir='ltr' id='par_1_33' title="bbox 236 3401 1444 3474">
     <span class='ocr_line' id='line_1_34' title="bbox 236 3401 1444 3474; baseline -0.002 -15"><span class='ocrx_word' id='word_1_206' title='bbox 236 3401 301 3459; x_wconf 66' lang='lat' dir='ltr'><strong>lit</strong></span> <span class='ocrx_word' id='word_1_207' title='bbox 324 3418 418 3458; x_wconf 87' lang='lat' dir='ltr'><strong>vos</strong></span> <span class='ocrx_word' id='word_1_208' title='bbox 439 3412 723 3459; x_wconf 81' lang='lat' dir='ltr'><strong>conservet</strong></span> <span class='ocrx_word' id='word_1_209' title='bbox 748 3404 951 3474; x_wconf 87' lang='lat' dir='ltr'><strong>pariter</strong></span> <span class='ocrx_word' id='word_1_210' title='bbox 976 3404 1177 3472; x_wconf 87' lang='lat' dir='ltr'><strong>pietate</strong></span> <span class='ocrx_word' id='word_1_211' title='bbox 1198 3410 1444 3473; x_wconf 87' lang='lat' dir='ltr'><strong>paterna.</strong></span> 
     </span>
    </p>
   </div>
   <div class='ocr_carea' id='block_1_34' title="bbox 914 3519 1098 3575">
    <p class='ocr_par' dir='ltr' id='par_1_34' title="bbox 914 3519 1098 3575">
     <span class='ocr_line' id='line_1_35' title="bbox 914 3519 1098 3575; baseline -0.011 0"><span class='ocrx_word' id='word_1_212' title='bbox 914 3519 1098 3575; x_wconf 84' lang='lat' dir='ltr'><strong>CXXI.</strong></span> 
     </span>
    </p>
   </div>
   <div class='ocr_carea' id='block_1_35' title="bbox 533 3607 1461 3681">
    <p class='ocr_par' dir='ltr' id='par_1_35' title="bbox 533 3607 1461 3681">
     <span class='ocr_line' id='line_1_36' title="bbox 533 3607 1461 3681; baseline -0.004 -15"><span class='ocrx_word' id='word_1_213' title='bbox 533 3612 614 3666; x_wconf 81' lang='lat' dir='ltr'><strong>Ad</strong></span> <span class='ocrx_word' id='word_1_214' title='bbox 644 3628 793 3666; x_wconf 83' lang='lat' dir='ltr'><strong>aram</strong></span> <span class='ocrx_word' id='word_1_215' title='bbox 820 3610 979 3665; x_wconf 77' lang='lat' dir='ltr'><strong>beata:</strong></span> <span class='ocrx_word' id='word_1_216' title='bbox 1007 3610 1221 3681; x_wconf 77' lang='lat' dir='ltr'><strong>virginis</strong></span> <span class='ocrx_word' id='word_1_217' title='bbox 1251 3607 1461 3663; x_wconf 64' lang='lat' dir='ltr'><strong>Mariae.</strong></span> 
     </span>
    </p>
   </div>
   <div class='ocr_carea' id='block_1_36' title="bbox 230 3707 1448 3783">
    <p class='ocr_par' dir='ltr' id='par_1_36' title="bbox 230 3707 1448 3783">
     <span class='ocr_line' id='line_1_37' title="bbox 230 3707 1448 3783; baseline -0.005 -17"><span class='ocrx_word' id='word_1_218' title='bbox 230 3711 504 3767; x_wconf 75' lang='lat' dir='ltr'><strong>Auxiliare</strong></span> <span class='ocrx_word' id='word_1_219' title='bbox 525 3712 632 3767; x_wconf 91' lang='lat' dir='ltr'><strong>tuis</strong></span> <span class='ocrx_word' id='word_1_220' title='bbox 647 3709 920 3783; x_wconf 89' lang='lat' dir='ltr'><strong>precibus,</strong></span> <span class='ocrx_word' id='word_1_221' title='bbox 951 3710 1039 3780; x_wconf 88' lang='lat' dir='ltr'><strong>pia</strong></span> <span class='ocrx_word' id='word_1_222' title='bbox 1068 3708 1232 3778; x_wconf 83' lang='lat' dir='ltr'><strong>Virgo</strong></span> <span class='ocrx_word' id='word_1_223' title='bbox 1260 3707 1448 3773; x_wconf 83' lang='lat' dir='ltr'><strong>Maria,</strong></span> 
     </span>
    </p>
   </div>
   <div class='ocr_carea' id='block_1_37' title="bbox 233 3798 1392 3875">
    <p class='ocr_par' dir='ltr' id='par_1_37' title="bbox 233 3798 1392 3875">
     <span class='ocr_line' id='line_1_38' title="bbox 233 3798 1392 3875; baseline -0.005 -19"><span class='ocrx_word' id='word_1_224' title='bbox 233 3804 443 3858; x_wconf 55' lang='lat' dir='ltr'><strong>Auerni</strong></span> <span class='ocrx_word' id='word_1_225' title='bbox 465 3805 607 3875; x_wconf 86' lang='lat' dir='ltr'><strong>regis</strong></span> <span class='ocrx_word' id='word_1_226' title='bbox 630 3802 882 3867; x_wconf 85' lang='lat' dir='ltr'><strong>famulos,</strong></span> <span class='ocrx_word' id='word_1_227' title='bbox 911 3800 1097 3870; x_wconf 84' lang='lat' dir='ltr'><strong>regina</strong></span> <span class='ocrx_word' id='word_1_228' title='bbox 1126 3798 1392 3869; x_wconf 89' lang='lat' dir='ltr'><strong>polorum.</strong></span> 
     </span>
    </p>
   </div>
   <div class='ocr_carea' id='block_1_38' title="bbox 231 3888 1731 3965">
    <p class='ocr_par' dir='ltr' id='par_1_38' title="bbox 231 3888 1731 3965">
     <span class='ocr_line' id='line_1_39' title="bbox 231 3888 1731 3965; baseline -0.007 -14"><span class='ocrx_word' id='word_1_229' title='bbox 231 3894 456 3952; x_wconf 73' lang='lat' dir='ltr'><strong>Nomine</strong></span> <span class='ocrx_word' id='word_1_230' title='bbox 478 3912 710 3965; x_wconf 87' lang='lat' dir='ltr'><strong>namque</strong></span> <span class='ocrx_word' id='word_1_231' title='bbox 738 3903 829 3950; x_wconf 92' lang='lat' dir='ltr'><strong>tuo</strong></span> <span class='ocrx_word' id='word_1_232' title='bbox 855 3894 1108 3965; x_wconf 83' lang='lat' dir='ltr'><strong>quoniam</strong></span> <span class='ocrx_word' id='word_1_233' title='bbox 1134 3894 1251 3947; x_wconf 72' lang='lat' dir='ltr'><strong>haec</strong></span> <span class='ocrx_word' id='word_1_234' title='bbox 1291 3898 1376 3945; x_wconf 87' lang='lat' dir='ltr'><strong>est</strong></span> <span class='ocrx_word' id='word_1_235' title='bbox 1401 3903 1496 3944; x_wconf 88' lang='lat' dir='ltr'><strong>ara</strong></span> <span class='ocrx_word' id='word_1_236' title='bbox 1525 3888 1731 3953; x_wconf 86' lang='lat' dir='ltr'><strong>dicata,</strong></span> 
     </span>
    </p>
   </div>
   <div class='ocr_carea' id='block_1_39' title="bbox 233 3978 1588 4059">
    <p class='ocr_par' dir='ltr' id='par_1_39' title="bbox 233 3978 1588 4059">
     <span class='ocr_line' id='line_1_40' title="bbox 233 3978 1588 4059; baseline -0.004 -19"><span class='ocrx_word' id='word_1_237' title='bbox 233 3986 429 4043; x_wconf 82' lang='lat' dir='ltr'><strong>Tristia</strong></span> <span class='ocrx_word' id='word_1_238' title='bbox 449 3988 740 4059; x_wconf 87' lang='lat' dir='ltr'><strong>depellens,</strong></span> <span class='ocrx_word' id='word_1_239' title='bbox 766 3987 923 4042; x_wconf 90' lang='lat' dir='ltr'><strong>nobis</strong></span> <span class='ocrx_word' id='word_1_240' title='bbox 945 3994 1000 4039; x_wconf 90' lang='lat' dir='ltr'><strong>et</strong></span> <span class='ocrx_word' id='word_1_241' title='bbox 1023 3997 1279 4055; x_wconf 88' lang='lat' dir='ltr'><strong>prospera</strong></span> <span class='ocrx_word' id='word_1_242' title='bbox 1304 3981 1513 4036; x_wconf 88' lang='lat' dir='ltr'><strong>donans</strong></span> <span class='ocrx_word' id='word_1_243' title='bbox 1547 3978 1588 4034; x_wconf 77' lang='grc' dir='ltr'><strong>ί.</strong></span> 
     </span>
    </p>
   </div>
   <div class='ocr_carea' id='block_1_40' title="bbox 912 4074 1118 4131">
    <p class='ocr_par' dir='ltr' id='par_1_40' title="bbox 912 4074 1118 4131">
     <span class='ocr_line' id='line_1_41' title="bbox 912 4074 1118 4131; baseline -0.015 0"><span class='ocrx_word' id='word_1_244' title='bbox 912 4074 1118 4131; x_wconf 86' lang='lat' dir='ltr'><strong>CXXII.</strong></span> 
     </span>
    </p>
   </div>
   <div class='ocr_carea' id='block_1_41' title="bbox 681 4163 1358 4221">
    <p class='ocr_par' dir='ltr' id='par_1_41' title="bbox 681 4163 1358 4221">
     <span class='ocr_line' id='line_1_42' title="bbox 681 4163 1358 4221; baseline -0.01 0"><span class='ocrx_word' id='word_1_245' title='bbox 681 4167 764 4221; x_wconf 80' lang='lat' dir='ltr'><strong>Ad</strong></span> <span class='ocrx_word' id='word_1_246' title='bbox 803 4175 1041 4221; x_wconf 81' lang='lat' dir='ltr'><strong>sanctum</strong></span> <span class='ocrx_word' id='word_1_247' title='bbox 1073 4163 1358 4217; x_wconf 82' lang='lat' dir='ltr'><strong>Andream.</strong></span> 
     </span>
    </p>
   </div>
   <div class='ocr_carea' id='block_1_42' title="bbox 230 4253 1492 4322">
    <p class='ocr_par' dir='ltr' id='par_1_42' title="bbox 230 4253 1492 4322">
     <span class='ocr_line' id='line_1_43' title="bbox 230 4253 1492 4322; baseline -0.004 -11"><span class='ocrx_word' id='word_1_248' title='bbox 230 4257 353 4313; x_wconf 86' lang='lat' dir='ltr'><strong>IIoc</strong></span> <span class='ocrx_word' id='word_1_249' title='bbox 380 4259 543 4315; x_wconf 87' lang='lat' dir='ltr'><strong>altare</strong></span> <span class='ocrx_word' id='word_1_250' title='bbox 566 4259 679 4314; x_wconf 87' lang='lat' dir='ltr'><strong>suis</strong></span> <span class='ocrx_word' id='word_1_251' title='bbox 703 4258 932 4322; x_wconf 90' lang='lat' dir='ltr'><strong>meritis,</strong></span> <span class='ocrx_word' id='word_1_252' title='bbox 958 4254 1209 4311; x_wconf 75' lang='lat' dir='ltr'><strong>defendat</strong></span> <span class='ocrx_word' id='word_1_253' title='bbox 1229 4253 1299 4307; x_wconf 85' lang='lat' dir='ltr'><strong>ah</strong></span> <span class='ocrx_word' id='word_1_254' title='bbox 1333 4253 1492 4307; x_wconf 83' lang='lat' dir='ltr'><strong>hoste</strong></span> 
     </span>
    </p>
   </div>
   <div class='ocr_carea' id='block_1_43' title="bbox 230 4342 1478 4414">
    <p class='ocr_par' dir='ltr' id='par_1_43' title="bbox 230 4342 1478 4414">
     <span class='ocr_line' id='line_1_44' title="bbox 230 4342 1478 4414; baseline -0.004 -14"><span class='ocrx_word' id='word_1_255' title='bbox 230 4348 478 4404; x_wconf 75' lang='lat' dir='ltr'><strong>Andreas</strong></span> <span class='ocrx_word' id='word_1_256' title='bbox 503 4348 707 4404; x_wconf 88' lang='lat' dir='ltr'><strong>Christi</strong></span> <span class='ocrx_word' id='word_1_257' title='bbox 734 4347 990 4411; x_wconf 83' lang='lat' dir='ltr'><strong>famulus,</strong></span> <span class='ocrx_word' id='word_1_258' title='bbox 1018 4346 1108 4414; x_wconf 90' lang='lat' dir='ltr'><strong>qui</strong></span> <span class='ocrx_word' id='word_1_259' title='bbox 1131 4343 1268 4398; x_wconf 86' lang='lat' dir='ltr'><strong>retia</strong></span> <span class='ocrx_word' id='word_1_260' title='bbox 1293 4342 1478 4397; x_wconf 89' lang='lat' dir='ltr'><strong>mundi</strong></span> 
     </span>
    </p>
   </div>
   <div class='ocr_carea' id='block_1_44' title="bbox 229 4436 1556 4509">
    <p class='ocr_par' dir='ltr' id='par_1_44' title="bbox 229 4436 1556 4509">
     <span class='ocr_line' id='line_1_45' title="bbox 229 4436 1556 4509; baseline -0.005 -15"><span class='ocrx_word' id='word_1_261' title='bbox 229 4438 600 4509; x_wconf 68' lang='lat' dir='ltr'><strong>Contempsit,</strong></span> <span class='ocrx_word' id='word_1_262' title='bbox 633 4439 907 4495; x_wconf 86' lang='lat' dir='ltr'><strong>Christum</strong></span> <span class='ocrx_word' id='word_1_263' title='bbox 938 4445 1049 4493; x_wconf 90' lang='lat' dir='ltr'><strong>tota</strong></span> <span class='ocrx_word' id='word_1_264' title='bbox 1080 4436 1282 4490; x_wconf 89' lang='lat' dir='ltr'><strong>virtute</strong></span> <span class='ocrx_word' id='word_1_265' title='bbox 1315 4440 1556 4499; x_wconf 86' lang='lat' dir='ltr'><strong>secutus,</strong></span> 
     </span>
    </p>
   </div>
   <div class='ocr_carea' id='block_1_45' title="bbox 231 4524 1666 4602">
    <p class='ocr_par' dir='ltr' id='par_1_45' title="bbox 231 4524 1666 4602">
     <span class='ocr_line' id='line_1_46' title="bbox 231 4524 1666 4602; baseline -0.005 -19"><span class='ocrx_word' id='word_1_266' title='bbox 231 4528 314 4585; x_wconf 80' lang='lat' dir='ltr'><strong>De</strong></span> <span class='ocrx_word' id='word_1_267' title='bbox 336 4547 494 4588; x_wconf 87' lang='lat' dir='ltr'><strong>cruce</strong></span> <span class='ocrx_word' id='word_1_268' title='bbox 518 4532 613 4602; x_wconf 85' lang='lat' dir='ltr'><strong>qui</strong></span> <span class='ocrx_word' id='word_1_269' title='bbox 636 4546 792 4587; x_wconf 86' lang='lat' dir='ltr'><strong>sacra</strong></span> <span class='ocrx_word' id='word_1_270' title='bbox 815 4529 938 4585; x_wconf 80' lang='lat' dir='ltr'><strong>felix</strong></span> <span class='ocrx_word' id='word_1_271' title='bbox 963 4526 1281 4585; x_wconf 88' lang='lat' dir='ltr'><strong>conscendit</strong></span> <span class='ocrx_word' id='word_1_272' title='bbox 1305 4524 1319 4575; x_wconf 79' lang='lat' dir='ltr'><strong>i</strong></span> <span class='ocrx_word' id='word_1_273' title='bbox 1358 4524 1666 4597; x_wconf 79' lang='lat' dir='ltr'><strong>Olympum.</strong></span> 
     </span>
    </p>
   </div>
   <div class='ocr_carea' id='block_1_46' title="bbox 311 4659 1811 4719">
    <p class='ocr_par' dir='ltr' id='par_1_46' title="bbox 311 4659 1811 4719">
     <span class='ocr_line' id='line_1_47' title="bbox 311 4659 1811 4719; baseline -0.005 1"><span class='ocrx_word' id='word_1_274' title='bbox 311 4676 340 4703; x_wconf 70' lang='lat'><strong><em>°</em></strong></span> <span class='ocrx_word' id='word_1_275' title='bbox 381 4662 503 4719; x_wconf 84' lang='lat' dir='ltr'><strong>Ilaec</strong></span> <span class='ocrx_word' id='word_1_276' title='bbox 537 4665 604 4719; x_wconf 88' lang='lat' dir='ltr'><strong>de</strong></span> <span class='ocrx_word' id='word_1_277' title='bbox 641 4662 928 4717; x_wconf 88' lang='lat' dir='ltr'><strong>cameratis</strong></span> <span class='ocrx_word' id='word_1_278' title='bbox 976 4660 1217 4716; x_wconf 72' lang='lat' dir='ltr'><strong>hasilicm</strong></span> <span class='ocrx_word' id='word_1_279' title='bbox 1260 4659 1593 4714; x_wconf 77' lang='lat' dir='ltr'><strong>Turonensis</strong></span> <span class='ocrx_word' id='word_1_280' title='bbox 1620 4667 1811 4713; x_wconf 87' lang='lat' dir='ltr'><strong>orato-</strong></span> 
     </span>
    </p>
   </div>
   <div class='ocr_carea' id='block_1_47' title="bbox 232 4728 1807 4805">
    <p class='ocr_par' dir='ltr' id='par_1_47' title="bbox 232 4728 1807 4805">
     <span class='ocr_line' id='line_1_48' title="bbox 232 4728 1807 4805; baseline -0.004 -18"><span class='ocrx_word' id='word_1_281' title='bbox 232 4734 342 4789; x_wconf 70' lang='lat' dir='ltr'><strong>riis</strong></span> <span class='ocrx_word' id='word_1_282' title='bbox 368 4735 613 4805; x_wconf 82' lang='lat' dir='ltr'><strong>intelligit</strong></span> <span class='ocrx_word' id='word_1_283' title='bbox 641 4728 980 4788; x_wconf 75' lang='lat' dir='ltr'><strong>Mabiilonius</strong></span> <span class='ocrx_word' id='word_1_284' title='bbox 1007 4741 1138 4787; x_wconf 90' lang='lat' dir='ltr'><strong>tom.</strong></span> <span class='ocrx_word' id='word_1_285' title='bbox 1164 4731 1206 4785; x_wconf 89' lang='grc' dir='ltr'><strong>ιι</strong></span> <span class='ocrx_word' id='word_1_286' title='bbox 1235 4730 1454 4794; x_wconf 86' lang='lat' dir='ltr'><strong>Annal.,</strong></span> <span class='ocrx_word' id='word_1_287' title='bbox 1488 4729 1610 4782; x_wconf 84' lang='lat' dir='ltr'><strong>libr.</strong></span> <span class='ocrx_word' id='word_1_288' title='bbox 1638 4744 1807 4792; x_wconf 76' lang='lat' dir='ltr'><strong>xxv&quot;,</strong></span> 
     </span>
    </p>
   </div>
   <div class='ocr_carea' id='block_1_48' title="bbox 232 4806 1810 4948">
    <p class='ocr_par' dir='ltr' id='par_1_48' title="bbox 232 4806 1810 4948">
     <span class='ocr_line' id='line_1_49' title="bbox 232 4806 1810 4948; baseline -0.007 -19"><span class='ocrx_word' id='word_1_289' title='bbox 232 4806 735 4948; x_wconf 46' lang='lat' dir='ltr'><strong>pagiigérarmen</strong></span> <span class='ocrx_word' id='word_1_290' title='bbox 784 4873 837 4928; x_wconf 92' lang='lat' dir='ltr'><strong>in</strong></span> <span class='ocrx_word' id='word_1_291' title='bbox 888 4873 1018 4929; x_wconf 89' lang='lat' dir='ltr'><strong>edit.</strong></span> <span class='ocrx_word' id='word_1_292' title='bbox 1048 4868 1521 4948; x_wconf 68' lang='lat' dir='ltr'><strong>Quercetauicum</strong></span> <span class='ocrx_word' id='word_1_293' title='bbox 1569 4865 1810 4948; x_wconf 75' lang='lat' dir='ltr'><strong>sequenti</strong></span> 
     </span>
    </p>
   </div>
   <div class='ocr_carea' id='block_1_49' title="bbox 232 4939 1815 5017">
    <p class='ocr_par' dir='ltr' id='par_1_49' title="bbox 232 4939 1815 5017">
     <span class='ocr_line' id='line_1_50' title="bbox 232 4939 1815 5017; baseline -0.006 -20"><span class='ocrx_word' id='word_1_294' title='bbox 232 4958 540 5017; x_wconf 69' lang='lat' dir='ltr'><strong>connexum</strong></span> <span class='ocrx_word' id='word_1_295' title='bbox 569 4945 830 5009; x_wconf 88' lang='lat' dir='ltr'><strong>habetur;</strong></span> <span class='ocrx_word' id='word_1_296' title='bbox 858 4960 887 5017; x_wconf 87' lang='lat' dir='ltr'><strong>a</strong></span> <span class='ocrx_word' id='word_1_297' title='bbox 915 4959 1021 5012; x_wconf 91' lang='lat' dir='ltr'><strong>quo</strong></span> <span class='ocrx_word' id='word_1_298' title='bbox 1050 4951 1228 5017; x_wconf 84' lang='lat' dir='ltr'><strong>tamen</strong></span> <span class='ocrx_word' id='word_1_299' title='bbox 1266 4940 1395 5017; x_wconf 64' lang='lat' dir='ltr'><strong>illud</strong></span> <span class='ocrx_word' id='word_1_300' title='bbox 1419 4939 1487 4992; x_wconf 88' lang='lat' dir='ltr'><strong>ob</strong></span> <span class='ocrx_word' id='word_1_301' title='bbox 1513 4939 1815 5017; x_wconf 63' lang='lat' dir='ltr'><strong>argumenti</strong></span> 
     </span>
    </p>
   </div>
   <div class='ocr_carea' id='block_1_50' title="bbox 230 5006 1816 5084">
    <p class='ocr_par' dir='ltr' id='par_1_50' title="bbox 230 5006 1816 5084">
     <span class='ocr_line' id='line_1_51' title="bbox 230 5006 1816 5084; baseline -0.004 -18"><span class='ocrx_word' id='word_1_302' title='bbox 230 5015 610 5072; x_wconf 80' lang='lat' dir='ltr'><strong>diversitatem</strong></span> <span class='ocrx_word' id='word_1_303' title='bbox 642 5006 1032 5084; x_wconf 78' lang='lat' dir='ltr'><strong>separaviuius,</strong></span> <span class='ocrx_word' id='word_1_304' title='bbox 1059 5012 1227 5068; x_wconf 90' lang='lat' dir='ltr'><strong>secuti</strong></span> <span class='ocrx_word' id='word_1_305' title='bbox 1262 5009 1505 5084; x_wconf 78' lang='lat' dir='ltr'><strong>codicem</strong></span> <span class='ocrx_word' id='word_1_306' title='bbox 1542 5006 1816 5062; x_wconf 85' lang='lat' dir='ltr'><strong>Salisbur—</strong></span> 
     </span>
    </p>
   </div>
   <div class='ocr_carea' id='block_1_51' title="bbox 232 5081 1458 5157">
    <p class='ocr_par' dir='ltr' id='par_1_51' title="bbox 232 5081 1458 5157">
     <span class='ocr_line' id='line_1_52' title="bbox 232 5081 1458 5157; baseline -0.016 -5"><span class='ocrx_word' id='word_1_307' title='bbox 232 5100 481 5157; x_wconf 66' lang='lat' dir='ltr'><strong>Scnsgm,</strong></span> <span class='ocrx_word' id='word_1_308' title='bbox 514 5087 608 5157; x_wconf 89' lang='lat' dir='ltr'><strong>qui</strong></span> <span class='ocrx_word' id='word_1_309' title='bbox 660 5081 1063 5157; x_wconf 31' lang='lat' dir='ltr'><strong>hosecﬂversus</strong></span> <span class='ocrx_word' id='word_1_310' title='bbox 1108 5097 1219 5157; x_wconf 75' lang='lat' dir='ltr'><strong>non</strong></span> <span class='ocrx_word' id='word_1_311' title='bbox 1274 5081 1458 5157; x_wconf 77' lang='lat' dir='ltr'><strong>habet.</strong></span> 
     </span>
    </p>
   </div>
   <div class='ocr_carea' id='block_1_52' title="bbox 313 5150 1816 5227">
    <p class='ocr_par' dir='ltr' id='par_1_52' title="bbox 313 5150 1816 5227">
     <span class='ocr_line' id='line_1_53' title="bbox 313 5150 1816 5227; baseline -0.007 -17"><span class='ocrx_word' id='word_1_312' title='bbox 313 5165 341 5190; x_wconf 73' lang='grc' dir='ltr'><strong><em>ο</em></strong></span> <span class='ocrx_word' id='word_1_313' title='bbox 383 5150 551 5227; x_wconf 50' lang='grc' dir='ltr'><strong>βείω</strong></span> <span class='ocrx_word' id='word_1_314' title='bbox 570 5165 801 5227; x_wconf 84' lang='lat' dir='ltr'><strong>portare.</strong></span> <span class='ocrx_word' id='word_1_315' title='bbox 824 5153 1052 5211; x_wconf 78' lang='lat' dir='ltr'><strong>Videtur</strong></span> <span class='ocrx_word' id='word_1_316' title='bbox 1092 5153 1281 5208; x_wconf 87' lang='lat' dir='ltr'><strong>deesse</strong></span> <span class='ocrx_word' id='word_1_317' title='bbox 1327 5150 1557 5203; x_wconf 91' lang='lat' dir='ltr'><strong>alterum</strong></span> <span class='ocrx_word' id='word_1_318' title='bbox 1598 5161 1816 5203; x_wconf 87' lang='lat' dir='ltr'><strong>versum</strong></span> 
     </span>
    </p>
   </div>
   <div class='ocr_carea' id='block_1_53' title="bbox 231 5223 815 5283">
    <p class='ocr_par' dir='ltr' id='par_1_53' title="bbox 231 5223 815 5283">
     <span class='ocr_line' id='line_1_54' title="bbox 231 5223 815 5283; baseline 0.002 -6"><span class='ocrx_word' id='word_1_319' title='bbox 231 5223 309 5278; x_wconf 85' lang='lat' dir='ltr'><strong>de</strong></span> <span class='ocrx_word' id='word_1_320' title='bbox 345 5223 430 5280; x_wconf 73' lang='lat' dir='ltr'><strong>via</strong></span> <span class='ocrx_word' id='word_1_321' title='bbox 458 5229 525 5283; x_wconf 85' lang='lat' dir='ltr'><strong>ad</strong></span> <span class='ocrx_word' id='word_1_322' title='bbox 552 5223 815 5281; x_wconf 83' lang='lat' dir='ltr'><strong>scholam.</strong></span> 
     </span>
    </p>
   </div>
   <div class='ocr_carea' id='block_1_54' title="bbox 308 5286 1814 5370">
    <p class='ocr_par' dir='ltr' id='par_1_54' title="bbox 308 5286 1814 5370">
     <span class='ocr_line' id='line_1_55' title="bbox 308 5286 1814 5370; baseline -0.007 -21"><span class='ocrx_word' id='word_1_323' title='bbox 308 5293 346 5370; x_wconf 57' lang='grc' dir='ltr'><strong>εξ</strong></span> <span class='ocrx_word' id='word_1_324' title='bbox 381 5294 563 5370; x_wconf 64' lang='lat' dir='ltr'><strong>Exstat</strong></span> <span class='ocrx_word' id='word_1_325' title='bbox 591 5297 694 5370; x_wconf 77' lang='lat' dir='ltr'><strong>hoc</strong></span> <span class='ocrx_word' id='word_1_326' title='bbox 731 5309 949 5370; x_wconf 81' lang='lat' dir='ltr'><strong>carmen</strong></span> <span class='ocrx_word' id='word_1_327' title='bbox 989 5310 1110 5349; x_wconf 92' lang='lat' dir='ltr'><strong>eum</strong></span> <span class='ocrx_word' id='word_1_328' title='bbox 1148 5294 1333 5370; x_wconf 72' lang='lat' dir='ltr'><strong>decem</strong></span> <span class='ocrx_word' id='word_1_329' title='bbox 1358 5286 1712 5370; x_wconf 70' lang='lat' dir='ltr'><strong>sequentibus</strong></span> <span class='ocrx_word' id='word_1_330' title='bbox 1739 5286 1814 5370; x_wconf 45' lang='lat' dir='ltr'><strong>‘in</strong></span> 
     </span>
    </p>
   </div>
   <div class='ocr_carea' id='block_1_55' title="bbox 228 5357 1819 5437">
    <p class='ocr_par' dir='ltr' id='par_1_55' title="bbox 228 5357 1819 5437">
     <span class='ocr_line' id='line_1_56' title="bbox 228 5357 1819 5437; baseline -0.003 -20"><span class='ocrx_word' id='word_1_331' title='bbox 228 5364 372 5437; x_wconf 66' lang='lat' dir='ltr'><strong>coal.</strong></span> <span class='ocrx_word' id='word_1_332' title='bbox 394 5382 490 5421; x_wconf 89' lang='lat' dir='ltr'><strong>ms.</strong></span> <span class='ocrx_word' id='word_1_333' title='bbox 516 5363 935 5437; x_wconf 80' lang='lat' dir='ltr'><strong>Salisburgensi,</strong></span> <span class='ocrx_word' id='word_1_334' title='bbox 961 5380 1025 5419; x_wconf 81' lang='lat' dir='ltr'><strong>ex</strong></span> <span class='ocrx_word' id='word_1_335' title='bbox 1060 5363 1284 5437; x_wconf 21' lang='lat' dir='ltr'><strong>qquan</strong></span> <span class='ocrx_word' id='word_1_336' title='bbox 1322 5357 1519 5415; x_wconf 82' lang='lat' dir='ltr'><strong>alicubi</strong></span> <span class='ocrx_word' id='word_1_337' title='bbox 1565 5357 1819 5414; x_wconf 83' lang='lat' dir='ltr'><strong>emenda-</strong></span> 
     </span>
    </p>
   </div>
   <div class='ocr_carea' id='block_1_56' title="bbox 230 5433 1339 5507">
    <p class='ocr_par' dir='ltr' id='par_1_56' title="bbox 230 5433 1339 5507">
     <span class='ocr_line' id='line_1_57' title="bbox 230 5433 1339 5507; baseline 0 -21"><span class='ocrx_word' id='word_1_338' title='bbox 230 5433 426 5507; x_wconf 68' lang='lat' dir='ltr'><strong>vimus</strong></span> <span class='ocrx_word' id='word_1_339' title='bbox 449 5446 518 5507; x_wconf 79' lang='lat' dir='ltr'><strong>_et</strong></span> <span class='ocrx_word' id='word_1_340' title='bbox 546 5433 784 5507; x_wconf 71' lang='lat' dir='ltr'><strong>singulis</strong></span> <span class='ocrx_word' id='word_1_341' title='bbox 800 5436 986 5491; x_wconf 88' lang='lat' dir='ltr'><strong>titulos</strong></span> <span class='ocrx_word' id='word_1_342' title='bbox 1022 5434 1339 5506; x_wconf 70' lang='lat' dir='ltr'><strong>adiecimus.</strong></span> 
     </span>
    </p>
   </div>
   <div class='ocr_carea' id='block_1_57' title="bbox 318 5504 841 5572">
    <p class='ocr_par' dir='ltr' id='par_1_57' title="bbox 318 5504 841 5572">
     <span class='ocr_line' id='line_1_58' title="bbox 318 5504 841 5572; baseline 0 -14"><span class='ocrx_word' id='word_1_343' title='bbox 318 5514 351 5572; x_wconf 53' lang='grc' dir='ltr'><strong>ὲ</strong></span> <span class='ocrx_word' id='word_1_344' title='bbox 391 5504 527 5561; x_wconf 84' lang='lat' dir='ltr'><strong>Edit.</strong></span> <span class='ocrx_word' id='word_1_345' title='bbox 551 5548 565 5572; x_wconf 92' lang='lat'><strong>,</strong></span> <span class='ocrx_word' id='word_1_346' title='bbox 593 5504 841 5560; x_wconf 60' lang='lat' dir='ltr'><strong>maxime.</strong></span> 
     </span>
    </p>
   </div>
   <div class='ocr_carea' id='block_1_58' title="bbox 322 5568 1821 5643">
    <p class='ocr_par' dir='ltr' id='par_1_58' title="bbox 322 5568 1821 5643">
     <span class='ocr_line' id='line_1_59' title="bbox 322 5568 1821 5643; baseline -0.001 -17"><span class='ocrx_word' id='word_1_347' title='bbox 322 5571 345 5611; x_wconf 71' lang='grc' dir='ltr'><em>ι</em></span> <span class='ocrx_word' id='word_1_348' title='bbox 393 5568 733 5631; x_wconf 80' lang='lat' dir='ltr'><strong>Hrodbertus.</strong></span> <span class='ocrx_word' id='word_1_349' title='bbox 787 5575 1020 5630; x_wconf 86' lang='lat' dir='ltr'><strong>Sanctus</strong></span> <span class='ocrx_word' id='word_1_350' title='bbox 1067 5574 1272 5629; x_wconf 89' lang='lat' dir='ltr'><strong>scilicet</strong></span> <span class='ocrx_word' id='word_1_351' title='bbox 1311 5571 1586 5643; x_wconf 82' lang='lat' dir='ltr'><strong>Rupertus</strong></span> <span class='ocrx_word' id='word_1_352' title='bbox 1609 5568 1821 5643; x_wconf 74' lang='lat' dir='ltr'><strong>primus</strong></span> 
     </span>
    </p>
   </div>
   <div class='ocr_carea' id='block_1_59' title="bbox 222 5639 1822 5717">
    <p class='ocr_par' dir='ltr' id='par_1_59' title="bbox 222 5639 1822 5717">
     <span class='ocr_line' id='line_1_60' title="bbox 222 5639 1822 5717; baseline -0.003 -17"><span class='ocrx_word' id='word_1_353' title='bbox 222 5643 530 5717; x_wconf 55' lang='lat' dir='ltr'><strong>episgopus</strong></span> <span class='ocrx_word' id='word_1_354' title='bbox 553 5645 981 5717; x_wconf 80' lang='lat' dir='ltr'><strong>Salisburgensis</strong></span> <span class='ocrx_word' id='word_1_355' title='bbox 1011 5653 1066 5699; x_wconf 89' lang='lat' dir='ltr'><strong>et</strong></span> <span class='ocrx_word' id='word_1_356' title='bbox 1094 5644 1344 5701; x_wconf 88' lang='lat' dir='ltr'><strong>conditor</strong></span> <span class='ocrx_word' id='word_1_357' title='bbox 1364 5639 1680 5700; x_wconf 78' lang='lat' dir='ltr'><strong>monasterii</strong></span> <span class='ocrx_word' id='word_1_358' title='bbox 1694 5655 1822 5696; x_wconf 85' lang='lat' dir='ltr'><strong>san-</strong></span> 
     </span>
    </p>
   </div>
   <div class='ocr_carea' id='block_1_60' title="bbox 222 5709 741 5773">
    <p class='ocr_par' dir='ltr' id='par_1_60' title="bbox 222 5709 741 5773">
     <span class='ocr_line' id='line_1_61' title="bbox 222 5709 741 5773; baseline 0.012 -10"><span class='ocrx_word' id='word_1_359' title='bbox 222 5709 315 5765; x_wconf 76' lang='lat' dir='ltr'><strong>cii</strong></span> <span class='ocrx_word' id='word_1_360' title='bbox 358 5709 499 5770; x_wconf 75' lang='lat' dir='ltr'><strong>Petri</strong></span> <span class='ocrx_word' id='word_1_361' title='bbox 520 5715 741 5773; x_wconf 82' lang='lat' dir='ltr'><strong>ibidem.</strong></span> 
     </span>
    </p>
   </div>
   <div class='ocr_carea' id='block_1_61' title="bbox 1098 4865 1813 4935">
    <p class='ocr_par' dir='ltr' id='par_1_61' title="bbox 1098 4865 1813 4935">
     <span class='ocr_line' id='line_1_62' title="bbox 1098 4865 1813 4935; baseline -0.01 -10"><span class='ocrx_word' id='word_1_362' title='bbox 1098 4868 1368 4925; x_wconf 86' lang='lat' dir='ltr'><strong>uercetaui</strong></span> <span class='ocrx_word' id='word_1_363' title='bbox 1398 4883 1521 4923; x_wconf 91' lang='lat' dir='ltr'><strong>cum</strong></span> <span class='ocrx_word' id='word_1_364' title='bbox 1569 4865 1813 4935; x_wconf 85' lang='lat' dir='ltr'><strong>sequenti</strong></span> 
     </span>
    </p>
   </div>
   <div class='ocr_carea' id='block_1_62' title="bbox 1205 298 2494 361">
    <p class='ocr_par' dir='ltr' id='par_1_62' title="bbox 1205 298 2494 361">
     <span class='ocr_line' id='line_1_63' title="bbox 1205 298 2494 361; baseline -0.003 0"><span class='ocrx_word' id='word_1_365' title='bbox 1205 303 1530 361; x_wconf 71' lang='lat' dir='ltr'><strong>CARMINA.</strong></span> <span class='ocrx_word' id='word_1_366' title='bbox 1586 333 1658 343; x_wconf 91' lang='lat'><strong><em>-—</em></strong></span> <span class='ocrx_word' id='word_1_367' title='bbox 1692 298 2209 360; x_wconf 77' lang='lat' dir='ltr'><strong>INSCRIPTIONES</strong></span> <span class='ocrx_word' id='word_1_368' title='bbox 2244 302 2494 360; x_wconf 70' lang='grc' dir='ltr'><strong>ῩΑΒΙΑΞ.</strong></span> 
     </span>
    </p>
   </div>
   <div class='ocr_carea' id='block_1_63' title="bbox 1814 409 1870 481">
    <p class='ocr_par' dir='ltr' id='par_1_63' title="bbox 1814 409 1870 481">
     <span class='ocr_line' id='line_1_64' title="bbox 1814 409 1870 481; baseline 0 -9"><span class='ocrx_word' id='word_1_369' title='bbox 1814 409 1870 481; x_wconf 59' lang='grc' dir='ltr'><strong>Α</strong></span> 
     </span>
    </p>
   </div>
   <div class='ocr_carea' id='block_1_64' title="bbox 1836 4455 1894 4518">
    <p class='ocr_par' dir='ltr' id='par_1_64' title="bbox 1836 4455 1894 4518">
     <span class='ocr_line' id='line_1_65' title="bbox 1836 4455 1894 4518; baseline 0 -2"><span class='ocrx_word' id='word_1_370' title='bbox 1836 4455 1894 4518; x_wconf 86' lang='grc'><strong>1)</strong></span> 
     </span>
    </p>
   </div>
   <div class='ocr_carea' id='block_1_65' title="bbox 2631 306 3469 373">
    <p class='ocr_par' dir='ltr' id='par_1_65' title="bbox 2631 306 3469 373">
     <span class='ocr_line' id='line_1_66' title="bbox 2631 306 3469 373; baseline -0.005 -20"><span class='ocrx_word' id='word_1_371' title='bbox 2631 348 2635 353; x_wconf 84' lang='lat'><strong>.</strong></span> <span class='ocrx_word' id='word_1_372' title='bbox 3357 306 3469 373; x_wconf 67' lang='lat'><strong>733.</strong></span> 
     </span>
    </p>
   </div>
   <div class='ocr_carea' id='block_1_66' title="bbox 2567 416 2802 472">
    <p class='ocr_par' dir='ltr' id='par_1_66' title="bbox 2567 416 2802 472">
     <span class='ocr_line' id='line_1_67' title="bbox 2567 416 2802 472; baseline 0.004 -1"><span class='ocrx_word' id='word_1_373' title='bbox 2567 416 2802 472; x_wconf 77' lang='lat' dir='ltr'><strong>CXXIII.</strong></span> 
     </span>
    </p>
   </div>
   <div class='ocr_carea' id='block_1_67' title="bbox 2352 507 2990 563">
    <p class='ocr_par' dir='ltr' id='par_1_67' title="bbox 2352 507 2990 563">
     <span class='ocr_line' id='line_1_68' title="bbox 2352 507 2990 563; baseline 0.005 -4"><span class='ocrx_word' id='word_1_374' title='bbox 2352 508 2435 560; x_wconf 82' lang='lat' dir='ltr'><strong>Ad</strong></span> <span class='ocrx_word' id='word_1_375' title='bbox 2465 518 2705 562; x_wconf 77' lang='lat' dir='ltr'><strong>sanctum</strong></span> <span class='ocrx_word' id='word_1_376' title='bbox 2741 507 2990 563; x_wconf 72' lang='lat' dir='ltr'><strong>Paulum.</strong></span> 
     </span>
    </p>
   </div>
   <div class='ocr_carea' id='block_1_68' title="bbox 1890 593 3394 673">
    <p class='ocr_par' dir='ltr' id='par_1_68' title="bbox 1890 593 3394 673">
     <span class='ocr_line' id='line_1_69' title="bbox 1890 593 3394 673; baseline 0.006 -25"><span class='ocrx_word' id='word_1_377' title='bbox 1890 593 2016 650; x_wconf 74' lang='lat' dir='ltr'><strong>Haec</strong></span> <span class='ocrx_word' id='word_1_378' title='bbox 2037 596 2154 651; x_wconf 88' lang='lat' dir='ltr'><strong>loca</strong></span> <span class='ocrx_word' id='word_1_379' title='bbox 2190 605 2374 652; x_wconf 85' lang='lat' dir='ltr'><strong>saneta</strong></span> <span class='ocrx_word' id='word_1_380' title='bbox 2396 604 2544 653; x_wconf 89' lang='lat' dir='ltr'><strong>tenet</strong></span> <span class='ocrx_word' id='word_1_381' title='bbox 2578 597 2869 668; x_wconf 70' lang='lat' dir='ltr'><strong>prreeiarus</strong></span> <span class='ocrx_word' id='word_1_382' title='bbox 2894 616 2951 656; x_wconf 87' lang='lat' dir='ltr'><strong>m</strong></span> <span class='ocrx_word' id='word_1_383' title='bbox 2971 598 3103 656; x_wconf 86' lang='lat' dir='ltr'><strong>orbe</strong></span> <span class='ocrx_word' id='word_1_384' title='bbox 3127 598 3394 673; x_wconf 78' lang='lat' dir='ltr'><strong>magister</strong></span> 
     </span>
    </p>
   </div>
   <div class='ocr_carea' id='block_1_69' title="bbox 1890 684 3328 758">
    <p class='ocr_par' dir='ltr' id='par_1_69' title="bbox 1890 684 3328 758">
     <span class='ocr_line' id='line_1_70' title="bbox 1890 684 3328 758; baseline 0.007 -19"><span class='ocrx_word' id='word_1_385' title='bbox 1890 684 2110 752; x_wconf 87' lang='lat' dir='ltr'><strong>Paulus,</strong></span> <span class='ocrx_word' id='word_1_386' title='bbox 2138 688 2432 758; x_wconf 90' lang='lat' dir='ltr'><strong>apostolico</strong></span> <span class='ocrx_word' id='word_1_387' title='bbox 2454 698 2771 746; x_wconf 86' lang='lat' dir='ltr'><strong>numeratus</strong></span> <span class='ocrx_word' id='word_1_388' title='bbox 2806 691 2860 745; x_wconf 91' lang='lat' dir='ltr'><strong>in</strong></span> <span class='ocrx_word' id='word_1_389' title='bbox 2886 692 3077 747; x_wconf 86' lang='lat' dir='ltr'><strong>ordine</strong></span> <span class='ocrx_word' id='word_1_390' title='bbox 3107 692 3328 758; x_wconf 68' lang='lat' dir='ltr'><strong>doctor,</strong></span> 
     </span>
    </p>
   </div>
   <div class='ocr_carea' id='block_1_70' title="bbox 1892 776 3228 851">
    <p class='ocr_par' dir='ltr' id='par_1_70' title="bbox 1892 776 3228 851">
     <span class='ocr_line' id='line_1_71' title="bbox 1892 776 3228 851; baseline 0.004 -21"><span class='ocrx_word' id='word_1_391' title='bbox 1892 776 2001 830; x_wconf 84' lang='lat' dir='ltr'><strong>Vas</strong></span> <span class='ocrx_word' id='word_1_392' title='bbox 2035 778 2237 847; x_wconf 66' lang='lat' dir='ltr'><strong>sophiae</strong></span> <span class='ocrx_word' id='word_1_393' title='bbox 2272 778 2523 845; x_wconf 89' lang='lat' dir='ltr'><strong>electum,</strong></span> <span class='ocrx_word' id='word_1_394' title='bbox 2558 780 2795 835; x_wconf 62' lang='lat' dir='ltr'><strong>caelestis</strong></span> <span class='ocrx_word' id='word_1_395' title='bbox 2816 795 2994 851; x_wconf 83' lang='lat' dir='ltr'><strong>praeco</strong></span> <span class='ocrx_word' id='word_1_396' title='bbox 3015 781 3228 847; x_wconf 88' lang='lat' dir='ltr'><strong>salutis,</strong></span> 
     </span>
    </p>
   </div>
   <div class='ocr_carea' id='block_1_71' title="bbox 1894 866 3332 944">
    <p class='ocr_par' dir='ltr' id='par_1_71' title="bbox 1894 866 3332 944">
     <span class='ocr_line' id='line_1_72' title="bbox 1894 866 3332 944; baseline 0.002 -21"><span class='ocrx_word' id='word_1_397' title='bbox 1894 866 2165 943; x_wconf 86' lang='lat' dir='ltr'><strong>Sanguine</strong></span> <span class='ocrx_word' id='word_1_398' title='bbox 2189 872 2280 943; x_wconf 89' lang='lat' dir='ltr'><strong>qui</strong></span> <span class='ocrx_word' id='word_1_399' title='bbox 2311 888 2467 929; x_wconf 85' lang='lat' dir='ltr'><strong>roseo</strong></span> <span class='ocrx_word' id='word_1_400' title='bbox 2494 871 2617 931; x_wconf 63' lang='lat' dir='ltr'><strong>caeli</strong></span> <span class='ocrx_word' id='word_1_401' title='bbox 2646 875 2950 944; x_wconf 90' lang='lat' dir='ltr'><strong>penetravit</strong></span> <span class='ocrx_word' id='word_1_402' title='bbox 2984 874 3038 930; x_wconf 91' lang='lat' dir='ltr'><strong>in</strong></span> <span class='ocrx_word' id='word_1_403' title='bbox 3065 889 3247 931; x_wconf 89' lang='lat' dir='ltr'><strong>arcem</strong></span> <span class='ocrx_word' id='word_1_404' title='bbox 3270 873 3332 926; x_wconf 57' lang='lat' dir='ltr'><strong>Ir“.</strong></span> 
     </span>
    </p>
   </div>
   <div class='ocr_carea' id='block_1_72' title="bbox 2552 984 2784 1041">
    <p class='ocr_par' dir='ltr' id='par_1_72' title="bbox 2552 984 2784 1041">
     <span class='ocr_line' id='line_1_73' title="bbox 2552 984 2784 1041; baseline -0.004 0"><span class='ocrx_word' id='word_1_405' title='bbox 2552 984 2784 1041; x_wconf 82' lang='lat' dir='ltr'><strong>CXXIV.</strong></span> 
     </span>
    </p>
   </div>
   <div class='ocr_carea' id='block_1_73' title="bbox 2445 1072 2914 1131">
    <p class='ocr_par' dir='ltr' id='par_1_73' title="bbox 2445 1072 2914 1131">
     <span class='ocr_line' id='line_1_74' title="bbox 2445 1072 2914 1131; baseline 0.004 -4"><span class='ocrx_word' id='word_1_406' title='bbox 2445 1072 2464 1112; x_wconf 79' lang='grc' dir='ltr'>ι</span> <span class='ocrx_word' id='word_1_407' title='bbox 2503 1073 2569 1129; x_wconf 83' lang='grc' dir='ltr'><em>1η</em></span> <span class='ocrx_word' id='word_1_408' title='bbox 2593 1074 2914 1131; x_wconf 71' lang='grc' dir='ltr'><strong>ϐοεηιεεεγίο.</strong></span> 
     </span>
    </p>
   </div>
   <div class='ocr_carea' id='block_1_74' title="bbox 1894 1160 3394 1243">
    <p class='ocr_par' dir='ltr' id='par_1_74' title="bbox 1894 1160 3394 1243">
     <span class='ocr_line' id='line_1_75' title="bbox 1894 1160 3394 1243; baseline 0.006 -29"><span class='ocrx_word' id='word_1_409' title='bbox 1894 1160 2022 1215; x_wconf 73' lang='lat' dir='ltr'><strong>Ilaec</strong></span> <span class='ocrx_word' id='word_1_410' title='bbox 2059 1169 2268 1231; x_wconf 74' lang='lat' dir='ltr'><strong>aequata</strong></span> <span class='ocrx_word' id='word_1_411' title='bbox 2304 1162 2419 1219; x_wconf 91' lang='lat' dir='ltr'><strong>solo</strong></span> <span class='ocrx_word' id='word_1_412' title='bbox 2447 1165 2603 1219; x_wconf 82' lang='lat' dir='ltr'><strong>viluit</strong></span> <span class='ocrx_word' id='word_1_413' title='bbox 2652 1167 2841 1222; x_wconf 88' lang='lat' dir='ltr'><strong>domus</strong></span> <span class='ocrx_word' id='word_1_414' title='bbox 2872 1166 3070 1238; x_wconf 79' lang='lat' dir='ltr'><strong>inclyta</strong></span> <span class='ocrx_word' id='word_1_415' title='bbox 3102 1166 3394 1243; x_wconf 71' lang='lat' dir='ltr'><strong>quondam,</strong></span> 
     </span>
    </p>
   </div>
   <div class='ocr_carea' id='block_1_75' title="bbox 1894 1251 3327 1325">
    <p class='ocr_par' dir='ltr' id='par_1_75' title="bbox 1894 1251 3327 1325">
     <span class='ocr_line' id='line_1_76' title="bbox 1894 1251 3327 1325; baseline 0.006 -20"><span class='ocrx_word' id='word_1_416' title='bbox 1894 1251 2010 1307; x_wconf 88' lang='lat' dir='ltr'><strong>Non</strong></span> <span class='ocrx_word' id='word_1_417' title='bbox 2045 1253 2168 1307; x_wconf 91' lang='lat' dir='ltr'><strong>tulit</strong></span> <span class='ocrx_word' id='word_1_418' title='bbox 2192 1255 2333 1309; x_wconf 89' lang='lat' dir='ltr'><strong>hanc</strong></span> <span class='ocrx_word' id='word_1_419' title='bbox 2354 1257 2612 1325; x_wconf 92' lang='lat' dir='ltr'><strong>speciem,</strong></span> <span class='ocrx_word' id='word_1_420' title='bbox 2640 1257 2839 1313; x_wconf 89' lang='lat' dir='ltr'><strong>Christi</strong></span> <span class='ocrx_word' id='word_1_421' title='bbox 2865 1259 3090 1314; x_wconf 87' lang='lat' dir='ltr'><strong>devotus</strong></span> <span class='ocrx_word' id='word_1_422' title='bbox 3119 1257 3327 1314; x_wconf 88' lang='lat' dir='ltr'><strong>honore</strong></span> 
     </span>
    </p>
   </div>
   <div class='ocr_carea' id='block_1_76' title="bbox 1892 1344 3252 1418">
    <p class='ocr_par' dir='ltr' id='par_1_76' title="bbox 1892 1344 3252 1418">
     <span class='ocr_line' id='line_1_77' title="bbox 1892 1344 3252 1418; baseline 0.009 -21"><span class='ocrx_word' id='word_1_423' title='bbox 1892 1344 2144 1399; x_wconf 82' lang='lat' dir='ltr'><strong>Arnonus</strong></span> <span class='ocrx_word' id='word_1_424' title='bbox 2176 1346 2371 1417; x_wconf 63' lang='lat' dir='ltr'><strong>praesul</strong></span> <span class='ocrx_word' id='word_1_425' title='bbox 2400 1348 2648 1415; x_wconf 87' lang='lat' dir='ltr'><strong>humilis;</strong></span> <span class='ocrx_word' id='word_1_426' title='bbox 2698 1364 2959 1405; x_wconf 87' lang='lat' dir='ltr'><strong>renovare</strong></span> <span class='ocrx_word' id='word_1_427' title='bbox 2975 1349 3252 1418; x_wconf 74' lang='lat' dir='ltr'><strong>iacentem</strong></span> 
     </span>
    </p>
   </div>
   <div class='ocr_carea' id='block_1_77' title="bbox 1893 1432 3238 1506">
    <p class='ocr_par' dir='ltr' id='par_1_77' title="bbox 1893 1432 3238 1506">
     <span class='ocr_line' id='line_1_78' title="bbox 1893 1432 3238 1506; baseline 0.007 -19"><span class='ocrx_word' id='word_1_428' title='bbox 1893 1432 2103 1504; x_wconf 89' lang='lat' dir='ltr'><strong>lncipit,</strong></span> <span class='ocrx_word' id='word_1_429' title='bbox 2126 1443 2179 1490; x_wconf 90' lang='lat' dir='ltr'><strong>et</strong></span> <span class='ocrx_word' id='word_1_430' title='bbox 2213 1437 2406 1492; x_wconf 83' lang='lat' dir='ltr'><strong>melius</strong></span> <span class='ocrx_word' id='word_1_431' title='bbox 2432 1445 2598 1495; x_wconf 89' lang='lat' dir='ltr'><strong>totam</strong></span> <span class='ocrx_word' id='word_1_432' title='bbox 2639 1448 3016 1495; x_wconf 71' lang='lat' dir='ltr'><strong>construxerat</strong></span> <span class='ocrx_word' id='word_1_433' title='bbox 3037 1440 3238 1506; x_wconf 69' lang='lat' dir='ltr'><strong>aedem;</strong></span> 
     </span>
    </p>
   </div>
   <div class='ocr_carea' id='block_1_78' title="bbox 1893 1521 3160 1585">
    <p class='ocr_par' dir='ltr' id='par_1_78' title="bbox 1893 1521 3160 1585">
     <span class='ocr_line' id='line_1_79' title="bbox 1893 1521 3160 1585; baseline 0.007 -9"><span class='ocrx_word' id='word_1_434' title='bbox 1893 1521 2231 1581; x_wconf 89' lang='lat' dir='ltr'><strong>Consecrans</strong></span> <span class='ocrx_word' id='word_1_435' title='bbox 2259 1528 2484 1583; x_wconf 89' lang='lat' dir='ltr'><strong>summis</strong></span> <span class='ocrx_word' id='word_1_436' title='bbox 2509 1529 2959 1585; x_wconf 86' lang='lat' dir='ltr'><strong>intercessoribus</strong></span> <span class='ocrx_word' id='word_1_437' title='bbox 2994 1530 3160 1585; x_wconf 88' lang='lat' dir='ltr'><strong>illam.</strong></span> 
     </span>
    </p>
   </div>
   <div class='ocr_carea' id='block_1_79' title="bbox 1892 1613 3117 1688">
    <p class='ocr_par' dir='ltr' id='par_1_79' title="bbox 1892 1613 3117 1688">
     <span class='ocr_line' id='line_1_80' title="bbox 1892 1613 3117 1688; baseline 0.007 -21"><span class='ocrx_word' id='word_1_438' title='bbox 1892 1613 2159 1685; x_wconf 87' lang='lat' dir='ltr'><strong>Principis</strong></span> <span class='ocrx_word' id='word_1_439' title='bbox 2175 1617 2376 1686; x_wconf 84' lang='lat' dir='ltr'><strong>egregii</strong></span> <span class='ocrx_word' id='word_1_440' title='bbox 2396 1620 2573 1688; x_wconf 87' lang='lat' dir='ltr'><strong>primo</strong></span> <span class='ocrx_word' id='word_1_441' title='bbox 2594 1619 2867 1676; x_wconf 78' lang='lat' dir='ltr'><strong>Michaelis</strong></span> <span class='ocrx_word' id='word_1_442' title='bbox 2888 1623 3117 1686; x_wconf 88' lang='lat' dir='ltr'><strong>honore,</strong></span> 
     </span>
    </p>
   </div>
   <div class='ocr_carea' id='block_1_80' title="bbox 1896 1705 3289 1793">
    <p class='ocr_par' dir='ltr' id='par_1_80' title="bbox 1896 1705 3289 1793">
     <span class='ocr_line' id='line_1_81' title="bbox 1896 1705 3289 1793; baseline 0.006 -35"><span class='ocrx_word' id='word_1_443' title='bbox 1896 1705 2160 1777; x_wconf 86' lang='lat' dir='ltr'><strong>Principis</strong></span> <span class='ocrx_word' id='word_1_444' title='bbox 2208 1708 2468 1765; x_wconf 65' lang='lat' dir='ltr'><strong>Ecclesiae</strong></span> <span class='ocrx_word' id='word_1_445' title='bbox 2501 1726 2710 1773; x_wconf 87' lang='lat' dir='ltr'><strong>necnon</strong></span> <span class='ocrx_word' id='word_1_446' title='bbox 2740 1712 2840 1768; x_wconf 88' lang='lat' dir='ltr'><strong>sub</strong></span> <span class='ocrx_word' id='word_1_447' title='bbox 2868 1713 3087 1769; x_wconf 84' lang='lat' dir='ltr'><strong>nomine</strong></span> <span class='ocrx_word' id='word_1_448' title='bbox 3108 1711 3289 1793; x_wconf 77' lang='lat' dir='ltr'><strong>Petri;</strong></span> 
     </span>
    </p>
   </div>
   <div class='ocr_carea' id='block_1_81' title="bbox 1896 1797 3362 1879">
    <p class='ocr_par' dir='ltr' id='par_1_81' title="bbox 1896 1797 3362 1879">
     <span class='ocr_line' id='line_1_82' title="bbox 1896 1797 3362 1879; baseline 0.005 -26"><span class='ocrx_word' id='word_1_449' title='bbox 1896 1797 2162 1869; x_wconf 89' lang='lat' dir='ltr'><strong>Principis</strong></span> <span class='ocrx_word' id='word_1_450' title='bbox 2184 1808 2238 1853; x_wconf 89' lang='lat' dir='ltr'><strong>et</strong></span> <span class='ocrx_word' id='word_1_451' title='bbox 2261 1800 2489 1856; x_wconf 84' lang='lat' dir='ltr'><strong>fratrum</strong></span> <span class='ocrx_word' id='word_1_452' title='bbox 2516 1802 2781 1872; x_wconf 66' lang='lat' dir='ltr'><strong>prazelari,</strong></span> <span class='ocrx_word' id='word_1_453' title='bbox 2810 1812 2865 1879; x_wconf 74' lang='lat' dir='ltr'><strong>et</strong></span> <span class='ocrx_word' id='word_1_454' title='bbox 2892 1804 3073 1859; x_wconf 82' lang='lat' dir='ltr'><strong>Patris</strong></span> <span class='ocrx_word' id='word_1_455' title='bbox 3097 1801 3362 1870; x_wconf 86' lang='lat' dir='ltr'><strong>Amandi;</strong></span> 
     </span>
    </p>
   </div>
   <div class='ocr_carea' id='block_1_82' title="bbox 1894 1887 3345 1965">
    <p class='ocr_par' dir='ltr' id='par_1_82' title="bbox 1894 1887 3345 1965">
     <span class='ocr_line' id='line_1_83' title="bbox 1894 1887 3345 1965; baseline 0.008 -22"><span class='ocrx_word' id='word_1_456' title='bbox 1894 1887 1967 1943; x_wconf 89' lang='lat' dir='ltr'><strong>Ut</strong></span> <span class='ocrx_word' id='word_1_457' title='bbox 1994 1896 2262 1957; x_wconf 88' lang='lat' dir='ltr'><strong>sanctum,</strong></span> <span class='ocrx_word' id='word_1_458' title='bbox 2284 1891 2477 1959; x_wconf 91' lang='lat' dir='ltr'><strong>voluit,</strong></span> <span class='ocrx_word' id='word_1_459' title='bbox 2512 1892 2868 1965; x_wconf 81' lang='lat' dir='ltr'><strong>polyan’drum</strong></span> <span class='ocrx_word' id='word_1_460' title='bbox 2894 1892 3154 1953; x_wconf 81' lang='lat' dir='ltr'><strong>fratribus</strong></span> <span class='ocrx_word' id='word_1_461' title='bbox 3183 1901 3345 1965; x_wconf 77' lang='lat' dir='ltr'><strong>esset.</strong></span> 
     </span>
    </p>
   </div>
   <div class='ocr_carea' id='block_1_83' title="bbox 1893 1970 3321 2063">
    <p class='ocr_par' dir='ltr' id='par_1_83' title="bbox 1893 1970 3321 2063">
     <span class='ocr_line' id='line_1_84' title="bbox 1893 1970 3321 2063; baseline 0.008 -34"><span class='ocrx_word' id='word_1_462' title='bbox 1893 1975 2002 2033; x_wconf 78' lang='lat' dir='ltr'><strong>Vos</strong></span> <span class='ocrx_word' id='word_1_463' title='bbox 2030 1979 2083 2035; x_wconf 92' lang='lat' dir='ltr'><strong>in</strong></span> <span class='ocrx_word' id='word_1_464' title='bbox 2104 1994 2238 2049; x_wconf 88' lang='lat' dir='ltr'><strong>pace</strong></span> <span class='ocrx_word' id='word_1_465' title='bbox 2272 1980 2367 2037; x_wconf 90' lang='lat' dir='ltr'><strong>Dei</strong></span> <span class='ocrx_word' id='word_1_466' title='bbox 2394 1983 2546 2053; x_wconf 84' lang='lat' dir='ltr'><strong>chari</strong></span> <span class='ocrx_word' id='word_1_467' title='bbox 2580 1984 2924 2054; x_wconf 87' lang='lat' dir='ltr'><strong>requiescite,</strong></span> <span class='ocrx_word' id='word_1_468' title='bbox 2955 1983 3170 2063; x_wconf 79' lang='lat' dir='ltr'><strong>fratres,</strong></span> <span class='ocrx_word' id='word_1_469' title='bbox 3318 1970 3321 1977; x_wconf 69' lang='grc'><em>’</em></span> 
     </span>
    </p>
   </div>
   <div class='ocr_carea' id='block_1_84' title="bbox 1895 2068 3223 2147">
    <p class='ocr_par' dir='ltr' id='par_1_84' title="bbox 1895 2068 3223 2147">
     <span class='ocr_line' id='line_1_85' title="bbox 1895 2068 3223 2147; baseline 0.006 -25"><span class='ocrx_word' id='word_1_470' title='bbox 1895 2068 2077 2124; x_wconf 88' lang='lat' dir='ltr'><strong>Donec</strong></span> <span class='ocrx_word' id='word_1_471' title='bbox 2105 2071 2174 2125; x_wconf 88' lang='lat' dir='ltr'><strong>ab</strong></span> <span class='ocrx_word' id='word_1_472' title='bbox 2194 2071 2418 2126; x_wconf 70' lang='lat' dir='ltr'><strong>zelheria</strong></span> <span class='ocrx_word' id='word_1_473' title='bbox 2448 2073 2646 2129; x_wconf 88' lang='lat' dir='ltr'><strong>clamet</strong></span> <span class='ocrx_word' id='word_1_474' title='bbox 2670 2075 2791 2144; x_wconf 86' lang='lat' dir='ltr'><strong>pius</strong></span> <span class='ocrx_word' id='word_1_475' title='bbox 2812 2074 3035 2147; x_wconf 84' lang='lat' dir='ltr'><strong>angelus</strong></span> <span class='ocrx_word' id='word_1_476' title='bbox 3055 2090 3183 2139; x_wconf 87' lang='lat' dir='ltr'><strong>arce</strong></span> <span class='ocrx_word' id='word_1_477' title='bbox 3208 2094 3223 2130; x_wconf 88' lang='lat'><strong>:</strong></span> 
     </span>
    </p>
   </div>
   <div class='ocr_carea' id='block_1_85' title="bbox 1895 2156 3382 2235">
    <p class='ocr_par' dir='ltr' id='par_1_85' title="bbox 1895 2156 3382 2235">
     <span class='ocr_line' id='line_1_86' title="bbox 1895 2156 3382 2235; baseline 0.006 -24"><span class='ocrx_word' id='word_1_478' title='bbox 1895 2156 2112 2230; x_wconf 83' lang='lat' dir='ltr'><strong>Surgite</strong></span> <span class='ocrx_word' id='word_1_479' title='bbox 2136 2175 2278 2216; x_wconf 90' lang='lat' dir='ltr'><strong>nunc</strong></span> <span class='ocrx_word' id='word_1_480' title='bbox 2300 2165 2534 2235; x_wconf 88' lang='lat' dir='ltr'><strong>prompti</strong></span> <span class='ocrx_word' id='word_1_481' title='bbox 2549 2173 2584 2195; x_wconf 82' lang='lat'><strong>&quot;&#39;</strong></span> <span class='ocrx_word' id='word_1_482' title='bbox 2610 2173 2770 2220; x_wconf 66' lang='lat' dir='ltr'><strong>terra:</strong></span> <span class='ocrx_word' id='word_1_483' title='bbox 2793 2165 2857 2220; x_wconf 89' lang='lat' dir='ltr'><strong>de</strong></span> <span class='ocrx_word' id='word_1_484' title='bbox 2875 2164 3115 2234; x_wconf 81' lang='lat' dir='ltr'><strong>pulvere,</strong></span> <span class='ocrx_word' id='word_1_485' title='bbox 3146 2162 3341 2225; x_wconf 80' lang='lat' dir='ltr'><strong>fratres</strong></span> <span class='ocrx_word' id='word_1_486' title='bbox 3369 2183 3382 2220; x_wconf 88' lang='lat'><strong>:</strong></span> 
     </span>
    </p>
   </div>
   <div class='ocr_carea' id='block_1_86' title="bbox 1895 2245 3236 2325">
    <p class='ocr_par' dir='ltr' id='par_1_86' title="bbox 1895 2245 3236 2325">
     <span class='ocr_line' id='line_1_87' title="bbox 1895 2245 3236 2325; baseline 0.006 -24"><span class='ocrx_word' id='word_1_487' title='bbox 1895 2245 2004 2302; x_wconf 80' lang='lat' dir='ltr'><strong>Vos</strong></span> <span class='ocrx_word' id='word_1_488' title='bbox 2025 2260 2180 2304; x_wconf 87' lang='lat' dir='ltr'><strong>vocat</strong></span> <span class='ocrx_word' id='word_1_489' title='bbox 2202 2251 2495 2309; x_wconf 83' lang='lat' dir='ltr'><strong>adveniens</strong></span> <span class='ocrx_word' id='word_1_490' title='bbox 2515 2253 2679 2325; x_wconf 85' lang='lat' dir='ltr'><strong>judex</strong></span> <span class='ocrx_word' id='word_1_491' title='bbox 2714 2255 2779 2311; x_wconf 86' lang='lat' dir='ltr'><strong>de</strong></span> <span class='ocrx_word' id='word_1_492' title='bbox 2806 2255 3041 2310; x_wconf 88' lang='lat' dir='ltr'><strong>culmine</strong></span> <span class='ocrx_word' id='word_1_493' title='bbox 3065 2255 3187 2313; x_wconf 73' lang='lat' dir='ltr'><strong>cceli</strong></span> <span class='ocrx_word' id='word_1_494' title='bbox 3224 2271 3236 2310; x_wconf 90' lang='lat'><strong>:</strong></span> 
     </span>
    </p>
   </div>
   <div class='ocr_carea' id='block_1_87' title="bbox 1897 2335 3334 2413">
    <p class='ocr_par' dir='ltr' id='par_1_87' title="bbox 1897 2335 3334 2413">
     <span class='ocr_line' id='line_1_88' title="bbox 1897 2335 3334 2413; baseline 0.005 -22"><span class='ocrx_word' id='word_1_495' title='bbox 1897 2335 2031 2392; x_wconf 89' lang='lat' dir='ltr'><strong>Cum</strong></span> <span class='ocrx_word' id='word_1_496' title='bbox 2057 2340 2265 2395; x_wconf 90' lang='lat' dir='ltr'><strong>meritis</strong></span> <span class='ocrx_word' id='word_1_497' title='bbox 2290 2343 2501 2397; x_wconf 88' lang='lat' dir='ltr'><strong>animas</strong></span> <span class='ocrx_word' id='word_1_498' title='bbox 2530 2343 2765 2413; x_wconf 88' lang='lat' dir='ltr'><strong>propriis</strong></span> <span class='ocrx_word' id='word_1_499' title='bbox 2792 2343 3055 2402; x_wconf 87' lang='lat' dir='ltr'><strong>assumite</strong></span> <span class='ocrx_word' id='word_1_500' title='bbox 3077 2352 3290 2411; x_wconf 79' lang='lat' dir='ltr'><strong>vestras</strong></span> <span class='ocrx_word' id='word_1_501' title='bbox 3321 2362 3334 2398; x_wconf 92' lang='lat'><strong>:</strong></span> 
     </span>
    </p>
   </div>
   <div class='ocr_carea' id='block_1_88' title="bbox 1897 2426 3305 2505">
    <p class='ocr_par' dir='ltr' id='par_1_88' title="bbox 1897 2426 3305 2505">
     <span class='ocr_line' id='line_1_89' title="bbox 1897 2426 3305 2505; baseline 0.006 -24"><span class='ocrx_word' id='word_1_502' title='bbox 1897 2426 2037 2483; x_wconf 87' lang='lat' dir='ltr'><strong>Ante</strong></span> <span class='ocrx_word' id='word_1_503' title='bbox 2059 2429 2155 2484; x_wconf 91' lang='lat' dir='ltr'><strong>Dei</strong></span> <span class='ocrx_word' id='word_1_504' title='bbox 2177 2430 2377 2503; x_wconf 81' lang='lat' dir='ltr'><strong>Christi</strong></span> <span class='ocrx_word' id='word_1_505' title='bbox 2407 2428 2663 2505; x_wconf 85' lang='lat' dir='ltr'><strong>magnum</strong></span> <span class='ocrx_word' id='word_1_506' title='bbox 2689 2434 2850 2501; x_wconf 79' lang='lat' dir='ltr'><strong>modo</strong></span> <span class='ocrx_word' id='word_1_507' title='bbox 2874 2441 3016 2493; x_wconf 87' lang='lat' dir='ltr'><strong>state</strong></span> <span class='ocrx_word' id='word_1_508' title='bbox 3046 2434 3305 2505; x_wconf 85' lang='lat' dir='ltr'><strong>tribunal,</strong></span> 
     </span>
    </p>
   </div>
   <div class='ocr_carea' id='block_1_89' title="bbox 1902 2518 3223 2596">
    <p class='ocr_par' dir='ltr' id='par_1_89' title="bbox 1902 2518 3223 2596">
     <span class='ocr_line' id='line_1_90' title="bbox 1902 2518 3223 2596; baseline 0.005 -22"><span class='ocrx_word' id='word_1_509' title='bbox 1902 2518 1972 2575; x_wconf 81' lang='lat' dir='ltr'><strong>Ut</strong></span> <span class='ocrx_word' id='word_1_510' title='bbox 1994 2518 2261 2592; x_wconf 88' lang='lat' dir='ltr'><strong>condigna</strong></span> <span class='ocrx_word' id='word_1_511' title='bbox 2295 2522 2407 2576; x_wconf 88' lang='lat' dir='ltr'><strong>suis</strong></span> <span class='ocrx_word' id='word_1_512' title='bbox 2434 2523 2615 2593; x_wconf 89' lang='lat' dir='ltr'><strong>capiat</strong></span> <span class='ocrx_word' id='word_1_513' title='bbox 2637 2523 2760 2595; x_wconf 89' lang='lat' dir='ltr'><strong>quis</strong></span> <span class='ocrx_word' id='word_1_514' title='bbox 2784 2522 3007 2596; x_wconf 78' lang='lat' dir='ltr'><strong>praemia</strong></span> <span class='ocrx_word' id='word_1_515' title='bbox 3041 2523 3223 2580; x_wconf 83' lang='lat' dir='ltr'><strong>factis.</strong></span> 
     </span>
    </p>
   </div>
   <div class='ocr_carea' id='block_1_90' title="bbox 1901 2608 3475 2688">
    <p class='ocr_par' dir='ltr' id='par_1_90' title="bbox 1901 2608 3475 2688">
     <span class='ocr_line' id='line_1_91' title="bbox 1901 2608 3475 2688; baseline 0.004 -23"><span class='ocrx_word' id='word_1_516' title='bbox 1901 2608 2115 2682; x_wconf 72' lang='lat' dir='ltr'><strong>Vosque</strong></span> <span class='ocrx_word' id='word_1_517' title='bbox 2149 2611 2333 2667; x_wconf 87' lang='lat' dir='ltr'><strong>timete</strong></span> <span class='ocrx_word' id='word_1_518' title='bbox 2363 2612 2503 2669; x_wconf 85' lang='lat' dir='ltr'><strong>diem</strong></span> <span class='ocrx_word' id='word_1_519' title='bbox 2547 2613 2719 2679; x_wconf 90' lang='lat' dir='ltr'><strong>horis,</strong></span> <span class='ocrx_word' id='word_1_520' title='bbox 2751 2629 2964 2685; x_wconf 88' lang='lat' dir='ltr'><strong>precor,</strong></span> <span class='ocrx_word' id='word_1_521' title='bbox 3007 2615 3257 2688; x_wconf 83' lang='lat' dir='ltr'><strong>omnibus</strong></span> <span class='ocrx_word' id='word_1_522' title='bbox 3301 2614 3475 2682; x_wconf 90' lang='lat' dir='ltr'><strong>illum,</strong></span> 
     </span>
    </p>
   </div>
   <div class='ocr_carea' id='block_1_91' title="bbox 1822 2701 3482 2785">
    <p class='ocr_par' dir='ltr' id='par_1_91' title="bbox 1822 2701 3482 2785">
     <span class='ocr_line' id='line_1_92' title="bbox 1822 2701 3482 2785; baseline -0.008 -23"><span class='ocrx_word' id='word_1_523' title='bbox 1822 2770 1832 2785; x_wconf 37' lang='grc' dir='ltr'>ι</span> <span class='ocrx_word' id='word_1_524' title='bbox 1901 2702 2066 2774; x_wconf 78' lang='lat'><strong>218</strong></span> <span class='ocrx_word' id='word_1_525' title='bbox 2102 2701 2205 2770; x_wconf 88' lang='lat' dir='ltr'><strong>Qui</strong></span> <span class='ocrx_word' id='word_1_526' title='bbox 2250 2702 2427 2775; x_wconf 83' lang='lat' dir='ltr'><strong>legitis</strong></span> <span class='ocrx_word' id='word_1_527' title='bbox 2474 2720 2667 2759; x_wconf 89' lang='lat' dir='ltr'><strong>versus</strong></span> <span class='ocrx_word' id='word_1_528' title='bbox 2714 2704 2912 2777; x_wconf 86' lang='lat' dir='ltr'><strong>operis,</strong></span> <span class='ocrx_word' id='word_1_529' title='bbox 2946 2703 3073 2761; x_wconf 89' lang='lat' dir='ltr'><strong>dum</strong></span> <span class='ocrx_word' id='word_1_530' title='bbox 3122 2713 3335 2776; x_wconf 78' lang='lat' dir='ltr'><strong>tempus</strong></span> <span class='ocrx_word' id='word_1_531' title='bbox 3379 2705 3482 2767; x_wconf 69' lang='lat' dir='ltr'><strong>ha-</strong></span> 
     </span>
    </p>
   </div>
   <div class='ocr_carea' id='block_1_92' title="bbox 3238 2793 3407 2862">
    <p class='ocr_par' dir='ltr' id='par_1_92' title="bbox 3238 2793 3407 2862">
     <span class='ocr_line' id='line_1_93' title="bbox 3238 2793 3407 2862; baseline 0.006 -12"><span class='ocrx_word' id='word_1_532' title='bbox 3238 2793 3407 2862; x_wconf 87' lang='lat' dir='ltr'><strong>betis,</strong></span> 
     </span>
    </p>
   </div>
   <div class='ocr_carea' id='block_1_93' title="bbox 1902 2792 3247 2957">
    <p class='ocr_par' dir='ltr' id='par_1_93' title="bbox 1902 2792 3247 2957">
     <span class='ocr_line' id='line_1_94' title="bbox 3238 2793 3247 2849; baseline 0 0"><span class='ocrx_word' id='word_1_533' title='bbox 3238 2793 3247 2849; x_wconf 86' lang='lat' dir='ltr'><strong>l</strong></span> 
     </span>
     <span class='ocr_line' id='line_1_95' title="bbox 1902 2792 3247 2957; baseline 0.001 -17"><span class='ocrx_word' id='word_1_534' title='bbox 1902 2883 1975 2940; x_wconf 89' lang='lat' dir='ltr'><strong>Ut</strong></span> <span class='ocrx_word' id='word_1_535' title='bbox 1997 2900 2094 2940; x_wconf 91' lang='lat' dir='ltr'><strong>vos</strong></span> <span class='ocrx_word' id='word_1_536' title='bbox 2121 2885 2361 2941; x_wconf 83' lang='lat' dir='ltr'><strong>inveniat</strong></span> <span class='ocrx_word' id='word_1_537' title='bbox 2381 2886 2604 2941; x_wconf 87' lang='lat' dir='ltr'><strong>veniens</strong></span> <span class='ocrx_word' id='word_1_538' title='bbox 2631 2886 2718 2940; x_wconf 86' lang='lat' dir='ltr'><strong>lux</strong></span> <span class='ocrx_word' id='word_1_539' title='bbox 2752 2886 2839 2942; x_wconf 90' lang='lat' dir='ltr'><strong>illa</strong></span> <span class='ocrx_word' id='word_1_540' title='bbox 2861 2896 3083 2957; x_wconf 88' lang='lat' dir='ltr'><strong>paratos</strong></span> <span class='ocrx_word' id='word_1_541' title='bbox 3114 2897 3163 2941; x_wconf 76' lang='grc' dir='ltr'><strong>ιι.</strong></span> <span class='ocrx_word' id='word_1_542' title='bbox 3215 2792 3247 2869; x_wconf 61' lang='lat' dir='ltr'><strong>L</strong></span> 
     </span>
    </p>
   </div>
   <div class='ocr_carea' id='block_1_94' title="bbox 1902 2972 3480 3049">
    <p class='ocr_par' dir='ltr' id='par_1_94' title="bbox 1902 2972 3480 3049">
     <span class='ocr_line' id='line_1_96' title="bbox 1902 2972 3480 3049; baseline 0.004 -20"><span class='ocrx_word' id='word_1_543' title='bbox 1902 2972 2078 3045; x_wconf 82' lang='lat' dir='ltr'><strong>Atque</strong></span> <span class='ocrx_word' id='word_1_544' title='bbox 2121 2977 2226 3035; x_wconf 84' lang='lat' dir='ltr'><strong>mei</strong></span> <span class='ocrx_word' id='word_1_545' title='bbox 2253 2992 2520 3034; x_wconf 89' lang='lat' dir='ltr'><strong>memores</strong></span> <span class='ocrx_word' id='word_1_546' title='bbox 2544 3019 2559 3043; x_wconf 95' lang='lat'><strong>,</strong></span> <span class='ocrx_word' id='word_1_547' title='bbox 2596 2977 2822 3049; x_wconf 70' lang='lat' dir='ltr'><strong>supplex</strong></span> <span class='ocrx_word' id='word_1_548' title='bbox 2848 2992 3012 3048; x_wconf 88' lang='lat' dir='ltr'><strong>rogo,</strong></span> <span class='ocrx_word' id='word_1_549' title='bbox 3044 2992 3257 3049; x_wconf 87' lang='lat' dir='ltr'><strong>semper</strong></span> <span class='ocrx_word' id='word_1_550' title='bbox 3292 2978 3345 3032; x_wconf 92' lang='lat' dir='ltr'><strong>iu</strong></span> <span class='ocrx_word' id='word_1_551' title='bbox 3379 2991 3480 3036; x_wconf 72' lang='lat' dir='ltr'><strong>ore</strong></span> 
     </span>
    </p>
   </div>
   <div class='ocr_carea' id='block_1_95' title="bbox 1825 3064 3480 3168">
    <p class='ocr_par' dir='ltr' id='par_1_95' title="bbox 1825 3064 3480 3168">
     <span class='ocr_line' id='line_1_97' title="bbox 1825 3064 3480 3168; baseline 0.001 -48"><span class='ocrx_word' id='word_1_552' title='bbox 1825 3103 1874 3168; x_wconf 63' lang='grc' dir='ltr'>ε</span> <span class='ocrx_word' id='word_1_553' title='bbox 1904 3064 2078 3121; x_wconf 89' lang='lat' dir='ltr'><strong>Dicite</strong></span> <span class='ocrx_word' id='word_1_554' title='bbox 2106 3081 2121 3120; x_wconf 90' lang='lat'><strong>:</strong></span> <span class='ocrx_word' id='word_1_555' title='bbox 2167 3066 2380 3122; x_wconf 89' lang='lat' dir='ltr'><strong>Christe</strong></span> <span class='ocrx_word' id='word_1_556' title='bbox 2421 3076 2515 3122; x_wconf 91' lang='lat' dir='ltr'><strong>tuo</strong></span> <span class='ocrx_word' id='word_1_557' title='bbox 2545 3075 2569 3102; x_wconf 92' lang='lat'>°</span> <span class='ocrx_word' id='word_1_558' title='bbox 2609 3067 2811 3125; x_wconf 90' lang='lat' dir='ltr'><strong>famulo</strong></span> <span class='ocrx_word' id='word_1_559' title='bbox 2856 3069 2978 3140; x_wconf 83' lang='lat' dir='ltr'><strong>pius</strong></span> <span class='ocrx_word' id='word_1_560' title='bbox 3015 3075 3133 3123; x_wconf 89' lang='lat' dir='ltr'><strong>esto</strong></span> <span class='ocrx_word' id='word_1_561' title='bbox 3160 3082 3258 3137; x_wconf 86' lang='lat' dir='ltr'><strong>per</strong></span> <span class='ocrx_word' id='word_1_562' title='bbox 3284 3082 3480 3125; x_wconf 65' lang='lat' dir='ltr'><strong>aevum.</strong></span> 
     </span>
    </p>
   </div>
   <div class='ocr_carea' id='block_1_96' title="bbox 1902 3155 3230 3235">
    <p class='ocr_par' dir='ltr' id='par_1_96' title="bbox 1902 3155 3230 3235">
     <span class='ocr_line' id='line_1_98' title="bbox 1902 3155 3230 3235; baseline 0 -23"><span class='ocrx_word' id='word_1_563' title='bbox 1902 3155 2096 3213; x_wconf 86' lang='lat' dir='ltr'><strong>Aleuin</strong></span> <span class='ocrx_word' id='word_1_564' title='bbox 2126 3166 2152 3207; x_wconf 72' lang='grc' dir='ltr'><strong>ιι</strong></span> <span class='ocrx_word' id='word_1_565' title='bbox 2176 3156 2327 3221; x_wconf 82' lang='lat' dir='ltr'><strong>dicor</strong></span> <span class='ocrx_word' id='word_1_566' title='bbox 2348 3173 2468 3235; x_wconf 84' lang='lat' dir='ltr'><strong>ego,</strong></span> <span class='ocrx_word' id='word_1_567' title='bbox 2492 3156 2607 3228; x_wconf 86' lang='lat' dir='ltr'><strong>jam</strong></span> <span class='ocrx_word' id='word_1_568' title='bbox 2638 3175 2733 3214; x_wconf 86' lang='lat' dir='ltr'><strong>vos</strong></span> <span class='ocrx_word' id='word_1_569' title='bbox 2761 3158 2877 3215; x_wconf 84' lang='lat' dir='ltr'><strong>sine</strong></span> <span class='ocrx_word' id='word_1_570' title='bbox 2902 3157 3007 3215; x_wconf 83' lang='lat' dir='ltr'><strong>ﬁne</strong></span> <span class='ocrx_word' id='word_1_571' title='bbox 3034 3156 3230 3221; x_wconf 85' lang='lat' dir='ltr'><strong>valete.</strong></span> 
     </span>
    </p>
   </div>
   <div class='ocr_carea' id='block_1_97' title="bbox 2593 3249 2803 3305">
    <p class='ocr_par' dir='ltr' id='par_1_97' title="bbox 2593 3249 2803 3305">
     <span class='ocr_line' id='line_1_99' title="bbox 2593 3249 2803 3305; baseline -0.005 0"><span class='ocrx_word' id='word_1_572' title='bbox 2593 3249 2803 3305; x_wconf 85' lang='lat' dir='ltr'><strong>CXXV.</strong></span> 
     </span>
    </p>
   </div>
   <div class='ocr_carea' id='block_1_98' title="bbox 2381 3340 3018 3413">
    <p class='ocr_par' dir='ltr' id='par_1_98' title="bbox 2381 3340 3018 3413">
     <span class='ocr_line' id='line_1_100' title="bbox 2381 3340 3018 3413; baseline 0.002 -19"><span class='ocrx_word' id='word_1_573' title='bbox 2381 3340 2464 3395; x_wconf 83' lang='lat' dir='ltr'><strong>Ad</strong></span> <span class='ocrx_word' id='word_1_574' title='bbox 2491 3351 2724 3396; x_wconf 79' lang='lat' dir='ltr'><strong>sanctam</strong></span> <span class='ocrx_word' id='word_1_575' title='bbox 2766 3340 3018 3413; x_wconf 73' lang='lat' dir='ltr'><strong>Mariam.</strong></span> 
     </span>
    </p>
   </div>
   <div class='ocr_carea' id='block_1_99' title="bbox 1904 3428 3245 3507">
    <p class='ocr_par' dir='ltr' id='par_1_99' title="bbox 1904 3428 3245 3507">
     <span class='ocr_line' id='line_1_101' title="bbox 1904 3428 3245 3507; baseline 0.001 -22"><span class='ocrx_word' id='word_1_576' title='bbox 1904 3428 2032 3485; x_wconf 82' lang='lat' dir='ltr'><strong>Haec</strong></span> <span class='ocrx_word' id='word_1_577' title='bbox 2051 3429 2242 3485; x_wconf 91' lang='lat' dir='ltr'><strong>domus</strong></span> <span class='ocrx_word' id='word_1_578' title='bbox 2270 3429 2530 3485; x_wconf 83' lang='lat' dir='ltr'><strong>Eeclesiis</strong></span> <span class='ocrx_word' id='word_1_579' title='bbox 2552 3429 2672 3484; x_wconf 86' lang='lat' dir='ltr'><strong>aliis</strong></span> <span class='ocrx_word' id='word_1_580' title='bbox 2701 3438 2760 3485; x_wconf 92' lang='lat' dir='ltr'><strong>ut</strong></span> <span class='ocrx_word' id='word_1_581' title='bbox 2789 3438 2965 3507; x_wconf 81' lang='lat' dir='ltr'><strong>mater</strong></span> <span class='ocrx_word' id='word_1_582' title='bbox 2991 3432 3245 3498; x_wconf 86' lang='lat' dir='ltr'><strong>habetur,</strong></span> 
     </span>
    </p>
   </div>
   <div class='ocr_carea' id='block_1_100' title="bbox 1905 3518 3181 3595">
    <p class='ocr_par' dir='ltr' id='par_1_100' title="bbox 1905 3518 3181 3595">
     <span class='ocr_line' id='line_1_102' title="bbox 1905 3518 3181 3595; baseline 0.004 -21"><span class='ocrx_word' id='word_1_583' title='bbox 1905 3518 2068 3590; x_wconf 78' lang='lat' dir='ltr'><strong>Virgo</strong></span> <span class='ocrx_word' id='word_1_584' title='bbox 2089 3521 2182 3576; x_wconf 86' lang='lat' dir='ltr'><strong>Dei</strong></span> <span class='ocrx_word' id='word_1_585' title='bbox 2208 3518 2409 3576; x_wconf 87' lang='lat' dir='ltr'><strong>Christi</strong></span> <span class='ocrx_word' id='word_1_586' title='bbox 2444 3532 2617 3578; x_wconf 87' lang='lat' dir='ltr'><strong>mater</strong></span> <span class='ocrx_word' id='word_1_587' title='bbox 2638 3531 2967 3595; x_wconf 82' lang='lat' dir='ltr'><strong>quapropter</strong></span> <span class='ocrx_word' id='word_1_588' title='bbox 2997 3523 3051 3579; x_wconf 92' lang='lat' dir='ltr'><strong>in</strong></span> <span class='ocrx_word' id='word_1_589' title='bbox 3077 3523 3181 3580; x_wconf 79' lang='lat' dir='ltr'><strong>ista</strong></span> 
     </span>
    </p>
   </div>
   <div class='ocr_carea' id='block_1_101' title="bbox 1907 3609 3328 3684">
    <p class='ocr_par' dir='ltr' id='par_1_101' title="bbox 1907 3609 3328 3684">
     <span class='ocr_line' id='line_1_103' title="bbox 1907 3609 3328 3684; baseline 0.003 -18"><span class='ocrx_word' id='word_1_590' title='bbox 1907 3609 2040 3666; x_wconf 89' lang='lat' dir='ltr'><strong>Cum</strong></span> <span class='ocrx_word' id='word_1_591' title='bbox 2067 3611 2283 3668; x_wconf 89' lang='lat' dir='ltr'><strong>Christo</strong></span> <span class='ocrx_word' id='word_1_592' title='bbox 2312 3613 2528 3679; x_wconf 87' lang='lat' dir='ltr'><strong>colitur,</strong></span> <span class='ocrx_word' id='word_1_593' title='bbox 2561 3615 2813 3684; x_wconf 89' lang='lat' dir='ltr'><strong>precibus</strong></span> <span class='ocrx_word' id='word_1_594' title='bbox 2840 3630 2959 3684; x_wconf 71' lang='lat' dir='ltr'><strong>qua:</strong></span> <span class='ocrx_word' id='word_1_595' title='bbox 2984 3623 3165 3670; x_wconf 87' lang='lat' dir='ltr'><strong>servet</strong></span> <span class='ocrx_word' id='word_1_596' title='bbox 3186 3612 3328 3671; x_wconf 85' lang='lat' dir='ltr'><strong>ovile</strong></span> 
     </span>
    </p>
   </div>
   <div class='ocr_carea' id='block_1_102' title="bbox 1905 3706 3347 3787">
    <p class='ocr_par' dir='ltr' id='par_1_102' title="bbox 1905 3706 3347 3787">
     <span class='ocr_line' id='line_1_104' title="bbox 1905 3706 3347 3787; baseline 0 -26"><span class='ocrx_word' id='word_1_597' title='bbox 1905 3706 2055 3763; x_wconf 90' lang='lat' dir='ltr'><strong>lstud</strong></span> <span class='ocrx_word' id='word_1_598' title='bbox 2084 3707 2151 3762; x_wconf 92' lang='lat' dir='ltr'><strong>ab</strong></span> <span class='ocrx_word' id='word_1_599' title='bbox 2190 3707 2347 3765; x_wconf 89' lang='lat' dir='ltr'><strong>hoste</strong></span> <span class='ocrx_word' id='word_1_600' title='bbox 2376 3707 2501 3778; x_wconf 89' lang='lat' dir='ltr'><strong>piis,</strong></span> <span class='ocrx_word' id='word_1_601' title='bbox 2531 3706 2860 3776; x_wconf 85' lang='lat' dir='ltr'><strong>flagitamus,</strong></span> <span class='ocrx_word' id='word_1_602' title='bbox 2891 3723 3104 3777; x_wconf 86' lang='lat' dir='ltr'><strong>semper</strong></span> <span class='ocrx_word' id='word_1_603' title='bbox 3126 3708 3347 3787; x_wconf 76' lang='lat' dir='ltr'><strong>ubique.</strong></span> 
     </span>
    </p>
   </div>
   <div class='ocr_carea' id='block_1_103' title="bbox 2580 3798 2811 3853">
    <p class='ocr_par' dir='ltr' id='par_1_103' title="bbox 2580 3798 2811 3853">
     <span class='ocr_line' id='line_1_105' title="bbox 2580 3798 2811 3853; baseline -0.009 0"><span class='ocrx_word' id='word_1_604' title='bbox 2580 3798 2811 3853; x_wconf 77' lang='lat' dir='ltr'><strong>CXXVI.</strong></span> 
     </span>
    </p>
   </div>
   <div class='ocr_carea' id='block_1_104' title="bbox 2192 3884 3188 3955">
    <p class='ocr_par' dir='ltr' id='par_1_104' title="bbox 2192 3884 3188 3955">
     <span class='ocr_line' id='line_1_106' title="bbox 2192 3884 3188 3955; baseline -0.001 -16"><span class='ocrx_word' id='word_1_605' title='bbox 2192 3888 2274 3941; x_wconf 80' lang='lat' dir='ltr'><strong>Ad</strong></span> <span class='ocrx_word' id='word_1_606' title='bbox 2304 3896 2544 3942; x_wconf 80' lang='lat' dir='ltr'><strong>sanctum</strong></span> <span class='ocrx_word' id='word_1_607' title='bbox 2573 3884 2838 3940; x_wconf 80' lang='lat' dir='ltr'><strong>Joannem</strong></span> <span class='ocrx_word' id='word_1_608' title='bbox 2871 3884 3188 3955; x_wconf 75' lang='lat' dir='ltr'><strong>Baptiunm.</strong></span> 
     </span>
    </p>
   </div>
   <div class='ocr_carea' id='block_1_105' title="bbox 1908 3974 3197 4049">
    <p class='ocr_par' dir='ltr' id='par_1_105' title="bbox 1908 3974 3197 4049">
     <span class='ocr_line' id='line_1_107' title="bbox 1908 3974 3197 4049; baseline -0.005 -12"><span class='ocrx_word' id='word_1_609' title='bbox 1908 3980 2024 4037; x_wconf 81' lang='lat' dir='ltr'><strong>Hoc</strong></span> <span class='ocrx_word' id='word_1_610' title='bbox 2050 3979 2293 4049; x_wconf 89' lang='lat' dir='ltr'><strong>Baptista</strong></span> <span class='ocrx_word' id='word_1_611' title='bbox 2322 3987 2516 4049; x_wconf 87' lang='lat' dir='ltr'><strong>potens</strong></span> <span class='ocrx_word' id='word_1_612' title='bbox 2542 3985 2725 4032; x_wconf 84' lang='lat' dir='ltr'><strong>teneat</strong></span> <span class='ocrx_word' id='word_1_613' title='bbox 2745 3976 2914 4031; x_wconf 85' lang='lat' dir='ltr'><strong>altare</strong></span> <span class='ocrx_word' id='word_1_614' title='bbox 2939 3974 3197 4042; x_wconf 83' lang='lat' dir='ltr'><strong>Joannes,</strong></span> 
     </span>
    </p>
   </div>
   <div class='ocr_carea' id='block_1_106' title="bbox 1911 4069 3230 4145">
    <p class='ocr_par' dir='ltr' id='par_1_106' title="bbox 1911 4069 3230 4145">
     <span class='ocr_line' id='line_1_108' title="bbox 1911 4069 3230 4145; baseline -0.002 -16"><span class='ocrx_word' id='word_1_615' title='bbox 1911 4072 2114 4145; x_wconf 81' lang='lat' dir='ltr'><strong>Martyr</strong></span> <span class='ocrx_word' id='word_1_616' title='bbox 2139 4082 2195 4128; x_wconf 89' lang='lat' dir='ltr'><strong>et</strong></span> <span class='ocrx_word' id='word_1_617' title='bbox 2221 4073 2474 4144; x_wconf 86' lang='lat' dir='ltr'><strong>egregius</strong></span> <span class='ocrx_word' id='word_1_618' title='bbox 2502 4071 2667 4127; x_wconf 87' lang='lat' dir='ltr'><strong>simul</strong></span> <span class='ocrx_word' id='word_1_619' title='bbox 2690 4069 3009 4126; x_wconf 86' lang='lat' dir='ltr'><strong>Anastasius</strong></span> <span class='ocrx_word' id='word_1_620' title='bbox 3038 4069 3230 4126; x_wconf 87' lang='lat' dir='ltr'><strong>almus.</strong></span> 
     </span>
    </p>
   </div>
   <div class='ocr_carea' id='block_1_107' title="bbox 1909 4161 3169 4227">
    <p class='ocr_par' dir='ltr' id='par_1_107' title="bbox 1909 4161 3169 4227">
     <span class='ocr_line' id='line_1_109' title="bbox 1909 4161 3169 4227; baseline -0.005 -5"><span class='ocrx_word' id='word_1_621' title='bbox 1909 4165 2025 4222; x_wconf 84' lang='lat' dir='ltr'><strong>Iloe</strong></span> <span class='ocrx_word' id='word_1_622' title='bbox 2056 4164 2452 4220; x_wconf 81' lang='lat' dir='ltr'><strong>Maximilianus</strong></span> <span class='ocrx_word' id='word_1_623' title='bbox 2475 4163 2605 4219; x_wconf 89' lang='lat' dir='ltr'><strong>item</strong></span> <span class='ocrx_word' id='word_1_624' title='bbox 2632 4161 2911 4218; x_wconf 89' lang='lat' dir='ltr'><strong>confessor</strong></span> <span class='ocrx_word' id='word_1_625' title='bbox 2928 4162 3169 4227; x_wconf 85' lang='lat' dir='ltr'><strong>habebit,</strong></span> 
     </span>
    </p>
   </div>
   <div class='ocr_carea' id='block_1_108' title="bbox 1910 4252 3317 4329">
    <p class='ocr_par' dir='ltr' id='par_1_108' title="bbox 1910 4252 3317 4329">
     <span class='ocr_line' id='line_1_110' title="bbox 1910 4252 3317 4329; baseline -0.004 -17"><span class='ocrx_word' id='word_1_626' title='bbox 1910 4255 2021 4313; x_wconf 80' lang='lat' dir='ltr'><strong>Nos</strong></span> <span class='ocrx_word' id='word_1_627' title='bbox 2054 4256 2307 4329; x_wconf 89' lang='lat' dir='ltr'><strong>precibus</strong></span> <span class='ocrx_word' id='word_1_628' title='bbox 2332 4256 2525 4312; x_wconf 84' lang='lat' dir='ltr'><strong>horum</strong></span> <span class='ocrx_word' id='word_1_629' title='bbox 2553 4254 2755 4311; x_wconf 90' lang='lat' dir='ltr'><strong>Christi</strong></span> <span class='ocrx_word' id='word_1_630' title='bbox 2783 4253 2874 4323; x_wconf 88' lang='lat' dir='ltr'><strong>pia</strong></span> <span class='ocrx_word' id='word_1_631' title='bbox 2903 4252 3095 4309; x_wconf 78' lang='lat' dir='ltr'><strong>dextra</strong></span> <span class='ocrx_word' id='word_1_632' title='bbox 3117 4260 3317 4312; x_wconf 84' lang='lat' dir='ltr'><strong>tuetur.</strong></span> 
     </span>
    </p>
   </div>
   <div class='ocr_carea' id='block_1_109' title="bbox 2574 4365 2831 4423">
    <p class='ocr_par' dir='ltr' id='par_1_109' title="bbox 2574 4365 2831 4423">
     <span class='ocr_line' id='line_1_111' title="bbox 2574 4365 2831 4423; baseline -0.008 0"><span class='ocrx_word' id='word_1_633' title='bbox 2574 4365 2831 4423; x_wconf 72' lang='lat' dir='ltr'><strong>CXXVII.</strong></span> 
     </span>
    </p>
   </div>
   <div class='ocr_carea' id='block_1_110' title="bbox 2392 4435 3016 4495">
    <p class='ocr_par' dir='ltr' id='par_1_110' title="bbox 2392 4435 3016 4495">
     <span class='ocr_line' id='line_1_112' title="bbox 2392 4435 3016 4495; baseline -0.002 -2"><span class='ocrx_word' id='word_1_634' title='bbox 2392 4438 2472 4493; x_wconf 81' lang='lat' dir='ltr'><strong>Ad</strong></span> <span class='ocrx_word' id='word_1_635' title='bbox 2503 4448 2743 4495; x_wconf 76' lang='lat' dir='ltr'><strong>sanctum</strong></span> <span class='ocrx_word' id='word_1_636' title='bbox 2766 4435 3016 4495; x_wconf 81' lang='lat' dir='ltr'><strong>Paulum.</strong></span> 
     </span>
    </p>
   </div>
   <div class='ocr_carea' id='block_1_111' title="bbox 1916 4529 3349 4598">
    <p class='ocr_par' dir='ltr' id='par_1_111' title="bbox 1916 4529 3349 4598">
     <span class='ocr_line' id='line_1_113' title="bbox 1916 4529 3349 4598; baseline -0.002 -9"><span class='ocrx_word' id='word_1_637' title='bbox 1916 4533 2030 4589; x_wconf 84' lang='lat' dir='ltr'><strong>Hac</strong></span> <span class='ocrx_word' id='word_1_638' title='bbox 2066 4531 2265 4588; x_wconf 87' lang='lat' dir='ltr'><strong>Paulus</strong></span> <span class='ocrx_word' id='word_1_639' title='bbox 2291 4531 2480 4589; x_wconf 91' lang='lat' dir='ltr'><strong>doctor</strong></span> <span class='ocrx_word' id='word_1_640' title='bbox 2506 4531 2693 4589; x_wconf 84' lang='lat' dir='ltr'><strong>mundi</strong></span> <span class='ocrx_word' id='word_1_641' title='bbox 2723 4538 2777 4585; x_wconf 77' lang='lat' dir='ltr'><strong>et</strong></span> <span class='ocrx_word' id='word_1_642' title='bbox 2804 4529 3122 4586; x_wconf 85' lang='lat' dir='ltr'><strong>Benedictus</strong></span> <span class='ocrx_word' id='word_1_643' title='bbox 3141 4530 3197 4585; x_wconf 90' lang='lat' dir='ltr'><strong>in</strong></span> <span class='ocrx_word' id='word_1_644' title='bbox 3225 4544 3349 4598; x_wconf 78' lang='lat' dir='ltr'><strong>ara,</strong></span> 
     </span>
    </p>
   </div>
   <div class='ocr_carea' id='block_1_112' title="bbox 1991 4666 2513 4737">
    <p class='ocr_par' dir='ltr' id='par_1_112' title="bbox 1991 4666 2513 4737">
     <span class='ocr_line' id='line_1_114' title="bbox 1991 4666 2513 4737; baseline -0.006 -15"><span class='ocrx_word' id='word_1_645' title='bbox 1991 4670 2016 4709; x_wconf 71' lang='grc'><strong>⁸</strong></span> <span class='ocrx_word' id='word_1_646' title='bbox 2056 4668 2178 4733; x_wconf 71' lang='lat' dir='ltr'><strong>Ms,</strong></span> <span class='ocrx_word' id='word_1_647' title='bbox 2209 4666 2513 4737; x_wconf 83' lang='lat' dir='ltr'><strong>prumptim.</strong></span> 
     </span>
    </p>
   </div>
   <div class='ocr_carea' id='block_1_113' title="bbox 1986 4736 2548 4801">
    <p class='ocr_par' dir='ltr' id='par_1_113' title="bbox 1986 4736 2548 4801">
     <span class='ocr_line' id='line_1_115' title="bbox 1986 4736 2548 4801; baseline -0.009 -9"><span class='ocrx_word' id='word_1_648' title='bbox 1986 4739 2018 4779; x_wconf 74' lang='grc' dir='ltr'><strong>ιι</strong></span> <span class='ocrx_word' id='word_1_649' title='bbox 2057 4738 2181 4801; x_wconf 84' lang='lat' dir='ltr'><strong>Ms.,</strong></span> <span class='ocrx_word' id='word_1_650' title='bbox 2210 4736 2427 4789; x_wconf 71' lang='lat' dir='ltr'><strong>humilis</strong></span> <span class='ocrx_word' id='word_1_651' title='bbox 2451 4744 2548 4790; x_wconf 76' lang='lat' dir='ltr'><strong>est.</strong></span> 
     </span>
    </p>
   </div>
   <div class='ocr_carea' id='block_1_114' title="bbox 1997 4806 2429 4870">
    <p class='ocr_par' dir='ltr' id='par_1_114' title="bbox 1997 4806 2429 4870">
     <span class='ocr_line' id='line_1_116' title="bbox 1997 4806 2429 4870; baseline -0.005 -9"><span class='ocrx_word' id='word_1_652' title='bbox 1997 4809 2011 4848; x_wconf 80' lang='grc' dir='ltr'><strong>ί</strong></span> <span class='ocrx_word' id='word_1_653' title='bbox 2060 4808 2224 4870; x_wconf 77' lang='lat' dir='ltr'><strong>Edit.,</strong></span> <span class='ocrx_word' id='word_1_654' title='bbox 2256 4806 2429 4861; x_wconf 76' lang='lat' dir='ltr'><strong>donis.</strong></span> 
     </span>
    </p>
   </div>
   <div class='ocr_carea' id='block_1_115' title="bbox 1991 4873 2533 4939">
    <p class='ocr_par' dir='ltr' id='par_1_115' title="bbox 1991 4873 2533 4939">
     <span class='ocr_line' id='line_1_117' title="bbox 1991 4873 2533 4939; baseline -0.009 -7"><span class='ocrx_word' id='word_1_655' title='bbox 1991 4875 2005 4926; x_wconf 73' lang='grc' dir='ltr'><strong>ἱ</strong></span> <span class='ocrx_word' id='word_1_656' title='bbox 2054 4878 2222 4939; x_wconf 88' lang='lat' dir='ltr'><strong>Edit.,</strong></span> <span class='ocrx_word' id='word_1_657' title='bbox 2259 4873 2533 4929; x_wconf 80' lang='lat' dir='ltr'><strong>concessit.</strong></span> 
     </span>
    </p>
   </div>
   <div class='ocr_carea' id='block_1_116' title="bbox 1990 4945 2489 5011">
    <p class='ocr_par' dir='ltr' id='par_1_116' title="bbox 1990 4945 2489 5011">
     <span class='ocr_line' id='line_1_118' title="bbox 1990 4945 2489 5011; baseline -0.008 -10"><span class='ocrx_word' id='word_1_658' title='bbox 1990 4947 2016 4986; x_wconf 62' lang='grc' dir='ltr'>ι</span> <span class='ocrx_word' id='word_1_659' title='bbox 2056 4947 2231 5011; x_wconf 85' lang='lat' dir='ltr'><strong>Edit.,</strong></span> <span class='ocrx_word' id='word_1_660' title='bbox 2264 4945 2318 4998; x_wconf 81' lang='lat' dir='ltr'><strong>in</strong></span> <span class='ocrx_word' id='word_1_661' title='bbox 2349 4960 2489 4998; x_wconf 86' lang='lat' dir='ltr'><strong>arce.</strong></span> 
     </span>
    </p>
   </div>
   <div class='ocr_carea' id='block_1_117' title="bbox 1990 5011 3488 5081">
    <p class='ocr_par' dir='ltr' id='par_1_117' title="bbox 1990 5011 3488 5081">
     <span class='ocr_line' id='line_1_119' title="bbox 1990 5011 3488 5081; baseline 0.002 -12"><span class='ocrx_word' id='word_1_662' title='bbox 1990 5014 2010 5055; x_wconf 83' lang='lat'>1</span> <span class='ocrx_word' id='word_1_663' title='bbox 2054 5015 2167 5071; x_wconf 85' lang='lat' dir='ltr'><strong>Hoc</strong></span> <span class='ocrx_word' id='word_1_664' title='bbox 2212 5028 2457 5079; x_wconf 90' lang='lat' dir='ltr'><strong>carmen,</strong></span> <span class='ocrx_word' id='word_1_665' title='bbox 2489 5011 2670 5081; x_wconf 86' lang='lat' dir='ltr'><strong>judice</strong></span> <span class='ocrx_word' id='word_1_666' title='bbox 2710 5012 2908 5068; x_wconf 84' lang='lat' dir='ltr'><strong>Mahill.</strong></span> <span class='ocrx_word' id='word_1_667' title='bbox 2951 5013 3072 5069; x_wconf 87' lang='lat' dir='ltr'><strong>Aet.</strong></span> <span class='ocrx_word' id='word_1_668' title='bbox 3125 5011 3314 5070; x_wconf 86' lang='lat' dir='ltr'><strong>Sanct.</strong></span> <span class='ocrx_word' id='word_1_669' title='bbox 3354 5011 3488 5072; x_wconf 81' lang='lat' dir='ltr'><strong>Ben.</strong></span> 
     </span>
    </p>
   </div>
   <div class='ocr_carea' id='block_1_118' title="bbox 1916 5083 3489 5155">
    <p class='ocr_par' dir='ltr' id='par_1_118' title="bbox 1916 5083 3489 5155">
     <span class='ocr_line' id='line_1_120' title="bbox 1916 5083 3489 5155; baseline -0.005 -9"><span class='ocrx_word' id='word_1_670' title='bbox 1916 5102 2041 5146; x_wconf 68' lang='lat' dir='ltr'><strong>suae.</strong></span> <span class='ocrx_word' id='word_1_671' title='bbox 2072 5101 2146 5150; x_wconf 80' lang='lat' dir='ltr'><strong>IV,</strong></span> <span class='ocrx_word' id='word_1_672' title='bbox 2179 5092 2321 5155; x_wconf 84' lang='lat' dir='ltr'><strong>part.</strong></span> <span class='ocrx_word' id='word_1_673' title='bbox 2354 5100 2392 5148; x_wconf 85' lang='grc' dir='ltr'><strong>ι,</strong></span> <span class='ocrx_word' id='word_1_674' title='bbox 2423 5100 2547 5155; x_wconf 85' lang='lat' dir='ltr'><strong>pag.</strong></span> <span class='ocrx_word' id='word_1_675' title='bbox 2592 5084 2683 5148; x_wconf 76' lang='lat'><strong>65,</strong></span> <span class='ocrx_word' id='word_1_676' title='bbox 2723 5083 3127 5153; x_wconf 81' lang='lat' dir='ltr'><strong>intelligendum</strong></span> <span class='ocrx_word' id='word_1_677' title='bbox 3154 5091 3240 5139; x_wconf 89' lang='lat' dir='ltr'><strong>est</strong></span> <span class='ocrx_word' id='word_1_678' title='bbox 3283 5084 3348 5139; x_wconf 86' lang='lat' dir='ltr'><strong>de</strong></span> <span class='ocrx_word' id='word_1_679' title='bbox 3367 5099 3489 5140; x_wconf 83' lang='lat' dir='ltr'><strong>ora-</strong></span> 
     </span>
    </p>
   </div>
   <div class='ocr_carea' id='block_1_119' title="bbox 1917 5154 3488 5224">
    <p class='ocr_par' dir='ltr' id='par_1_119' title="bbox 1917 5154 3488 5224">
     <span class='ocr_line' id='line_1_121' title="bbox 1917 5154 3488 5224; baseline -0.004 -10"><span class='ocrx_word' id='word_1_680' title='bbox 1917 5158 2057 5214; x_wconf 89' lang='lat' dir='ltr'><strong>torio</strong></span> <span class='ocrx_word' id='word_1_681' title='bbox 2086 5155 2141 5210; x_wconf 89' lang='lat' dir='ltr'><strong>S.</strong></span> <span class='ocrx_word' id='word_1_682' title='bbox 2182 5154 2326 5209; x_wconf 89' lang='lat' dir='ltr'><strong>Petri</strong></span> <span class='ocrx_word' id='word_1_683' title='bbox 2382 5154 2619 5219; x_wconf 63' lang='lat' dir='ltr'><strong>Elnonte,</strong></span> <span class='ocrx_word' id='word_1_684' title='bbox 2666 5155 2806 5224; x_wconf 92' lang='lat' dir='ltr'><strong>quod</strong></span> <span class='ocrx_word' id='word_1_685' title='bbox 2851 5155 3103 5209; x_wconf 85' lang='lat' dir='ltr'><strong>Arnonus</strong></span> <span class='ocrx_word' id='word_1_686' title='bbox 3148 5155 3488 5219; x_wconf 84' lang='lat' dir='ltr'><strong>instauravit,</strong></span> 
     </span>
    </p>
   </div>
   <div class='ocr_carea' id='block_1_120' title="bbox 1920 5225 3488 5296">
    <p class='ocr_par' dir='ltr' id='par_1_120' title="bbox 1920 5225 3488 5296">
     <span class='ocr_line' id='line_1_122' title="bbox 1920 5225 3488 5296; baseline -0.004 -12"><span class='ocrx_word' id='word_1_687' title='bbox 1920 5229 2258 5296; x_wconf 84' lang='lat' dir='ltr'><strong>fratrumque</strong></span> <span class='ocrx_word' id='word_1_688' title='bbox 2296 5225 2672 5296; x_wconf 72' lang='lat' dir='ltr'><strong>polyandrum.</strong></span> <span class='ocrx_word' id='word_1_689' title='bbox 2722 5225 2779 5296; x_wconf 80' lang='lat' dir='ltr'><strong>id</strong></span> <span class='ocrx_word' id='word_1_690' title='bbox 2806 5226 3322 5296; x_wconf 53' lang='lat' dir='ltr'><strong>est,_cu§meterimn</strong></span> <span class='ocrx_word' id='word_1_691' title='bbox 3368 5240 3488 5296; x_wconf 81' lang='lat' dir='ltr'><strong>esse</strong></span> 
     </span>
    </p>
   </div>
   <div class='ocr_carea' id='block_1_121' title="bbox 1920 5293 3491 5368">
    <p class='ocr_par' dir='ltr' id='par_1_121' title="bbox 1920 5293 3491 5368">
     <span class='ocr_line' id='line_1_123' title="bbox 1920 5293 3491 5368; baseline -0.002 -16"><span class='ocrx_word' id='word_1_692' title='bbox 1920 5297 2111 5368; x_wconf 69' lang='lat' dir='ltr'><strong>voluit,</strong></span> <span class='ocrx_word' id='word_1_693' title='bbox 2138 5293 2481 5368; x_wconf 74' lang='lat' dir='ltr'><strong>adjunctus.</strong></span> <span class='ocrx_word' id='word_1_694' title='bbox 2514 5294 2787 5368; x_wconf 62' lang='lat' dir='ltr'><strong>Michaelis</strong></span> <span class='ocrx_word' id='word_1_695' title='bbox 2813 5303 2870 5349; x_wconf 91' lang='lat' dir='ltr'><strong>et</strong></span> <span class='ocrx_word' id='word_1_696' title='bbox 2923 5293 2979 5350; x_wconf 92' lang='lat' dir='ltr'><strong>S.</strong></span> <span class='ocrx_word' id='word_1_697' title='bbox 3001 5294 3227 5367; x_wconf 71' lang='lat' dir='ltr'><strong>Amandi</strong></span> <span class='ocrx_word' id='word_1_698' title='bbox 3254 5295 3491 5368; x_wconf 83' lang='lat' dir='ltr'><strong>patroci-</strong></span> 
     </span>
    </p>
   </div>
   <div class='ocr_carea' id='block_1_122' title="bbox 1918 5363 2733 5434">
    <p class='ocr_par' dir='ltr' id='par_1_122' title="bbox 1918 5363 2733 5434">
     <span class='ocr_line' id='line_1_124' title="bbox 1918 5363 2733 5434; baseline -0.005 -10"><span class='ocrx_word' id='word_1_699' title='bbox 1918 5369 2029 5424; x_wconf 87' lang='lat' dir='ltr'><strong>nio.</strong></span> <span class='ocrx_word' id='word_1_700' title='bbox 2061 5366 2194 5421; x_wconf 83' lang='lat' dir='ltr'><strong>Vide</strong></span> <span class='ocrx_word' id='word_1_701' title='bbox 2214 5380 2375 5434; x_wconf 89' lang='lat' dir='ltr'><strong>supra</strong></span> <span class='ocrx_word' id='word_1_702' title='bbox 2400 5379 2619 5420; x_wconf 88' lang='lat' dir='ltr'><strong>carmen</strong></span> <span class='ocrx_word' id='word_1_703' title='bbox 2640 5363 2733 5420; x_wconf 66' lang='lat'><strong>29.</strong></span> 
     </span>
    </p>
   </div>
   <div class='ocr_carea' id='block_1_123' title="bbox 1992 5435 2534 5507">
    <p class='ocr_par' dir='ltr' id='par_1_123' title="bbox 1992 5435 2534 5507">
     <span class='ocr_line' id='line_1_125' title="bbox 1992 5435 2534 5507; baseline -0.007 -18"><span class='ocrx_word' id='word_1_704' title='bbox 1992 5448 2029 5470; x_wconf 72' lang='grc' dir='ltr'>ιι</span> <span class='ocrx_word' id='word_1_705' title='bbox 2048 5506 2053 5507; x_wconf 14' lang='grc' dir='ltr'><em>γ</em></span> <span class='ocrx_word' id='word_1_706' title='bbox 2071 5435 2168 5491; x_wconf 87' lang='lat' dir='ltr'><strong>Ms.</strong></span> <span class='ocrx_word' id='word_1_707' title='bbox 2186 5476 2200 5499; x_wconf 93' lang='lat'><strong>,</strong></span> <span class='ocrx_word' id='word_1_708' title='bbox 2230 5435 2534 5507; x_wconf 83' lang='lat' dir='ltr'><strong>prumptim.</strong></span> 
     </span>
    </p>
   </div>
   <div class='ocr_carea' id='block_1_124' title="bbox 1991 5506 2477 5575">
    <p class='ocr_par' dir='ltr' id='par_1_124' title="bbox 1991 5506 2477 5575">
     <span class='ocr_line' id='line_1_126' title="bbox 1991 5506 2477 5575; baseline -0.008 -13"><span class='ocrx_word' id='word_1_709' title='bbox 1991 5518 2019 5547; x_wconf 69' lang='grc'><strong>’³</strong></span> <span class='ocrx_word' id='word_1_710' title='bbox 2047 5506 2216 5572; x_wconf 83' lang='lat' dir='ltr'><strong>Edit.,</strong></span> <span class='ocrx_word' id='word_1_711' title='bbox 2234 5506 2477 5575; x_wconf 76' lang='lat' dir='ltr'><strong>pacatos.</strong></span> 
     </span>
    </p>
   </div>
   <div class='ocr_carea' id='block_1_125' title="bbox 1993 5576 2704 5645">
    <p class='ocr_par' dir='ltr' id='par_1_125' title="bbox 1993 5576 2704 5645">
     <span class='ocr_line' id='line_1_127' title="bbox 1993 5576 2704 5645; baseline -0.007 -13"><span class='ocrx_word' id='word_1_712' title='bbox 1993 5584 2018 5615; x_wconf 90' lang='lat'><strong><em>°</em></strong></span> <span class='ocrx_word' id='word_1_713' title='bbox 2054 5577 2220 5640; x_wconf 87' lang='lat' dir='ltr'><strong>Edit.,</strong></span> <span class='ocrx_word' id='word_1_714' title='bbox 2256 5576 2412 5629; x_wconf 79' lang='lat' dir='ltr'><strong>dicite</strong></span> <span class='ocrx_word' id='word_1_715' title='bbox 2437 5584 2704 5645; x_wconf 74' lang='lat' dir='ltr'><strong>perpetuo.</strong></span> 
     </span>
    </p>
   </div>
   <div class='ocr_carea' id='block_1_126' title="bbox 1993 5645 2476 5714">
    <p class='ocr_par' dir='ltr' id='par_1_126' title="bbox 1993 5645 2476 5714">
     <span class='ocr_line' id='line_1_128' title="bbox 1993 5645 2476 5714; baseline -0.006 -13"><span class='ocrx_word' id='word_1_716' title='bbox 1993 5660 2022 5701; x_wconf 73' lang='grc' dir='ltr'><strong>ι’</strong></span> <span class='ocrx_word' id='word_1_717' title='bbox 2050 5645 2178 5714; x_wconf 64' lang='lat'><strong>“8.,</strong></span> <span class='ocrx_word' id='word_1_718' title='bbox 2198 5645 2476 5701; x_wconf 69' lang='lat' dir='ltr'><strong>Alchuinc.</strong></span> 
     </span>
    </p>
   </div>
  </div>
