3866 6170
340 388 446 443 759

342 507 516 574 Atque
541 500 803 558 Columba
829 498 989 554 Pater
1015 509 1041 539 ι
1083 507 1281 562 magno
1307 493 1598 544 veneratur
1632 483 1840 574 honore
1870 475 1920 526 δ.
1953 477 2005 533 Δ

342 571 448 649 Nos
474 594 649 664 pietas
674 605 904 661 quorum
929 586 1182 657 precibus
1204 580 1365 637 simul
1386 576 1603 645 adjuvet
1632 571 1777 664 istic.

344 686 415 741 Ut
438 662 596 740 nobis
626 681 831 737 tribuat
863 678 1114 734 Christus
1151 676 1292 729 bona
1333 680 1354 708 ε
1391 668 1533 723 dona
1565 662 1778 722 salutis.

1003 766 1282 826 CXXVIII.

769 867 849 921 Ad
889 873 1129 920 sanctum
1169 858 1507 912 Floriannm.

344 964 629 1021 Florianus
657 959 869 1031 magnis
897 955 1215 1031 [praeclarus
1235 950 1289 1024 ἀ]
1312 951 1364 1006 in
1389 950 1522 1006 orbe
1545 945 1851 1016 triumphis,

342 1054 710 1125 Cyriacusquc
732 1066 885 1121 puer,
916 1046 1135 1117 propria
1160 1058 1285 1099 cum
1320 1048 1494 1096 matre
1523 1037 1716 1092 Julitta

345 1144 604 1200 Praesenti
637 1143 846 1213 pariter
875 1138 1077 1195 Christi
1109 1136 1455 1191 celebrantur
1483 1133 1536 1187 in
1568 1130 1712 1185 aula.

343 1234 447 1291 Hic
472 1234 571 1291 tibi
598 1233 672 1289 sit
709 1232 910 1303 petitor
930 1228 1126 1291 venite,
1155 1241 1280 1295 spes
1303 1232 1454 1279 certa
1479 1221 1693 1277 salutis.

1019 1315 1233 1374 CXXIX

562 1416 699 1471 Item
736 1414 807 1468 ad
830 1422 1070 1467 sanctum
1097 1408 1361 1464 Joannem
1395 1405 1712 1477 Baptistam.

219 1562 232 1575 ,
343 1509 660 1566 Prmcursor
685 1508 895 1562 Domini
926 1520 1151 1577 magnus
1175 1504 1418 1572 Baptista
1447 1499 1683 1555 Joannes

345 1601 523 1669 Atque
548 1600 673 1668 pius
696 1596 892 1668 praesul
920 1595 1124 1665 pariter
1144 1592 1428 1655 Martinus,
1458 1599 1513 1644 et
1534 1590 1648 1659 ipse

346 1688 667 1744 Nominibus
691 1687 862 1743 sacris
890 1687 994 1741 ista
1021 1685 1326 1755 junguntur
1352 1683 1406 1737 in
1429 1697 1545 1746 ara,

344 1784 487 1839 Ante
509 1781 674 1854 pedes
700 1769 1222 1852 quorum'lacrymas
1255 1776 1345 1832 hic
1368 1772 1564 1837 funde,
1596 1772 1774 1828 viator
1806 1782 1857 1826 ο.

1021 1868 1235 1927 CXXX.

524 1966 604 2023 De
620 1975 802 2022 sancto
830 1963 1052 2036 Virgilio
1072 1964 1310 2035 episcopo
1339 1956 1749 2029 Salisburgensi.

347 2062 480 2129 Quae
518 2059 700 2116 cernis
727 2059 970 2122 veniens,
1008 2055 1179 2111 lector
1208 2095 1222 2107 .
1265 2094 1279 2107 .
1315 2093 1330 2107 .
1358 2052 1563 2123 inclyta
1589 2056 1732 2106 tecta
1769 2045 1787 2086 τ

350 2151 607 2223 Virgilius
634 2148 783 2214 fecit,
812 2146 1027 2203 Domini
1054 2145 1319 2200 deductus
1345 2158 1553 2207 amore,

349 2243 613 2314 Egregius
632 2239 839 2312 praesul
860 2238 1093 2304 meritis,
1118 2247 1173 2292 et
1201 2236 1447 2292 moribus
1467 2236 1662 2297 almus,

348 2334 584 2391 Protulit
606 2334 663 2387 in
689 2333 887 2396 lucem,
916 2345 1077 2400 quem
1117 2336 1294 2383 mater
1320 2326 1578 2382 Hibernia
1603 2324 1863 2397 primum,

352 2427 613 2492 Instituit,
641 2423 856 2489 docuit,
889 2421 1118 2477 nutrivit
1144 2459 1158 2472 .
1189 2459 1203 2472 .
1233 2460 1246 2473 .
1278 2458 1293 2474 .
1324 2457 1339 2473 .
1372 2458 1387 2471 .
1428 2417 1651 2473 amavit.

353 2520 465 2574 Sed
488 2517 780 2589 peregrina
805 2522 996 2584 petens
1043 2510 1247 2566 Christi
1276 2509 1389 2580 jam
1428 2516 1651 2579 propter
1675 2520 1938 2571 amorem,

354 2609 586 2665 Delicias
605 2606 793 2662 mundi
818 2613 874 2661 et
898 2605 1133 2674 patriam
1155 2600 1482 2671 contempsit
1504 2607 1762 2654 amatam.

351 2700 459 2754 Per
486 2710 657 2761 mare,
676 2712 777 2765 per
802 2703 980 2750 terras
1004 2701 1189 2765 partes
1212 2692 1464 2763 pervenit
1487 2691 1544 2745 in
1573 2691 1729 2756 istas,

353 2785 710 2856 Multiplicare
736 2783 959 2838 studens
991 2791 1102 2838 tota
1129 2783 1330 2836 virtute
1355 2780 1641 2846 talentum,

355 2878 626 2935 Doctrina:
646 2877 861 2949 populis
884 2884 940 2931 et
964 2891 1220 2948 spargere
1242 2875 1450 2931 semina
1472 2874 1620 2929 vitae.

354 2968 455 3023 Vir
475 2969 598 3043 pius
618 2976 674 3024 et
694 2968 932 3039 prudens
962 2966 1093 3021 nulli
1131 2966 1332 3038 pietate
1360 2965 1653 3021 secundus.

358 3056 624 3115 Maximus
651 3059 911 3115 Ecclesia;
946 3058 1224 3129 princeps,
1263 3064 1321 3112 et
1343 3056 1579 3127 claviger
1605 3054 1743 3110 aula:

358 3154 629 3221 Cwlestis,
662 3152 913 3209 Christus
937 3151 1186 3221 proprios
1214 3149 1346 3205 huic
1378 3151 1403 3190 Β
1431 3146 1654 3203 tradidit
1683 3160 1881 3219 agnos;

360 3245 511 3301 Ilanc
537 3251 688 3313 regat
723 3243 947 3300 :etherio
976 3243 1273 3298 clementer
1306 3240 1527 3297 nomine
1554 3239 1766 3305 Petrus,

359 3337 496 3392 Cum
523 3337 726 3391 sanctis
757 3336 983 3404 pariter,
1016 3349 1246 3403 quorum
1284 3334 1373 3388 hic
1417 3347 1648 3402 corpora
1678 3336 1939 3400 pausant:

359 3425 461 3491 Qui
482 3425 736 3496 precibus
762 3423 1017 3493 populum
1043 3422 1248 3478 Christi
1270 3428 1523 3477 tueantur
1556 3421 1749 3475 amicis
1782 3439 1795 3471 :

360 3516 626 3585 Tempora
656 3514 952 3584 deposcant
977 3513 1134 3569 nobis
1171 3522 1227 3568 et
1247 3527 1508 3582 prospera
1538 3511 1662 3565 vita:

360 3607 672 3673 Prcesentis,
715 3621 928 3662 necnon
958 3604 1148 3661 aeterni
1177 3613 1232 3658 et
1256 3602 1451 3675 gaudia
1485 3600 1660 3673 regni.

365 3784 1164 3865 INSCRIPTIONES
1270 3782 1534 3860 ALIIE
1640 3780 1943 3859 LOCO-

723 3910 782 3986 Β
800 3909 947 3989 UM
1025 3908 1589 3987 SACRORUM.

1039 4046 1274 4103 CXXXI.

483 4138 565 4194 Ad
601 4155 752 4194 aram
791 4149 1094 4194 sanctorum
1133 4138 1358 4193 Andrew
1384 4180 1399 4205 ,
1450 4137 1725 4193 Laurentii
1768 4147 1817 4193 et

1009 4209 1303 4281 Hippolyti.

365 4303 515 4359 Ilanc
536 4303 660 4374 plus
684 4302 931 4358 Andreas
964 4303 1177 4357 meritis
1198 4304 1464 4359 tutabitur
1486 4320 1661 4369 aram,

365 4397 433 4451 Et
466 4393 627 4451 levita
656 4393 817 4449 simul
844 4393 1021 4448 victor
1040 4393 1369 4449 Laurentius
1392 4395 1534 4464 ignis
1558 4412 1573 4459 ;

366 4482 584 4539 Tertius
612 4483 952 4555 Hippolytus,
980 4482 1158 4553 gladio
1186 4483 1278 4553 qui
1302 4483 1439 4538 colla
1469 4485 1704 4553 subegit.

366 4575 468 4644 Qui
493 4591 589 4632 sua
617 4575 918 4631 concedant
935 4590 1127 4647 preces
1148 4575 1172 4614 δ
1207 4573 1464 4645 suilragia
1494 4575 1673 4631 nobis.

1032 4666 1290 4724 CXXXII.

441 4760 523 4815 Ad
549 4776 698 4814 aram
743 4769 1043 4815 sanctorum
1074 4758 1268 4825 Pauli,
1311 4758 1552 4816 Silvestri
1581 4770 1630 4815 et
1665 4758 1875 4815 Leonis.

368 4850 521 4907 llanc
546 4865 697 4905 aram
720 4849 919 4906 Paulus
942 4851 1152 4906 meritis
1176 4851 1460 4907 vivacibus
1486 4859 1661 4915 ornet,

370 4943 740 5012 Silvesterque
759 4940 921 4996 simul
944 4956 1182 4997 romana:
1208 4941 1379 5013 gloria
1409 4942 1609 5013 gentis,

370 5035 596 5107 Eloquio
616 5034 854 5105 prudens
882 5033 1239 5089 charissimus
1269 5034 1285 5074 ἱ
1320 5041 1376 5089 et
1403 5032 1513 5089 Leo
1537 5049 1694 5104 papa,

371 5129 474 5195 Qui
498 5128 654 5184 nobis
678 5126 897 5182 faveant
922 5125 1074 5196 regni
1095 5124 1334 5180 cmlestis
1354 5126 1423 5181 ab
1443 5141 1589 5180 arce.

376 5336 401 5388 ὕ
444 5277 469 5305 ι
506 5264 563 5319 In
593 5279 695 5319 ms.
723 5260 947 5343 Salisb.2
975 5262 1177 5318 omisso
1206 5256 1388 5325 Pater,
1414 5260 1673 5316 scribitur
1691 5302 1705 5327 ,
1738 5258 1949 5316 Colum-

413 5352 563 5388 anus.

413 5352 563 5390 anus.

446 5405 472 5443 δ
512 5404 678 5469 Edit.,
699 5405 755 5458 in
776 5421 883 5459 ore.

447 5486 468 5512 ε
510 5475 678 5540 Etlit.,
707 5491 850 5529 vera.

442 5542 470 5582 ά
507 5544 593 5615 βπ
622 5560 723 5599 ms.
745 5542 1168 5615 Salisblirgensi.

452 5623 475 5651 ο
507 5611 712 5694 Hic-est
736 5612 857 5666 linis
875 5609 1034 5694 huius
1054 5614 1469 5694 epigrammatis
1482 5614 1534 5667 in
1567 5613 1754 5694 codice
1781 5609 1947 5694 salis-

380 5679 632 5750 lmrgensi
665 5697 676 5729 :
704 5693 889 5733 versus
919 5679 1128 5750 reliqui,
1146 5679 1247 5750 'qui
1268 5683 1320 5735 in
1344 5683 1504 5736 editis
1530 5688 1943 5737 connectuntur.

380 5695 632 5800 tmrgensi
665 5697 676 5729 :
704 5695 889 5733 versus
919 5695 1128 5750 renqui,
1156 5697 1247 5749 qui
1268 5698 1320 5735 In
1344 5695 1504 5736 editis
1530 5695 1943 5737 connecmntur.

380 5750 674 5867 ilpiiﬂuoizzln'nt
696 5784 711 5808 ,
752 5754 911 5813 atque
936 5749 1097 5801 etiam
1122 5749 1345 5805 alterius
1382 5760 1507 5803 sunt
1530 5750 1854 5819 argumenti,
1889 5756 1948 5801 ut

384 5827 644 5888 sequitur.

1195 378 1254 431 Β.
1291 375 1356 430 F.
1394 366 1622 427 ALBINI
1662 363 1794 421 εει]
1835 353 2115 414 ALCUINI
2152 353 2438 413 OPEBUM
2474 354 2656 413 PARS
2692 357 2780 412 Vl.

2689 465 2970 526 cxxxm.
3070 433 3078 441 ’

2280 566 2359 621 Ad
2384 583 2534 620 aram
2569 564 2740 618 sancti
2764 561 2953 617 Jacobi
2981 555 3224 629 apostoli,
3252 563 3359 610 etc.

2026 681 2196 737 Filius
2216 681 2320 737 hac
2338 678 2572 735 Zebedei
2596 676 2832 732 Iacobus
2853 673 3155 745 congaudet
3178 672 3237 726 in
3260 686 3355 726 ara
3379 686 3400 735 ;

2028 771 2275 842 Namque
2297 770 2556 841 Dionysio
2584 769 2748 826 sociis
2768 767 2928 822 simul
2952 765 3097 820 illius
3121 763 3281 818 almis
3312 777 3332 817 :

2028 866 2296 937 Gregorio
2328 865 2507 920 fuerat
2529 863 2702 919 Roma
2729 862 2821 933 qui
2853 860 3045 916 doctor
3071 859 3124 912 in
3146 857 3278 912 orbe
3306 866 3356 919 ι,

2030 957 2303 1029 Deprecor
2326 959 2428 1015 hos
2453 956 2643 1013 Patres
2669 963 2916 1010 nostram
2938 950 3234 1007 defendere
3253 948 3449 1004 vitam.

2686 1067 2972 1125 CXXXIV.

2105 1166 2185 1220 Ad
2226 1181 2376 1220 aram
2417 1164 2579 1219 beata
2611 1162 2842 1235 Virginis
2872 1170 2921 1214 et
2950 1157 3179 1213 aliorum
3216 1165 3555 1211 sanctorum.

2038 1280 2136 1335 Hic
2155 1279 2343 1349 regina
2373 1278 2471 1332 Dei
2498 1277 2733 1348 genitrix
2758 1276 2850 1345 pia
2886 1274 3041 1345 virgo
3073 1270 3281 1337 Maria;

2035 1371 2135 1426 Hic
2163 1383 2379 1440 quoque
2409 1368 2563 1438 virgo
2591 1381 2748 1423 sacra
2772 1373 2952 1420 tecum
2974 1368 3266 1433 veneratur
3284 1358 3553 1432 Agathes,

2036 1461 2264 1517 Nomine
2288 1459 2577 1530 magniﬁco
2601 1459 2746 1515 votis
2768 1456 2960 1512 adesto
2986 1461 3328 1524 precantum.

2034 1553 2103 1607 Et
2126 1551 2418 1608 Petronilla
2445 1551 2617 1621 patris
2655 1547 2902 1619 prmclari
2932 1546 3041 1601 lilia
3067 1544 3216 1599 Petri
3247 1561 3260 1596 :

2039 1643 2310 1714 Snlpitius
2328 1642 2530 1713 praesul
2553 1639 2854 1711 praeclarus
2882 1639 2938 1693 in
2965 1637 3104 1691 urbe
3123 1634 3369 1695 Biturca,

2039 1737 2227 1807 Tuque
2251 1735 2579 1804 Leutgarius
2600 1741 2808 1804 martyr
2840 1730 3002 1786 simul
3029 1737 3191 1799 atque
3214 1724 3495 1788 sacerdos,

1962 1825 2009 1887 Β
2034 1828 2327 1900 Presbyter
2345 1826 2594 1897 egregius
2619 1838 2723 1879 nec
2746 1839 2857 1879 non
2878 1820 3144 1879 Gislarius
3171 1831 3371 1874 urnam

2034 1919 2340 1975 Defendant
2363 1916 2621 1987 precibus
2642 1928 2858 1984 semper
2881 1911 3242 1984 prmsentibus
3269 1909 3453 1964 istam.

2695 2025 2959 2086 CXXXV.

2039 2122 2121 2178 Ad
2151 2138 2302 2177 aram
2331 2130 2633 2176 sanctorum
2660 2119 2889 2174 Joannis
2924 2115 3285 2188 evangelista,
3314 2113 3628 2185 Hieronymi

2648 2200 2697 2246 et
2739 2188 3004 2244 Hauritii.

2040 2307 2155 2365 Hoc
2177 2307 2347 2364 altare
2376 2315 2525 2363 tenet
2550 2304 2750 2362 Christi
2788 2304 3012 2359 sinistra
3039 2300 3298 2367 Joannes,

2038 2398 2335 2471 Presbyter
2353 2398 2713 2468 Hieronymus
2742 2397 2933 2452 doctor
2951 2394 3286 2450 clarissimus
3312 2391 3489 2457 orbis,

2043 2490 2438 2561 Mauritiusque
2461 2488 2624 2544 simul
2650 2494 2859 2559 martyr
2885 2486 3153 2542 mirabilis
3180 2485 3273 2540 ille
3291 2526 3309 2550 ,

2044 2581 2164 2645 Hic,
2188 2596 2339 2651 rogo,
2362 2587 2487 2636 vota
2514 2578 2692 2635 ferant
2719 2578 2928 2635 cmlesti
2958 2584 3147 2633 nostra
3175 2576 3430 2633 Tonanti.

2695 2691 2979 2748 CXXXVI.

2116 2787 2198 2846 Ad
2226 2804 2379 2843 aram
2414 2797 2715 2842 sanctorum
2756 2786 2969 2841 Thomas
2996 2785 3256 2857 apostoli,
3288 2785 3485 2841 Arriani
3508 2795 3564 2840 α

2687 2857 2982 2912 Athanasii.

2047 2969 2149 3026 Hic
2172 2969 2411 3027 Thomas
2438 2970 2652 3033 colitur,
2686 2969 2863 3039 tetigit
2880 2969 2972 3039 qui
2999 2969 3225 3024 vulnera
3248 2968 3478 3033 Christi;

2049 3058 2214 3115 Urbis
2241 3068 2298 3115 et
2339 3059 2587 3119 Anianus
2610 3059 2806 3132 praesul
2830 3060 2954 3130 pius
2984 3060 3314 3127 Aureliante,

2047 3147 2206 3206 Miles
2222 3157 2277 3207 et
2302 3150 2561 3206 Ecclesiae
2580 3150 2741 3206 simul
2762 3149 3094 3205 Athanasius
3117 3151 3314 3214 almus,

2047 3239 2147 3308 Qui
2169 3242 2375 3311 pariter
2398 3240 2611 3310 plebem
2637 3239 2841 3295 Christi
2865 3248 3119 3295 tueantur
3142 3240 3211 3294 ab
3233 3241 3413 3295 hoste.

2682 3351 2989 3407 CXXXVII.

2209 3442 2291 3496 Ad
2330 3458 2479 3496 aram
2513 3451 2830 3566 sanctor‘an‘t!
2854 3441 3043 3525 Jacobi
3066 3483 3080 3508 ,
3120 3441 3373 3496 Germani
3407 3450 3465 3496 et

2767 3531 2794 3566 ε
2833 3522 2955 3566 astt.

2767 3522 2955 3567 edasti.

2050 3605 2163 3660 Hac
2192 3603 2405 3659 Domini
2444 3602 2617 3657 frater
2640 3600 2876 3658 Iacobus
2906 3610 3200 3658 veneratur
3224 3602 3279 3657 in
3318 3618 3453 3672 ara,

2052 3696 2123 3752 Ut
2147 3693 2350 3749 Christi
2375 3693 2582 3765 pariter
2600 3693 2796 3764 praisul
2818 3692 3122 3749 Germanus
3147 3703 3379 3749 amatus.

2051 3784 2269 3840 Tertius
2288 3793 2373 3841 est
2385 3785 2608 3856 junctus
2622 3782 2888 3840 Vedastus
2910 3785 3193 3854 episcopus
3214 3785 3414 3849 almus,

2050 3875 2281 3947 Adjuvet
2308 3876 2397 3932 hic
2422 3876 2619 3933 horum
2644 3891 2744 3933 nos
2767 3876 3091 3932 intercessio
3119 3889 3355 3946 semper.

2679 3986 3011 4044 CXXXVIII.

2196 4077 2279 4132 Ad
2316 4095 2465 4134 aram
2506 4087 2811 4133 sanctorum
2850 4077 3175 4133 Hrodlteroti
3203 4119 3217 4145 ,
3257 4078 3406 4133 Berti
3441 4087 3489 4132 et

2707 4148 2970 4219 Ansfridi.

2053 4254 2190 4314 Tres
2215 4256 2406 4314 Patres
2430 4261 2657 4325 summi,
2698 4262 3018 4316 meritorum
3043 4261 3281 4330 pondere
3309 4275 3527 4330 magno,

2052 4348 2181 4404 Haec
2209 4356 2359 4405 tenet
2387 4365 2481 4405 ara
2507 4350 2705 4416 simul,
2740 4350 3142 4406 Hrodherotum
3164 4350 3382 4405 nomine
3404 4350 3633 4411 clarum,

2052 4440 2481 4512 Pontiﬁcemque
2513 4442 2833 4513 praeclarum
2877 4441 3096 4498 Bertum
3142 4440 3363 4497 nomine
3398 4441 3634 4502 dictum,

1977 4560 2021 4614 ο
2051 4532 2301 4607 Iungitur
2326 4534 2616 4591 Ansl‘ridus
2645 4536 2766 4593 istis
2801 4547 2859 4593 et
2886 4537 3085 4593 tertius
3110 4537 3309 4592 almus.

2601 4649 2766 4720 219
2797 4647 3083 4705 cxxxrx.

2087 4739 2170 4793 Ad
2194 4755 2345 4793 aram
2367 4748 2670 4795 sancton
2694 4739 2961 4811 Philippi,
2995 4738 3237 4795 Marcelli
3256 4748 3305 4793 et
3334 4737 3598 4792 Medardi.

2052 4848 2384 4919 Discipulum
2418 4848 2619 4906 Christi
2653 4856 2837 4904 teneat
2868 4850 2986 4905 haec
3018 4865 3112 4904 ara
3148 4848 3484 4919 Philippum,

2052 4939 2163 4996 Nec
2191 4956 2300 4997 non
2317 4939 2625 4996 Marcellum
2651 4950 2899 4996 sanctum
2916 4940 3078 4996 simul
3101 4950 3267 5010 atque
3292 4936 3631 5003 Medardum,

2053 5032 2342 5089 Pontiﬁces
2368 5032 2546 5088 claros
2574 5032 2779 5090 sanctis
2804 5033 3097 5088 virtutibus
3126 5032 3288 5088 ambo
3313 5072 3328 5085 .

2050 5124 2266 5180 Auxilio
2295 5123 2492 5196 duplici
2524 5124 2633 5179 sint
2662 5123 2751 5179 hic
2771 5124 2928 5180 nobis
2957 5123 3097 5179 dona
3125 5122 3338 5178 salutis.

2190 5261 2317 5318 Haec
2344 5262 2410 5347 de
2433 5262 2665 5347 basilica
2692 5262 2990 5347 cathedral‘i
3018 5252 3636 5347 Salisburgensgi’aj'ir:

2052 5332 2179 5402 gilio
2222 5340 2401 5387 erecta
2432 5331 2775 5399 intelligenda
2802 5332 3081 5396 videntur,
3113 5331 3362 5401 quamvis
3391 5328 3531 5381 idem
3578 5331 3637 5380 et

2051 5402 2154 5457 alia
2181 5404 2381 5472 templa
2431 5402 2984 5473 pulchrormolimine
3032 5402 3290 5473 erexerit.
3336 5397 3458 5473 Yid_.
3490 5395 3640 5452 illius

2051 5440 2381 5583 ἓῦξωὲἱὶἔξὶἱί
2404 5440 2657 5557 Αᾚέἱῖὲἓιῗ
2676 5440 3324 5544 δὲὶὶῐίἰίἶ”’ἱὲ›ἷηῗί“ὖῖ”ί›ζὲ.
3351 5440 3479 5525 ἒςῇ.

2227 5559 2291 5583 ,ιν
2308 5558 2344 5583 ρ

2123 5551 2149 5583 5
2182 5551 2366 5608 Forte,
2392 5551 2497 5598 cui.

2119 5614 2148 5654 ιι
2186 5612 2369 5677 Forte,
2384 5630 2567 5683 precor
2584 5625 2661 5668 ut.

2129 5684 2142 5723 ί
2185 5682 2370 5744 Forte,
2398 5683 2742 5743 clarissimus.

2125 5763 2137 5801 ι
2186 5752 2370 5817 Forte,
2402 5755 2543 5805 urbe.
