3890 6160
358 286 467 345 785

322 470 325 477 ι
362 401 433 458 Ut
457 400 657 457 dudum
681 398 925 471 angelico
952 396 1116 456 discit
1136 397 1452 469 virguncula
1482 396 1617 464 fatu,

359 492 494 547 Cum
519 489 683 547 Pater
713 490 978 546 altisonus
1005 488 1224 546 Gabriel
1247 488 1488 544 misisset
1517 489 1583 543 ab
1610 488 1789 544 astris.

356 580 486 637 Hzec
509 581 629 646 fuit,
662 583 913 653 egregius
936 596 1097 652 quam
1125 581 1328 651 promit
1349 579 1593 635 carmine
1620 588 1792 645 vates,

357 671 461 741 Qui
492 673 727 744 Solymis
752 673 1023 742 quondam
1048 673 1199 728 dives
1223 670 1470 740 regnavit
1498 669 1554 723 in
1584 670 1731 726 arvis
1757 687 1772 724 :

357 763 521 833 220
548 761 751 817 Hortus
775 761 1051 817 conclusus
1080 759 1290 815 ﬂorenti
1320 760 1376 814 in
1401 759 1606 816 vertice
1629 774 1889 829 vernans,

356 855 505 911 Fons
531 872 747 925 quoque
772 856 1008 926 signatus
1036 853 1242 909 ccelesti
1269 852 1482 924 gurgite
1505 852 1745 923 pollens;

355 945 573 1002 Necnon
603 956 657 1002 et
683 953 865 1000 turtur
894 944 1178 999 tremulus.
1208 942 1305 999 Cui
1335 943 1594 1014 praescius
1624 942 1747 997 infit

352 1036 591 1107 Angelus
619 1052 633 1090 :
662 1037 743 1090 En
771 1036 1011 1091 sobolem
1040 1035 1350 1104 generabis,
1380 1034 1557 1104 virgo,
1581 1047 1895 1104 perennem,

354 1127 529 1197 Atque
554 1128 900 1199 puerperium
928 1128 1171 1198 paritura
1192 1141 1459 1198 puerpera
1482 1127 1708 1198 gignens

353 1217 523 1273 Filius
547 1217 838 1274 Altithroni
866 1217 1075 1275 faustus
1105 1219 1373 1274 vocitetur
1397 1220 1454 1273 in
1480 1212 1655 1274 aevum
1687 1227 1709 1269 ι

354 1310 587 1380 Spiritus
616 1327 649 1367 e
675 1312 815 1367 coelo
841 1313 1024 1367 veniet
1046 1313 1423 1369 sanctissimus
1452 1313 1506 1368 in
1535 1321 1610 1379 te,

354 1400 540 1455 Virtus
569 1416 696 1456 ecce
726 1409 817 1456 tuo
843 1401 1054 1457 confert
1076 1402 1394 1457 umbracula
1425 1403 1595 1458 cordi.

353 1490 530 1546 Patris
552 1491 901 1547 obumbrabit
923 1502 996 1556 te,
1028 1491 1215 1563 Virgo,
1244 1493 1388 1547 celsa
1413 1500 1674 1562 potestas.

360 1582 478 1650 Quo
506 1583 652 1638 dictu
685 1584 848 1638 matri
879 1591 1195 1654 turgescunt
1216 1584 1426 1659 viscera
1455 1584 1611 1650 fmtu,

353 1674 455 1739 Qui
487 1674 701 1743 genitus
725 1673 986 1727 mundum
1014 1673 1321 1728 miseranda
1347 1673 1471 1728 labe
1498 1670 1720 1729 resolvit
1739 1712 1755 1741 ,

350 1764 527 1835 Atque
548 1766 843 1821 cruciﬁxus
866 1764 1070 1836 polluta
1092 1764 1305 1835 piacula
1330 1765 1505 1819 tersit.

1064 1857 1217 1914 CLII.

497 1964 521 1992 α
558 1950 754 2006 Versus
780 1938 990 2005 Alcuini
1013 1951 1078 2005 de
1102 1949 1322 2006 ecclesia
1345 1952 1514 2005 sancti
1536 1952 1788 2024 Liutgeri.

349 2040 450 2097 llic
476 2040 638 2096 Pater
665 2042 916 2113 egregius
940 2042 1149 2097 meritis
1172 2040 1486 2097 Bonifacius
1513 2043 1671 2097 almis

353 2130 489 2186 Cum
520 2132 684 2186 sociis
710 2133 916 2201 pariter
942 2131 1203 2186 fundebat
1228 2132 1508 2202 sanguinis
1534 2134 1756 2200 undam,

346 2222 553 2294 inclyta
589 2222 838 2295 martyrii
870 2231 1150 2279 sumentes
1176 2232 1462 2279 stemmata
1490 2226 1654 2280 sacri.

354 2312 522 2366 Terra
552 2314 711 2368 beata
741 2314 903 2369 nimis
935 2322 1247 2369 sanctorum
1279 2316 1539 2385 sanguine
1569 2315 1756 2371 dives!

349 2403 672 2459 Transvolat
696 2405 824 2461 hinc
853 2407 1027 2461 victor
1057 2407 1213 2461 miles
1239 2408 1307 2460 ad
1336 2406 1555 2475 praemia
1591 2396 1747 2472 cmii,

349 2494 550 2551 Ultima
578 2498 872 2567 cespitibus
900 2500 1024 2554 istis
1052 2500 1279 2570 vestigia
1307 2499 1578 2567 linquens.

348 2583 562 2640 Suadeo
590 2596 942 2657 quapropter,
976 2597 1203 2642 curvato
1232 2588 1459 2658 poplite,
1488 2590 1731 2660 supplex,

347 2676 454 2743 Tu,
480 2680 787 2748 quicunque
821 2679 978 2750 legis,
1010 2681 1174 2735 terris
1207 2681 1295 2735 bis
1321 2682 1503 2735 oscula
1536 2681 1658 2753 fige.

349 2765 487 2837 Spes
513 2768 610 2821 tibi
634 2783 826 2839 magna
857 2770 969 2834 fiat,
1002 2769 1270 2842 iacrymas
1302 2772 1597 2826 ascendere
1623 2772 1822 2828 cmlum

345 2858 483 2913 liinc
508 2859 750 2928 potuisse
774 2868 916 2925 tuas,
951 2858 1113 2916 fultas
1138 2864 1459 2931 patronibus
1485 2863 1513 2903 δ
1545 2863 1684 2919 istis.

346 2948 445 3006 llic
470 2958 654 3006 manet
682 2950 771 3006 ille
803 2968 968 3007 cruor
996 2962 1191 3009 cuncto
1216 2955 1509 3024 pretiosior
1534 2971 1688 3020 auro,

344 3042 693 3114 Membraque
718 3044 925 3101 cmlesti
955 3062 1079 3101 rore
1101 3047 1191 3102 hic
1218 3047 1435 3117 perfusa
1457 3049 1757 3118 quiescunt.

343 3133 575 3203 Adjuvat
603 3137 730 3191 hinc
754 3137 954 3193 Paulus
983 3140 1194 3205 doctor,
1223 3138 1533 3196 Bonifacius
1557 3139 1704 3206 inde,

346 3225 470 3283 ilmc
498 3229 602 3283 illis
626 3231 842 3300 quando
866 3240 1085 3286 constat
1113 3230 1274 3286 simul
1300 3232 1422 3286 aula
1450 3232 1650 3288 dicata.

1056 3322 1230 3380 CLIII.

388 3420 410 3448 ε
441 3410 516 3464 De
543 3409 776 3464 basilicis
804 3420 1109 3465 sanctorum
1135 3412 1493 3484 apostolorum
1532 3410 1705 3468 sancti
1731 3412 1899 3468 Petri.

349 3502 500 3556 lianc
528 3503 725 3556 Petrus
751 3503 993 3557 absidam
1020 3504 1047 3543 ά
1081 3514 1394 3560 sanctorum
1422 3513 1570 3561 sorte
1596 3514 1844 3571 coronat,

352 3593 604 3664 Claviger
628 3594 919 3659 mthereus,
951 3596 1043 3665 qui
1072 3604 1285 3666 portam
1315 3595 1503 3665 pandit
1533 3597 1587 3652 in
1617 3597 1808 3663 mtbra,

345 3681 560 3738 Janitor
585 3692 802 3740 aeternae
832 3679 1115 3742 recludens
1142 3686 1333 3742 limina
1359 3687 1496 3743 vitae.

347 3775 611 3833 Omnibus
635 3778 726 3833 hic
747 3778 1020 3849 geminum
1052 3781 1278 3851 digessit
1304 3781 1497 3852 dogma
1523 3796 1623 3852 per
1650 3781 1862 3847 orbem,

350 3867 507 3935 Quod
537 3867 682 3924 binis
711 3877 928 3924 constat
956 3870 1288 3941 descriptum
1314 3872 1416 3926 rite
1444 3870 1643 3927 libellis
1670 3883 1717 3937 ο,

347 3956 575 4014 Pectore
603 3959 695 4029 qui
723 3960 909 4029 patulo
935 3958 1136 4016 Christi
1168 3969 1435 4031 prmcepta
1466 3969 1773 4032 capessant.

347 4047 420 4104 Ut
441 4049 593 4121 prius
620 4065 900 4120 aequoreas
926 4053 1181 4122 captabat
1206 4061 1356 4109 recte
1382 4063 1654 4117 catervas,

352 4140 521 4195 Linea
553 4142 915 4213 squamigeris
939 4144 1238 4198 extendens
1266 4144 1481 4199 vincula
1505 4145 1728 4200 turmis:

346 4228 441 4286 Sic
466 4231 748 4286 hominum
777 4246 1001 4298 cuneos,
1031 4233 1216 4288 mundi
1243 4234 1309 4289 de
1336 4234 1547 4306 gurgite
1576 4241 1783 4306 raptos,

349 4323 510 4378 Ducit
533 4324 598 4378 ad
630 4332 891 4379 aeternum
917 4325 1122 4380 cmlesti
1148 4326 1352 4397 remige
1382 4326 1639 4397 regnum“;

350 4414 423 4471 Ut
450 4416 543 4471 tibi
574 4415 822 4471 Salvator
852 4432 978 4471 vera
1006 4433 1130 4471 cum
1159 4434 1290 4473 voce
1316 4420 1625 4490 spepondit,

347 4507 575 4574 Quando
602 4510 903 4580 piscantem
934 4510 1113 4580 panda
1138 4510 1203 4577 de
1223 4526 1401 4584 puppe
1428 4515 1677 4567 vocabat.

347 4599 452 4665 Qui
483 4601 631 4671 ponti
664 4602 894 4673 pedibus
919 4603 1152 4658 calcavit
1177 4602 1373 4659 cmruia
1397 4602 1595 4674 glauci,

352 4693 461 4747 Sel
490 4709 641 4749 mare
670 4705 1004 4768 mergentcm
1032 4697 1253 4752 tumidis
1274 4712 1380 4751 non
1412 4696 1621 4751 sorbuit
1651 4696 1809 4753 undis
1834 4717 1846 4752 :

352 4783 584 4839 Dextera
612 4784 741 4841 dum
772 4785 974 4842 Christi
1003 4787 1271 4860 turgentia
1300 4804 1579 4844 marmora
1607 4790 1826 4859 pressit,

426 4952 449 4977 η
484 4939 542 4995 S.
578 4939 829 5007 Liutgeri.
876 4942 933 4996 ld
965 4950 1073 5007 est,
1117 4943 1184 4997 de
1231 4943 1459 4998 ecclesia
1503 4943 1562 4998 S.
1607 4941 1868 4999 Bonifacii
1907 4959 1937 4997 a

354 5019 544 5081 sancto
586 5010 854 5081 Liudgero
903 5022 1233 5068 constructa.
1279 5014 1391 5068 Hoc
1426 5028 1647 5068 carmen
1692 5021 1940 5069 recenset

354 5080 622 5154 Altl‘ridns
640 5080 874 5153 scriptor
906 5084 1043 5137 Vita}
1081 5084 1252 5154 sancti
1281 5084 1530 5154 Liudgcri
1566 5084 1802 5154 episcopi
1843 5084 1940 5138 Mi—

358 5152 867 5224 rnigardefordensis
914 5155 1055 5224 apud
1099 5152 1444 5222 Westphalos
1481 5154 1660 5223 primi.
1708 5152 1936 5209 Μωιιι.

354 5220 476 5277 Act.
497 5220 609 5294 _SS.
640 5220 979 5280 Bened.sace.
1016 5241 1088 5289 1v,
1114 5220 1318 5294 partit,
1349 5220 1593 5293 pagfﬁxi.

426 5295 453 5334 δ
485 5292 826 5367 Patronibus,
858 5311 889 5350 a
916 5292 1131 5367 patrm:—
1152 5296 1236 5348 vel
1265 5292 1533 5365 patrones.
1587 5294 1705 5349 Viti.
1757 5293 1937 5350 Gloss.

357 5361 547 5423 Cangii
580 5364 683 5421 hac
707 5382 859 5423 voce.

433 5444 455 5472 ε
476 5407 699 5507 Iﬁditum
739 5407 831 5492 Eii
846 5408 954 5493 hoc
998 5452 1216 5493 carmen
1244 5452 1365 5491 cum
1393 5434 1747 5507 sequentibus
1773 5434 1942 5490 unde-

356 5503 464 5579 cim
490 5504 634 5579 inter
669 5505 848 5579 Strabi
880 5517 1146 5579 poemata.
1169 5503 1655 5579 Qunucs'ra’carm.
1676 5504 1743 5579 Li.

427 5572 453 5612 ά
482 5573 635 5629 Hanc
663 5575 856 5633 Petrus
878 5572 1139 5632 absidem.
1167 5576 1331 5631 Forte
1366 5575 1654 5632 ecclesiam
1675 5575 1942 5629 Taneten—

356 5658 475 5702 sem
521 5644 578 5699 in
624 5644 838 5715 Anglia,
891 5662 1053 5717 quam
1097 5645 1384 5717 Eadburga
1431 5645 1705 5717 abbatissa
1733 5644 1963 5717 eodem

361 5730 500 5787 pene
523 5714 766 5783 tempore
792 5714 1079 5773 aedificavit
1117 5716 1170 5769 in
1220 5714 1477 5770 honorem
1519 5714 1780 5785 principis
1810 5726 1934 5782 apo-

1210 283 1272 339 B.
1311 283 1373 339 F.
1414 280 1643 342 Ame
1678 281 1811 345 δεῖ]
1848 284 1903 341 Al

2040 283 2128 343 [Nl
2160 283 2445 343 omnem
2477 284 2658 343 rans
2695 286 2785 344 vi.
3513 290 3599 361 rei

1960 399 2010 459 Δ
2039 397 2204 468 Cujus
2231 400 2523 469 prmstabat
2549 398 2818 455 defunctis
2846 399 3037 455 umbra
3065 396 3333 454 medelam
3362 419 3379 454 :

2041 487 2178 542 Dum
2201 489 2319 543 sani
2343 504 2530 544 rursus
2556 489 2787 543 redeunt
2812 488 2880 542 ad
2909 488 3109 543 lumina
3140 489 3288 555 vitae,

2037 577 2292 644 Quamvis
2325 588 2451 634 ante
2483 579 2653 649 nigra:
2679 578 3005 635 lustrassent
3028 579 3214 634 limina
3240 583 3454 637 mortis.

2036 668 2135 724 ilic
2160 685 2373 739 quoque
2396 670 2709 740 poplitibus,
2739 686 2840 726 nec
2867 686 2975 725 non
2994 681 3049 725 et
3073 685 3233 726 crure
3258 673 3511 742 gemello,

2035 760 2297 816 Claudum
2323 770 2597 817 restaurat
2620 763 2792 818 fretus
2822 763 3023 818 virtute
3047 763 3345 830 Tonantis;

2038 853 2107 908 Et
2140 854 2250 909 cito
2280 854 2487 909 sanatis
2511 855 2767 924 prmcepit
2791 870 3018 925 pergere
3040 855 3263 923 plantis,

2035 944 2208 1012 Quem
2237 946 2389 1015 prius
2414 946 2484 1001 ad
2521 947 2780 1016 templum
2807 948 3055 1018 gestabat
3081 947 3219 1004 forte
3258 950 3607 1021 propinquus.

2035 1035 2136 1091 Hic
2164 1037 2327 1091 etiam
2354 1036 2513 1092 binos
2539 1038 2818 1092 mulctavit
2840 1046 3014 1093 morte
3039 1039 3327 1110 malignos,

2034 1125 2135 1193 Qui
2161 1127 2397 1195 pretium
2424 1126 2575 1182 fundi
2602 1127 2849 1182 celarunt
2874 1127 3064 1184 fraude
3088 1129 3399 1213 nefandum.

2032 1215 2257 1288 insuper
2281 1225 2336 1272 et
2362 1219 2631 1288 magicum
2654 1218 2773 1273 falsi
2800 1220 3117 1288 phantasma
3141 1220 3398 1288 Simonis,

2035 1305 2297 1364 Funditus
2327 1324 2614 1375 evacuans,
2647 1317 2816 1367 tetras
2840 1312 3072 1368 detrusit
3096 1315 3150 1368 in
3175 1315 3434 1385 umbras;

2034 1398 2337 1454 Romanum
2366 1400 2562 1471 vulgus
2586 1401 2799 1456 solvens
2830 1418 3016 1457 errore
3044 1412 3278 1471 vetusto,

2034 1491 2137 1561 Qui
2163 1491 2422 1562 praecelsa
2449 1492 2599 1547 rudis
2628 1493 2841 1549 scandit
2868 1493 3083 1565 fastigia
3108 1497 3298 1562 turris,

2032 1582 2212 1653 Atque
2240 1590 2533 1638 coronatus
2560 1582 2700 1637 lauri
2727 1582 2792 1637 de
2818 1581 3008 1638 fronde
3029 1585 3248 1647 volavit.

2037 1669 2145 1727 Sed
2164 1687 2288 1726 mox
2312 1673 2579 1727 mthereas
2607 1672 2898 1727 demittens
2927 1672 3174 1730 fructifer
3203 1690 3385 1743 auras,

1961 1737 2011 1798 Β
2036 1760 2283 1817 Cernuus
2307 1761 2374 1816 ad
2399 1769 2622 1827 terram,
2652 1760 2946 1817 confractis
2972 1763 3186 1818 ossibus
3213 1763 3393 1831 ambo,

2037 1850 2272 1921 Corruit,
2306 1862 2362 1907 et
2385 1852 2549 1908 Petro
2575 1853 2743 1908 cessit
2775 1853 3002 1908 victoria
3024 1853 3177 1908 belli.

2037 1942 2139 2010 Qui
2166 1960 2327 1999 cruce
2351 1942 2596 2000 confixus
2625 1945 2864 2016 gaudens
2887 1951 3159 1999 tormenta
3185 1943 3385 2011 luebat,

2036 2033 2266 2089 Horrida
2296 2035 2530 2091 crudelis
2556 2051 2814 2105 passurus
2835 2036 3061 2090 vulnera
3090 2036 3241 2091 ferri.

2036 2124 2206 2193 Quem
2235 2124 2396 2190 Deus,
2421 2126 2641 2181 aeternis
2668 2134 2917 2181 ornatum
2936 2128 3060 2197 jure
3090 2128 3404 2198 triumphis,

2036 2218 2257 2275 Arbiter
2282 2218 2626 2290 omnipotens
2650 2219 2717 2274 ad
2740 2218 2861 2274 coeli
2887 2218 3120 2274 culmina
3153 2221 3317 2275 vexit.

2748 2328 2924 2386 CLIV.

2502 2421 2690 2476 Sancti
2720 2420 2881 2476 Pauli
2906 2422 3146 2493 apostoli.

2041 2511 2265 2579 Saulus,
2296 2513 2387 2585 qui
2418 2522 2634 2570 sanctas
2662 2514 2949 2569 mulctavit
2978 2530 3200 2571 carcere
3228 2515 3433 2580 turbas,

2039 2604 2300 2659 Credulus
2322 2604 2571 2671 edicitur,
2605 2613 2813 2661 mutato
2839 2605 3057 2660 nomine
3082 2605 3284 2660 Paulus
3308 2624 3322 2659 :

2038 2694 2276 2750 Plurima
2307 2695 2586 2765 frugiferis
2614 2696 2935 2766 diSpergens
2963 2696 3167 2750 semina
3195 2696 3393 2761 verbis,

2039 2786 2116 2841 De
2143 2801 2250 2856 quo
2279 2801 2430 2841 saera
2456 2801 2611 2856 seges
2633 2786 2818 2840 mundi
2846 2786 3112 2840 succrevit
3138 2785 3191 2839 in
3215 2800 3366 2840 occa.

2040 2876 2209 2944 Quem
2243 2878 2382 2932 Deus
2412 2878 2634 2932 inﬁdum
2667 2877 2791 2932 coeli
2818 2877 3074 2932 clamavit
3098 2878 3165 2931 ab
3200 2893 3347 2942 arce,

2043 2966 2184 3031 Quid
2205 2983 2285 3020 me
2305 2967 2626 3038 persequeris
2649 2967 2784 3022 dura
2806 2982 2931 3022 cum
2957 2967 3104 3022 calce
3132 2966 3440 3039 refragans?

1961 3079 2008 3138 ο
2044 3060 2185 3131 Ergo
2216 3060 2360 3114 diem
2388 3076 2452 3115 ac
2476 3068 2688 3116 noctem
2720 3059 2873 3129 ponti
2903 3061 3004 3115 sub
3031 3061 3241 3130 gurgite
3271 3076 3475 3118 mersus

2040 3152 2231 3223 Magna
2259 3166 2615 3221 supernarum
2642 3150 2841 3206 meruit
2865 3150 3170 3219 spectacula
3205 3166 3404 3206 rerum.

2039 3242 2222 3297 Tertia
2252 3241 2514 3296 cmlorum
2544 3248 2728 3311 raptus
2754 3240 2969 3311 fastigia
2996 3240 3228 3304 scandit,

2037 3332 2215 3401 Atque
2248 3331 2353 3402 poli
2377 3346 2631 3400 proceres
2661 3330 2796 3385 vidit
2825 3344 2947 3384 cum
2974 3336 3153 3382 mente
3182 3328 3461 3399 maniplos.

2038 3423 2208 3492 Quem
2247 3437 2316 3495 py
2328 3422 2566 3477 tbonissa
2591 3436 2797 3492 procax
2823 3419 3076 3475 clamavit
3103 3434 3235 3474 voce
3254 3428 3518 3489 proterva,

2041 3514 2276 3585 Spiritus
2300 3512 2581 3579 abscessit,
2616 3511 2784 3567 Paulo
2806 3518 3068 3581 purgante
3094 3510 3350 3580 puellam,

2037 3604 2096 3659 In
2122 3618 2429 3673 vacuasque
2454 3603 2643 3674 procul
2673 3602 2885 3673 fugiens
2913 3603 3133 3657 evanuit
3155 3617 3337 3656 auras.

2039 3694 2280 3750 Eﬂ'ebum
2305 3709 2552 3765 puerum,
2580 3694 2900 3749 lustrantem
2933 3702 3138 3747 tartara
3164 3693 3358 3748 mortis

2042 3785 2297 3852 Suscitat,
2329 3786 2385 3841 in
2411 3785 2659 3857 proprias
2688 3786 2866 3839 anima
2894 3791 3214 3855 penetrante
3235 3782 3506 3837 medullas.

2039 3874 2227 3931 Nonne
2250 3891 2465 3946 magum
2493 3875 2690 3930 merito
2716 3874 2946 3944 geminis
2967 3872 3240 3927 fraudavit
3270 3872 3468 3937 ocellis,

2039 3966 2300 4024 Cerneret
2320 3977 2381 4022 ut
2402 3981 2676 4036 nunquam
2699 3964 3071 4035 splendentem
3095 3964 3297 4018 lumine
3320 3957 3605 4021 Pbmbumi

2041 4059 2301 4115 Cruribus
2326 4067 2488 4130 atque
2511 4058 2654 4114 suris
2685 4056 2937 4113 claudum
2966 4066 3234 4112 restaurat
3258 4064 3527 4127 aegrotum,

2041 4150 2210 4217 Quem
2238 4147 2453 4205 fortuna
2481 4149 2634 4219 prius
2661 4164 2851 4220 gressu
2876 4148 3113 4218 privavit
3135 4156 3404 4219 egentem.

2044 4239 2244 4309 Sicque
2272 4237 2488 4293 Patrem
2515 4237 2699 4308 populi
2731 4235 2748 4275 ί
2778 4253 2938 4307 quem
2965 4237 3134 4293 febris
3163 4237 3322 4291 torsit
3348 4233 3550 4296 anhela,

2041 4328 2301 4385 Torridus
2324 4337 2485 4398 atque
2510 4328 2678 4394 calor,
2709 4326 2939 4399 frigidus
2968 4329 2993 4367 ε
3019 4327 3265 4383 brumale
3287 4324 3560 4395 coquebat.

1960 4438 2014 4500 ι)
2037 4419 2149 4476 Nec
2175 4436 2283 4476 non
2309 4420 2517 4475 extales
2542 4419 2781 4474 multa...
2809 4434 2969 4489 pmna
2996 4418 3243 4490 pudenda
3267 4418 3317 4470 ιι.

2040 4512 2262 4567 Curavit
2286 4510 2468 4575 citius,
2499 4510 2727 4565 Demino
2759 4510 3045 4571 tribuente,
3082 4507 3369 4565 medelam.

2038 4602 2175 4656 Dum
2205 4607 2477 4655 sarmenta
2508 4599 2658 4668 prius
2685 4600 3009 4671 glomeraret
3034 4597 3230 4651 Paulus
3254 4598 3319 4651 ad
3349 4596 3543 4667 ignem,

2040 4694 2301 4751 Turribus
2327 4698 2388 4746 ut
2415 4690 2579 4760 pellat
2615 4690 2891 4746 brumosis
2919 4688 3110 4758 frigida
3138 4688 3325 4751 nimis,

2039 4787 2237 4856 Vipera
2263 4784 2379 4841 dira
2407 4799 2623 4838 manum
2651 4781 2834 4837 icthali
2864 4782 3021 4837 dente
3043 4780 3354 4843 momordit,

2041 4942 2321 4998 stoiorum.
2349 4940 2697 4997 Carnutum
2728 4938 2780 4992 in
2796 4953 2926 5012 _ms._
2958 4967 3031 5012 -_—
3053 4934 3169 4990 Non
3201 4933 3470 5012 assentior
3505 4932 3627 5012 viro

2042 5013 2176 5068 alias
2203 5013 2540 5075 doctissimo,
2571 5025 2695 5064 cum
2721 5009 2866 5063 nulla
2915 5008 3073 5077 hujus
3110 5006 3436 5077 conjectura:
3484 5006 3628 5077 ratio

2038 5093 2328 5153 appareat;
2356 5092 2415 5139 et
2439 5071 2682 5153 carmina
2714 5071 3003 5149 sequentia
3020 5078 3085 5153 de
3113 5071 3338 5153 reliquis
3364 5071 3630 5153 apostolis

2043 5142 2163 5223 qua:
2187 5142 2428 5224 ejusdem
2452 5150 2696 5224 profecto
2721 5142 2847 5204 sunt
2868 5148 3127 5211 auctoris,
3164 5142 3410 5202 ad'illum
3438 5142 3631 5198 locum

2042 5221 2314 5296 pertinere
2336 5221 2486 5296 haud
2510 5221 2813 5296 videantur.
2944 5288 2955 5296 _
3014 5287 3054 5296 __
3096 5288 3109 5296 _
3152 5294 3157 5296 _
3201 5285 3214 5296 _
3306 5283 3347 5296 ﬁ
3389 5291 3399 5296 Δ
3440 5283 3454 5296 ,

2119 5294 2286 5367 {Rite
2327 5292 2533 5367 libellis.
2566 5288 2986 5367 Duas_i_nt_clligit
3014 5283 3456 5367 EpistolasPnetri
3502 5294 3636 5367 ape-

2044 5364 2166 5418 stoii
2196 5365 2504 5428 canonicas,
2535 5377 2656 5432 qum
2698 5353 3213 5431 Christi'prazcepta
3251 5366 3310 5413 et
3331 5354 3457 5413 fidei
3494 5353 3635 5424 dog-

2043 5442 2187 5488 mata
2213 5434 2513 5488 continent.

2121 5503 2141 5543 ι
2184 5503 2337 5573 Leg.,
2369 5503 2565 5557 Publii.

2120 5575 2146 5613 ε
2184 5573 2367 5644 Forte,
2398 5573 2566 5644 frigus
2595 5583 2664 5628 et.

2119 5644 2143 5684 ιι
2186 5642 2361 5701 Locus
2386 5642 2691 5714 corruptus.
