3866 6170
402 374 507 430 767

404 490 559 545 llanc
576 485 746 543 aedem
769 480 983 538 Domini
1023 481 1088 533 de
1121 488 1334 532 summo
1364 476 1543 527 servat
1561 470 1807 539 Olympo,

408 582 581 650 Quem
610 575 763 647 plebs
790 572 973 629 Iudaea
994 583 1137 624 saevo
1163 565 1464 622 bacchante
1486 559 1723 615 tumultu

405 673 631 728 Pulsum
656 669 722 724 de
751 666 913 736 pinna
936 660 1155 716 fullonis
1182 657 1324 711 fuste
1360 650 1594 707 necavit.

410 764 563 832 Quod
586 760 860 817 Christum
890 753 1123 825 populis,
1161 748 1424 804 scandens
1448 743 1666 813 fastigia
1701 740 1906 809 templi,

412 856 835 913 Concionaretur
855 849 1045 905 crebro
1067 856 1316 899 sermone
1347 839 1619 894 sacerdos.

412 949 471 1004 In
500 944 651 1014 cujus
668 943 894 1015 genibus
919 937 1075 1008 pellis
1098 934 1297 990 callosa
1319 929 1575 994 refertur,

415 1041 553 1094 Dum
585 1036 791 1092 crebris
816 1031 1025 1087 vicibus
1046 1033 1229 1081 oraret
1250 1024 1387 1077 voce
1418 1020 1736 1079 Tonantem,

414 1128 709 1197 Poplitibus
732 1121 885 1176 ﬂexis
914 1117 1145 1173 tundens
1172 1114 1479 1185 pavimenta
1505 1108 1706 1165 sacelli.

413 1222 595 1274 Lanea
615 1215 789 1271 villosi
829 1211 1033 1281 sprevit
1051 1208 1318 1263 velamina
1342 1204 1511 1274 pepli,

416 1311 583 1365 Linea
608 1305 850 1363 brumosi
879 1316 1101 1359 sumens
1135 1297 1379 1353 mantilia
1403 1294 1605 1349 ﬂabris.

420 1403 513 1457 Sic
562 1413 780 1470 quoque
820 1394 1139 1466 ﬂagrantem
1187 1397 1541 1444 contemnens
1584 1396 1816 1453 corpore
1867 1395 1997 1434 nar-

1753 1471 1927 1543 [dum,

418 1580 780 1637 Thermarum
812 1574 1031 1645 penitus
1068 1570 1307 1641 neglexit
1330 1575 1550 1647 pectore
1583 1575 1859 1633 pompam,

419 1673 538 1728 Non
574 1672 750 1727 cirros
782 1666 996 1738 capitis,
1029 1664 1233 1719 ferrata
1261 1661 1488 1729 forcipe,
1520 1656 1774 1727 dempsit,

420 1765 583 1835 222
608 1762 718 1817 Nec
747 1759 920 1816 culter
944 1756 1121 1812 malas
1149 1753 1320 1808 vestis
1355 1749 1609 1819 lanugine
1635 1746 1767 1801 rasit
1795 1763 1808 1797 :

422 1856 588 1925 Cujus
609 1855 868 1908 virtutum
894 1855 1042 1903 tanta
1077 1844 1349 1915 praeconia
1375 1846 1646 1903 constant,

424 1948 496 2004 Ut
520 1945 755 2000 vindicta
778 1940 949 2004 necis,
981 1951 1144 2007 quam
1176 1935 1291 1990 dira
1317 1938 1493 1986 morte
1522 1929 1725 1989 luebat,

424 2039 681 2095 Interitus
703 2035 856 2090 ﬂeret
890 2030 1129 2102 Solyme,
1170 2026 1459 2098 populique
1496 2023 1652 2076 ruina
1676 2033 1723 2073 ιι.

428 2131 564 2187 Dum
590 2129 746 2184 Titus
770 2140 958 2190 caesar,
992 2126 1158 2178 densa
1187 2118 1479 2174 comitante
1505 2122 1746 2176 caterva,

431 2224 634 2281 Urbem
674 2216 943 2276 ferriferis
966 2214 1192 2269 vallaret
1219 2210 1457 2266 millibus
1481 2206 1738 2276 amplam,

426 2318 562 2373 Cum
588 2315 832 2385 genitore
852 2308 1035 2375 simul,
1071 2304 1332 2361 Romanis
1353 2301 1571 2356 arcibus
1592 2305 1714 2353 orto
1741 2315 1754 2351 :

428 2411 612 2463 Donec
634 2405 753 2460 dira
778 2402 949 2457 fames
979 2395 1315 2466 consumpsit
1339 2399 1521 2462 strage
1546 2398 1809 2452 catervas,

430 2497 694 2553 anihus
721 2494 1029 2550 obstructas
1047 2496 1104 2543 et
1132 2486 1272 2541 muri
1299 2497 1517 2538 carcere
1537 2487 1737 2548 septas.

431 2587 716 2655 Tempore,
756 2596 864 2651 quo
898 2587 1146 2634 tenerum
1181 2573 1440 2629 mactavit
1467 2570 1667 2625 femina
1694 2577 1882 2624 natum

430 2678 653 2745 Insuper
674 2670 964 2728 assandum
984 2667 1221 2722 verubus
1251 2662 1526 2716 transﬁxit
1563 2660 1740 2715 acutis
1769 2680 1782 2713 :

432 2768 605 2835 Quem
628 2771 838 2820 coctum
867 2761 1073 2815 laribus
1096 2755 1333 2811 crudelis
1366 2761 1539 2808 mater
1561 2752 1776 2817 edebat,

436 2857 695 2912 Humana:
719 2852 936 2924 penitus
959 2858 1166 2903 natum
1176 2845 1302 2915 jura
1326 2844 1635 2908 resolvens;

435 2947 702 3001 Horresco
728 2941 989 3003 referens,
1018 2936 1188 2993 Eﬂ‘cbi
1210 2935 1372 2991 funus
1401 2935 1678 2989 acerbum.

436 3039 529 3092 Sic
556 3036 792 3091 vindicta
820 3031 999 3088 crucis
1020 3026 1299 3083 mulctavit
1324 3024 1476 3081 clade
1502 3022 1766 3079 nefandos
1795 3041 1810 3076 :

439 3129 529 3183 Sic
553 3140 767 3197 quoque
788 3121 972 3177 Jacobi
995 3117 1278 3175 mulctavit
1304 3115 1485 3186 passio
1507 3121 1710 3169 sontes.

439 3217 706 3275 Undecies
735 3222 961 3270 centena
991 3209 1149 3265 simul
1183 3207 1443 3264 cecidisse
1465 3205 1718 3276 leguntur

439 3307 623 3371 Millia,
657 3319 753 3375 per
776 3303 1053 3364 miseram,
1076 3298 1413 3354 moribundis
1442 3296 1675 3361 civibus,
1704 3296 1890 3350 urbem
1918 3313 1928 3347 :

440 3401 662 3467 Insuper
682 3403 737 3450 et
760 3401 975 3449 centum
1000 3391 1305 3446 venduntur
1328 3388 1495 3442 millia
1514 3388 1737 3456 passim,

442 3488 589 3555 Quos
610 3485 814 3556 rigidus
844 3482 972 3537 ferri
995 3481 1269 3551 neglectus
1297 3492 1484 3532 mucro
1514 3476 1757 3545 reliquit,

445 3580 511 3634 Et
539 3576 698 3633 famis
718 3575 910 3645 exigua
936 3571 1216 3643 perierunt
1234 3569 1422 3624 funera
1452 3568 1609 3637 stipe.

1157 3660 1314 3716 CLX.

869 3753 1053 3809 Sancti
1084 3749 1317 3821 Philippi
1350 3747 1592 3819 apostoli.

446 3850 545 3905 llic
582 3860 796 3919 quoque
834 3848 1224 3902 commemorat
1268 3848 1565 3896 metrorum
1612 3854 1764 3895 coma
1816 3838 2026 3908 Philip-

1784 3929 1952 4004 [pum,

448 4032 619 4099 Quem
647 4031 770 4099 pius
793 4026 1004 4084 aethrali
1027 4023 1217 4080 ditavit
1237 4023 1412 4094 gratia
1438 4021 1717 4086 Christus;

449 4123 686 4177 Barbara
721 4119 812 4189 qui
836 4116 1020 4174 docuit
1047 4114 1309 4171 doctrinis
1338 4113 1553 4183 agmina
1582 4112 1771 4175 sacris,

448 4211 680 4267 Credere
698 4225 798 4280 per
818 4207 1095 4278 Scythiam
1111 4205 1408 4260 salvantem
1425 4204 1619 4259 szecula
1641 4202 1916 4257 Christum
1940 4219 1951 4253 :

449 4304 554 4372 Qui
580 4303 779 4359 dudum
803 4308 942 4369 tetra
974 4299 1260 4368 torpebant
1284 4297 1476 4352 mortis
1496 4297 1552 4351 in
1572 4297 1764 4351 umbra

450 4394 742 4451 Auctorem
769 4391 906 4446 lucis
932 4390 1217 4444 tenebroso
1246 4388 1410 4443 corde
1444 4393 1728 4457 negantes,

451 4487 627 4557 Atque
655 4489 919 4539 creatura:
940 4479 1264 4535 famulantes
1287 4477 1476 4532 ordine
1507 4493 1683 4532 verso.

453 4578 634 4633 Donec
660 4572 1010 4644 apostolicam
1033 4571 1330 4628 hauserunt
1367 4583 1498 4622 aure
1524 4568 1814 4637 loquelam,

452 4666 698 4737 Limpida
718 4661 963 4735 perpetui
993 4666 1279 4716 cernentes
1308 4658 1507 4713 lumina
1546 4656 1757 4711 Phoebi.

452 4758 656 4814 Omnes
681 4753 927 4810 certatim
955 4759 1274 4823 merguntur
1293 4748 1503 4820 gurgite
1529 4762 1707 4811 sacro,

456 4845 745 4917 Flagitium
769 4842 988 4899 sceleris
1015 4848 1306 4912 purgantes
1327 4839 1472 4894 fonte
1492 4838 1713 4892 lavacri.

460 4936 588 4991 Inde
616 4934 802 4990 Asiam
829 4939 1107 5002 properat,
1136 4930 1341 4993 sanctis
1370 4937 1687 4985 convertere
1714 4927 1892 4992 biblis,

459 5022 602 5079 Idola
630 5035 750 5091 qua:
771 5020 971 5074 dudum
995 5018 1214 5087 decepta
1243 5017 1430 5071 fraude
1450 5017 1679 5071 colebat.

466 5113 665 5172 Sedula
694 5112 725 5152 1³
752 5110 848 5167 sed
873 5108 1032 5166 citius
1061 5108 1248 5178 pandit
1273 5108 1569 5176 praecordia
1595 5106 1831 5169 Christo,

466 5205 757 5278 Splendida
783 5200 1032 5271 discipuli
1057 5199 1181 5255 dum
1205 5197 1366 5254 fantis
1394 5199 1558 5254 verba
1590 5200 1842 5268 capessit.

468 5298 577 5356 Sed
611 5297 739 5353 felix
772 5295 916 5352 Asiae
949 5291 1217 5349 convertit
1242 5291 1490 5362 dogmate
1514 5304 1761 5361 regnum,

466 5389 526 5445 In
548 5405 653 5461 qua
683 5394 806 5459 post
825 5385 1031 5442 obitum
1061 5380 1213 5438 fatali
1251 5389 1396 5437 sorte
1425 5381 1669 5451 quiescit,

1989 4088 2011 4115 Ι

450 5540 455 5543 ι
539 5577 564 5605 ει
593 5563 895 5631 Descriptio
936 5555 1634 5631 excidii__Jerosolymitani,
1687 5568 1849 5625 quam
1898 5556 2043 5624 legas

471 5635 613 5702 apud
639 5627 953 5698 Joscplium,
979 5631 1045 5683 dc
1069 5628 1216 5684 Bello
1243 5627 1482 5683 Iudaico.

548 5703 574 5739 δ
600 5700 709 5759 AL,
754 5698 984 5750 credula.

549 5780 570 5806 ε
613 5767 696 5821 ΑΙ.
731 5766 983 5832 miriﬁcis.

1258 360 1321 415 B.
1363 358 1423 413 F.
1461 355 1687 412 ALBINI
1726 354 1859 411 SEU
1900 348 2177 408 ALCUINI
2217 341 2504 405 OPERUM
2542 337 2722 395 PARS
2761 334 2849 390 VI.

1942 460 1947 467 ’
2004 463 2054 523 A
2078 460 2242 529 Cujus
2270 458 2374 513 hoc
2400 452 2657 523 templum
2690 452 2899 505 sacrata
2926 441 3162 497 tuebitur
3189 452 3283 492 ara
3310 435 3459 509 [At.,.
3500 434 3671 506 arca].

2058 4506 2108 4565 υ

3567 322 3677 379 768

2793 554 2971 612 CLX].

2447 673 2632 729 Sancti
2668 666 3043 725 Bartholomazi
3071 659 3315 732 apostoli.

2093 790 2291 846 Ultima
2326 795 2592 841 terrarum
2615 780 2937 852 prmpollens
2963 774 3121 831 'India
3151 778 3389 835 constat,

2092 881 2266 947 Quam
2285 879 2340 933 in
2369 883 2482 931 tres
2509 881 2690 947 partes
2715 872 2979 926 librorum
3007 866 3209 936 scripta
3234 866 3619 933 sequestram,

2093 967 2238 1022 Idola
2274 980 2395 1035 quae
2421 964 2584 1020 coluit
2613 962 2837 1034 paganis
2860 958 3039 1015 dedita
3066 955 3257 1011 sacris.

2096 1061 2203 1115 Sed
2229 1057 2641 1113 Bartholomeus
2667 1052 2934 1111 destruxit
2952 1048 3129 1103 lurida
3165 1045 3309 1110 fana,

2097 1151 2314 1223 Eﬂigies
2338 1158 2584 1204 veterum
2623 1144 2972 1214 confringens
2992 1142 3117 1211 jure
3142 1138 3394 1201 deorum,

2096 1243 2307 1297 Hebrea
2329 1256 2491 1311 quem
2517 1239 2717 1294 clamat
2743 1233 3045 1306 peregrinis
3064 1231 3244 1301 lingua
3265 1226 3516 1298 loquelis.

2098 1332 2284 1388 Proles
2312 1329 2690 1400 suspendentis
2715 1341 2883 1397 aquas
2904 1325 2961 1378 in
2983 1322 3220 1376 nubibus
3245 1319 3402 1382 atris,

2100 1424 2331 1478 Humida
2359 1420 2621 1475 nimbosis
2640 1418 2763 1473 dum
2788 1415 2994 1472 stillant
3021 1415 3225 1467 aethera
3252 1407 3440 1479 guttis,

2103 1517 2245 1585 Quot
2294 1512 2505 1587 [quem]
2559 1512 2734 1580 signat
2784 1521 3091 1580 procerum
3115 1501 3354 1559 caelestis
3398 1498 3539 1660 (gina
3562 1511 3681 1568 pro-

3458 1586 3587 1641 undi

3458 1586 3587 1641 'undi

2107 1698 2177 1753 Ut
2200 1695 2472 1766 quondam
2501 1692 2696 1748 cecinit
2718 1689 3057 1745 Psalmorum
3083 1682 3325 1739 carmine
3346 1692 3537 1735 vates:

2040 1808 2082 1865 Β
2108 1793 2247 1847 Ecce
2268 1791 2412 1845 latex
2442 1796 2592 1844 rorat
2614 1784 2914 1841 tenebrosis
2945 1779 3180 1834 nubibus
3203 1776 3368 1831 aeris.

2108 1883 2239 1938 Post
2266 1884 2384 1937 haec
2404 1878 2652 1951 martyrii
2680 1882 2955 1931 mercatur
2980 1878 3127 1927 serta
3149 1876 3373 1925 cruenta

2111 1975 2177 2028 Et
2203 1975 2449 2044 sequitur
2474 1970 2761 2027 Dominum
2806 1966 2983 2037 pictus
3009 1978 3133 2019 cum
3174 1959 3307 2031 [Αι.,
3340 1957 3418 2031 in]
3447 1958 3681 2028 stigmate

3423 2052 3616 2108 Christi

2112 2158 2278 2228 Cujus
2299 2157 2403 2212 hoc
2429 2154 2688 2226 templum
2716 2152 3022 2208 veneranda
3047 2147 3289 2203 tuebitur
3316 2160 3439 2200 ara.

2838 2267 3000 2323 LXII.

2797 2268 3000 2324 CLXII.

2342 2362 2527 2419 Sancti
2556 2360 2797 2417 Hattluei
2822 2356 3048 2430 apostoli
3062 2365 3111 2411 et
3135 2355 3485 2426 evangelista.

2116 2479 2380 2534 Mattheus
2401 2477 2677 2549 egregium
2707 2472 3020 2529 describens
3051 2472 3242 2541 dogma
3269 2469 3478 2532 salutis,

2117 2568 2323 2623 Hebrea
2354 2582 2451 2638 per
2477 2565 2729 2635 simplum
2759 2564 2985 2633 digessit
3013 2561 3157 2617 dicta
3179 2560 3444 2622 libellum,

2116 2657 2353 2711 Plurima
2379 2654 2672 2711 sanctificis
2697 2664 2720 2692 ε
2753 2667 2985 2710 narrans
3006 2651 3267 2707 miracula
3295 2650 3489 2713 saeclis,

2119 2741 2250 2808 Quae
2295 2740 2455 2795 modo
2500 2754 2598 2809 per
2645 2738 2905 2793 mundum
2936 2736 3215 2807 divulgant
3258 2735 3462 2804 scripta
3497 2733 3687 2801 triqua—

3429 2825 3618 2897 [dt-um.

2028 2966 2032 2971 .
2120 2925 2288 2992 Quem
2315 2921 2478 2978 Fison
2501 2920 2714 2986 ﬂuvius,
2746 2920 2984 2991 paradisi
3010 2919 3157 2974 fonte
3179 2917 3504 2982 redundans,

2121 3015 2348 3084 Tropica
2370 3013 2641 3084 portendit
2661 3012 2904 3082 pandens
2929 3012 3188 3080 mysteria
3218 3025 3420 3067 rerum.

2121 3105 2308 3161 Fontis
2328 3105 2573 3175 designat
2595 3104 2842 3159 Salvator
2851 3104 2974 3174 jure
2987 3102 3237 3173 figuram,

2071 3198 2084 3211 '
2123 3198 2199 3251 De
2228 3212 2337 3266 quo
2359 3194 2676 3265 quadriﬂuis
2704 3195 3001 3252 decurrunt
3036 3193 3255 3248 ﬂumina
3286 3194 3436 3249 rivis.

2121 3287 2386 3354 Quattuor
2413 3293 2475 3340 ut
2502 3288 2796 3356 quondam,
2825 3287 3094 3341 nascentis
3119 3286 3329 3357 origine
3355 3285 3518 3350 saecli,

2122 3379 2365 3450 Limpida
2384 3378 2667 3449 perlatum
2696 3376 2964 3433 ﬂuxerunt
2992 3376 3212 3432 ﬂumina
3242 3378 3535 3441 mundum;

2123 3473 2240 3540 Quo
2271 3468 2465 3527 rubros
2486 3469 2670 3536 ﬂores,
2696 3479 2752 3526 et
2777 3479 2932 3541 prata
2952 3470 3183 3525 virentia
3206 3471 3399 3541 glebis.

2130 3566 2451 3635 Gurgitibus
2477 3565 2647 3634 puris,
2690 3570 2745 3619 et
2765 3565 2957 3635 glauco
2978 3578 3103 3618 rore
3128 3563 3382 3633 rigabant
3413 3577 3429 3615 :

2126 3657 2218 3711 Sic
2245 3655 2489 3711 doctrina
2514 3655 2611 3710 Dei
2633 3653 2806 3719 ﬂuxit,
2836 3654 2905 3709 de
2934 3653 3083 3710 fonte
3112 3661 3399 3722 quaterno,

2124 3748 2287 3804 Arida
2314 3749 2510 3803 divinis
2533 3749 2775 3802 irrorans
2803 3746 2968 3801 corda
2999 3745 3286 3801 scatebris.

2126 3840 2276 3897 lianc
2305 3841 2534 3910 scriptor
2550 3854 2713 3895 verax
2743 3838 3012 3909 expressit
3045 3837 3311 3892 Mattheus
3330 3837 3476 3901 olim,

2127 3932 2404 4001 Quemque
2430 3932 2692 4001 propheta
2723 3929 2841 3994 Dei,
2878 3944 3034 3984 sacro
3072 3929 3365 3998 spiramine
3386 3927 3583 3999 plenus,

2128 4023 2370 4078 Humana
2394 4024 2574 4094 specie
2590 4022 2727 4077 vidit
2744 4023 3010 4092 signarier
3026 4022 3156 4077 olim
3175 4039 3190 4088 ;

2128 4113 2278 4182 Quod
2306 4114 2505 4168 Christi
2527 4120 2728 4183 patres,
2756 4120 2811 4167 et
2832 4128 2962 4168 avos
2988 4119 3300 4167 numeraret
3327 4125 3537 4166 avorum
3556 4149 3570 4173 ,

2128 4204 2171 4259 E
2192 4204 2345 4273 queis
2367 4202 2615 4258 Salvator
2652 4208 2837 4256 noster
2861 4200 3128 4256 cunabula
3154 4199 3296 4255 sacri

2130 4296 2467 4365 Sumpserat,
2491 4294 2548 4349 in
2579 4293 2779 4349 mundo
2799 4299 3014 4347 sacrata
3034 4291 3060 4330 ἀ
3087 4290 3298 4361 piacula
3323 4290 3593 4346 demens.

2811 4402 3034 4459 CLXIII.

2572 4496 2759 4552 Sancti
2781 4494 3011 4551 Simonis
3043 4492 3287 4565 apostoli.

2131 4614 2318 4669 Simon
2345 4611 2578 4676 Zelotes,
2610 4626 2710 4665 nec
2731 4627 2838 4665 non
2857 4608 3144 4665 Cananeus
3177 4606 3341 4671 idem,

2128 4704 2276 4759 Inter
2303 4701 2623 4774 apostolicos
2651 4699 2798 4755 Petri
2824 4700 3145 4771 cognomine
3171 4696 3388 4752 functus
3413 4694 3459 4761 ί,

2132 4796 2317 4852 Cmtus
2344 4794 2435 4865 qui
2459 4792 2641 4848 docuit
2661 4792 2888 4863 gentiles
2916 4791 3109 4860 dogma
3132 4802 3446 4859 supernum,

2134 4888 2208 4945 Ut
2239 4887 2439 4942 celsum
2468 4892 2712 4954 peterent
2736 4881 2941 4937 caelesti
2970 4881 3189 4935 tramite
3219 4891 3465 4950 regnum.

2135 4975 2299 5046 Cujus
2324 4977 2376 5031 in
2403 4976 2508 5030 hac
2531 4973 2650 5029 aula
2681 4988 2835 5028 sacra
2862 4971 3170 5027 servabitur
3197 4985 3313 5033 ara,

2135 5067 2267 5122 Cum
2293 5066 2448 5135 polus
2472 5072 2526 5120 et
2558 5064 2729 5127 tellus,
2769 5079 2833 5118 ac
2851 5062 3005 5132 ponti
3045 5060 3232 5116 ﬂustra
3260 5058 3528 5120 fatiscant,

2136 5158 2319 5212 Donec
2347 5156 2611 5225 supremis
2639 5153 2935 5209 scintillcnt
2971 5152 3130 5207 saecla
3155 5150 3371 5215 favillis,

2138 5248 2205 5303 Et
2230 5246 2412 5302 mundi
2448 5244 2635 5311 moles,
2664 5251 2894 5307 montes,
2918 5242 3189 5311 collesque
3215 5239 3533 5308 liquescant,

2138 5337 2315 5407 Atque
2341 5341 2625 5398 creaturae,
2658 5347 2905 5387 cerarum
2936 5330 3113 5384 ﬂuxus
3134 5329 3201 5384 ad
3234 5329 3425 5393 instar,

2143 5424 2387 5480 Machina
2423 5421 2759 5486 succumbat,
2789 5418 3005 5473 ﬂamma
3031 5417 3356 5487 crepitante,
3386 5430 3484 5486 per
3504 5412 3689 5470 orbem-

2216 5529 2243 5596 έι
2281 5555 2389 5619 AI.,
2426 5554 2696 5609 scelerata.

2221 5638 2243 5664 ε
2277 5626 2414 5679 Edit.
2429 5666 2442 5689 ,
2465 5625 2702 5678 clemens.

2224 5695 2243 5733 ί
2279 5695 2387 5761 AI.,
2420 5696 2601 5763 frctus.
