3866 6170
200 290 321 349 769

900 403 1123 461 CLXIV.

540 494 724 553 Sancti
750 494 782 549 J
792 496 910 550 uda:
945 494 1197 553 Tltaddcei
1227 501 1471 569 apostoli.

204 593 512 665 Supremas
540 604 827 645 numerum
853 590 1175 645 conclaudat
1203 592 1453 647 Taddeus
1478 593 1671 657 almus,

203 683 307 740 Cui
351 694 654 754 cognomen
715 686 834 734 erat
880 680 1201 749 prteclarum
1246 680 1463 737 Biblcus
1510 681 1789 754 [Libbcus]

1541 771 1719 843 [alia],

202 864 379 933 Quem
412 862 632 919 duxisse
674 859 856 918 ferunt
881 874 928 926 ο,
957 860 1161 917 Christi
1210 877 1332 918 cum
1364 874 1666 935 grammate
1694 880 1793 920 sa:—

1490 954 1654 1026 [clum
1692 956 1719 995 ιι

200 1047 477 1119 Abagaro,
504 1046 777 1118 quondam
805 1044 897 1115 qui
922 1047 1072 1116 regni
1112 1053 1323 1116 sceptra
1343 1046 1565 1116 regebat
1590 1063 1601 1099 :

204 1139 500 1209 Postquam
533 1145 830 1191 tartareum
858 1135 1135 1190 damnavit
1154 1145 1330 1190 morte
1360 1143 1679 1206 tyrannum,

202 1230 273 1287 Et
300 1231 457 1286 tetris
483 1230 632 1286 erebi
662 1228 901 1300 gaudens
930 1230 1153 1283 emersit
1180 1229 1249 1284 ab
1270 1231 1463 1294 antris,

204 1323 344 1380 Exin
366 1321 640 1377 sidereum
655 1318 904 1374 Christus
932 1319 1176 1374 ascendit
1215 1318 1519 1391 Olympum.

201 1414 415 1469 Dicitur
438 1413 530 1468 hic
550 1413 714 1467 etiam
741 1412 959 1483 vulgato
987 1412 1205 1467 nomine
1234 1411 1423 1478 Judas,

202 1500 369 1570 Cujus
388 1500 639 1572 praesenti
660 1499 850 1554 laudes
883 1499 1230 1555 celebrantur
1254 1501 1306 1555 in
1334 1501 1454 1556 aula
1489 1522 1500 1554 :

202 1591 308 1659 Qui
347 1591 503 1646 nobis
528 1590 713 1645 binum
746 1590 978 1645 facundo
1000 1590 1200 1646 famine
1229 1592 1435 1648 biblum
1463 1604 1486 1632 ο

200 1680 410 1746 Edidit,
438 1682 690 1751 antiquas
726 1681 1073 1753 promulgatis
1098 1698 1192 1737 ore
1222 1682 1484 1752 loquelas,

200 1773 364 1843 323
388 1771 533 1840 Quas
555 1772 738 1827 Enoch
765 1773 944 1843 prisco
964 1770 1250 1843 descripsit
1272 1782 1513 1844 tempore
1542 1787 1711 1838 vates,

197 1865 346 1917 Ante
372 1880 537 1933 rapax
560 1864 818 1918 mundum
845 1880 1007 1935 quam
1029 1873 1227 1935 pontus
1251 1864 1510 1935 plecteret
1534 1865 1714 1933 undis,

196 1956 402 2011 Dicens
430 1974 443 2010 :
468 1956 606 2010 Ecce
632 1956 780 2010 venit
803 1956 1065 2012 Dominus
1096 1972 1222 2012 cum
1245 1957 1480 2013 millibus
1506 1959 1680 2025 almis,

197 2045 413 2100 Ponere
427 2044 684 2115 judicium
712 2047 922 2101 cunctis
946 2047 1315 2101 habitantibus
1344 2047 1549 2115 orbem,

199 2137 350 2206 Quos
377 2138 547 2194 nubes
574 2138 807 2209 appellat
835 2154 975 2208 aqua
1001 2138 1239 2195 stillante
1260 2148 1531 2205 carentes,

199 2230 417 2303 Frigida
455 2246 590 2301 quas
623 2231 826 2301 rapidis
867 2231 1181 2302 dispergunt
1213 2228 1431 2283 ﬂamina
1460 2230 1676 2285 ventis:

200 2320 313 2376 Nec
340 2336 447 2376 non
474 2320 755 2375 arboribus
783 2320 950 2375 sterili
980 2320 1047 2374 de
1075 2319 1258 2389 stipite
1292 2320 1434 2375 natis

199 2410 510 2481 Comparat,
536 2411 777 2465 autumni
800 2425 919 2480 quae
941 2409 1170 2464 fructum
1198 2417 1441 2479 tempore
1466 2410 1717 2480 perdunt.

200 2502 293 2560 Sic
310 2518 527 2575 quoque
548 2502 855 2573 spumiferis
876 2503 1143 2557 undarum
1170 2501 1416 2557 ﬂuctibus
1442 2510 1638 2573 aequat,

198 2595 517 2651 Errabunda
546 2610 747 2650 vocans
772 2594 1031 2649 malorum
1063 2594 1240 2649 sidera
1273 2600 1477 2658 sontes,

199 2687 363 2755 Queis
391 2696 607 2743 servata
632 2696 804 2743 restat
827 2688 1129 2743 tenebrosis
1151 2702 1314 2757 paena
1338 2686 1605 2757 procellis.

200 2778 404 2848 Nempe
430 2776 573 2833 feras
600 2788 807 2848 gentes,
835 2786 890 2832 et
913 2778 1064 2848 ponti
1095 2777 1326 2831 barbara
1348 2793 1535 2848 regna,

197 2870 365 2926 Judas
400 2870 469 2924 ad
499 2870 784 2924 Dominum
810 2868 1069 2924 doctrinis
1098 2867 1323 2923 ﬂexerat
1350 2868 1535 2933 almis;

197 2960 363 3032 Cujus
388 2963 444 3016 in
469 2960 723 3016 Armenia
751 2962 983 3032 sepitum
1012 2969 1187 3014 morte
1215 2960 1468 3026 cadaver,

199 3053 653 3108 Exsurrecturum
689 3050 836 3107 fatali
874 3051 1001 3118 ﬁne,
1043 3051 1306 3122 quiescit:

200 3145 306 3203 Sed
336 3155 520 3201 tamen
542 3146 803 3200 :ethereas
825 3145 1076 3200 lustravit
1101 3144 1322 3214 spiritus
1347 3159 1521 3199 arces.

876 3234 1076 3290 CLXV.

200 3324 379 3382 Poeta
413 3326 584 3381 oratio
613 3326 683 3380 ad
719 3324 992 3379 duodecim
1027 3324 1288 3396 apostolos
1325 3341 1485 3395 supra
1518 3324 1780 3380 laudatos.

197 3414 318 3473 lam
342 3418 429 3473 bis
450 3432 581 3473 sena
607 3417 768 3473 simul
790 3417 987 3488 digessi
1012 3417 1229 3473 nomina
1254 3418 1495 3483 Patrum,

201 3508 245 3565 Ε
268 3508 466 3579 quibus
484 3507 796 3564 Altitbrono
819 3523 1113 3564 conversus
1140 3509 1369 3564 credidit
1397 3510 1560 3564 orbis.

203 3600 312 3657 IIos
335 3600 586 3672 precibus
612 3615 779 3655 verna
807 3598 834 3639 τι
862 3600 1088 3665 crebris,
1122 3609 1178 3657 et
1206 3608 1425 3671 pectore
1450 3601 1617 3665 fulvo,

204 3690 275 3748 Ut
295 3692 429 3747 mihi
451 3691 746 3747 clementer
772 3705 1035 3744 noxarum
1065 3690 1305 3759 pondera
1338 3690 1549 3755 laxent;

203 3781 270 3837 Et
294 3782 508 3836 veniam
532 3781 723 3836 dantes
751 3781 1039 3835 commissa
1068 3779 1278 3849 piacula
1307 3779 1519 3834 solvant
1547 3794 1563 3834 :

203 3871 481 3939 Quatenus
508 3871 563 3925 in
592 3871 835 3940 requiem
863 3869 1045 3924 divina
1069 3870 1240 3940 gratia
1274 3879 1298 3908 ο
1323 3868 1514 3935 fretus,

205 3961 435 4019 Ultimus
454 3960 747 4034 ingrediar,
770 3961 987 4017 Christo
1007 3970 1301 4032 pugnante,
1329 3975 1427 4030 per
1449 3962 1639 4014 aethra.

875 4071 1098 4130 CLXVI.

632 4165 812 4222 Sancti
846 4163 1081 4219 Matthia:
1110 4163 1351 4235 apostoli.

201 4257 319 4314 Hoc
345 4274 501 4314 sacer
525 4258 779 4314 observat
810 4256 1077 4311 dilubrum
1107 4254 1360 4309 Matthias
1389 4253 1607 4321 almum,

204 4346 360 4402 Unus
393 4346 485 4417 qui
517 4346 688 4401 fertur
726 4347 792 4401 de
818 4344 1157 4415 septuaginta
1193 4341 1359 4397 fuisse

202 4436 491 4507 Discipulis
515 4435 746 4502 Domini,
776 4436 868 4506 qui
898 4450 1111 4490 sacrum
1139 4436 1332 4507 dogma
1358 4435 1639 4492 docebant.

199 4525 376 4595 Quem
396 4527 538 4581 Deus
562 4526 789 4580 electum
815 4526 1049 4597 signavit
1076 4535 1221 4581 sorte
1247 4543 1501 4597 superna,

202 4615 341 4671 Dum
363 4614 534 4670 Judas
563 4614 831 4679 Scarioth,
864 4615 1085 4684 stropha
1114 4615 1369 4685 deceptus
1399 4618 1606 4688 iniqua,

202 4708 433 4764 Culmen
464 4705 744 4775 apostolici
773 4704 976 4759 celsum
1006 4705 1267 4775 perdebat
1290 4707 1533 4773 honoris,

201 4800 382 4869 Atque
413 4798 576 4852 ﬁbras
603 4796 771 4851 olidas
800 4804 938 4850 tetro
967 4811 1090 4850 cum
1111 4797 1318 4852 viscere
1348 4796 1538 4863 fundit,

203 4893 337 4947 Cum
364 4892 574 4961 crepuit
602 4891 808 4946 medius
836 4889 1031 4959 laqueo
1059 4906 1353 4961 suspensus
1378 4891 1447 4946 ab
1477 4893 1583 4947 alto
1608 4911 1622 4959 ;

274 5019 301 5044 ι
335 5004 504 5069 Quem
558 5002 769 5057 duxisse
803 5002 998 5073 ferunt.
1037 5000 1229 5057 Judam
1287 5002 1635 5069 Thaddmum,
1667 5015 1790 5073 post

203 5075 407 5130 Christi
431 5074 824 5143 ascensionem,
846 5072 1104 5127 Edessam
1142 5073 1217 5143 ad
1257 5087 1438 5142 regem
1479 5072 1783 5143 Abagarum

206 5146 436 5199 missum
458 5142 645 5208 fuisse,
678 5151 900 5213 sanctus
920 5157 1140 5213 quoque
1178 5142 1535 5211 Hieronymus
1556 5142 1789 5199 credidit

207 5213 287 5283 (In
310 5214 503 5270 Matth.
536 5228 656 5283 cap.
684 5230 742 5277 χ,
770 5213 847 5281 4).
872 5212 979 5266 Alii
1002 5212 1132 5267 vero
1162 5213 1456 5282 scriptores
1478 5214 1792 5268 existimant

207 5294 462 5354 sanctum
521 5284 912 5354 Hieronymum
966 5283 1610 5354 nonubeneydistinxisse
1647 5284 1789 5339 inter

209 5352 548 5436 Thaddaeum
600 5351 902 5436 apostolum
919 5361 1012 5436 “et
1058 5351 1582 5436 alium‘j‘haddz‘eum
1622 5371 1789 5436 unum

208 5440 275 5479 ex
299 5424 372 5479 70
404 5421 701 5495 discipulis,
730 5438 891 5495 quem
918 5422 1400 5495 Eusebius_I_Iislor.
1426 5421 1633 5495 Eccles.
1666 5425 1786 5477 liltr.

211 5510 253 5557 ι,
283 5511 334 5550 c.
368 5495 465 5559 l5;
495 5492 618 5549 libr.
646 5509 708 5557 ιι,
738 5511 787 5548 c.
821 5493 868 5553 I,
894 5509 923 5546 a
954 5500 1142 5548 sancto
1169 5492 1372 5546 Thema
1399 5494 1642 5561 apostolo
1662 5495 1792 5548 mis-

211 5578 356 5630 sum,
385 5566 547 5635 paulo
565 5573 686 5634 post
711 5563 1083 5635 ascensionem
1113 5562 1390 5635 Christiin
1432 5562 1647 5627 caelum,
1686 5580 1792 5635 jo-

215 5635 359 5690 nisse
388 5632 663 5690 Edessam
702 5642 964 5688 memorat
1000 5634 1069 5687 ad
1095 5647 1275 5702 regem
1300 5632 1627 5702 Abagarum.
1682 5633 1792 5688 'I‘il-

217 5702 437 5764 lemont.
466 5706 502 5761 Ι.
530 5708 648 5774 eit.,
675 5714 787 5760 not.
819 5704 850 5757 5
878 5719 970 5760 sur
993 5704 1132 5758 saint
1158 5702 1409 5758 Thomas.
1435 5719 1559 5777 pag.
1591 5704 1713 5759 615.

1208 291 1538 349 CARMINA.
1580 326 1650 335 --
1687 296 2208 355 INSCRIPTIONES
2248 298 2502 356 ΥΑΒΙᾸΞ.

3379 306 3483 361 770

1823 420 1871 475 Α
1900 412 2000 479 Qui
2040 412 2326 467 Dominum
2348 412 2503 478 lucis,
2535 412 2888 469 redimentem
2913 418 3175 488 sanguine
3209 421 3373 486 secla,

1898 500 2167 567 Vendidit,
2197 510 2258 555 ut
2282 502 2509 571 cupidus
2536 502 2739 557 fulvum
2768 507 3034 561 numisma
3066 519 3335 579 capessat.

1896 589 2149 645 Matthias
2176 591 2395 656 idcirco,
2426 600 2609 661 spreto
2633 592 2842 648 latrone
2865 594 3102 651 nefando

1894 676 1953 731 In
1977 678 2207 733 Domino
2230 678 2402 734 fretus
2432 697 2715 736 numerum
2745 685 3011 754 supplevit
3034 688 3304 755 eumdem,

1891 766 2122 825 Junctus
2149 769 2458 839 apostolicis
2481 780 2724 841 gratatur
2742 773 2864 842 jure
2889 778 3193 848 triumphis.

2565 860 2812 918 CLXVII.

2376 954 2454 1008 Ad
2487 964 2724 1009 sanctam
2767 974 2993 1012 crucem.

1896 1035 2160 1092 Vexillum
2184 1041 2412 1097 sublime
2436 1045 2611 1099 crucis
2637 1060 2896 1100 venerare
2929 1048 3125 1115 ﬁdelis,

1965 1129 2082 1197 Qua
2112 1132 2283 1200 quise
2310 1135 2503 1201 munit,
2533 1138 2707 1191 tristia
2733 1154 2842 1193 non
2878 1142 3089 1207 metuit,

1892 1218 2037 1274 Crux
2056 1220 2342 1277 benedicta
2368 1224 2523 1289 nitet,
2554 1226 2811 1283 Dominus
2844 1244 2951 1298 qua
2976 1245 3140 1286 carne
3165 1236 3436 1304 pependit,

1960 1309 2134 1379 Atque
2154 1328 2253 1367 suo
2278 1312 2473 1367 clausit
2493 1312 2682 1371 funere
2707 1319 2904 1373 mentis
2929 1317 3047 1391 [F.,
3077 1324 3289 1397 mortis]
3318 1326 3439 1381 iter.

1892 1400 1991 1454 Hic
2015 1409 2204 1457 auctor
2231 1404 2355 1458 vita:
2378 1412 2608 1460 mortem
2636 1407 2916 1464 moriendo
2943 1414 3189 1480 peremit,

1965 1486 2286 1545 Vulneribus
2311 1506 2514 1547 sanans
2541 1493 2765 1549 vulnera
2793 1504 2978 1550 nostra
3004 1499 3135 1553 suis.

2545 1582 2817 1638 CLXVIII.

2059 1671 2141 1724 Ad
2184 1672 2433 1743 templum
2465 1675 2635 1727 sancti
2674 1673 2950 1728 Michaelis
2987 1678 3308 1749 archangeli.

1818 1758 1863 1816 Β
1889 1760 2028 1813 Ante
2058 1763 2313 1817 thronum
2337 1765 2525 1818 mterni
2554 1764 2681 1819 felix
2708 1767 2799 1834 qui
2830 1767 2971 1837 regis
2996 1768 3048 1822 in
3073 1784 3269 1836 :evum,

1961 1850 2186 1907 Michael
2217 1863 2428 1907 summa
2452 1854 2505 1908 in
2536 1870 2663 1910 arce
2686 1856 2936 1911 minister
2967 1857 3132 1924 ades;

1888 1938 2237 2012 Aligerosque
2257 1943 2398 1997 inter
2421 1946 2597 1998 socios
2619 1960 2717 2015 per
2739 1946 2883 2000 secla
2921 1950 3191 2004 manentis

1958 2032 2220 2100 Luminis,
2250 2043 2307 2088 et
2331 2036 2481 2104 pacis
2506 2036 2677 2105 "regna
2701 2037 2860 2091 beata
2886 2039 3037 2093 canis
3070 2058 3082 2092 :

1885 2119 2132 2194 Protege,
2157 2141 2321 2194 quam
2350 2126 2509 2180 terris
2535 2126 2629 2180 tibi
2650 2127 2772 2196 jure
2801 2128 3098 2184 dicavimus
3127 2130 3327 2197 aulam,

1956 2214 2218 2284 Optantes
2250 2216 2501 2285 precibus
2533 2219 2797 2272 scandere
2826 2219 2894 2273 ad
2924 2229 3070 2274 astra
3103 2222 3230 2278 tuis.

1886 2303 2153 2375 Igneaque
2181 2305 2362 2361 infesti
2390 2317 2622 2362 noceant
2649 2322 2716 2362 ne
2744 2309 2844 2361 tela
2876 2310 3149 2376 draconis,

1956 2395 2277 2450 Continuam
2310 2396 2539 2452 inﬁrmis
2572 2398 2749 2468 pande
2779 2399 3042 2470 benignus
3075 2417 3253 2472 opem.

1886 2485 2162 2553 Quatenus
2187 2486 2402 2556 expleto
2426 2487 2551 2541 belli
2580 2491 2863 2558 praesentis
2890 2506 3081 2562 agone,

1958 2575 2037 2631 Ad
2060 2575 2297 2645 palmam
2322 2576 2445 2631 vitze
2473 2593 2571 2632 nos
2599 2588 2689 2633 tua
2716 2580 2908 2635 dextra
2934 2582 3091 2637 levet.

2573 2670 2777 2726 CLXIX
2788 2711 2803 2725 .

2196 2761 2271 2815 De
2306 2764 2500 2816 catenis
2534 2765 2703 2817 sancti
2740 2764 2888 2818 Petri
2928 2769 3173 2837 apostoli.

1887 2850 1982 2906 llis
2009 2851 2238 2905 solidata
2260 2851 2412 2917 ﬁdes,
2443 2852 2526 2906 his
2552 2862 2638 2907 est
2663 2853 2779 2918 tibi,
2812 2853 3001 2922 Roma,
3027 2859 3257 2921 catenis,

1887 2940 2165 3012 Simplicio
2191 2958 2337 2997 nunc
2364 2942 2479 3011 ipse
2512 2942 2661 2997 dedit
2684 2960 2839 2999 sacra
2864 2946 2985 3015 jure
3015 2954 3217 3001 tenere.

1885 3031 2081 3087 Libera
2105 3046 2320 3102 semper
2343 3032 2451 3087 eris
2480 3051 2492 3086 :
2517 3034 2644 3103 quid
2667 3036 2808 3090 enim
2830 3052 2937 3091 non
2961 3038 3171 3091 vincula
3194 3047 3471 3108 praestent,

1811 3103 1858 3164 Ο
1888 3121 2019 3190 Quae
2047 3123 2243 3193 tetigit,
2269 3123 2361 3193 qui
2385 3131 2578 3178 cuncta
2601 3133 2779 3193 potest
2807 3127 3127 3181 absolvere?
3157 3103 3311 3197 cujus

1885 3211 2012 3267 Hac
2039 3212 2238 3267 invicta
2267 3228 2479 3276 manus,
2507 3212 2593 3268 vel
2617 3215 2888 3286 relligiosa
2914 3218 3190 3287 triumpho

1885 3304 2081 3359 Maenia
2106 3319 2214 3358 non
2242 3304 2351 3359 ullo
2379 3296 2592 3374 penitus
2620 3308 2935 3376 quatientur
2961 3309 3031 3363 ab
3058 3310 3231 3365 hoste.

1884 3390 2098 3449 Claudit
2129 3394 2232 3449 iter
2252 3394 2426 3463 bellis,
2455 3396 2550 3466 qui
2575 3406 2785 3467 portam
2805 3400 2996 3469 pandit
3025 3402 3080 3455 in
3111 3401 3294 3457 astris.

2569 3486 2776 3546 CLXX.

2169 3577 2351 3633 Sancti
2401 3576 2560 3633 Pauli
2605 3581 2830 3651 apostoli
2866 3583 3188 3639 intercessio.

1883 3667 2237 3737 Omnipotens
2268 3669 2500 3738 genitor,
2532 3672 2745 3725 cunctis
2771 3672 2865 3740 qui
2891 3674 3140 3742 gentibus
3166 3674 3370 3728 almum

1958 3757 2188 3829 Egregio
2216 3758 2368 3811 Pauli
2396 3759 2579 3813 fundis
2605 3761 2675 3814 ab
2697 3776 2792 3815 ore
2811 3760 2991 3828 jubar.

1882 3846 2028 3901 Illius
2053 3846 2210 3900 nobis
2232 3846 2484 3915 precibus
2504 3848 2572 3901 da
2601 3850 2817 3917 gaudia,
2845 3864 3010 3919 regna

1956 3938 2064 3994 Nos
2095 3938 2249 4008 cujus
2280 3937 2499 3991 monitis
2530 3953 2755 4006 poscere
2787 3939 2932 3993 celsa
2955 3938 3134 4006 jubes.

2572 4027 2800 4082 CLXXI.

2168 4118 2251 4171 Ad
2276 4116 2523 4187 templum
2545 4118 2712 4170 sancti
2741 4118 2901 4171 Pauli
2922 4119 3166 4188 apostoli.

1886 4209 1986 4276 Qui
2016 4222 2177 4263 cruce
2207 4206 2447 4260 munitus
2477 4220 2703 4276 superas
2729 4205 2843 4261 fera
2869 4208 3052 4277 praelia
3083 4209 3290 4275 mundi,

1955 4300 2270 4368 Felicesque
2304 4297 2474 4352 trahis
2496 4297 2668 4353 victor
2696 4298 2763 4353 ad
2792 4307 2937 4353 astra
2973 4299 3188 4355 choros.

1813 4451 1862 4510 υ
1887 4392 2059 4449 Serva
2093 4388 2260 4462 [Ed.,
2294 4387 2472 4461 saeva]
2494 4429 2509 4454 ,
2554 4387 2740 4454 Paule,
2774 4390 2853 4444 tui
2896 4390 3200 4445 veneranda
3233 4392 3471 4445 sacraria

3213 4480 3229 4510 f
3256 4481 3438 4510 ιιι-νηιιῖ

1957 4554 2034 4608 Ne
2064 4551 2559 4624 latro‘depopulans
2582 4558 2759 4607 vastet
2780 4551 2918 4606 ovile
2948 4560 3117 4605 tuum.
3213 4480 3463 4552 [temph’

2546 4641 2798 4697 CLXXII.

1993 4737 2074 4789 Ad
2101 4734 2350 4806 templum
2383 4742 2684 4788 sanctorum
2715 4729 2968 4801 Stephani
3000 4740 3047 4784 et
3092 4729 3363 4786 Laurentii

2524 4810 2834 4869 martyrum.

1888 4896 1966 4949 En
1993 4893 2298 4964 Stephanus
2334 4891 2540 4962 lapides
2572 4888 2777 4955 sull‘ert,
2808 4889 3128 4945 Laurentius
3155 4892 3325 4962 ignes,

1960 5008 1987 5047 δ
2023 5006 2155 5075 Leg.
2186 5004 2415 5075 scedam.

1961 5088 1983 5114 ο
2018 5072 2279 5129 Binum...
2332 5073 2573 5137 Biblum,
2638 5074 2687 5128 id
2726 5084 2809 5128 est
2834 5072 3020 5127 binum
3057 5072 3272 5131 librum.
3301 5088 3468 5127 unum

1890 5155 2097 5200 tantum
2151 5151 2331 5213 exstat
2392 5143 2620 5213 apostoli
2670 5142 2821 5198 Juda:
2872 5144 3179 5213 scriptum,
3230 5142 3469 5213 Epistula

1890 5229 2082 5285 nempe
2135 5211 2394 5285 canonica
2424 5210 2689 5285 omnibus
2739 5210 3105 5285 ﬁdelibus",_in
3153 5210 3470 5285 Deo'Patre

1888 5282 2090 5339 dilectis
2112 5292 2161 5339 et
2186 5301 2218 5336 a
2240 5282 2450 5353 Christo
2476 5284 2604 5338 Iesu
2629 5284 2848 5348 vocatis,
2866 5282 3125 5353 inscripta
3142 5300 3156 5347 ;
3173 5282 3316 5353 aliud
3337 5285 3471 5338 scri—

1927 5363 2037 5434 tum
2065 5354 2139 5434 ab.
2162 5352 2406 5434 Ecclesia
2434 5361 2708 5434 receptum
2739 5351 3050 5434 ignoratur;
3072 5351 3206 5434 Nam
3233 5352 3473 5434 Pseudo—

1916 5423 2260 5494 Bvangelium,
2290 5423 2399 5477 divi
2436 5421 2587 5476 Judae
2637 5421 2855 5494 nomine
2886 5431 3254 5494 personatum,
3306 5421 3465 5478 Gela-

1891 5501 2003 5550 sius
2050 5492 2293 5563 pontifex
2360 5493 2703 5563 improbavit.
2754 5492 2948 5547 Mirum
2995 5492 3041 5549 si
3080 5493 3134 5548 id
3180 5493 3467 5549 Aleuinum

1889 5565 2062 5619 latuit.

1958 5634 1986 5673 (ι
2037 5633 2216 5696 Forte,
2241 5649 2473 5688 veneror.

1965 5716 1987 5743 ο
2032 5704 2156 5777 Leg.
2195 5704 2368 5759 dirino
2390 5719 2617 5759 munere.
