3866 6170
393 266 501 324 ΤΗ

471 370 683 442 Perque
712 367 815 424 iter
839 372 1127 439 angustum
1149 378 1316 437 regna
1339 362 1500 418 beata
1520 367 1728 431 petunt.

403 458 433 517 ι
439 475 533 516 ure
556 462 719 515 micat
739 457 898 515 rutilo
918 456 1203 511 levitarum
1228 453 1349 510 aula
1371 451 1570 517 colore,

477 550 623 619 Quos
645 551 771 604 vitae
795 549 864 604 ad
886 546 1120 620 palmam
1144 560 1293 601 mors
1319 543 1558 614 pretiosa
1587 547 1761 595 vocat.

1060 635 1330 692 CLXXIII.
1688 702 1693 707 ν

734 731 814 786 Ad
846 746 996 785 aram
1028 727 1190 783 beate
1220 725 1434 796 virginis
1467 723 1678 780 Marica.

408 828 572 899 Virgo
594 823 688 881 Dei
714 822 966 895 genitrix,
993 826 1191 874 nostrae
1210 817 1397 887 regina
1419 816 1631 879 salutis,

480 918 580 973 Hic
599 915 846 987 precibus
866 908 1080 966 famulis
1106 908 1367 963 auxiliare
1396 907 1522 962 tuis.

409 1010 526 1065 Iloc
548 1009 720 1063 altare
740 1004 845 1059 tuis
863 1001 1121 1072 quoniam
1149 1008 1235 1054 est
1252 997 1563 1055 venerabile
1588 997 1750 1062 votis,

483 1095 791 1168 Virginibus
820 1092 991 1147 sacris
1019 1091 1158 1156 laus,
1191 1091 1378 1156 decus,
1403 1096 1566 1158 atque
1593 1087 1759 1143 salus.

1059 1181 1332 1238 CLXXIV.

625 1277 705 1330 Ad
738 1275 1009 1332 ecclesiam
1042 1284 1091 1328 et
1125 1292 1275 1330 aram
1311 1274 1475 1330 beata:
1528 1271 1776 1343 Virginis.

414 1372 539 1428 Haec
561 1371 655 1426 tibi
678 1378 864 1425 sancta
887 1368 1076 1424 domus
1097 1375 1285 1422 sancta
1305 1375 1410 1431 est,
1439 1364 1782 1421 sanctissima
1801 1359 1984 1433 Virgo,

413 1463 576 1535 Virgo
606 1460 794 1525 Maria,
824 1459 919 1513 Dei
948 1473 1013 1512 ac
1039 1457 1268 1528 genitrix
1293 1457 1496 1513 intacta
1524 1454 1806 1515 Tonantis.

414 1554 737 1624 Perpetuam
771 1549 970 1604 mundo
1005 1548 1233 1619 genuisti
1271 1548 1424 1617 virgo
1454 1546 1702 1612 salutem,

412 1643 753 1712 Quapropter
780 1638 1010 1695 mundus
1034 1644 1178 1693 totus
1206 1645 1258 1692 te
1283 1636 1469 1692 laudat
1491 1635 1706 1705 ubique.

414 1733 499 1787 En
519 1747 618 1802 ego
638 1730 833 1800 quippe
854 1736 979 1782 tuus
1004 1726 1235 1783 famulus
1261 1736 1312 1782 te
1334 1726 1492 1781 laudo
1514 1725 1790 1780 Cammnis
1811 1740 1827 1789 ;

416 1824 501 1880 Tu
520 1822 649 1876 mihi
676 1820 847 1875 dulcis
871 1833 1042 1883 amor,
1072 1817 1256 1883 decus,
1282 1825 1337 1871 et
1364 1831 1488 1886 spes
1517 1829 1711 1885 magna
1746 1812 1953 1873 salutis.

417 1915 690 1972 Auxiliare
720 1921 867 1967 tuum
896 1925 1131 1975 servum,
1158 1908 1461 1965 clarissima
1488 1905 1650 1977 Virgo
1675 1923 1689 1971 ;

420 2008 537 2063 Vox
566 2021 687 2062 mea
713 2013 764 2059 te
794 2003 1047 2074 lacrymis
1076 2001 1274 2071 pulsat,
1303 2015 1455 2055 mens
1483 1997 1639 2054 ardet
1666 2012 1885 2053 amore:

419 2098 529 2154 Nec
551 2113 657 2154 non
679 2102 997 2152 cunctorum
1020 2093 1271 2163 precibus
1291 2093 1379 2150 hic
1409 2108 1588 2151 annue
1612 2090 1862 2156 fratrum,

419 2190 503 2247 Ad
534 2198 585 2246 te
610 2190 700 2260 qui
726 2187 965 2244 clamant
989 2204 1001 2241 :
1027 2184 1209 2256 Virgo,
1241 2191 1299 2239 tu
1322 2185 1495 2256 gratia
1515 2183 1689 2255 plena,

418 2284 525 2340 Per
547 2292 598 2339 te
617 2288 902 2338 conservet
920 2294 1133 2349 semper
1152 2293 1252 2334 nos
1272 2278 1444 2350 gratia
1465 2275 1687 2332 Christi.

419 2373 659 2444 Quisque
678 2372 826 2443 legas
850 2385 1038 2425 versus
1062 2367 1187 2425 dic:
1215 2368 1449 2434 Christe,
1478 2376 1626 2422 tuere
1652 2374 1890 2436 poetam,

422 2466 549 2521 Haec
571 2479 784 2536 quoque
808 2477 999 2519 mensa
1024 2469 1117 2516 tuo
1141 2468 1356 2517 saerata
1376 2466 1462 2515 est
1481 2457 1719 2521 nomine,
1746 2455 1931 2526 Virgo,

425 2556 507 2611 Tu
537 2556 723 2626 regina
752 2553 881 2623 poli,
912 2552 1086 2621 campi
1114 2550 1231 2615 llos,
1262 2550 1375 2604 lilia
1399 2547 1609 2612 mundi,
1636 2604 1640 2607 .

425 2645 622 2699 Hortus
648 2642 954 2706 conclusus,
986 2642 1111 2695 vita:
1138 2639 1280 2704 fons,
1308 2653 1446 2692 vena
1476 2637 1686 2691 salutis.

423 2735 622 2805 Accipe
645 2734 941 2789 clementer
969 2730 1295 2786 famulorum
1319 2737 1444 2786 vota
1472 2737 1707 2793 tuorum,

427 2827 600 2897 Atque
623 2824 734 2880 Deo
768 2823 985 2880 Christo
1014 2822 1201 2879 humili
1230 2837 1361 2893 rogo
1384 2821 1549 2878 redde
1572 2828 1818 2891 precatu.

1084 2911 1316 2969 CLXXV

846 3004 929 3057 Ad
960 3020 1109 3058 aram
1139 3004 1307 3059 sancti
1337 3001 1580 3059 Martini.

428 3100 543 3157 lloc
569 3098 738 3153 altare
767 3097 861 3154 tibi
887 3102 1119 3161 constat,
1147 3096 1398 3162 Martiae,
1423 3096 1684 3160 dicatum,

499 3189 790 3247 Confessor
812 3188 1020 3247 meritis
1047 3202 1277 3258 magnus
1308 3187 1364 3241 in
1392 3185 1523 3241 orbe
1552 3183 1674 3255 piis.

1087 3277 1219 3334 CLX
1230 3275 1365 3334 XVI.

716 3370 797 3424 Ad
830 3377 1070 3425 sanctum
1107 3368 1368 3422 Joannem
1399 3365 1714 3437 Baptistam.

435 3463 480 3520 Ο
510 3463 750 3532 Baptista
770 3469 983 3531 potens,
1013 3460 1220 3515 tinxisti
1245 3460 1301 3512 in
1317 3457 1552 3512 Iordane
1574 3456 1868 3519 Christum,

504 3555 604 3612 Hic
628 3553 878 3625 precibus
902 3551 1021 3608 lava
1043 3549 1272 3605 erimina
1299 3556 1485 3603 nostra
1505 3547 1630 3603 tuis.

968 3638 1136 3711 224
1185 3637 1480 3695 CLxxvu.

869 3730 947 3787 Ad
982 3745 1133 3784 aram
1162 3728 1337 3785 sancti
1368 3725 1584 3783 Aniani.

436 3826 552 3882 llac
581 3823 703 3895 pius
738 3821 982 3877 Anianus
1013 3835 1169 3876 sacra
1202 3824 1539 3876 memoratur
1573 3817 1629 3872 in
1660 3832 1807 3883 ara,

508 3914 799 3971 Confessor
822 3911 1022 3968 Christi
1043 3919 1264 3968 sanctus
1288 3911 1342 3966 in
1371 3924 1464 3965 ore
1488 3909 1593 3966 sui.

1069 4000 1391 4058 CLXXVIII.

650 4094 733 4150 Ad
761 4093 1009 4164 templum
1041 4101 1091 4148 et
1125 4092 1294 4148 altare
1331 4093 1501 4148 sancti
1539 4090 1801 4147 Medardi.

442 4180 567 4237 ihec
598 4192 682 4239 cst
706 4184 827 4239 aula
853 4183 1069 4253 quidem
1099 4182 1269 4237 sancti
1300 4181 1605 4236 veneranda
1638 4178 1910 4243 Medardi;

511 4274 663 4331 Haud
684 4276 870 4334 minus
896 4275 1067 4329 altare
1094 4274 1197 4329 hoc
1224 4274 1372 4329 illius
1395 4288 1515 4329 esse
1545 4273 1732 4343 liquet.

440 4365 558 4422 lluc
584 4366 891 4435 quicunque
916 4364 1023 4420 ﬁde
1051 4365 1248 4430 veniat,
1286 4380 1380 4420 sua
1409 4366 1637 4421 crimina
1662 4363 1822 4430 ﬂere,

410 4516 413 4517 ν
512 4458 594 4513 Ob
616 4458 868 4513 meritum
898 4456 1093 4521 sancti,
1128 4456 1215 4510 hic
1244 4456 1471 4525 accipiet
1497 4456 1731 4510 veniam.

1091 4547 1372 4602 CLXXIX.

624 4638 702 4692 Ad
728 4655 876 4693 aram
904 4648 1202 4693 sanctorum
1234 4637 1473 4703 Quintini
1503 4646 1551 4691 et
1580 4635 1838 4706 Dionysii.

446 4728 558 4784 llac
582 4729 690 4785 duo
712 4730 957 4800 praeclari
980 4729 1168 4784 Patres
1191 4736 1518 4784 venerantur
1543 4728 1597 4783 in
1625 4742 1742 4792 ara,

447 4821 736 4888 Quintinus
761 4821 1049 4891 siquidem,
1077 4828 1296 4877 sanctus
1325 4820 1610 4891 Dionysius
1634 4826 1818 4889 atque,

447 4911 549 4966 llic
567 4908 843 4966 conlessor
872 4922 991 4965 erat
1020 4910 1245 4976 Christi,
1274 4910 1369 4966 sed
1401 4919 1607 4981 martyr
1633 4908 1835 4973 et'ille;

446 5000 528 5057 Ad
555 5000 836 5055 Dominum
862 5006 1035 5070 prosit
1058 5017 1286 5070 quorum
1318 5002 1633 5059 intercessio
1668 5000 1844 5056 nobis.

1107 5088 1361 5145 CLXXX.

688 5179 770 5233 Ad
790 5195 950 5235 aram
969 5187 1269 5235 sanctorum
1294 5177 1458 5237 Saleii
1480 5188 1527 5235 et
1549 5180 1799 5237 Amandi.

452 5274 666 5332 Salvius
692 5273 835 5329 hanc
862 5287 1035 5338 aram,
1059 5286 1256 5343 magno
1285 5287 1500 5343 quoque
1521 5312 1537 5328 .
1557 5315 1571 5329 .
1594 5314 1609 5329 .
1633 5275 1879 5333 Amando
1900 5289 1925 5318 α

518 5365 930 5438 Amplectuntur
957 5365 1099 5422 enim
1131 5366 1404 5423 mentibus
1427 5366 1688 5425 ambobus
1715 5368 1744 5409 ι)

456 5459 626 5516 Ambo
648 5457 902 5519 florentes
927 5459 1235 5526 virtutibus,
1265 5454 1421 5515 ambo
1441 5460 1665 5529 perenni

530 5604 554 5666 ξ
592 5592 770 5666 forte,
800 5609 1016 5666 magnus
1037 5610 1237 5666 quoque
1255 5604 1465 5666 sanctus
1488 5594 1777 5649 Amandus.

532 5659 560 5702 ι»
596 5659 777 5724 Forte,
814 5659 963 5714 ambo
989 5659 1096 5715 suis
1122 5659 1198 5716 υὲί
1223 5665 1343 5721 viis.

1242 257 1305 311 Β.
1345 255 1409 311 F.
1449 251 1675 309 ALBINI
1714 248 1845 306 SEU
1883 242 2162 302 ALCUINI
2198 236 2483 298 OPEBUM
2515 232 2694 289 PARS
2734 230 2819 286 Vl.

2004 360 2055 418 Α
2150 350 2423 408 Οωιωιυω
2446 362 2634 417 regno,
2665 344 2958 405 credimus,
2981 345 3041 392 ut
3068 342 3343 392 maneant.

2012 3044 2082 3106 .c

2728 430 3013 490 CLXXXI.

2308 531 2389 586 Ad
2418 528 2689 584 ecclesiam
2713 531 2759 577 et
2791 537 2940 574 aram
2969 516 3137 573 sancti
3168 511 3430 568 Mauritii.

2081 624 2264 680 Victor
2288 623 2357 681 ab
2382 624 2537 678 hoste
2563 618 2725 682 redit,
2749 615 2931 671 divino
2957 624 3181 677 munere
3211 607 3414 671 clarus,

2153 715 2288 768 Dum
2312 711 2431 784 [F.,
2450 708 2597 780 cum]
2617 707 2825 778 legione
2848 717 3020 768 sacra,
3044 701 3218 755 victor
3237 697 3305 752 ab
3325 696 3483 751 hoste
3503 693 3652 749 redit.

2083 804 2270 860 Przelia
2299 818 2434 873 pace
2462 801 2558 857 Dei
2588 798 2869 854 Mauritius
2890 794 3061 851 ardua
3084 790 3236 859 vicit,

2152 895 2497 963 Exsuperans
2520 890 2705 946 mundi
2728 887 2931 959 praelia,
2959 900 3093 955 pace
3122 882 3239 937 Dei.

2083 983 2212 1040 Haec
2249 985 2467 1049 domus,
2505 998 2655 1048 ecce,
2693 995 2791 1037 suo
2829 977 3043 1033 titulata
3079 984 3162 1031 est
3198 973 3420 1029 nomine
3457 976 3658 1041 sancta,

2155 1074 2380 1144 Fulgeat
2405 1081 2461 1128 et
2486 1072 2711 1136 meritis,
2753 1071 2868 1131 haec
2892 1069 3082 1125 domus
3111 1080 3238 1120 ecce
3263 1063 3376 1131 suis
3401 1077 3419 1128 ;

2085 1166 2251 1237 Cujus
2272 1168 2476 1222 honore
2499 1180 2713 1223 sacrum
2734 1171 2790 1220 et
2816 1163 2981 1218 micat
3006 1162 3112 1216 hoc
3139 1158 3312 1223 altare
3341 1155 3598 1217 dicatum,

2156 1257 2403 1313 Gaudeat
2429 1265 2484 1313 et
2514 1255 2743 1328 populus
2780 1253 2933 1325 cujus
2967 1252 3175 1307 honore
3208 1259 3383 1302 sacro.

2734 1343 3036 1402 CLXXXII.

2379 1443 2459 1496 Ad
2487 1456 2639 1496 aram
2666 1438 2833 1497 sancti
2857 1436 3083 1493 Joannis
3111 1431 3385 1504 Baptistae.

2093 1536 2197 1590 Ara
2224 1534 2399 1591 dicata
2428 1532 2528 1591 tibi
2556 1532 2721 1588 micat
2744 1530 2879 1594 haec,
2908 1528 3151 1598 Baptista
3182 1523 3461 1587 Joannes;

2091 1626 2365 1682 Laudibus
2389 1625 2530 1681 hanc
2549 1622 2725 1694 dignis
2752 1635 2965 1691 semper
2990 1631 3197 1679 memor
3225 1622 3344 1677 esto
3369 1609 3656 1668 colendam.

2018 1699 2067 1763 Β
2093 1717 2195 1785 Qui
2219 1718 2506 1775 Dominum
2538 1715 2710 1772 sacris
2738 1712 2982 1769 meruisti
3022 1711 3231 1781 tingere
3265 1708 3321 1763 in
3350 1705 3535 1770 undis,

2092 1807 2139 1864 0
2168 1806 2293 1863 felix
2316 1807 2329 1860 !
2363 1804 2613 1876 precibus
2644 1811 2861 1860 nostras
2884 1802 2975 1858 hic
3000 1800 3157 1856 ablue
3184 1798 3389 1869 culpas.

2713 1892 3040 1951 CLXXXIII.

2474 1989 2556 2045 Ad
2578 1986 2830 2044 sacellum
2855 1987 3024 2041 sancti
3051 1982 3294 2045 Martini.

2097 2083 2212 2139 Iloc
2240 2081 2466 2139 defende
2492 2082 2597 2143 tuis
2624 2080 2898 2150 precibus,
2931 2077 3178 2142 Martiae,
3211 2073 3471 2133 sacellum

2100 2174 2321 2241 Sancte,
2352 2174 2477 2247 piis,
2508 2171 2668 2231 simul
2696 2179 2752 2228 et
2782 2180 2997 2231 nostras
3032 2169 3255 2239 dignare
3284 2172 3509 2238 rogatus

2098 2265 2387 2331 Exaudire,
2416 2263 2596 2327 Pater,
2625 2261 2805 2319 varios
2832 2276 2897 2315 ac
2922 2258 3165 2329 deprime
3200 2256 3394 2313 ﬂuctus

2100 2358 2313 2425 Cordis,
2342 2366 2403 2413 ut
2429 2365 2687 2413 aeternam
2711 2353 2989 2409 valeamus
3014 2364 3236 2420 carpere
3259 2348 3430 2407 vitam

2726 2444 3051 2505 CLXXXIV.

2317 2540 2394 2593 Ad
2424 2540 2695 2597 ecclesiam
2718 2537 2887 2595 sancti
2913 2534 3165 2606 Stephani
3190 2532 3458 2602 martyris.

2106 2630 2232 2687 limo
2262 2629 2504 2709 (domus)
2542 2638 2744 2687 aeterna
2781 2628 2945 2683 micat
2979 2625 3251 2697 Stephano
3290 2627 3671 2694 protomartyr-os

3369 2712 3608 2787 [magum

2107 2812 2208 2882 Qui
2238 2812 2452 2867 veniam
2483 2813 2625 2868 inter
2651 2810 2864 2867 veniam
2897 2820 2919 2848 α
2952 2805 3314 2879 lapidantibus
3342 2803 3491 2866 illum

2108 2902 2388 2973 Deposcit;
2417 2902 2617 2958 Christi
2641 2915 2796 2961 sacra
2822 2908 2907 2958 est
2926 2898 3171 2970 exempla
3191 2903 3426 2955 secutus.

2110 2993 2338 3065 Adjuvat
2357 3009 2484 3050 ecce
2503 2994 2614 3049 suis
2637 2991 2888 3065 precibus
2908 2990 3027 3061 plus
3047 2997 3253 3060 martyr
3271 2986 3489 3047 amicos.

2728 3084 3031 3143 CLXXXV.

2397 3180 2475 3235 Ad
2501 3177 2746 3249 templum
2774 3176 2943 3232 sancti
2974 3174 3121 3229 Petri
3150 3170 3390 3244 apostoli.

2108 3272 2302 3329 Petrus
2324 3274 2616 3343 apostolico
2640 3279 2928 3333 conservet
2954 3269 3432 3340 nomine'semper,

2180 3362 2479 3419 Praeclarus
2496 3364 2767 3434 princeps,
2791 3370 2933 3426 tecta
2956 3359 3313 3419 sacratasibi.

2112 3451 2215 3519 Qui
2235 3452 2441 3508 clavem
2460 3452 2583 3508 (ιωιὶ
2601 3453 2849 3509 manibus
2870 3453 3115 3523 deportat
3134 3448 3400 3513 honestis,

2181 3544 2513 3605 Clementem
2532 3545 2689 3603 nobis
2711 3546 2911 3617 pandat
2928 3545 2997 3601 ad
3018 3551 3165 3601 astra
3187 3542 3351 3597 viam.

2739 3633 3067 3693 CLXXXVI.

2372 3730 2452 3793 Ad
2476 3748 2629 3791 aram
2651 3740 2951 3786 sanctorum
2976 3725 3438 3799 archangelorum.

2114 3822 2266 3880 Hanc
2290 3833 2439 3897 regat
2455 3826 2796 3895 omnipotens
2823 3822 3048 3879 Michael
3071 3822 3296 3895 angelus
3326 3834 3496 3884 aram.

2183 3915 2290 3972 Per
2316 3932 2476 3987 quem
2504 3919 2680 3972 victus
2707 3925 2828 3972 erat
2849 3916 3089 3986 perﬁdus
3113 3915 3203 3985 ille
3224 3914 3415 3978 draco,

2115 4005 2183 4060 Et
2200 4005 2386 4075 procul
2414 4005 2617 4074 ejectus
2638 4005 2782 4061 celso
2796 4006 2870 4060 de
2891 4005 3125 4060 culmine
3151 4003 3274 4059 εωΙί

2186 4097 2288 4164 Qui
2309 4097 2697 4167 culparecupit
2719 4112 2933 4167 semper
2962 4096 3015 4152 in
3037 4111 3133 4151 ore
3156 4096 3293 4166 pios.

2116 4188 2368 4259 Jungitur
2402 4189 2528 4244 huic
2553 4187 2792 4254 Gabriel,
2822 4189 3002 4244 socius
3030 4187 3377 4253 venerabilis,
3407 4199 3535 4248 ara',

2188 4280 2291 4347 Qui
2316 4281 2516 4337 virtute
2536 4282 2624 4354 pia
2647 4282 2814 4354 fulget
2840 4281 2895 4336 in
2921 4296 3044 4338 arce
3071 4281 3199 4352 poli.

2040 4390 2094 4448 ι)
2119 4370 2283 4442 Cujus
2306 4372 2375 4426 ab
2394 4387 2489 4427 ore
2515 4388 2670 4428 sacro
2695 4373 2880 4428 mundi
2901 4388 3159 4445 generare
3179 4373 3404 4429 salutem

2190 4461 2386 4517 Didicit
2406 4470 2688 4528 aeternum,
2722 4464 2873 4534 virgo
2898 4462 3083 4527 Maria,
3110 4463 3299 4527 Deum,

2119 4549 2346 4606 Additur
2371 4552 2458 4607 his
2476 4552 2732 4623 Raphael,
2763 4554 2948 4609 oculos
2972 4554 3062 4623 qui
3084 4554 3221 4608 forte
3244 4552 3422 4607 Tobias

2191 4640 2432 4708 Sanavit,
2473 4652 2656 4698 natum
2704 4645 2855 4700 duxit
2888 4653 2943 4701 et
2980 4644 3067 4699 ille
3102 4659 3279 4698 suum.

2120 4732 2231 4788 llos
2256 4742 2368 4789 tres
2389 4736 2478 4791 hic
2504 4736 2758 4806 precibus
2786 4736 2984 4791 nostris
3013 4744 3190 4791 astare
3214 4749 3520 4806 precamur,

2191 4824 2388 4880 Audiat
2419 4835 2479 4881 ut
2502 4826 2731 4882 famulos
2753 4816 2999 4883 Christus
3024 4826 3094 4881 ab
3115 4841 3239 4882 arce
3265 4841 3410 4883 suos.

2728 4916 3078 4973 CLXXXVII.

2410 5010 2488 5069 Ad
2511 5026 2661 5065 aram
2693 5008 2861 5064 sancti
2886 5008 3111 5064 Joannis
3141 5009 3415 5081 Baptista.

2125 5104 2277 5161 Hanc
2303 5102 2543 5173 Baptista
2576 5107 2769 5171 potens
2794 5099 3006 5155 meritis
3035 5099 3297 5156 tutabitur
3315 5112 3481 5161 aram.

2196 5195 2297 5262 Qui
2319 5193 2603 5248 Dominum
2630 5190 2905 5247 Christum
2925 5190 3086 5245 tinxit
3112 5190 3168 5245 in
3191 5203 3351 5249 amne
3380 5199 3547 5244 sacro.

2127 5288 2225 5343 llic
2254 5286 2455 5341 electus
2488 5291 2608 5339 erat
2632 5283 2821 5337 matris
2853 5281 2919 5337 de
2946 5289 3165 5347 ventre;
3195 5279 3456 5337 Tonantis

2200 5378 2314 5433 Vox
2352 5375 2536 5442 Verbi,
2575 5382 2631 5429 et
2670 5380 2868 5428 nostra:
2902 5386 3083 5443 praeco
3118 5369 3311 5427 salutis
3342 5378 3477 5425 erat.

2128 5467 2228 5523 llic
2263 5466 2363 5522 fuit
2392 5466 2639 5539 egregius
2669 5463 2867 5519 Christi
2896 5462 3300 5534 paranymphus
3326 5460 3380 5516 in
3408 5456 3558 5521 orbe.

2206 5611 2226 5639 ε
2283 5599 2464 5663 Forte,
2492 5597 2720 5668 indignis
2752 5597 2917 5655 venia.
