3866 6170
274 210 362 268 775
1230 204 1561 263 CARMINA.
1598 234 1671 247 -
1707 202 2234 262 ιΝεωιΡτιοΝΕδ
2267 201 2526 258 vanae.
3400 205 3502 263 ττι

275 327 360 382 iste
384 323 474 380 Dei
500 322 681 393 digitis
709 338 905 393 c.gnum
932 325 1253 380 monstravit
1284 324 1494 389 adesse,
1855 332 1904 391 Α
1927 317 2108 372 Turba
2126 315 2515 371 monachorum
2542 312 2783 369 celebrat
2818 324 2872 370 te
2897 325 3080 372 sancta
3106 332 3203 388 per
3227 319 3434 383 orbem,

333 414 590 487 Sanguine
617 414 709 485 qui
738 413 924 469 mundi
949 415 1173 469 crimina
1200 423 1393 471 cuneta
1418 414 1559 469 tulit.
1992 409 2233 475 Quorum
2260 408 2367 462 vita
2396 406 2498 461 fuit
2522 407 2724 462 famine
2752 408 2954 477 scripta
2982 416 3094 463 tuo.

846 505 1215 562 CLXXXVIII.
1921 498 1998 554 Te
2025 514 2240 570 quoque
2264 507 2453 555 sancta
2479 498 2676 555 cohors
2702 499 2930 554 fratrum
2948 501 3264 569 specialiter
3290 502 3433 564 istic.

338 600 405 656 Ad
438 615 591 654 aram
620 608 919 653 sanctorum
947 597 1199 668 Stephani
1227 608 1275 653 et
1308 597 1468 652 Pauli
1497 597 1738 668 apostoli.
1990 590 2236 645 Assiduis
2258 590 2535 661 precibus,
2567 590 2768 655 laudat,
2796 591 3045 657 honorat,
3068 600 3216 647 amat
3240 609 3257 659 ;

270 694 365 751 liae
386 692 690 763 Stephanus
709 690 908 746 colitur
928 705 1157 760 magnus
1180 698 1543 761 protomartyr
1570 692 1627 745 in
1654 703 1770 754 ara,
1921 680 2049 735 HIBC
2075 681 2272 751 quibus
2298 680 2424 735 aula
2451 689 2600 749 patet
2626 689 2892 735 nocturno
2918 689 3162 750 tempore
3192 698 3434 752 semper.

330 784 587 840 Grandine
608 782 701 853 qui
729 781 964 852 lapidum
987 795 1154 851 regna
1179 780 1336 837 beata
1366 782 1518 850 petit.
1989 772 2091 828 Hic
2123 789 2282 828 orare
2309 774 2487 838 docet,
2517 773 2743 828 fundere
2771 780 2826 827 et
2847 773 2937 828 hic
2965 773 3256 846 lacrymast

273 879 327 935 Et
352 875 591 948 precibus
621 873 794 943 cujus,
829 872 1054 927 nimium
1084 871 1330 948 mirabile
1363 872 1531 939 dictu,
1922 864 2147 933 Horum,
2180 874 2367 921 sancte
2392 866 2577 933 Pater,
2602 867 2855 936 precibus
2875 867 2963 921 hic
2989 881 3203 936 semper
3228 867 3435 923 adesto.

330 942 510 1023 Saulus
534 972 652 1021 erat
674 942 854 1019 subito
880 962 1080 1018 Paulus
1109 942 1175 1016 in.
1194 962 1324 1018 orbe
1355 962 1479 1032 piis.
2586 978 2834 1035 CXCV“,

267 1060 423 1115 Bestia
444 1072 603 1113 mane
627 1072 814 1127 rapax,
844 1054 1017 1125 spolia
1042 1069 1161 1123 quae
1195 1067 1414 1124 vespere
1441 1062 1658 1119 tractat,

2061 1071 2144 1126 Ad
2173 1087 2321 1126 aram
2358 1080 2660 1126 sanctorum
2696 1071 3007 1143 Hieronymi
3033 1082 3083 1126 et
3111 1071 3357 1127 aliorum.

327 1153 415 1207 ίείθ
433 1164 628 1221 Preces
651 1158 868 1205 “0911115
890 1146 1108 1215 adium"
1127 1148 1243 1218 ipse
1264 1149 1395 1205 ευίε·
1924 1161 2112 1218 Totius
2138 1161 2501 1236 Hieronymus
2518 1165 2710 1220 doctor
2737 1167 3002 1221 mirabilis
3025 1166 3196 1232 orbis,

864 1240 1195 1297 CLXXXIX
1991 1255 2127 1312 Cum
2151 1256 2421 1326 sociisque
2447 1258 2577 1322 suis,
2613 1259 2728 1312 hac
2752 1256 2867 1313 loca
2897 1268 3084 1315 sancta
3119 1269 3289 1317 tenet.

497 1333 581 1386 Ad
611 1349 762 1387 aram
791 1332 964 1387 sancti
993 1331 1267 1388 Laurentii
1292 1335 1561 1406 martyris.
1920 1346 2150 1402 Nomina
2174 1347 2402 1418 quisque
2429 1348 2593 1419 legas,
2626 1349 2797 1404 titulis
2825 1351 3123 1419 perscripta
3144 1352 3380 1419 piorum,

265 1428 412 1497 Quem
436 1441 538 1483 nec
560 1423 775 1481 ﬂamma
800 1440 967 1481 vorax
995 1426 1141 1499 vicit,
1171 1426 1498 1483 Laurentius
1521 1442 1672 1482 aram

1992 1438 2103 1495 Hos
2132 1440 2309 1509 rogito
2330 1440 2582 1508 precibus
2607 1453 2812 1507 pronus
2842 1440 3031 1493 adesse
3063 1441 3188 1493 tuis.

324 1518 583 1592 Sanguine
603 1525 887 1575 conservet
912 1519 1071 1585 hanc,
1101 1534 1251 1591 rogo,
1274 1520 1537 1591 martyrii.
2583 1547 2853 1603 Cxcvm,

262 1613 353 1669 Iste
382 1612 473 1667 Dei
500 1612 700 1667 Christi
737 1613 988 1667 mandata
1015 1612 1253 1682 implevit
1278 1628 1483 1681 amore,

322 1702 642 1774 Pauperibus
670 1703 936 1768 tribuens,
972 1703 1234 1773 quidquid
1259 1705 1493 1759 habebat
1517 1705 1692 1776 inops.
1848 1682 1897 1742 Β

260 1794 467 1849 Divitias
494 1793 635 1849 saecli
664 1793 987 1863 contempsit
1011 1793 1214 1849 habere
1249 1794 1499 1862 caducas,

2261 1640 2344 1693 Ad
2373 1657 2523 1694 aram
2550 1641 2719 1693 sancti
2749 1637 2987 1709 Gregorii
3009 1655 3179 1709 papw.

1927 1734 2223 1805 Gregorius
2244 1734 2459 1797 doctor,
2485 1740 2693 1801 pastor,
2714 1731 3047 1800 patriarcha,
3066 1730 3340 1793 sacerdos,

746 1822 987 1898 ῘὛῘὟΝ
1011 1822 1499 1898 ωψῖἶωυυωξδ
2002 1827 2248 1882 Romana
2278 1822 2547 1894 quondam
2577 1822 2773 1893 praesul
2797 1822 2850 1876 in
2879 1823 3013 1877 urbe
3042 1822 3201 1891 pius:

322 1888 608 1958 Papam”
633 1884 836 1941 Christi
865 1892 923 1940 ut
952 1886 1124 1991 ﬁsi“
1151 1884 1351 1941 habere
1380 1885 1527 1956 pulo‘
1928 1923 2027 1979 Hic
2054 1936 2249 1991 precor
2269 1884 2365 1975 ore
2392 1918 2534 1973 ferat
2553 1884 2782 1972 fratrum
2810 1916 2899 1987 pia
2921 1884 3059 1971 vota.
3075 1913 3328 1978 Tonanti,

1180 2078 1193 2083 ,
1319 2070 1331 2083 .
1632 2077 1644 2083 _
1997 1974 2412 2071 Cdm‘l’atribus
2438 2025 2667 2079 quorum
2689 2008 2780 2062 hic
2799 1974 3017 2062 nomina
3038 2007 3241 2076 scripta
3267 1974 3437 2061 vides.

254 2072 330 2125 Ad
365 2085 513 2125 aram
545 2078 846 2125 sanctorum
874 2068 1112 2135 Quintini
1144 2078 1193 2123 et
1224 2070 1485 2123 sociorum
1510 2077 1821 2140 martyrum.
2010 2068 2025 2070 θ
2364 2068 2371 2071 ’
2454 2068 2475 2079 ⁸
2610 2098 2840 2154 CXCIX.

253 2162 358 2218 Hoc
377 2162 545 2217 altare
566 2163 688 2233 pius
713 2169 894 2218 servet
916 2160 1207 2229 Quintinus
1235 2160 1306 2215 ab
1330 2162 1509 2221 hoste.

318 2254 588 2325 Sanguine
609 2255 700 2325 qui
725 2269 881 2310 sacro
904 2269 1070 2325 regna
1092 2255 1249 2309 beata
1273 2253 1429 2324 petit.

250 2345 381 2401 Huic
404 2360 618 2415 quoque
640 2344 940 2416 junguntur
965 2345 1228 2401 laicorum
1261 2344 1418 2400 turba
1448 2344 1682 2416 piorum,

315 2436 416 2504 Qui
432 2437 648 2507 petiere
672 2436 873 2507 polum,
903 2436 1166 2507 sanguine
1186 2436 1452 2508 martyrii.

2030 2195 2113 2250 Ad
2134 2193 2403 2250 ecclesiam
2425 2192 2514 2246 ubi
2559 2200 2861 2245 sanctorum
2891 2188 3122 2258 reliquid:
3144 2186 3405 2242 coluntur.

1928 2287 2031 2356 Qui
2060 2286 2183 2342 cmli
2213 2284 2394 2354 cupiet
2419 2292 2604 2352 portas
2640 2282 2843 2335 intrare
2871 2286 3140 2348 patentes,

2004 2377 2211 2449 Saepius
2237 2377 2378 2430 hanc
2406 2373 2632 2442 pedibus
2653 2371 2820 2425 intret
2847 2377 2903 2424 et
2928 2369 3042 2439 ipse
3063 2368 3193 2423 suis.

1933 2468 2060 2525 Hmc
2080 2475 2163 2523 est
2185 2473 2460 2538 perpetua:
2484 2461 2723 2519 venienti
2748 2469 2904 2532 porta
2931 2459 3142 2523 salutis,

938 2548 1113 2606 CXCI.
1997 2558 2111 2614 Hoc
2135 2565 2218 2613 est
2255 2554 2390 2609 lucis
2412 2555 2534 2618 iter,
2568 2562 2621 2608 et
2650 2552 2739 2606 via
2760 2551 2873 2622 jam
2900 2550 3093 2604 venire.

417 2640 501 2695 Ad
524 2651 732 2696 sanctos
766 2641 1077 2696 Mauritium
1103 2651 1151 2696 et
1179 2644 1346 2697 socios
1373 2652 1649 2714 martyres.
1928 2647 2057 2704 Hzec
2082 2648 2274 2703 domus
2304 2645 2445 2701 alma
2470 2644 2583 2705 Dei,
2612 2642 2703 2696 hic
2727 2648 2851 2696 sunt
2883 2640 3139 2694 thesaura
3169 2634 3454 2699 Tonantis,

236 2733 369 2790 Hac
398 2733 518 2789 loca
542 2733 823 2789 Mauritius
850 2734 1057 2789 meritis
1078 2733 1355 2789 vivacibus
1380 2742 1553 2799 ornet,
1999 2740 2322 2796 sanctorum
2351 2737 2535 2793 multae
2559 2735 2933 2805 relliquiteque
2955 2731 3199 2787 Patrum.

309 2828 576 2898 Egregius
607 2836 811 2897 martyr
837 2842 959 2880 cum
984 2827 1194 2897 legione
1217 2841 1315 2881 sua
1340 2844 1354 2880 :

1935 2834 2135 2891 Idcirco
2170 2832 2497 2905 ingrediens,
2526 2831 2717 2885 devota
2744 2836 2949 2891 mente,
2971 2826 3168 2890 viator,

235 2920 484 2987 Quorum
509 2920 645 2975 mira
677 2920 810 2976 Iides
836 2920 1021 2984 animi,
1051 2926 1106 2974 et
1133 2920 1436 2974 constantia
1467 2919 1628 2985 mira,
1999 2925 2196 2986 sterne
2224 2926 2338 2983 εοιο
2363 2925 2625 2987 membra,
2659 2930 2880 2993 pectore
2907 2934 3071 2990 carpe
3096 2918 3301 2987 polum.

308 3011 649 3067 Commeruit
679 3010 863 3067 laudes
891 3025 1104 3079 semper
1139 3010 1193 3064 in
1230 3009 1359 3065 orbe
1385 3009 1521 3079 pias.
1844 3035 1897 3099 -ε

1935 3020 2033 3075 llic
2055 3019 2222 3082 Deus,
2242 3017 2333 3071 hic
2358 3015 2552 3079 sancti,
2580 3014 2681 3067 tibi
2719 3026 2863 3083 spes,
2900 3011 2991 3064 hic
3012 3018 3158 3064 terra
3188 3007 3376 3063 salutis

936 3101 1133 3158 ΟΧΟῙῙ-
2002 3111 2087 3166 Sit
2112 3108 2401 3179 conjuncta
2430 3115 2526 3161 tuo
2549 3113 2771 3175 pectore
2796 3102 2952 3157 tirma
2974 3100 3125 3154 ﬁdes.

238 3194 322 3248 Ad
344 3211 499 3248 aram
526 3203 829 3248 sanctorum
853 3192 1093 3265 Dionysii
1133 3200 1181 3247 et
1212 3194 1475 3247 sociorum
1512 3199 1824 3262 martyrum.
2677 3219 2781 3275 cc.

242 3283 575 3342 Pontificalis
596 3301 729 3365 apex
750 3294 930 3342 servet
947 3285 1237 3357 Dionysius
1265 3300 1418 3340 aram

313 3376 487 3444 Hanc,
511 3394 663 3449 rogo,
693 3393 816 3433 cum
846 3378 1007 3432 sociis
1031 3376 1467 3447 martyribuqu
1496 3374 1637 3431 aliis.

244 3467 486 3535 Quorum
515 3468 691 3524 scriba
714 3476 863 3523 tenet
886 3468 1093 3523 ctelesti
1120 3470 1174 3523 in
1196 3484 1321 3523 arce
1343 3466 1570 3533 libellos,

318 3560 463 3616 Ante
482 3560 578 3615 Dei
601 3560 792 3616 faciem
816 3561 1033 3615 nomine
1053 3569 1332 3631 perpetuo.

2180 3316 2262 3369 Ad
2283 3324 2521 3370 sanctum
2552 3312 2857 3367 Miclmelem
2887 3308 3278 3378 archangelum.

1933 3411 2035 3467 llic
2059 3409 2312 3480 precibus
2340 3407 2542 3463 nostris
2566 3405 2793 3460 Michael
2819 3402 3178 3473 archangelus
3209 3401 3369 3461 adsit.

1935 3505 2157 3577 Magnus
2186 3504 2243 3559 in
2275 3517 2401 3558 arce
2444 3500 2551 3571 poli
2596 3499 2867 3570 princeps,
2906 3496 3218 3567 Christique
3264 3494 3513 3551 minister

2943 3598 2949 3605 '
2983 3585 3138 3659 [Ed.,
3165 3582 3449 3655 magister]

923 3671 1126 3726 CXCIII
1935 3686 2165 3757 Adjuvet
2188 3683 2279 3739 ille
2297 3696 2487 3752 preces
2508 3690 2816 3734 sanctorum
2846 3692 3062 3747 semper
3089 3675 3311 3745 ubique,

432 3761 512 3815 Αά
546 3778 695 3815 aram
718 3770 1022 3815 δαηείοτωη
1051 3758 1298 3815 Germani
1323 3770 1372 3816 ⁸⁸
1406 3760 1653 3818 “mmm-
1934 3778 2029 3833 llle
2055 3776 2170 3831 suis
2196 3772 2450 3842 precibus
2480 3784 2579 3824 nos
2608 3768 2699 3823 hic
2726 3774 3014 3823 conservet
3041 3765 3110 3818 ab
3138 3764 3314 3826 hoste,

247 3848 542 3907 confessor
567 3851 690 3906 ﬁdei
716 3851 926 3906 melius
955 3860 1010 3906 θί
1034 3852 1252 3906 nomine
1282 3852 1461 3909 Clarus
1938 3870 2221 3943 Invigilare
2249 3865 2344 3920 Dei
2373 3863 2535 3917 faciet
2559 3869 2615 3915 et
2637 3860 2888 3913 laudibus
2918 3857 3064 3911 istic.

320 3941 624 3998 Germanus
643 3944 860 4014 praesul,
884 3952 1069 4014 pastor
1090 3952 1146 3999 et
1172 3945 1285 4016 ipse
1306 3946 1427 4016 pius
1456 3963 1472 4002 :
2064 3941 2077 3943 ⁷
2671 3948 2797 4004 CCI.

248 4033 350 4090 Cui
376 4035 749 4091 confessorum
780 4037 883 4090 hac
912 4038 1157 4109 jungitur
1193 4052 1385 4106 agmen
1426 4039 1481 4094 in
1511 4054 1624 4105 ara,
2433 4043 2514 4096 Ad
2548 4058 2698 4096 aram
2733 4038 3036 4111 quamdam.

321 4124 438 4181 N05
460 4128 711 4197 Ρτεοίδυε
739 4143 965 4197 quorum
996 4137 1176 4185 δθτνθῑ
1200 4130 1399 4200 ubique
1421 4129 1581 4185 Deus-
1941 4145 2055 4200 Hac
2075 4141 2230 4199 sedet
2256 4154 2379 4195 arce
2402 4138 2545 4193 Deus
2567 4136 2757 4206 judex,
2793 4131 3067 4188 Genitoris
3098 4131 3276 4201 imago
3302 4149 3313 4183 :

935 4216 1160 4275 CXCI“
1941 4236 2043 4293 liic
2070 4233 2343 4304 seraphim
2371 4229 2577 4301 fulgent
2605 4227 2818 4282 Domini
2844 4224 2942 4280 sub
2969 4239 3154 4279 amore
3182 4222 3461 4288 calentes;

469 4309 550 4363 Ad
576 4325 728 4365 aram
756 4321 1060 4365 sanctorum
1090 4308 1307 4365 Martini
1331 4320 1377 4366 et
1403 4311 1651 4366 aliorum.

1944 4327 2045 4383 Hic
2073 4327 2216 4380 inter
2237 4322 2519 4379 cherubim
2548 4319 2782 4374 volitant
2807 4332 3007 4372 arcana
3037 4315 3338 4381 Tonantis;

251 4397 371 4455 Hac
392 4412 638 4459 sacratus
666 4418 819 4458 amor
839 4402 955 4475 [F.,
988 4402 1184 4476 honor]
1221 4403 1433 4459 Martini
1462 4404 1627 4477 fulget
1647 4406 1700 4460 in
1724 4420 1839 4472 ara,
1872 4399 1919 4459 Ι)
1948 4416 2046 4472 Hic
2074 4415 2279 4487 pariter
2307 4411 2511 4482 fulgent
2541 4410 2817 4479 sapientes
2844 4408 3083 4477 quinque
3110 4405 3321 4476 puellas,

327 4490 503 4559 Quem
527 4494 656 4549 00m
678 4494 910 4564 Europa:
943 4509 1104 4564 quem
1133 4495 1291 4551 είῐηυι
1321 4496 1467 4551 orbis
1497 4504 1660 4552 amﬂl-
1950 4506 2174 4562 (Eterna
2199 4506 2253 4561 in
2290 4502 2540 4559 manibus
2567 4507 2849 4571 portantes
2877 4498 2995 4553 luce
3023 4497 3291 4551 lucernas.

250 4579 488 4651 Agmina
513 4600 667 4640 sacra
696 4584 782 4639 cui
812 4600 1005 4654 magna
1028 4584 1329 4657 junguntur
1355 4588 1561 4644 honore
1862 4624 1871 4627 -
2673 4612 2823 4668 ac“,

333 4671 661 4731 samme
682 4674 905 4746 Pariter:
934 4691 1032 4746 Ι)οΓ
1054 4678 1144 4747 Pia
1173 4686 1298 4733 νοω
1324 4677 1468 4734 ﬁdei-
2282 4710 2364 4762 Ad
2393 4724 2542 4761 aram
2577 4704 2748 4760 sancti
2784 4700 2931 4755 Petri
2966 4698 3210 4770 apostoli.

856 4790 1017 4861 225
1052 4790 1252 4846 CXCV-
1952 4800 2199 4870 Claviger
2224 4798 2514 4860 :ethereus,
2542 4801 2726 4864 portas
2749 4792 2842 4863 qui
2871 4797 3054 4845 servat
3081 4786 3295 4859 Olympi

443 4883 521 4936 Αά
552 4899 701 4938 aram
729 4893 1031 4937 sanctorum
1071 4882 1308 4938 Remedii
1338 4892 1387 4938 et
1420 4884 1665 4939 aliorum.
1882 4938 1887 4941 _
1956 4892 2150 4946 Petrus
2177 4888 2520 4958 apostolicus.
2551 4885 2803 4957 princeps
2828 4889 2883 4936 et
2902 4889 3091 4952 pastor
3111 4879 3286 4933 ovilis.

258 4973 419 5033 lianc
446 4979 609 5033 Pater
635 4979 907 5050 egregius,
933 4979 1226 5048 doctorque
1252 4978 1542 5034 Remedius
1562 4994 1713 5032 aram
1956 4980 2209 5052 Perpetui
2234 4978 2418 5050 Regis,
2438 4977 2655 5032 sibimet
2675 4974 2792 5029 haec
2814 4979 3061 5043 contecta
3086 4968 3226 5042 [ara]
3245 4969 3421 5023 dicata
3438 4977 3544 5031 est,

333 5071 472 5127 Cum
495 5073 661 5129 sociis
686 5074 828 5137 vitaz,
860 5079 1041 5127 servat
1062 5073 1261 5142 ubique
1293 5071 1423 5126 suis.
1956 5071 2204 5128 Assiduis
2226 5069 2478 5139 precibus
2515 5073 2685 5120 totum
2714 5070 2998 5119 conservet
3016 5062 3081 5115 in
3104 5073 3295 5113 aevum.

254 5159 415 5228 Quos
434 5166 523 5235 pia
550 5180 684 5221 cura
704 5163 863 5219 simul
891 5178 1077 5218 mensa
1105 5163 1322 5218 satiavit
1347 5164 1399 5217 in
1427 5161 1550 5227 ista,
2670 5175 2839 5231 ccul.

332 5254 444 5323 Qui
461 5256 640 5312 erexit
664 5255 832 5320 illam,
860 5255 1058 5326 quique
1079 5254 1280 5309 dicavit
1301 5269 1443 5309 eam.
2392 5272 2472 5323 Αά
2499 5286 2646 5324 ιιι-ατη
2682 5269 2844 5322 beam:
2881 5266 3131 5336 Virginis.

962 5366 1189 5424 CXCVI.
1441 5428 1449 5436 ,
1965 5370 2130 5439 Virgo
2156 5367 2323 5422 Maria
2351 5365 2449 5420 Dei
2470 5363 2729 5434 genitrix,
2760 5360 3063 5416 castissima
3078 5359 3262 5429 Virgo,

499 5462 580 5516 Ad
613 5460 884 5516 ecclesiam
905 5462 1073 5514 sancti
1110 5458 1377 5513 Benedicti
1408 5458 1627 5511 abbatis.
1964 5460 2079 5514 Lux
2110 5465 2165 5513 et
2194 5456 2345 5513 stella
2368 5454 2558 5517 maris,
2586 5459 2784 5507 nostrte
2806 5448 2993 5521 regina
3018 5447 3208 5504 salutis
3232 5466 3244 5501 :

251 5549 424 5618 Hec,
451 5552 764 5617 Benedicta,
795 5553 911 5618 tibi,
943 5553 1065 5622 pius
1090 5551 1229 5606 abba
1256 5549 1576 5612 monachus,
1965 5549 2116 5603 lianc
2138 5562 2288 5602 aram
2315 5545 2526 5601 meritis
2552 5556 2769 5612 semper
2787 5539 3065 5596 vivacibus
3089 5548 3267 5603 ornet,

335 5646 642 5705 Confessor
679 5653 880 5714 vester,
913 5653 1055 5700 tecta
1086 5644 1263 5700 dicata
1292 5648 1528 5697 manent.
1967 5637 2096 5706 Quae
2118 5648 2327 5694 sacrata
2357 5650 2455 5692 suo
2482 5634 2748 5705 condigne
2777 5640 2987 5697 constat
3013 5634 3238 5689 honore.
