3866 6170
395 187 503 249 775

1102 308 1275 365 CCIV.

738 399 819 453 Ad
841 415 989 453 aram
1018 399 1184 453 sancti
1212 396 1371 451 Pauli
1392 396 1631 467 apostoli.

394 489 623 545 Nomine
642 503 875 558 namque
903 496 1016 554 tuo,
1047 489 1235 543 doctor
1258 487 1560 541 clarissime
1590 487 1792 552 mundi,

395 578 559 634 Paule
587 579 698 633 Deo
721 578 936 634 Christo
962 579 1101 633 caelo
1120 586 1342 633 vocatus
1367 578 1434 631 ab
1467 577 1578 631 alto
1605 596 1617 629 :

401 665 526 722 llam
546 681 784 735 priesens
810 667 980 721 titulis
1005 668 1130 721 vitae
1159 665 1465 720 sacrabitur
1489 682 1607 732 ara,

396 756 453 810 In
485 770 591 825 qua
610 771 803 827 magna
824 755 967 811 salus
991 755 1156 821 venit,
1186 769 1311 823 spes
1333 762 1482 809 certa
1513 756 1724 812 salutis.

1100 864 1252 921 CCV.

674 958 752 1011 De
779 958 1103 1011 dedicatione
1132 957 1362 1013 ecclesia:
1393 957 1711 1015 Gorziensis.

395 1053 503 1107 Ista
536 1052 726 1107 domus
759 1050 985 1105 Domino
1011 1049 1247 1118 Christo,
1280 1055 1587 1124 sanctisque
1618 1056 1798 1110 dicata
1831 1064 1937 1120 est,

396 1140 653 1196 Ardentis
672 1138 799 1205 Juli,
826 1140 1006 1209 quinis
1026 1150 1083 1195 et
1106 1142 1284 1197 Idibus
1307 1143 1461 1214 [Ed.,
1486 1146 1724 1218 indibus]
1755 1147 1902 1201 olim.

396 1231 548 1285 Hanc
565 1231 685 1300 pius
714 1231 1037 1299 archipater,
1065 1231 1317 1289 Metensis
1345 1235 1514 1303 gloria
1540 1235 1732 1305 plebis,

396 1319 717 1390 Hrogandus
742 1331 769 1360 α
796 1320 1015 1388 praesul,
1043 1337 1239 1391 magno
1266 1326 1504 1381 sacravit
1526 1327 1751 1389 honore.

1103 1432 1277 1488 CCVI.

894 1521 1075 1576 Oratio
1105 1524 1173 1577 ad
1195 1523 1478 1580 Christum.

398 1612 475 1667 Da
505 1623 596 1667 tua
625 1611 993 1667 Celsitbronus
1015 1614 1170 1669 nobis
1197 1615 1448 1687 suffragia
1479 1633 1712 1688 semper,

398 1703 667 1757 Exaudire
689 1717 879 1771 preces
907 1701 1252 1769 famulorum,
1282 1705 1517 1772 Christe,
1550 1716 1784 1775 tuorum,

399 1790 502 1861 Qui
530 1793 625 1847 tibi
646 1801 771 1847 vota
799 1790 973 1846 ferant
1002 1793 1195 1848 devoto
1216 1804 1434 1864 pectore
1463 1778 1658 1865 laudis,

398 1883 721 1952 Perpetuam
752 1883 995 1938 tribuens
1021 1883 1271 1940 clementi
1301 1903 1524 1955 munere
1554 1891 1741 1947 vitam.

396 1973 633 2043 Quisque
656 1972 767 2028 Deo
792 1973 1149 2044 lacrymas....
1178 1977 1317 2032 hanc
1349 1976 1528 2034 fundis
1552 1979 1620 2034 ad
1660 1996 1835 2048 aram,

402 2063 529 2119 Esto
557 2079 764 2118 memor
792 2065 984 2129 nostri,
1016 2066 1187 2120 cecini
1216 2067 1307 2137 qui
1338 2069 1579 2124 carmina
1607 2069 1846 2138 Christo,

396 2157 662 2212 Exaudire
686 2171 875 2226 preces
902 2156 1247 2227 famulorum,
1272 2160 1507 2226 Christe,
1527 2168 1764 2229 tuorum,

398 2247 501 2313 Qui
530 2246 626 2301 tibi
653 2254 778 2302 vota
810 2245 985 2302 ferant
1007 2251 1258 2319 przescnti
1282 2251 1457 2307 laudis
1479 2254 1533 2307 in
1557 2269 1673 2319 ara,

398 2337 467 2391 Et
485 2337 552 2391 da
576 2337 812 2392 caelestis
838 2338 995 2393 nobis
1019 2340 1110 2409 pia
1140 2341 1279 2396 dona
1306 2342 1518 2397 salutis.

397 2428 485 2482 Sis
510 2443 718 2483 memor
741 2428 974 2493 Alcuini,
1000 2428 1189 2495 lector,
1216 2445 1364 2500 rogo,
1394 2433 1650 2487 carminis
1677 2433 1854 2502 hujus.

398 2515 477 2571 Tu
504 2516 634 2570 mihi
663 2517 833 2571 dulcis
855 2531 1005 2571 amor
1027 2531 1240 2587 semper
1263 2533 1416 2572 soror
1444 2520 1639 2590 inclyta
1670 2522 1840 2589 salve,

469 2605 527 2660 In
555 2606 806 2674 precibus
833 2605 1015 2659 fratris
1038 2607 1113 2660 sis
1141 2622 1351 2661 memor
1374 2608 1487 2677 ipsa
1515 2610 1613 2663 tui.

401 2696 631 2750 Delicias
665 2696 831 2761 saecli,
860 2712 1105 2766 pompas,
1134 2714 1399 2769 gazasque
1419 2700 1672 2768 caducas,

470 2785 666 2850 Mente,
692 2801 874 2853 manu,
901 2787 1083 2859 lingua
1112 2804 1364 2859 spernere
1391 2792 1535 2847 disce
1565 2801 1673 2847 tua.

404 2877 487 2933 Sit
510 2879 606 2933 tibi
636 2878 885 2935 Christus
914 2895 1090 2948 amor,
1120 2882 1311 2947 virtus,
1336 2883 1473 2948 laus,
1499 2884 1680 2940 omnia
1709 2882 1984 2950 Christus,

483 2969 892 3024 Permaneat....
925 2978 979 3025 et
1015 2986 1229 3041 semper
1257 2974 1310 3027 in
1336 2989 1431 3028 ore
1460 2985 1632 3029 sonet.

1112 3061 1307 3118 CCVII.

694 3154 773 3207 Ad
803 3171 953 3208 aram
982 3154 1046 3208 ab
1076 3152 1395 3212 Hildebaldo
1426 3167 1689 3214 ornatam.

398 3245 601 3300 Ductus
631 3260 817 3299 amore
846 3253 939 3299 tuo
967 3260 1182 3316 magno,
1205 3247 1490 3303 mitissime
1517 3248 1754 3315 Christe,

397 3334 574 3401 Atque
612 3341 704 3386 tuo
733 3334 957 3401 pariter,
988 3335 1326 3389 sanctissima
1350 3338 1502 3407 virgo
1535 3338 1725 3402 Maria,

396 3425 574 3492 Atque
598 3431 707 3485 tu
734 3423 942 3477 meritis
964 3425 1242 3493 praeclare,
1280 3425 1531 3481 Medarde
1559 3427 1832 3491 sacerdos,

402 3512 647 3568 iusserat
671 3513 813 3567 lianc
841 3528 991 3566 aram
1023 3514 1266 3582 pulchris
1292 3530 1488 3570 ornare
1518 3516 1753 3572 metallis

402 3601 747 3657 Hildebaldus
771 3601 800 3642 ι’
830 3616 1018 3668 ovans,
1046 3602 1264 3659 humilis
1289 3613 1447 3674 pater
1469 3614 1631 3675 atque
1660 3609 1935 3676 sacerdos,

399 3693 507 3747 Pro
541 3708 670 3764 quo,
699 3692 932 3747 lectores
963 3694 1126 3759 tituli,
1157 3710 1383 3752 exorare
1414 3712 1684 3768 rogamus.

1089 3784 1310 3841 CCVIII.

397 3874 478 3927 Ad
502 3874 731 3944 picturas
760 3875 1182 3945 patriarcharum
1209 3876 1399 3942 Adam,
1425 3877 1541 3934 Noe
1565 3888 1614 3935 et
1635 3881 1899 3937 Abraham
1936 3895 1982 3937 ο.

397 3965 497 4021 IIic
526 3965 667 4019 Deus
692 3965 1032 4035 omnipotens
1059 3966 1232 4020 Adam
1255 3966 1322 4023 de
1342 3969 1563 4038 pulvere
1584 3973 1845 4042 plasmat,

395 4056 593 4111 Accola
619 4056 706 4111 hic
729 4054 902 4111 factus
931 4056 1168 4126 paradisi
1198 4058 1450 4127 primitus
1473 4060 1667 4117 Adam.

398 4148 563 4218 226
586 4145 815 4201 Nomina
835 4160 975 4215 pone
995 4145 1159 4202 Pater
1173 4150 1384 4205 cunctis
1404 4151 1770 4209 animantibus
1789 4154 1982 4209 Adam.

395 4237 559 4293 Costa
584 4237 686 4291 viri
713 4244 943 4291 matrem
969 4244 1231 4306 pausante
1257 4240 1480 4309 protulit
1501 4242 1691 4297 Adam.

395 4329 493 4384 Hie
522 4327 741 4384 seducta
770 4325 871 4380 fuit
894 4326 1109 4393 mulier,
1136 4328 1389 4385 seductus
1412 4339 1467 4385 et
1485 4331 1678 4387 Adam.

393 4419 504 4474 Has
532 4416 811 4473 cherubim
832 4424 1017 4487 portas
1043 4415 1272 4472 ﬂammis
1293 4418 1518 4475 defende
1548 4422 1754 4478 beatas.

393 4511 565 4580 Perge
593 4508 740 4565 foras
766 4508 938 4564 Adam
962 4516 1019 4563 et
1037 4507 1212 4564 felicia
1241 4525 1403 4581 regna
1432 4511 1694 4583 relinque.

396 4605 565 4660 Terra
595 4603 690 4657 tibi
720 4602 946 4657 tribulos
970 4617 1068 4672 pro
1088 4602 1315 4657 crimine
1343 4605 1610 4672 germinet
1640 4607 1830 4664 Adam.

398 4695 560 4750 Livor
588 4694 723 4748 edax
752 4692 937 4748 fratris
973 4692 1066 4763 qui
1088 4691 1293 4762 justum
1322 4695 1553 4764 perculit
1572 4696 1705 4752 Abel
1730 4698 1758 4739 εἰ

396 4785 497 4841 Hic
518 4784 630 4840 Noe
651 4784 878 4839 dilectus
901 4783 1129 4840 Domino
1153 4786 1254 4840 sibi
1280 4786 1506 4842 fabricat
1535 4804 1716 4845 arcam
1742 4809 1755 4844 :

395 4875 475 4932 En
504 4883 655 4931 natat
681 4875 734 4929 in
773 4873 1012 4944 liquidis,
1037 4876 1221 4930 mundi
1246 4892 1368 4931 cum
1392 4878 1621 4947 civibus,
1650 4896 1796 4935 arca.

468 5045 492 5074 ι
520 5029 861 5116 Hrogandus.
888 5029 946 5116 Id
970 5038 1072 5096 est,
1096 5032 1751 5116 Grodegangusbletensis
1768 5039 1974 5116 episeo-

396 5100 1301 5183 ρυεν,ειυίζεεο¹θ⁵ίεξῐηηωοηξεεὲρῖὶἶ
1330 5100 1647 5183 θότῆίθηδίδ
1684 5100 1971 5183 dedis-"ivit.

395 5169 450 5228 et
471 5169 727 5296 reli'qyuias
746 5170 919 5253 sancti
940 5169 1153 5253 Nazarii
1175 5174 1372 5228 ibidem
1395 5177 1675 5232 collocavit
1699 5194 1732 5231 v
1750 5179 1822 5233 Id.
1842 5169 1972 5245 Jul,

395 5259 538 5296 anno
630 5240 716 5296 65.
750 5239 884 5296 Vide
930 5241 1129 5296 Mabnll.
1171 5243 1362 5296 Annal.
1403 5246 1556 5296 Ben..
1590 5255 1716 5296 tom-
1758 5248 1819 5296 11-
1850 5266 1971 5296 nan-

395 5259 538 5321 anno
590 5239 716 5321 7635.
750 5239 884 5296 Vide
930 5241 1129 5298 Mabill.
1171 5243 1362 5299 Annal.
1403 5246 1556 5312 Ben.,
1590 5255 1716 5302 tom.
1757 5248 1819 5315 II,
1850 5239 1971 5321 pag.

392 5312 1007 5458 208b,)?iidiha}dus_._llle
1021 5384 1119 5439 abs
1137 5383 1299 5439 dubio
1320 5385 1652 5443 Coloniensis
1671 5390 1973 5458 episcopus,

395 5465 424 5504 a
454 5466 562 5520 quo
603 5450 828 5505 Carolus
857 5452 1078 5522 Magnus
1123 5466 1521 5513 sacramentum
1549 5450 1813 5515 Dominici
1855 5450 1977 5513 cor?

394 5522 542 5600 poris
567 5529 622 5573 et
642 5522 920 5600 sanguinis
941 5524 1115 5591 petiit,
1143 5532 1203 5600 ut
1224 5525 1607 5600 enitumsuum
1632 5531 1976 5584 confirmaret

391 5594 611 5655 jamjam
634 5594 928 5665 moriturus
947 5601 1002 5645 et
1018 5598 1228 5663 postera
1251 5594 1336 5651 die
1360 5597 1512 5653 obiit.
1538 5598 1757 5670 Mabill.,
1779 5601 1971 5657 Annal.

1250 196 1311 249 Β.
1352 196 1415 250 F.
1453 194 1679 249 ALBINI
1714 193 1847 249 SEU
1889 192 2165 251 ALCUINI
2202 188 2488 249 OPERUM
2526 186 2703 242 PARS
2745 184 2828 238 VI.

1998 312 2046 368 Α
2075 307 2211 361 Ecce
2237 304 2482 360 columba
2509 302 2597 371 pia
2620 301 2774 370 pacis
2805 296 2901 353 tibi
2926 304 3107 366 portat
3132 296 3329 351 olivam
3355 312 3370 348 :

3544 173 3642 231 776

2072 397 2204 452 Alba
2229 395 2476 450 columba
2505 391 2646 446 redit
2668 403 2834 444 corvo
2853 394 3113 456 pereunte
3141 385 3360 455 nigella.

2072 490 2239 559 Perge
2267 486 2414 542 foras
2440 492 2495 539 et
2520 483 2656 538 educ
2681 490 2737 536 et
2757 488 2952 535 cuncta
2978 479 3230 534 animalia
3257 487 3459 533 tecum.

2073 578 2169 633 Est
2194 585 2352 646 pater
2374 574 2465 628 hic
2485 572 2686 626 Abram
2714 570 2946 639 patriam
2973 569 3244 625 dimittere
3262 569 3468 639 jussus,

2074 667 2170 722 Hic
2197 666 2347 722 Sarri
2374 664 2594 718 latitans
2615 661 2810 717 casulas
2835 668 2959 732 post
2973 661 3112 716 ostia
3136 660 3275 715 risit.

2779 754 2956 810 CCIX.

2574 848 2649 903 De
2675 848 2904 920 quadam
2930 846 3165 901 ecclesia.

2076 950 2179 1018 Qui
2209 950 2348 1020 regit
2369 948 2598 1018 imperio
2621 945 2869 1017 pelagum
2891 953 3201 1012 terramque
3226 940 3520 1010 polumque

2077 1041 2231 1096 Hanc
2268 1048 2419 1110 regat
2444 1040 2560 1109 ipse
2588 1039 2700 1093 suis
2729 1036 2884 1092 donis
2909 1034 3222 1091 coelestibus
3253 1032 3430 1085 aulam
3456 1050 3470 1085 :

2074 1131 2134 1187 In
2160 1147 2265 1203 qua
2296 1131 2490 1195 cultus,
2519 1131 2708 1193 honor,
2743 1128 2929 1182 laudes
2944 1135 3002 1181 et
3028 1125 3199 1193 gloria
3218 1122 3441 1189 Christi,

2077 1220 2306 1295 Semper
2328 1223 2384 1277 in
2415 1230 2673 1277 aeternum
2702 1225 2920 1275 maneat
2937 1218 3156 1288 pietatis
3176 1230 3377 1270 amore.

2806 1307 2961 1363 CCX.

2440 1404 2513 1459 De
2539 1401 2748 1458 Christo
2785 1399 3043 1454 salvatore
3066 1396 3251 1451 mundi
3278 1407 3324 1449 ο.

2080 1497 2244 1570 Virgo
2268 1496 2435 1551 Maria
2456 1496 2610 1560 nitet,
2633 1492 2780 1547 nullo
2810 1496 3108 1545 temerante
3130 1487 3412 1557 pudorem,

2148 1590 2279 1644 Post
2302 1596 2519 1658 partum
2546 1585 2730 1650 Pueri,
2756 1584 2910 1653 virgo
2937 1580 3107 1635 Maria
3128 1579 3285 1633 nitet.

2004 1656 2051 1715 Β
2080 1679 2247 1734 Filius
2277 1656 2367 1733 hic
2388 1676 2622 1733 hominis
2647 1675 2708 1728 fit
2732 1672 2966 1728 maxima
2988 1669 3213 1739 quaestio
3248 1663 3459 1730 mundi,

2146 1771 2440 1826 Nobiscum
2464 1767 2607 1823 Deus
2626 1774 2732 1831 est,
2753 1765 2923 1819 Filius
2947 1762 3037 1817 hic
3062 1760 3315 1817 hominis.

2077 1861 2178 1917 IIic
2201 1862 2385 1927 homo,
2420 1861 2512 1931 qui
2542 1859 2686 1914 Deus
2707 1866 2811 1923 est,
2847 1871 2971 1926 spes
3000 1864 3086 1910 est
3111 1855 3330 1922 antiqua
3364 1852 3624 1922 priorum,

2150 1953 2288 2024 Spes
2308 1953 2364 2007 in
2391 1950 2497 2006 ﬁne
2525 1951 2649 2020 piis,
2677 1949 2767 2004 hic
2791 1948 2974 2014 homo,
3006 1947 3097 2017 qui
3135 1946 3276 2001 Deus
3298 1955 3402 1999 est.

2078 2045 2286 2115 Aspera
2312 2058 2463 2098 mors
2488 2040 2672 2111 populi
2699 2040 2844 2110 ligno
2870 2036 3098 2093 deducta
3123 2036 3381 2100 cucurrit,

2150 2136 2406 2192 Aufertur
2430 2136 2577 2206 ligno
2603 2148 2797 2205 aspera
2836 2148 2982 2188 mors
3004 2131 3205 2202 populi.

2082 2229 2287 2284 Lumen
2309 2228 2498 2283 adesse
2526 2227 2622 2283 Dei
2646 2225 2920 2298 persensit
2949 2225 3211 2279 Tartarus
3238 2224 3448 2293 ingens,

2154 2319 2265 2375 Nec
2289 2319 2518 2374 credunt
2545 2317 2810 2383 homines,
2843 2316 3025 2371 lumen
3045 2315 3239 2371 adesse
3264 2313 3380 2368 Dei.

2084 2409 2228 2464 Mors
2255 2407 2367 2464 fera
2388 2424 2487 2478 per
2509 2408 2786 2464 hominem
2804 2408 3060 2462 miserum
3076 2405 3175 2461 sibi
3200 2403 3438 2460 subdidit
3458 2404 3657 2469 orbem,

2156 2498 2379 2553 Subdita
2412 2498 2721 2569 congemuit
2742 2513 2888 2553 mors
2909 2495 3025 2551 fera
3052 2510 3150 2566 per
3175 2495 3472 2550 hominem.

2087 2589 2334 2646 Suscitat
2357 2605 2484 2646 cccc
2511 2605 2681 2660 genus
2718 2589 2900 2656 morti,
2930 2596 3086 2660 pater
3110 2587 3198 2641 ille
3223 2584 3502 2657 profanus,

2156 2680 2239 2736 Ad
2262 2683 2428 2737 vitam
2456 2682 2705 2739 Christus
2729 2684 2956 2738 suscitat
2978 2695 3105 2736 ecce
3135 2693 3323 2751 genus.

2454 2839 3197 2920 ADHORTATION
3208 2837 3320 2915 ES

2837 2970 2928 3009 seu

2582 3062 2814 3107 VERSUS
2857 3060 3173 3105 MORALES.

2795 3151 2971 3208 CCXI.

2410 3245 2719 3299 Adhortatio
2755 3245 2823 3299 ad
2852 3253 3135 3299 nocturnas
3161 3243 3365 3299 laudes.

2090 3333 2308 3405 Surgite
2336 3348 2453 3398 vos,
2487 3334 2703 3399 fratres,
2734 3332 2921 3387 Iaudes
2948 3340 3003 3387 et
3029 3331 3193 3387 dicite
3219 3331 3463 3398 Christo,

2089 3426 2215 3481 Haec
2244 3435 2330 3481 est
2353 3434 2479 3497 apta
2501 3424 2693 3480 domus
2727 3433 2992 3479 nocturno
3018 3431 3263 3493 tempore
3280 3423 3452 3477 vobis.

2087 3514 2383 3586 Pervigiles
2411 3514 2663 3585 precibus
2679 3514 2792 3585 jam
2820 3528 2917 3568 vos
2941 3512 3176 3567 insistite
3205 3512 3401 3575 sacris,

2086 3605 2369 3660 Credimus
2396 3604 2657 3659 auxilium
2695 3610 2954 3672 prmstare
2982 3600 3291 3672 petentibus
3310 3601 3434 3654 istic

2086 3695 2372 3766 Angelicos
2394 3702 2589 3760 coetus,
2619 3693 2794 3749 noctis
2819 3692 2911 3762 qui
2932 3700 3176 3761 tempora
3205 3700 3445 3754 servant,

2086 3787 2297 3858 Quique
2332 3786 2511 3842 ferant
2536 3786 2753 3842 Christo
2781 3785 3007 3840 fratrum
3029 3784 3117 3854 pia
3140 3791 3262 3838 vota
3291 3783 3538 3854 benigne,

2010 3001 2060 3062 C

2090 3878 2188 3933 Hic
2213 3894 2310 3934 vos
2340 3878 2619 3934 inveniant
2640 3876 2923 3948 vigilantes
2952 3889 3167 3944 semper
3194 3873 3444 3935 honeste,

2085 3969 2261 4040 Atque
2285 3970 2375 4040 pia
2396 3978 2577 4025 mente
2604 3967 2806 4039 Regem
2828 3966 3047 4022 laudare
3070 3981 3382 4036 supernum.

2777 4058 2976 4115 CCXII.

2333 4154 2639 4209 Adhortatio
2675 4155 2744 4207 ad
2776 4153 3141 4207 excutiendum
3161 4167 3421 4205 somnum.

2085 4243 2280 4317 Surge,
2308 4260 2523 4316 precor,
2544 4245 2779 4316 juvenis,
2808 4245 2992 4314 vigeas
3017 4244 3145 4299 dum
3167 4258 3397 4313 corpore
3422 4254 3545 4297 sano

2012 4356 2059 4414 ῃ
2083 4337 2152 4392 Ει
2172 4338 2269 4395 tibi
2292 4338 2467 4408 pande
2493 4338 2635 4393 viam
2669 4338 2924 4409 precibus
2947 4336 3013 4391 ad
3034 4352 3199 4408 regna
3224 4335 3502 4405 polorum:

2087 4426 2199 4483 Nec
2226 4428 2440 4484 dederis
2470 4444 2661 4484 sensus
2692 4437 2827 4496 tota,
2850 4443 3003 4500 rogo,
3025 4435 3183 4483 nocte
3204 4441 3419 4498 sopore.

2085 4518 2348 4574 Assiduus
2376 4518 2564 4590 gelida:
2592 4534 2813 4575 somnus
2842 4528 2929 4574 est
2950 4518 3140 4573 mortis
3167 4518 3384 4587 imago:

2084 4611 2267 4682 Longa
2297 4611 2602 4681 quiescenti
2629 4610 2829 4666 facient
2847 4610 2943 4664 tibi
2976 4608 3084 4663 fata
3113 4609 3453 4678 sepulcrum:

2082 4701 2244 4756 Artes
2265 4716 2390 4755 nam
2412 4700 2586 4757 hostis
2605 4700 2769 4756 habet
2795 4701 3049 4770 antiquus
3070 4698 3216 4754 mille
3243 4698 3488 4754 nocendi.

2082 4790 2314 4861 Pervigil
2340 4792 2540 4848 idcirco
2565 4808 2819 4863 magnum
2848 4792 2942 4847 tibi
2968 4792 3140 4847 conde
3170 4790 3514 4861 triumphum,

2080 4883 2150 4938 Ut
2174 4884 2263 4954 pia
2289 4892 2342 4940 te
2364 4882 2565 4939 Christi
2602 4891 2884 4939 conservet
2909 4883 3128 4937 dextera
3150 4896 3383 4952 semper.

2080 5041 2449 5167 Dm%q|e11.igom.
2474 5044 2540 5109 II,
2581 5060 2703 5115 pag.
2740 5044 2869 5111 407,
2898 5060 2952 5098 n.
2987 5043 3075 5097 14.
3097 5073 3168 5082 ——
3194 5040 3330 5097 Vide
3367 5054 3522 5110 supra
3547 5051 3654 5093 car

2082 5128 2207 5168 men
2245 5128 2269 5167 ‘l
2282 5128 2366 5169 ιδ.

2156 5193 2179 5221 ο
2230 5182 2382 5239 lianc
2433 5183 2836 5253 inscriptionem
2896 5184 3262 5253 decerpsimus
3311 5197 3381 5237 ex
3441 5175 3655 5250 longiori

2156 5200 2179 5221 ο
2231 5200 2382 5239 nanc
2433 5200 2593 5239 inseri
2638 5200 2836 5240 tionem
2896 5200 3262 5253 accerpsunus
3311 5200 3381 5237 ex
3441 5200 3655 5250 longior:

2083 5253 2474 5322 epigrammate
2522 5200 2633 5309 1949
2667 5255 2921 5309 editionis
2982 5253 3304 5320 Quercetani
3332 5293 3349 5317 ,
3400 5266 3519 5306 cum
3562 5260 3655 5302 nec

2084 5337 2208 5397 cum
2238 5325 2697 5397 antecedentibus,
2750 5340 2850 5380 nec
2897 5340 3020 5381 cum
3048 5323 3503 5397 consequentibus
3546 5332 3658 5397 vcr-

2084 5391 2236 5448 sibus
2261 5394 2458 5449 ibidem
2484 5395 2647 5450 ullam
2685 5385 2883 5451 habeat
2924 5385 3315 5451 connexioném
3342 5411 3359 5459 ;
3391 5403 3445 5447 et
3468 5404 3585 5445 cum
3603 5385 3633 5438 il

2083 5461 2150 5516 lis
2168 5478 2281 5533 non
2315 5463 2475 5519 fuerit
2501 5465 2808 5533 conjuncta,
2836 5465 2938 5521 nisi
2965 5481 3029 5519 cx
3060 5465 3268 5520 incuria
3296 5460 3588 5533 scriptoris.

2154 5531 2182 5618 εξ
2207 5533 2371 5618 EdiL,
2401 5535 2456 5618 id
2475 5531 2920 5618 justit‘mpercalit
2953 5535 3141 5590 Adam.

2161 5614 2184 5641 ο
2212 5603 2290 5657 Ex
2317 5605 2436 5660 cod.
2470 5603 2570 5662 ins.
2607 5603 2803 5662 Salisb.
