3866 6170
230 272 342 332 77⁵1

899 398 1120 457 CCXIII.

774 487 1030 547 Memoria
1078 497 1281 550 mortis.

220 573 275 632 ο
297 574 540 634 mortaiis
566 578 752 644 homo,
783 585 974 639 mortis
1007 588 1354 644 reminiscere
1377 606 1556 648 casus.

219 666 314 722 Nil
340 670 544 739 pecude
569 669 758 738 distas,
791 674 836 728 si
866 684 1075 732 tantum
1100 693 1358 751 prospera
1389 694 1594 754 captas.

216 754 441 824 Omnia,
469 775 591 829 quae
615 763 814 828 cernis,
844 767 1120 822 variarum
1148 771 1350 838 gaudia
1381 791 1583 841 rerum,

224 846 429 902 limbra
455 849 603 906 velut
625 853 805 907 tenuis
828 854 1000 910 veloci
1029 857 1136 913 fine
1161 862 1441 918 recedunt.

214 937 474 996 Praecave
495 956 603 997 non
633 942 762 999 feli:
786 961 852 999 ne
877 954 952 1012 te,
986 947 1111 1003 dum
1141 953 1322 1007 neseis
1344 963 1402 1009 et
1419 957 1600 1021 audis,

215 1030 499 1097 Quassans
527 1037 790 1105 praecipiti
819 1037 1080 1094 dissolvat
1111 1043 1324 1098 turbine
1350 1045 1492 1101 finis.

193 1121 440 1194 ’Porrige
463 1127 708 1193 poscenti
738 1127 960 1193 victum,
986 1131 1070 1185 vel
1105 1141 1332 1205 contege
1358 1136 1582 1204 nudum,

209 1215 280 1269 Et
309 1223 364 1270 tc
399 1225 522 1286 post
551 1219 759 1274 obitum
788 1221 870 1276 sie
897 1223 1022 1278 talia
1053 1223 1194 1281 facta
1220 1226 1476 1285 beabunt.

911 1311 1135 1368 CCXIV.

647 1401 725 1457 De
746 1413 1045 1476 contemptu
1071 1407 1394 1466 divitiarum.

206 1488 388 1560 Dilige
413 1492 746 1562 pauperiem,
775 1497 1058 1552 mordaces
1084 1498 1258 1572 effuge
1287 1518 1470 1574 gazas,

208 1581 354 1637 Nam
389 1585 619 1640 reddunt
643 1587 872 1658 cupidis,
898 1597 1017 1659 post
1041 1595 1229 1648 carnis
1256 1595 1455 1662 dulcia,
1481 1596 1746 1668 ﬂammas.

202 1673 472 1740 Quamvis
499 1678 812 1748 perspicuus
841 1697 974 1737 auro
1001 1686 1340 1757 gemmisque
1369 1689 1628 1758 uitescas,

205 1763 428 1835 Pauper
456 1777 509 1821 et
535 1769 760 1842 exiguus
782 1770 910 1838 ibis,
941 1781 996 1829 et
1021 1776 1198 1832 nudus
1221 1779 1289 1832 ad
1314 1780 1556 1836 umbras.

199 1853 262 1908 Id
289 1857 469 1911 solum
495 1866 667 1912 tecum
691 1870 817 1930 post
844 1863 1035 1920 mortis
1061 1864 1168 1920 fata
1195 1870 1457 1936 manebit,

205 1946 370 2012 Quod
400 1950 551 2013 bene,
583 1953 725 2020 quod
745 1952 915 2022 juste,
943 1957 1088 2025 quod
1116 1968 1264 2014 recte
1289 1959 1491 2019 feceris
1520 1964 1656 2035 ipse.

906 2045 1110 2102 CCXV.

529 2132 605 2186 De
633 2137 906 2191 exoranda
933 2138 1110 2194 divina
1141 2141 1414 2199 clementia
1437 2153 1486 2200 ⁸.

203 2220 329 2276 Non
345 2232 436 2277 est
463 2226 660 2295 quippe
682 2227 826 2282 Deus
849 2229 1026 2298 poenis
1055 2232 1355 2301 culpandus
1377 2235 1432 2288 in
1462 2237 1602 2303 istis,

279 2313 390 2368 Sed
415 2325 597 2370 nostra
619 2318 678 2371 in
710 2319 902 2375 melius
924 2321 1034 2376 vita
1063 2323 1283 2380 ferenda
1309 2327 1421 2383 cito
1439 2345 1460 2381 :

198 2408 271 2462 Et
301 2410 388 2479 pia
413 2409 671 2466 ﬂectenda
695 2422 779 2468 est
800 2417 1056 2484 precibus
1083 2417 1369 2474 clementia
1391 2424 1618 2490 nostris,

275 2503 557 2570 Quatenus
583 2521 613 2560 a
640 2509 796 2563 nobis
813 2510 1112 2566 transferat
1138 2513 1251 2584 ipse
1272 2515 1462 2586 [il-igas
1480 2537 1500 2571 .:

198 2595 383 2666 Atque
405 2599 519 2652 suis
547 2598 783 2656 clemens
803 2611 1025 2671 pnestet
1051 2605 1244 2660 solatia
1275 2611 1468 2674 servis,

271 2689 546 2760 Tempora
572 2695 874 2750 concedens
889 2711 1152 2767 prospera
1170 2708 1368 2754 cuncta
1402 2702 1612 2770 quibus.

195 2778 554 2852 Hymnidicas
583 2783 701 2838 laeta
728 2785 915 2841 laudes
942 2798 1003 2841 ut
1029 2798 1208 2843 mente
1224 2805 1510 2858 canamus,

270 2871 602 2928 Celsithroni
627 2876 806 2930 cuncti
833 2893 1046 2947 semper
1068 2881 1266 2949 ubique
1297 2882 1481 2936 simul.

197 2961 349 3017 Laus
375 2965 488 3030 cui,
514 2966 711 3031 cultus,
739 2967 933 3035 honor,
965 2970 1160 3035 virtus,
1186 2967 1515 3038 benedictio,
1544 2990 1788 3038 carmen.

266 3053 506 3126 Semper
531 3055 586 3110 in
615 3067 882 3113 aeternum
907 3059 1078 3129 gloria
1109 3077 1300 3132 magna
1339 3064 1480 3119 Deo!

599 3189 1391 3269 INSCBIPTIONES

639 3337 972 3383 VARIOBUM
1017 3340 1342 3385 LOCOIIUM.

883 3439 1108 3497 CCXVI.

685 3531 751 3585 In
775 3532 1046 3602 refectorio
1073 3535 1322 3605 fratrum.

197 3621 300 3676 Hic
328 3623 638 3692 patriarcha
661 3624 783 3693 pius
807 3625 992 3679 sedeat
1021 3641 1370 3698 summusque
1396 3633 1674 3700 sacerdos,

197 3713 285 3770 Sit
310 3717 398 3770 cui
423 3715 570 3786 larga
610 3733 820 3782 manus,
845 3717 1116 3787 placidum
1146 3737 1264 3786 eor,
1291 3724 1454 3777 verba
1485 3740 1676 3780 serena
1703 3746 1714 3780 :

199 3807 303 3862 Per
329 3807 487 3877 cujus
516 3810 762 3864 dextram
788 3811 1071 3866 benedicat
1103 3813 1325 3868 dextera
1351 3815 1577 3882 Christi,

196 3897 481 3953 Fratribus
508 3901 812 3969 appositum
841 3901 1100 3972 quidquid
1128 3901 1370 3958 defertur
1393 3905 1679 3963 edendum.

543 3992 547 3996 ’
880 3992 1128 4049 CCXVII.

880 4081 1104 4138 Ibidem.

192 4167 322 4223 [hec
353 4180 439 4224 est
463 4182 650 4226 sancta
686 4171 897 4239 domus,
929 4176 1079 4244 pacis
1107 4175 1278 4242 locus,
1311 4179 1431 4233 aula
1455 4179 1669 4248 salutis,

190 4260 371 4329 Quam
403 4277 566 4332 super
593 4265 653 4318 o!
685 4279 898 4335 semper
915 4278 1132 4322 maneat
1159 4269 1460 4326 benedictio
1487 4271 1711 4328 Christi.

191 4351 251 4406 In
283 4368 388 4421 qua
417 4353 732 4424 multiplicet
759 4356 987 4411 fratrum
1027 4360 1269 4414 convivia
1298 4361 1464 4434 large,

188 4442 294 4510 Qui
324 4445 598 4514 quondam
629 4448 832 4519 populi,
859 4451 1067 4505 cmlesti
1093 4467 1316 4508 munere
1343 4455 1510 4522 dives,

187 4532 428 4587 Panibus
458 4551 521 4588 ex
551 4538 784 4606 quinque
809 4541 1027 4594 satiavit
1055 4542 1218 4596 millia
1256 4539 1510 4616 quinque.

863 4631 1131 4686 CCXVIII.

872 4723 898 4778 1
904 4724 1096 4779 bidem.

188 4809 274 4865 Sit
297 4826 592 4880 germanus
618 4829 787 4879 amor,
822 4814 1036 4880 fratres,
1063 4834 1158 4874 vos
1183 4820 1323 4875 inter
1343 4824 1560 4895 ubique,

187 4898 273 4954 Sit
304 4917 434 4970 pax,
464 4918 597 4972 pura
619 4903 751 4958 fides
775 4904 994 4971 Christi,
1019 4910 1305 4966 concordia
1329 4913 1517 4969 dulcis.
1601 4943 1604 4946 -

186 4990 440 5047 Christus
459 4993 511 5048 in
533 5010 627 5048 ore
652 5007 822 5055 sonet,
851 4997 1158 5069 habiti-tque
1185 5000 1235 5054 in
1258 5007 1476 5072 pectore
1504 5004 1770 5073 Christus,

187 5080 271 5135 Sit
297 5083 456 5138 cibus
492 5094 546 5139 et
576 5095 733 5155 potus
758 5087 1021 5154 Christus,
1055 5090 1124 5143 sit
1149 5090 1257 5144 vita
1286 5091 1558 5163 salusque.
1651 5103 1660 5112 ‘

258 5250 296 5316 ξ·
315 5237 434 5292 Hoc
461 5253 678 5316 quoque
723 5257 942 5316 carmen
974 5259 1038 5297 ex
1081 5246 1268 5316 codice
1307 5262 1408 5300 ms.
1464 5259 1776 5316 pervetusto

188 5305 1022 5386 Salisburgensi'descripsimus,
1055 5315 1145 5370 ubi
1187 5332 1309 5371 cum
1355 5305 1520 5386 priori
1546 5319 1775 5376 Alcuino

189 5379 467 5434 tribuitur.

255 5450 285 5490 δ
317 5447 442 5523 his,
486 5443 588 5498 Hic
615 5453 813 5516 pariter
833 5453 1044 5523 fratres.

257 5531 281 5560 ε
308 5521 432 5593 Hoc
460 5533 680 5593 carmen
711 5523 762 5576 in
791 5521 922 5578 edit.
945 5526 1270 5593 Quercetani
1292 5527 1452 5583 liriem
1489 5528 1618 5586 facit
1644 5547 1765 5587 car~

186 5591 350 5645 minis
377 5591 510 5670 19ξς⁸2
557 5590 808 5670 adquod
857 5590 1033 5670 tamen
1061 5597 1285 5670 minime
1318 5601 1570 5670 pertinet.
1623 5601 1765 5668 Qua-

227 5671 410 5738 ropter
453 5661 584 5715 illud
632 5661 734 5716 hoc
763 5663 880 5738 loco
907 5669 1005 5720 sub
1031 5667 1288 5738 singulari
1314 5661 1466 5726 titulo
1493 5661 1756 5732 dedimus.

227 5675 410 5730 ropter
453 5675 584 5715 uiua
632 5675 734 5716 hoc
763 5675 880 5718 loco

188 5675 321 5787 Q’ide
344 5747 505 5803 supra
527 5746 746 5786 carmen
771 5733 886 5788 106.

592 5829 867 5890 Pnaon.
913 5827 1016 5889 Cl.

1389 270 1760 352 .CARMINA.
1800 328 1870 338 --
1906 299 2000 357 an
2038 299 2311 360 vastos.

1839 427 1888 484 Α
2562 425 2851 484 CCXII.

1813 3128 1864 3186 (Ξ

1807 4490 1928 4584 υτ

3398 318 3504 378 πε

1917 599 2018 657 ilic
2036 613 2240 672 patres,
2266 605 2465 663 fratres
2489 609 2541 675 ι»,
2572 521 2936 671 eum
2971 616 3221 676 laudibus
3243 619 3467 690 intrent,

1920 692 2068 773 Quos
2095 699 2301 767 pariter
2325 700 2586 762 Dominus
2615 713 2786 762 totum
2813 722 3103 768 conservet
3128 714 3186 770 in
3207 731 3386 772 mrum
3408 736 3427 773 :

1917 772 1986 836 Et
2008 786 2216 854 pariter
2238 800 2428 859 pascat
2451 795 2622 851 nitido
2646 813 2768 853 cum
2793 816 2934 871 pane
2963 804 3174 872 salutis,

1915 875 1986 930 Et
2009 878 2218 947 pariter
2243 885 2405 940 donet
2428 889 2665 946 caelestis
2688 892 2894 952 fercula
2930 898 2980 953 vi
2991 909 3077 956 ta‘.

1914 1270 2016 1335 Qui
2047 1277 2314 1331 convertit
2343 1295 2512 1349 aquas
2542 1282 2774 1354 liquidas
2801 1289 2854 1344 in
2887 1293 3008 1348 vina
3037 1295 3300 1366 Falerna;

1913 1359 2014 1426 Qui
2038 1363 2200 1421 siccis
2216 1368 2394 1442 pelagi
2419 1375 2651 1444 pedibus
2675 1384 3082 1450 supcrambufat
3108 1391 3280 1446 undas

1909 1453 2120 1525 Augeat
2156 1458 2270 1527 ipse
2300 1464 2414 1517 suis
2443 1464 2659 1524 famulis
2683 1487 2779 1526 sua
2806 1475 2944 1532 dona
2970 1477 3256 1552 benignus.

2589 1577 2721 1634 CCX
2730 1582 2816 1637 XI.

2461 1666 2544 1718 Ad
2584 1668 2858 1736 fornacem
2886 1685 2935 1729 ο.

1833 1781 1880 1841 Β
1910 1746 1968 1803 Si
1998 1764 2116 1804 mea
2139 1751 2277 1806 dona
2304 1753 2405 1810 tibi
2436 1759 2642 1830 cupias,
2677 1763 2924 1821 nimbose
2952 1769 3170 1837 viator,—

1983 1841 2059 1895 Da
2078 1843 2232 1912 prior
2255 1856 2527 1916 ecce-tua,
2555 1853 2637 1908 sic
2666 1853 2764 1910 tibi
2784 1860 2991 1928 prende
3013 1877 3152 1917 mea.

1905 1932 2004 1988 Est
2029 1937 2164 1991 mihi
2189 1949 2380 1995 venter
2401 1943 2566 2010 edax,
2593 1946 2771 2004 calido
2799 1953 2890 2021 qui
2915 1957 3164 2024 pascitur
3188 1957 3314 2032 igne
3331 2004 3345 2027 ,

1979 2025 2194 2086 Vcrtice
2218 2031 2318 2086 sub
2347 2035 2557 2104 quadro
2585 2037 2822 2098 fumidus
2839 2047 2951 2100 exit
2979 2048 3137 2103 odor.

1899 2114 1987 2172 Ad
2008 2132 2094 2172 me
2130 2135 2253 2174 mox
2278 2121 2413 2194 [Ειί⁴
2439 2126 2565 2199 vox]
2601 2129 2796 2200 hospes
2816 2135 2992 2204 gelido
3012 2137 3149 2208 fugit
3171 2141 3350 2198 imbre
3388 2143 3490 2199 De-

3221 2232 3448 2305 [cembri
3467 2276 3486 2304 ,

1972 2297 2016 2351 Δ
2047 2315 2134 2356 me
2167 2303 2258 2373 qui
2288 2304 2529 2377 Augusto
2556 2307 2744 2366 ﬂorida
2769 2313 2821 2369 in
2855 2321 2985 2372 a’rva
3005 2317 3167 2391 fugit.

2568 2420 2820 2479 CCXXII.

2359 2488 2441 2541 Ad
2459 2489 2731 2559 fornacem
2753 2498 2944 2552 iterum
2969 2501 3020 2556 ἀ.

1898 2568 2014 2667 ξι),
2045 2586 2144 2667 ego
2172 2575 2397 2644 pulchra
2423 2578 2574 2638 foras
2614 2599 2757 2652 sum,
2787 2590 2882 2644 sed
2911 2594 3085 2664 magis
3123 2597 3274 2654 utilis
3303 2599 3483 2667 intus,

1895 2661 1996 2717 Est
2017 2665 2224 2722 calidus
2249 2679 2459 2737 venter,
2492 2672 2688 2730 feritur
2724 2679 2850 2733 dum
2893 2661 3095 2754 frigore
3130 2696 3338 2744 vertex.

1895 2750 2098 2808 Avidus
2116 2755 2315 2827 hospes
2336 2771 2484 2816 amat
2502 2764 2693 2834 gelida:
2720 2783 2806 2823 uie
2826 2750 3072 2844 tempore
3097 2779 3303 2835 bruma:
3321 2821 3337 2848 ,

1965 2843 2070 2913 Qui
2105 2849 2279 2905 calida
2308 2862 2498 2911 testate
2520 2861 2728 2928 spernit
2753 2843 2954 2921 adesse
2967 2869 3122 2923 mihi.

1892 2941 1970 2999 Os
1997 2941 2053 2996 in
2093 2955 2280 3000 ventre
2315 2949 2447 3004 mihi
2495 2960 2610 3019 est,
2644 2958 2915 3026 quadrato
2959 2961 3013 3016 in
3038 2973 3262 3034 gutture
3286 2983 3479 3038 nares,

1967 3034 2071 3104 Qui
2093 3038 2267 3110 spirat
2283 3041 2514 3114 fumum,
2544 3047 2673 3104 dum
2699 3053 2840 3108 calet
2865 3054 2956 3112 ille
2979 3056 3122 3114 foco.

2154 3191 2407 3270 VEBS
2421 3195 2542 3273 US
2616 3200 2672 3275 Α
2690 3202 2750 3274 D
2825 3207 3222 3289 VARIOS.

2545 3331 2818 3390 CCXXIII.

2323 3419 2405 3472 Ad
2448 3419 2671 3476 Leonem
2705 3423 2803 3478 Ill
2832 3444 3048 3500 papam.

1891 3504 2123 3577 Semper
2145 3508 2199 3562 in
2224 3518 2488 3566 mternum
2515 3514 2713 3580 valeas,
2741 3522 3083 3579 sanctissime
3102 3539 3238 3598 papa
3261 3569 3275 3593 ,

1966 3602 2046 3658 'I‘u
2073 3605 2202 3672 Leo,
2228 3616 2283 3662 tu
2307 3609 2484 3664 victor
2505 3613 2686 3683 proles
2712 3623 2892 3670 amata
2924 3618 3040 3673 Dei.

1893 3693 2090 3750 Doctor
2119 3699 2170 3752 in
2197 3702 2328 3756 orbe
2347 3703 2490 3772 pius,
2527 3705 2726 3760 Christi
2755 3708 3056 3766 clarissima
3098 3715 3268 3787 salpiv
3297 3719 3372 3788 (l.
3400 3738 3474 3786 e.,

3301 3818 3392 3862 luh

3301 3818 3354 3862 tu
3381 3830 3392 3861 ι

1962 3879 2030 3934 Et
2055 3891 2219 3950 caput
2247 3883 2521 3949 Ecclesiae,
2567 3885 2678 3950 lux,
2711 3889 2874 3944 decus
2906 3901 3068 3962 atque
3094 3808 3295 3966 patet-.l
3359 3811 3473 3886 la),

1784 3993 1786 3996 τ
1888 3973 2119 4032 iustitia:
2145 3977 2343 4041 cultor,
2380 3991 2519 4030 verte
2543 3985 2598 4032 et
2623 3979 2841 4047 pietatis
2867 3995 3080 4038 amator
3099 4026 3113 4052 ,

1961 4071 2412 4143 Pauperilms.....
2443 4071 2622 4127 clarus
2651 4074 2856 4130 honore
2894 4079 3004 4148 pio.

1889 4163 2059 4219 Notus
2094 4165 2147 4218 in
2173 4167 2306 4220 orbe
2331 4167 2537 4236 procul,
2571 4171 2889 4228 meritorum
2922 4174 3076 4231 laude
3105 4189 3395 4248 venustus,

1960 4254 2231 4310 Virtutum
2258 4257 2428 4312 titulis
2456 4275 2647 4314 nomen
2677 4263 2878 4318 amoris
2905 4265 3128 4322 habens.

1888 4343 1977 4400 Sis
2001 4345 2120 4415 pius
2143 4354 2199 4399 et
2231 4346 2396 4412 mitis,
2419 4347 2620 4403 Christi
2640 4367 2760 4420 pro,
2798 4363 3000 4422 pastor,
3031 4371 3248 4422 amore,

1957 4437 2228 4510 Angelicis
2249 4439 2440 4509 opibus
2464 4457 2598 4513 quos
2622 4439 2738 4515 [F.,
2763 4445 2952 4501 ovibus
2977 4447 3132 4522 quas]
3161 4457 3250 4504 tua
3275 4450 3465 4508 dextra

1932 4547 1961 4586 e
1985 4529 2126 4585 Deus
2150 4541 2386 4587 aeternus
2412 4534 2653 4606 longaevo
2684 4545 2927 4608 tempore
2955 4555 3144 4596 sanum
3279 4544 3458 4615 [regiL

1956 4625 2230 4696 Protegat,
2259 4628 2460 4683 exaltet
2492 4632 2850 4700 prosperitate
2874 4633 3048 4697 bona;

1882 4715 1949 4769 Et
1975 4719 2069 4773 tibi
2102 4728 2416 4789 perpetuum
2445 4721 2706 4775 concedat
2732 4723 2784 4775 in
2807 4739 2932 4778 arce
2959 4726 3204 4794 polorum
3227 4772 3239 4790 ,

1949 4807 2082 4864 Cum
2113 4810 2316 4864 sanctis
2344 4826 2568 4878 regnum
2602 4828 2613 4862 :
2642 4811 2754 4880 jam
2785 4814 2900 4867 sine
2934 4815 3038 4871 fine
3065 4817 3214 4873 Vale!

2524 4924 2800 4982 CCXXIV.

2042 5011 2140 5067 Pia
2173 5024 2285 5068 rota
2318 5032 2412 5086 pro
2440 5019 2565 5070 urbe
2606 5017 2771 5073 Roma
2802 5031 2849 5074 et
2881 5022 3048 5077 Leone
3069 5043 3207 5096 papa
3239 5039 3284 5080 ο.

1877 5105 2058 5172 Salve,
2099 5107 2269 5162 Roma
2300 5117 2518 5179 potens,
2555 5111 2738 5166 numdi
2776 5113 2938 5168 decus
2961 5157 2974 5180 ,
3014 5116 3211 5187 inclyta
3248 5127 3454 5187 mater,

1945 5258 1972 5298 (ι
2027 5260 2144 5335 Hoc
2167 5275 2412 5335 Acarmen
2460 5265 2512 5318 in
2577 5266 2707 5320 edit.
2754 5266 3078 5335 Quercetani
3119 5271 3329 5328 initium
3371 5285 3458 5330 est

1877 5345 2043 5384 carm.
2091 5332 2212 5405 I99,
2241 5335 2384 5405 quod
2410 5349 2534 5389 cum
2587 5332 2935 5405 sequentibus
2964 5342 3212 5398 versibus
3251 5345 3454 5401 nullam

1875 5403 2264 5476 connexionem
2296 5403 2489 5476 habet;
2528 5403 2689 5476 atque
2722 5408 2848 5463 hinc
2873 5409 2996 5468 inde
3017 5413 3314 5472 detractum
3353 5419 3456 5472 sub

1877 5473 1978 5526 hoc
2006 5471 2486 5598 titulgsgosuimus.
2511 5471 2645 5532 Vide
2668 5493 2830 5548 supra
2852 5495 3073 5537 carmen
3097 5483 3204 5541 208
3231 5495 3286 5540 et
3312 5471 3455 5542 infra

1877 5557 2020 5597 carm
2061 5559 2092 5596 n
2233 5583 2246 5597 .

1873 5557 2092 5597 carmen
2122 5557 2246 5597 2W.

1946 5623 1969 5652 ο
2004 5611 2287 5701 beationes
2317 5614 2630 5674 differentes
2652 5631 2718 5673 ex
2758 5620 2879 5679 cod.
2913 5636 3017 5678 ms.
3059 5622 3456 5701 Salisburgeusi

1867 5681 2259 5741 adnotavimus.

2943 5849 3022 5911 ‘15
