3866 6170
396 268 499 331 πε

400 396 572 465 Atque
601 390 678 446 tui
700 398 877 445 tecum
899 382 1201 441 valeant'in
1226 380 1418 438 secula
1442 378 1576 435 nati.

400 485 468 542 Et
486 461 672 555 caput
710 479 860 537 orbis
898 478 1093 542 honor,
1143 487 1339 547 magno
1386 468 1517 545 [ιιι.
1551 466 1692 533 Sal.,
1725 461 1973 536 magnus]

463 587 545 613 τι,
650 572 651 575 ‘
720 588 721 593 η
1406 559 1973 636 [ιεονιιιρινιιειοε

399 666 483 724 Tu
521 679 743 740 goque
774 661 1001 733 iustitia
1038 666 1336 730 sceptrum,
1368 656 1473 710 lux
1498 653 1631 726 illa,
1796 650 1976 750 satis,

1700 782 1707 787 .
1730 741 1979 814 [honoris

402 848 699 919 Perpetuus
746 844 879 920 [1th,
918 836 1225 914 perpetuis]
1255 837 1438 892 valcas
1482 834 1703 890 ChriSto
1745 834 1979 893 donante

1648 923 1977 1000 [triumphis.

403 1032 650 1103 Claviger
670 1026 949 1091 aetherius,
981 1017 1360 1097 doctorsimul
1387 1018 1620 1089 inclytus
1654 1015 1803 1071 orbis
1822 1054 1837 1079 ,

405 1124 481 1181 Te
512 1123 764 1197 precibus
787 1117 994 1191 pariter
1019 1121 1306 1171 conservet
1329 1126 1542 1181 semper
1560 1108 1765 1178 ubique
1780 1124 1803 1159 ς
1884 1174 1891 1181 δ
1972 1144 1979 1153 .

401 1214 489 1280 Εῑ,
514 1229 649 1284 quos
675 1212 847 1267 Roma
874 1216 1022 1264 tenet
1048 1206 1254 1262 circum
1283 1219 1380 1259 sua
1411 1200 1635 1263 muenia,
1665 1197 1839 1253 sancti

403 1307 512 1361 Vos
537 1304 789 1375 precibus
810 1300 1018 1372 pariter
1046 1296 1249 1353 sanctis
1273 1286 1525 1351 tueantur
1550 1292 1769 1361 ubique.

403 1398 447 1455 Ο
479 1399 687 1462 Patres,
710 1393 961 1467 populus,
988 1391 1245 1446 Romanae
1270 1387 1452 1460 ,gloria
1487 1384 1663 1458 gentis
1689 1424 1705 1449 ,

406 1490 633 1560 Semper
658 1487 713 1543 in
747 1493 1035 1550 mternum,
1060 1482 1288 1538 Domino
1323 1480 1638 1544 miserante,
1662 1476 1875 1532 valete!

962 1666 969 1671 .
1031 1613 1039 1631 '
1058 1612 1323 1669 CCXXV.

717 1711 801 1772 Ad
830 1709 1053 1764 Leonas
1079 1706 1218 1762 sedis
1248 1704 1589 1776 apostolicum
1615 1716 1663 1757 ι.

407 1803 738 1862 Pon‘tilicalis
782 1816 943 1872 apex,
979 1800 1252 1871 princeps,
1311 1796 1643 1869 patriarcha,
1688 1795 1983 1859 sacerdos,

408 1894 610 1950 Prcesul
636 1899 815 1953 amate
842 1892 971 1955 Deo,
1001 1898 1311 1945 sanctorum
1333 1897 1520 1944 sancte
1542 1888 1804 1957 magister
1821 1925 1857 1953 ,.

406 1986 601 2041 Pastor
628 1981 978 2054 apostolicus,
1009 1995 1237 2050 magnus
1257 1980 1365 2035 Leo
1388 1992 1546 2050 papa,
1573 1980 1771 2034 valeto.

406 2077 553 2142 Lux,
568 2077 737 2137 decus
756 2073 1035 2140 Ecclesite,
1059 2074 1314 2129 Romanae
1326 2073 1508 2144 gloria
1536 2072 1749 2143 gentis,

412 2169 481 2239 Et
509 2166 686 2243 patrio
710 2164 901 2235 patriae
929 2164 1125 2234 populo
1150 2178 1273 2233 spes
1298 2176 1488 2232 magna
1511 2162 1702 2217 salutis
1735 2179 1748 2214 :

410 2256 670 2328 Egregius
696 2253 909 2318 doctor,
930 2253 1141 2311 meritis
1156 2263 1223 2309 .et
1238 2253 1466 2309 nomine
1491 2251 1705 2319 clarus,

416 2349 687 2403 Virtutum
709 2345 879 2400 titulis
902 2353 1015 2399 toto
1038 2345 1330 2425 plraaclarus
1353 2345 1408 2399 in
1444 2345 1597 2400 orbe.

413 2439 490 2497 Te
519 2440 662 2496 Deus
697 2446 952 2499 teternus,
980 2439 1166 2496 mundi
1189 2439 1508 2494 mitissimus
1534 2445 1725 2494 auctor
1749 2478 1764 2504 ,

414 2532 667 2589 Salvator
685 2531 899 2603 generis
920 2530 1166 2594 humani,
1195 2531 1464 2585 maximus
1482 2532 1689 2597 haeres,

413 2621 671 2693 Protegat
698 2628 863 2690 atque
889 2627 1046 2689 regat
1074 2620 1324 2688 longaevo
1347 2629 1585 2689 tempore
1609 2634 1801 2674 sanum
1828 2635 1849 2671 ς
1900 2662 1903 2665 .

413 2713 593 2782 Atque
621 2712 720 2773 tibi
751 2711 957 2767 tribuat
979 2709 1159 2767 felicia
1183 2718 1425 2780 tempora
1450 2711 1727 2767 clemens:

414 2801 626 2871 Augeat
649 2808 704 2854 et
725 2814 1011 2855 numerum
1039 2799 1244 2869 populi,
1270 2816 1368 2871 per
1388 2801 1640 2870 dogmata
1668 2800 1828 2857 verbi.

419 2891 492 2949 Ut
514 2889 830 2961 multiplicia
859 2890 1011 2944 laetus
1033 2890 1287 2951 mercede,
1310 2892 1543 2957 laboris,

417 2978 743 3036 Celsithroni
764 2979 948 3055 videns
972 2977 1164 3045 faciem
1194 2982 1312 3039 sine
1334 2982 1443 3053 fine
1464 2985 1719 3047 beatam.

416 3070 653 3142 Principi
676 3071 971 3142 apostolico
1002 3071 1163 3127 Petro
1188 3072 1507 3142 coniunctus
1529 3077 1579 3131 in
1598 3094 1800 3141 aevum,

416 3164 557 3217 Arce
580 3160 1111 3233 poleht-istelietus
1128 3162 1184 3218 in
1210 3161 1457 3221 laudibus
1481 3165 1656 3221 almis.
1870 3218 1875 3223 .

424 3253 506 3307 Tu
545 3266 673 3324 rege
698 3252 961 3308 doctrinis
989 3253 1170 3308 munia
1202 3254 1318 3310 laus
1345 3254 1371 3293 δ
1400 3272 1563 3327 regna
1598 3274 1695 3327 per
1717 3259 1925 3315 orbem.

420 3341 622 3396 Charta
646 3349 737 3394 tua
759 3350 962 3406 currat,
990 3342 1200 3412 signata
1230 3343 1284 3396 in
1307 3345 1522 3400 nomine
1552 3362 1737 3409 sacro,

423 3430 527 3484 Per
556 3436 780 3511 terram,
809 3430 1048 3501 pelagus,
1079 3432 1344 3502 regiones,
1388 3449 1574 3506 regna,
1609 3451 1707 3505 per
1734 3436 1929 3507 urbes.
1968 3476 1975 3483 ι

424 3521 732 3575 Exhortans
758 3530 951 3593 sancto
973 3530 1198 3577 cunctos
1219 3539 1465 3580 sermone
1502 3525 1760 3596 legentes.

426 3611 644 3667 Semina
663 3625 730 3666 ne
761 3611 883 3666 vita:
906 3611 1178 3667 maculent
1203 3613 1408 3669 zizania
1435 3616 1623 3672 mortis
1644 3658 1658 3682 ,
1792 3596 1800 3603 ’

416 3696 659 3761 Ἑνεεοειῐ
677 3703 746 3758 ab
774 3698 869 3758 ore
899 3711 989 3756 tuo
1013 3702 1273 3759 cmlorum
1302 3706 1528 3761 candida
1569 3708 1789 3776 messis,

428 3786 581 3848 Unde
608 3791 703 3847 Dei
727 3791 955 3865 populus
978 3794 1125 3847 vivat
1147 3793 1379 3851 feliciter
1403 3798 1582 3854 omnis
1615 3816 1629 3853 :

426 3879 675 3938 Gaudeat
696 3887 1157 3938 et'teuea‘t’tecum
1177 3882 1417 3941 cailestia
1445 3904 1607 3959 regna

432 3972 659 4043 Semper
681 3972 735 4028 in
756 3980 1042 4040 aternum,
1065 3990 1276 4031 summo
1299 3977 1532 4045 donante
1546 3990 1791 4039 tonante.
1838 3966 1841 3973 “

432 4064 567 4119 Vive
594 4064 705 4120 Deo
725 4063 873 4129 felix,
903 4064 1028 4121 felix
1064 4074 1122 4121 et
1142 4066 1259 4122 vive
1280 4084 1377 4139 per
1403 4086 1597 4133 mvum,

428 4154 608 4209 Aurea
638 4152 729 4209 lux
751 4154 956 4220 mundi,
992 4164 1154 4211 terra:
1175 4155 1455 4228 sal,porta
1474 4159 1696 4226 salutis,
1900 4222 1905 4229 ,

438 4245 506 4300 Et
531 4245 697 4301 decus
722 4243 997 4310 Eccle‘sim,
1027 4248 1359 4320 gemmisque
1379 4264 1579 4307 corona
1605 4251 1899 4323 refulgens.

432 4337 521 4427 Sis
549 4350 755 4392 memor
772 4334 980 4419 Albini,
1008 4347 1268 4394 memoret
1293 4347 1345 4394 te
1364 4342 1538 4412 gratia
1562 4341 1767 4399 Christi
1781 4385 1796 4407 ,

432 4416 562 4496 Qua:
599 4435 652 4481 te
677 4416 975 4492 conservet,
1002 4428 1197 4496 praesul
1235 4430 1594 4498 sanctissime,
1633 4449 1863 4505 semper.

1081 4560 1358 4619 CCXXVL
1648 4628 1653 4633 _

667 4653 751 4708 Ad
778 4653 1002 4709 Leonem
1024 4653 1373 4725 apostolicum
1400 4655 1543 4712 urbis
1571 4656 1770 4715 80mm.

431 4744 764 4802 Pontificalis
797 4762 959 4816 apex,
992 4754 1055 4802 et-
1072 4746 1283 4817 primus
1310 4747 1367 4801 in
1393 4748 1526 4803 orbe
1552 4751 1805 4808 sacerdos
1821 4792 1836 4817 ,

501 4836 695 4892 Pastor
719 4837 1068 4907 apostolicus,
1100 4852 1236 4908 papa
1261 4839 1436 4894 valeto
1465 4840 1593 4896 Leo.

434 4926 634 4984 Sancte
660 4926 854 5007 Pater,
874 4928 1065 4999 patriae
1087 4930 1330 4998 ριωςιςιιτί
1359 4942 1413 4987 et
1441 4933 1653 5007 culmen
1682 4935 1936 5002 honoris,

464 5020 712 5103 “Dignus
736 5018 788 5075 in
819 5021 951 5074 urbe
978 5036 1153 5089 sacra,
1184 5022 1372 5078 doctus
1402 5024 1453 5079 in
1483 5027 1615 5082 orbe
1637 5029 1842 5098 procul.

433 5108 665 5167 Iustitia:
693 5109 1119 5175 cultor,'sanct:c
1143 5119 1197 5165 ct
1224 5112 1438 5181 pietatis
1465 5122 1694 5170 amator.

426 5254 431 5267 ,
504 5201 723 5279 Firnius
742 5200 1038 5275 ﬁIIHOﬂlCllS,
1069 5216 1230 5258 verus
1262 5202 1314 5257 in
1338 5202 1588 5274 eloquiis.

437 5292 518 5348 Tu
538 5291 996 5356 decus'Eeeiesize,
1025 5292 1211 5349 mundi
1243 5293 1380 5358 laus,
1408 5294 1577 5365 gloria
1600 5295 1733 5352 cieri
1755 5336 1769 5361 ,

505 5376 829 5454 Exemplum
845 5380 991 5447 vitae,
1016 5381 1188 5439 forma
1208 5384 1398 5441 salutis
1431 5401 1555 5464 ope.

512 5529 537 5557 ι
564 5518 643 5573 Ita
688 5516 1076 5583 Quercetanus.

508 5586 553 5626 ir
570 5587 750 5655 hocne
774 5594 1079 5655 corruptus.
1120 5587 1304 5654 Forte,
1333 5586 1622 5643 mundana.

514 5664 538 5692 ο
570 5652 771 5706 Versus
798 5652 1103 5721 corruptus.

1215 264 1276 320 Β.
1318 262 1383 321 r.
1423 256 1830 318 statuisse
1869 232 2150 314 ALCUlNl
2190 249 2481 309 orsum:
2522 244 2704 302 ritus
2744 241 2831 299 v1.

1998 375 2053 435 Δ
2077 369 2155 425 Te
2181 368 2324 425 Deus
2347 374 2604 429 aeternus,
2636 352 3074 415 multiS’felielter
3097 347 3253 405 annis
3270 391 3282 410 ,

2146 411 2154 422 .
2183 406 2324 425 νυν,
2347 406 2604 429 ω..........,
2636 406 2818 415 --.----,
3024 406 3037 408 _
3270 406 3279 410 τ

2146 458 2421 514 Concedat
2438 468 2653 511 sacrum
2673 446 3031 519 multiplicare
3057 456 3186 513 grcg
3206 456 3293 495 1n.
3470 406 3488 443 ¹

2075 548 2148 606 Ut
2167 549 2284 604 laus
2310 556 2369 602 et
2380 558 2599 602 merces
2633 548 2863 596 maneat-
2878 535 2999 600 tibi,
3022 541 3212 590 sancte
3234 526 3530 594 sacculos,

2148 638 2706 707 Temporeperpetue
2727 628 2878 699 pacis
2903 626 2958 681 in
2983 625 3115 680 orbe
3144 633 3323 676 sacro.

2075 725 2339 797 Dogmata
2367 722 2567 781 divina:
2589 720 3081 791 legisreuoventur
3107 712 3325 781 ubique.

2148 818 2251 874 Per
2275 825 2347 881 te,
2374 830 2578 886 perque
2607 824 2782 878 tuum,
2800 808 3223 870 sanetePater,
3253 802 3498 859 studium

2080 912 2195 968 lloc
2222 924 2359 980 opus
2394 907 2605 978 antiqui
2630 904 2824 960 Patres
2850 902 3160 968 feceretpcr
3195 894 3419 955 orbem»

2154 1000 2569 1070 Quorumdicta
2593 994 2973 1065 modomagina
3000 1004 3152 1047 sacra
3173 987 3351 1051 canit,

2082 1095 2150 1150 Et
2172 1092 2389 1148 virtutis
2414 1092 2584 1146 bonos
2599 1090 2717 1145 lato
2735 1087 3042 1143 celebratur
3064 1081 3122 1136 in
3140 1080 3308 1143 orbe;

2153 1183 2404 1240 Caelestis
2425 1186 2667 1251 quorum.
2681 1177 2899 1234 nomina
2927 1176 3119 1231 charta
3139 1180 3321 1232 tenet,

2085 1276 2151 1331 Et
2181 1276 2297 1330 laus
2315 1279 2572 1343 perpetuo
2600 1269 2855 1324 decantat
2894 1264 3135 1321 carmine
3156 1260 3419 1324 mundus,

2155 1365 2496 1436 Principibus
2518 1369 2725 1419 structa
2750 1370 2837 1416 εει
2863 1356 3061 1413 talibus
3086 1351 3348 1411 Ecclesia.
3582 1418 3587 1423 ι

2081 1457 2204 1515 Hoc
2245 1473 2401 1527 opus,
2442 1456 2549 1509 hoc
2567 1452 2834 1515 studium,
2865 1446 3049 1517 magni
3073 1453 3159 1500 est
3178 1442 3416 1513 pastoris
3440 1440 3497 1496 in
3516 1440 3660 1507 orbe,

2154 1549 2361 1618 Nempe
2386 1546 2593 1602 talenta
2618 1542 2722 1598 sibi
2747 1538 3106 1608 multiplicare
3138 1536 3284 1614 data.

2088 1642 2450 1716 228Totus
2476 1640 2608 1695 hora
2637 1635 2855 1706 quidem
2871 1638 3136 1702 properat
3173 1626 3360 1683 mundi
3386 1636 3534 1680 οη...

2162 1735 2233 1790 Ut
2257 1729 2531 1803 quondam
2554 1735 2712 1783 vates
2727 1724 3074 1794 praecinuere
3098 1719 3260 1774 sacri.

2091 1823 2157 1879 Et
2178 1823 2344 1893 judex
2370 1820 2561 1891 vigilat
2588 1816 2867 1873 hominum
2893 1826 3057 1883 super
3088 1819 3209 1867 acta
3245 1823 3545 1879 supernus,

2164 1916 2238 1971 Ut
2254 1920 2479 1970 cunctos
2505 1905 2969 1980 propriisjudicet
2989 1918 3054 1960 ex
3085 1902 3316 1957 meritis.

2092 2007 2245 2062 Tunc
2272 2003 2505 2059 famulus
2528 2006 2703 2056 sumet
2724 1999 3040 2054 meritorum
3073 1994 3213 2049 dona
3248 1990 3425 2046 fidelis
3443 2028 3468 2055 ,

2162 2098 2342 2152 Laetus
2360 2101 2417 2153 et
2454 2090 2678 2148 intrabit
2705 2086 2898 2159 gaudia
2926 2100 3136 2141 stunma
3156 2082 3272 2138 Dei.

2095 2189 2174 2243 Tu
2213 2200 2427 2258 quoque
2448 2190 2632 2241 sancte
2653 2181 2833 2243 Pater,
2861 2177 3076 2233 laudem
3097 2175 3239 2233 inter
3258 2173 3358 2230 bos
3376 2167 3601 2228 habebis

2168 2279 2492 2335 Sanctorum
2525 2275 2693 2338 cives,
2718 2272 2902 2328 clarus
2922 2270 2977 2324 in
3000 2268 3132 2327 orbe
3159 2267 3287 2337 poli.

2098 2371 2171 2428 Ut
2196 2380 2326 2433 tunc
2352 2384 2475 2429 esse
2495 2367 2651 2423 bonis
2676 2365 2805 2420 felix
2835 2361 3097 2421 merearis

2167 2463 2322 2519 Nunc
2344 2463 2513 2518 durus
2538 2460 2636 2516 tibi
2657 2459 2730 2516 sit
2749 2457 2931 2515 nullus
2954 2456 3008 2511 in
3032 2455 3166 2512 orbe
3185 2455 3359 2509 labor.

2097 2556 2387 2612 Panarum
2412 2567 2608 2625 genera
2637 2556 2961 2620 spreverunt
2977 2546 3163 2603 omnia
3184 2544 3355 2603 sancti
3372 2586 3394 2610 ,

2167 2643 2304 2700 Cum
2325 2642 2546 2698 Christo
2580 2648 2640 2695 ut
2667 2646 2927 2710 caperent
2962 2651 3129 2707 regna
3155 2635 3312 2697 beata
3338 2634 3470 2705 poli.

2100 2735 2306 2791 Horum
2330 2740 2517 2801 sancta
2542 2745 2777 2800 sequens
2804 2728 2935 2784 felix
2957 2725 3182 2797 vestigia
3200 2732 3397 2796 pastor
3412 2765 3434 2790 ,

2174 2822 2444 2879 Doctrinis
2480 2820 2678 2879 mentis
2708 2834 2830 2876 cum
2856 2817 3060 2889 pietate
3081 2816 3251 2875 Sacris
3280 2832 3293 2868 :

2105 2914 2177 2973 Ut
2200 2923 2252 2971 te
2276 2912 2550 2986 perpetuis
2577 2910 2839 2967 caelorum
2875 2908 3046 2980 gloria
3069 2907 3225 2967 denis
3323 2951 3336 2962 .

2176 3008 2311 3064 Cum
2346 3006 2563 3063 Christo
2583 3012 2641 3059 et
2663 2999 2868 3059 sanctis
2894 3000 3147 3072 accipiat,
3177 3009 3395 3067 teneat.‘

2023 3088 2077 3156 Β
2106 3100 2327 3157 Miserat
2351 3099 2495 3153 hunc
2521 3110 2747 3167 puerum
2785 3101 2978 3163 vestra;
3003 3092 3218 3163 pietatis
3248 3098 3490 3154 amator,

2173 3194 2377 3267 Prtesul
2400 3192 2728 3248 Eantbaldus
2756 3189 2782 3230 ἀ
2811 3204 3034 3244 munera
3057 3200 3220 3259 parva
3245 3200 3459 3257 gerens.

2103 3291 2275 3359 Quem
2300 3297 2391 3342 tua
2417 3285 2676 3355 suscipiat
2697 3284 2933 3346 bonitas,
2953 3281 3201 3346 obsecro,
3224 3278 3455 3349 benigne
3475 3315 3492 3342 ,

2026 3374 2034 3381 ’
2178 3379 2245 3435 Et
2269 3376 2397 3451 [est]
2428 3376 2659 3431 famulus
2682 3383 2883 3439 vester,
2911 3373 3053 3428 filius
3085 3380 3244 3441 atque
3271 3383 3445 3426 meus.

2108 3469 2362 3528 Ecclesia:
2383 3482 2577 3537 magno
2603 3480 2751 3539 papm
2776 3473 2830 3519 et
2856 3474 3075 3534 pastore
3098 3463 3263 3518 Leoni

2178 3562 2404 3623 Albinus
2437 3560 2691 3635 chartam
2706 3544 3090 3614 miseratbanc
3118 3555 3370 3612 famulus.

2754 3671 3053 3729 CCXXVII.
3131 3689 3139 3692 ν

2556 3746 2636 3799 Ad
2680 3743 2929 3799 Carolum
2972 3742 3247 3812 Magnum.

2108 3838 2191 3893 Ad
2213 3852 2311 3894 nos
2337 3837 2534 3909 quippe
2557 3845 2679 3890 tuus
2706 3834 2936 3889 famulus
2966 3832 3215 3887 veniebat
3238 3829 3500 3886 Homerus
3526 3838 3570 3893 ο,

2182 3926 2380 3980 Nuntia
2408 3925 2531 3980 laeta
2552 3924 2729 3978 ferens
2754 3923 2920 3977 David
2946 3922 3015 3977 ab
3040 3936 3136 3975 ore
3163 3930 3275 3974 tuo.

2113 4015 2337 4071 Fecerat
2371 4024 2427 4071 et
2454 4014 2705 4069 Flaccum
2733 4000 3051 4084 gaudentem
3078 4013 3131 4074 in
3170 4020 3390 4082 pectore
3416 4016 3667 4071 vestrum,

2183 4106 2367 4179 Deque
2386 4106 2558 4173 salute
2585 4113 2694 4171 tua,
2731 4106 2796 4161 de
2816 4104 3122 4175 sobolisquc
3155 4112 3278 4167 tuae.

2113 4194 2159 4251 Ο
2186 4184 2317 4252 mihi
2333 4195 2513 4251 dulcis
2555 4211 2731 4259 amor,
2760 4193 2932 4249 dulcis
2959 4194 3246 4264 prxscntia
3275 4191 3472 4250 Christi
3490 4231 3508 4256 ,

2186 4291 2350 4346 Dulce
2378 4276 2530 4347 tuum
2550 4289 2811 4354 studium,
2837 4298 2894 4343 et
2918 4287 3088 4345 dulcis
3110 4287 3178 4342 ab
3207 4301 3302 4341 ore
3324 4301 3503 4343 sonus.

2117 4383 2304 4451 Tuque
2327 4382 2514 4456 tuique
2540 4380 2696 4435 simul
2726 4394 2826 4451 per
2857 4378 3051 4435 szrcula
3083 4392 3296 4447 semper
3322 4376 3479 4431 amici

2042 4444 2096 4507 υ
2186 4444 2527 4538 Pervaleant,
2560 4444 2798 4542 vigeant,
2826 4470 2995 4525 David
3015 4444 3216 4540 ubique
3236 4468 3376 4524 vale.

2117 4566 2269 4621 Hunc
2297 4567 2493 4619 iterum
2523 4580 2748 4634 puerum
2776 4573 2969 4621 vestrae
3006 4563 3204 4632 pietate
3229 4560 3440 4623 remisi,

2188 4654 2401 4710 Serviat
2423 4661 2481 4707 ut
2504 4653 2661 4707 nobis
2680 4651 2794 4725 [F.,
2824 4651 2995 4725 vobis]
3021 4652 3278 4716 (armine,
3303 4650 3480 4713 corde,
3498 4658 3667 4701 manu.

2745 4763 3063 4821 CCXXV’Ill.

2332 4837 2416 4891 Ad
2439 4836 2699 4901 eumdem,
2739 4835 2805 4891 de
2833 4835 3020 4890 studiis
3060 4836 3114 4889 in
3136 4833 3269 4887 aula
3317 4832 3477 4904 regia.

2120 4929 2394 4985 Venerunt
2425 4927 2606 4998 apices
2632 4935 2828 4981 vestra:
2852 4924 3067 4996 pietatis
3094 4924 3162 4979 ab
3183 4921 3304 4977 aula
3327 4962 3341 4987 ,

2121 5018 2167 5076 Ο
2207 5019 2404 5075 dilecte
2434 5018 2563 5084 Deo,
2592 5014 2760 5071 David
2785 5015 3117 5081 dulcissime,
3145 5012 3378 5078 Flacco;

2117 5111 2403 5166 Portantes
2428 5098 2621 5163 vestrae
2650 5108 2803 5162 nobis
2830 5107 2919 5177 pia
2947 5107 3084 5161 dona
3109 5104 3328 5168 salutis,

2119 5203 2292 5270 Quam
2331 5203 2473 5258 Deus
2511 5201 2856 5270 omnipotens
2899 5213 3115 5268 semper
3137 5200 3515 5267 superangent,
3534 5195 3662 5258 opto.

2121 5290 2202 5345 Tu
2230 5291 2367 5356 laus,
2392 5303 2621 5361 spesque
2644 5290 2774 5353 tuis,
2796 5296 2916 5343 toto
2937 5296 2992 5342 tu
3024 5287 3216 5357 gaudia
3242 5298 3411 5357 regno
3440 5301 3454 5338 :

2120 5382 2199 5439 Tu
2230 5382 2396 5439 decus
2420 5382 2689 5447 Ecclesiae,
2722 5390 2922 5446 rector,
2955 5380 3227 5446 defensor,
3256 5387 3466 5435 amator
3498 5377 3525 5434 ε’

2189 5521 2213 5560 ἀ
2268 5520 2476 5576 Prtrsul
2528 5520 2880 5590 Eantbatdua.
2930 5523 3013 5577 An
3060 5519 3371 5589 Elmbaldus
3412 5518 3675 5590 episcole

2120 5588 2492 5663 Eboracensis,
2523 5592 2590 5646 de
2614 5608 2720 5662 quo
2750 5586 2877 5649 alibi
2905 5586 3130 5663 sacpius?

2194 5672 2215 5697 ο
2245 5662 2300 5714 Li
2322 5672 2401 5716 est
2432 5661 2795 5732 Angill‘ertrls.
