3890 6160
237 224 336 285 781
1397 219 1732 276 CABMINA.
1773 249 1812 260 -

1941 220 1972 275 D
2014 217 2282 275 VARIOS.
2617 231 2622 238 '
2914 233 2924 250 κ
3399 212 3503 270 782

241 345 319 399 Tu
358 342 548 413 dignos
575 340 824 411 equidem
853 337 1046 398 misisti
1086 346 1230 392 sorte
1259 335 1540 392 ministros

239 434 532 492 Ordinibus
565 433 758 496 sacris,
785 433 897 500 jam
927 447 1023 501 per
1047 433 1162 485 loca
1195 439 1321 484 nota
1344 428 1586 498 capellae.

241 533 380 588 Ecce
404 530 716 586 sacerdotes
733 528 935 584 Christi
961 543 1058 583 sua
1087 527 1209 596 jura
1235 525 1491 580 tenebunt
1523 539 1535 575 :

238 622 475 678 ()liiciale
503 621 671 674 decus
711 629 930 674 servent
964 615 1228 689 [servant]
1270 615 1371 670 sibi
1403 614 1505 668 rite
1549 610 1781 667 ministri
1802 651 1817 675 ,

239 713 610 782 Nathaneique
637 726 734 765 suo
768 711 1003 782 gaudent
1027 710 1128 763 sub
1161 708 1402 778 principe
1431 714 1602 761 certo.

237 808 544 859 Accurrunt
577 801 772 856 medici
802 815 926 854 mox
948 798 1326 867 Hippocratica
1360 804 1498 849 tecta
1521 835 1538 860 ,

241 897 337 951 llic
359 909 527 948 venas
551 891 748 955 fundit,
778 891 976 946 herbas
999 891 1088 945 hic
1117 889 1312 943 miscet
1330 889 1383 942 in
1405 887 1513 942 olla
1537 905 1553 943 :

238 988 328 1041 Ille
354 985 538 1053 coquit
563 983 757 1052 pultes,
793 982 930 1037 alter
954 982 1048 1036 sed
1068 981 1259 1051 pocula
1281 979 1499 1051 praefert
1522 997 1538 1035 :

240 1080 307 1132 Et
357 1087 563 1139 tamen,
630 1089 665 1128 ο
727 1073 950 1128 medici!
1017 1073 1229 1129 cunctis
1294 1072 1587 1143 impendite
1640 1079 1822 1141 grates

1461 1163 1582 1237 [F.,
1601 1161 1818 1235 gratis.)

240 1268 310 1320 Ut
337 1266 590 1320 manibus
618 1264 814 1320 vestris
839 1261 978 1316 adsit
1004 1260 1310 1315 benedictio
1335 1257 1539 1314 Christi
1576 1274 1589 1310 :

239 1355 366 1410 Haec
390 1354 524 1410 mihi
563 1362 755 1408 cuncta
782 1351 1018 1421 placent,
1041 1352 1142 1406 iste
1168 1358 1252 1404 est
1281 1348 1564 1405 laudabilis
1583 1348 1734 1403 ordo.

205 1446 379 1512 -Quid
406 1444 556 1500 Maro
584 1442 865 1497 versificus
890 1441 1036 1496 solus
1063 1443 1306 1510 peccavit
1336 1442 1390 1496 in
1414 1440 1575 1495 aula?

239 1535 358 1588 Non
389 1534 489 1588 fuit
517 1534 602 1588 ille
626 1532 789 1586 Pater
809 1531 921 1601 jam
946 1531 1140 1602 dignus
1165 1533 1366 1587 habere
1389 1531 1707 1602 magistrum
1731 1571 1745 1593 ,

238 1627 344 1693 Qui
369 1628 521 1680 daret
547 1625 792 1696 egregias
813 1623 995 1694 pueris
1015 1639 1113 1693 per
1138 1631 1278 1678 tecta
1317 1635 1590 1678 camenas.

1843 351 1894 405 ,Α
1925 331 2188 387 Dilectum
2215 329 2382 385 David
2412 344 2675 386 conserva
2699 329 2754 384 in
2782 327 2977 385 sacula
3003 327 3201 394 multa;

1926 423 2266 494 Iit-gaudens
2293 423 2442 477 vivat
2469 422 2619 487 felix,
2645 432 2698 478 et
2729 437 2987 492 prospere
3010 429 3218 490 regnet.

1923 514 2110 570 Omnis
2145 515 2347 584 ubique
2372 515 2532 570 simul
2571 514 2801 585 populus
2830 515 3154 584 respondeat
3183 530 3197 566 :
3226 511 3429 566 Amen!

1922 607 2227 662 Clementer
2253 607 2400 661 mitis
2446 606 2641 676 popqu
2676 608 2936 662 miserere
2965 605 3173 660 misello
3203 622 3216 658 :

1923 696 2066 752 Grex
2096 705 2179 751 est
2199 697 2398 768 quippe
2418 706 2561 764 tuus,
2583 706 2641 751 tu
2666 705 2851 768 pastor
2872 697 3118 752 amabilis
3147 696 3254 761 illi,

1925 791 2223 846 Mercedem
2249 792 2450 845 tribuet
2479 791 2692 846 tibimet
2711 807 2808 861 per
2833 791 3024 847 saecula
3056 790 3324 846 Christus.

1924 879 2076 934 Nunc
2099 879 2280 934 valeas
2306 879 2501 934 iterum
2525 889 2580 935 et
2605 895 2818 950 semper
2841 882 2894 934 in
2917 881 3076 936 smcla
3098 881 3306 935 valeto!

2583 995 2842 1052 CCXXX.

2519 1087 2602 1141 Ad
2655 1088 2914 1143 eumdem.

1924 1201 2212 1280 Splendida
2243 1202 2367 1256 dum
2396 1200 2581 1255 rutilat
2606 1201 2778 1262 roseis
2812 1201 2996 1272 auriga
3025 1200 3302 1270 quadrigis

1992 1293 2332 1349 Perfundens
2359 1293 2581 1364 pelagus
2611 1294 2729 1347 luce
2764 1309 2898 1347 nova
2934 1294 3226 1364 liquidum:

1924 1384 2155 1439 Discutit
2180 1399 2246 1438 ex
2275 1384 2448 1439 oculis
2495 1391 2790 1438 nocturnos
2816 1384 3009 1454 pollice
3036 1399 3286 1442 somnos.

1993 1474 2112 1529 Mox
2142 1476 2325 1530 senior
2345 1481 2516 1529 strato
2543 1474 2755 1544 prosilit
2782 1474 2896 1544 ipse
2925 1488 3057 1527 suo:

1922 1565 1977 1618 In
2007 1579 2228 1635 campos
2257 1573 2498 1619 veterum
2523 1580 2874 1635 procurrens,
2908 1579 3134 1634 carpere
3169 1563 3327 1618 ﬂores

1997 1654 2326 1722 Rectilocos,
2371 1656 2498 1711 ludo
2521 1665 2799 1727 spargeret
2816 1665 2874 1711 ut
2902 1657 3086 1726 pueris
3114 1673 3128 1711 :

238 1719 384 1785 Quid
408 1718 570 1772 faciet
599 1716 773 1770 Belcel
800 1715 1009 1772 biliacis
1033 1715 1222 1769 doctus
1246 1715 1298 1769 in
1320 1715 1474 1768 odis?
1850 1705 1898 1767 B

238 1810 355 1863 Cur
383 1825 508 1878 rogo
533 1823 636 1860 non
664 1806 837 1860 tenuit
864 1805 1101 1860 scholam
1131 1805 1233 1859 sub
1259 1803 1476 1862 nomine
1511 1801 1717 1873 patris?

239 1900 387 1967 Quid
420 1897 577 1953 faciet
603 1897 787 1950 tardus
811 1905 1006 1950 canuto
1035 1895 1238 1949 vertice
1265 1895 1502 1949 Drances
1524 1934 1539 1958 ,

237 1991 482 2047 Consilio
507 1990 732 2053 validus,
764 1989 936 2060 gelida
962 1997 1046 2043 est
1071 2004 1170 2042 ceu
1197 1989 1417 2042 dextera
1441 1987 1618 2042 bello?

237 2082 488 2138 Zacheus
513 2080 761 2136 arborem
782 2079 1095 2134 conscendit
1131 2093 1330 2147 parvus
1360 2094 1412 2130 in
1441 2077 1604 2130 altam
1627 2115 1642 2141 ,

240 2173 316 2230 Ut
337 2173 512 2228 videat
536 2172 745 2226 turbam
770 2170 1096 2240 scriptormn
1127 2184 1347 2224 currere
1377 2169 1578 2223 circum
1597 2209 1612 2233 ,

238 2264 547 2328 Litternlis,
579 2265 804 2328 chartis,
835 2263 1048 2317 miseris
1081 2262 1272 2316 solatia
1300 2268 1536 2330 priestat.

239 2354 361 2408 Non
408 2363 612 2424 tangat,
637 2362 844 2418 caveat,
867 2367 1157 2422 puerorum
1186 2351 1426 2421 sportula
1448 2352 1668 2405 dextras

237 2446 303 2501 Ja
315 2463 363 2500 ιιι
384 2456 528 2501 tenet
541 2447 674 2501 ordo
689 2463 841 2500 suttm
856 2447 1071 2515 proprie
1087 2460 1229 2499 nunc
1243 2445 1471 2515 quisque
1484 2443 1819 2514 magistrum.

238 2539 538 2610 Presbyter
559 2539 804 2610 egregius
828 2547 940 2592 toto
964 2538 1064 2593 sub
1084 2546 1301 2607 pectore
1316 2537 1504 2607 plenus
1521 2577 1536 2599 ,

238 2632 352 2687 Iste
391 2633 698 2686 sacerdotes
737 2630 895 2686 factis
921 2639 975 2685 et
1009 2645 1141 2685 voce
1169 2631 1468 2700 gubernat,

239 2728 386 2779 Ante
416 2725 533 2780 illos
555 2726 828 2797 gradiens,
862 2724 1160 2779 clarissima
1183 2722 1357 2778 forma
1382 2722 1570 2777 salutis
1596 2739 1608 2774 :

237 2821 393 2874 Ordo
423 2819 791 2882 ministrorum
819 2819 1063 2887 sequitur
1087 2827 1138 2871 te
1165 2815 1315 2870 Iesse
1345 2815 1680 2885 magistrum.

241 2911 366 2965 Vox
393 2910 488 2964 tibi
520 2910 655 2964 forte
683 2917 837 2964 sonat
866 2908 1066 2963 Christi
1099 2909 1309 2962 taurina
1341 2922 1440 2977 per
1474 2906 1681 2967 aulam,

244 3003 293 3058 II
307 3012 324 3055 ι
343 3003 498 3057 decet
523 3017 589 3056 ex
613 3002 721 3056 allo
755 3003 966 3071 populis
991 3002 1077 3071 pia
1104 3001 1265 3056 verba
1289 3001 1505 3070 legenti.

241 3096 490 3150 Candida
524 3095 793 3167 Sulpicius
825 3106 944 3165 post
972 3105 1025 3150 te
1057 3096 1222 3150 trahit
1245 3096 1456 3167 agmina
1481 3095 1683 3156 lector,

245 3187 365 3242 Hos
395 3193 564 3259 regat,
590 3197 645 3242 et
673 3187 881 3251 doceat,
913 3185 1078 3241 certis
1109 3200 1175 3241 ne
1208 3185 1522 3241 accentibus
1550 3194 1755 3240 errent.

243 3280 492 3334 Instituit
513 3293 708 3349 pueros
728 3276 938 3332 ldithuu
966 3277 1327 3332 modulamine
1353 3291 1508 3331 sacro
1525 3317 1542 3337 ,

247 3368 433 3438 thue
462 3384 623 3422 sonos
665 3367 848 3423 dulces
872 3367 1178 3430 decanteut,
1201 3381 1334 3421 voce
1363 3381 1578 3420 sonora.

247 3460 399 3526 Quot
417 3459 660 3530 pedibus,
686 3459 949 3522 numeris,
971 3459 1224 3529 rhythmo
1250 3467 1358 3514 stat
1381 3459 1611 3523 musica,
1634 3457 1828 3512 discat.

248 3551 517 3606 Noctibus
539 3549 789 3620 inspiciat
817 3550 938 3610 caeli
972 3567 1089 3604 mea
1121 3550 1226 3605 lilia
1258 3551 1472 3613 stelas,

249 3645 651 3713 Assuescatque
682 3643 848 3696 Deum
873 3657 1086 3712 semper
1109 3641 1327 3696 laudare
1354 3652 1659 3714 potentem,

247 3737 360 3804 Qui
387 3737 576 3791 calum
603 3735 771 3789 stellis
791 3737 1028 3799 ornavit,
1047 3735 1288 3803 gramine
1306 3743 1480 3790 terras
1499 3776 1516 3798 ,

248 3829 450 3884 Omnia
478 3829 566 3898 qui
600 3829 762 3882 verbo
793 3829 976 3882 tnundi
1008 3828 1264 3884 miracula
1294 3828 1441 3883 fetit.

251 3919 465 3974 Fistula
511 3929 634 3972 tunc
669 3918 844 3972 Flacci
871 3918 1147 3988 proprium
1173 3919 1266 3974 tibi
1300 3935 1540 3984 carmen,
1573 3919 1830 3983 Homere,

249 4012 379 4069 Jam
406 4012 581 4077 faciet,
609 4020 663 4064 tu
686 4011 810 4065 dum
847 4025 1054 4065 sacram
1088 4011 1312 4092 redieris
1338 4013 1390 4065 in
1425 4015 1623 4066 aulam.

250 4106 586 4174 Pcrpcmnm
617 4101 790 4157 valeat
828 4101 1054 4172 Thyrsis
1083 4103 1238 4157 simul
1271 4111 1430 4174 atque
1461 4103 1728 4164 Menalca,

253 4197 380 4264 Ipse
410 4193 643 4248 Menalca
671 4209 872 4261 coquos
899 4192 1048 4263 nigra
1076 4193 1299 4262 castiget
1328 4193 1378 4246 in
1403 4193 1522 4247 aula
1541 4234 1556 4257 ,

1924 1746 2070 1814 Quos
2120 1747 2240 1812 tibi,
2291 1747 2466 1803 dulcis
2499 1761 2673 1810 amor,
2716 1746 2908 1812 David,
2956 1747 3257 1802 clarissime
3285 1747 3511 1809 consul,

1994 1837 2220 1902 Obtulit,
2249 1847 2310 1894 ut
2335 1840 2511 1910 pietas
2548 1848 2730 1894 vestra
2773 1841 3031 1908 probaret
3053 1853 3168 1892 eos.

1923 1929 2088 2000 229
2118 1929 2355 1984 Tradere
2377 1929 2492 1998 jam
2526 1932 2711 2000 pueris
2743 1932 2941 1986 fierent
2973 1932 3018 1985 si
3045 1930 3230 1998 judice
3256 1931 3403 2002 digni

1996 2019 2092 2085 Te,
2118 2022 2282 2076 decus
2310 2036 2343 2075 ο
2379 2022 2602 2091 sephiae,
2635 2023 2871 2078 condere
2901 2023 3085 2086 corde,
3119 2023 3244 2077 tuis.

1925 2109 2006 2167 Tu
2032 2109 2283 2176 defende,
2319 2128 2532 2183 precor,
2570 2113 2732 2168 solita
2766 2112 2968 2183 pietate
2999 2121 3216 2184 poetam
3247 2154 3264 2177 ,

1995 2201 2097 2269 Qui
2126 2203 2329 2257 direxit
2347 2218 2520 2258 ovans
2547 2218 2773 2258 munera
2797 2218 2970 2273 pauca
3001 2204 3116 2256 tibi.

1925 2293 2066 2349 Sunt
2099 2295 2351 2364 equidem
2388 2295 2572 2365 plures
2599 2335 2614 2360 ,
2649 2298 2877 2366 cupiunt
2908 2295 3001 2364 qui
3035 2308 3260 2364 carpere
3295 2293 3442 2348 dicta

1997 2385 2206 2457 Saepius
2237 2385 2484 2454 alterius,
2513 2403 2677 2458 quam
2705 2403 2804 2442 sua
2834 2387 2977 2442 ferre
3009 2387 3156 2443 foras
3185 2407 3196 2441 :

1924 2477 1982 2533 In
2014 2476 2118 2529 hoc
2148 2491 2207 2532 se
2239 2475 2419 2531 studio
2453 2477 2730 2548 sapientes
2755 2490 2879 2531 esse
2899 2484 3186 2546 putantes,

1999 2567 2263 2621 Natorum
2301 2568 2524 2621 valeant
2553 2569 2600 2622 si
2632 2568 2909 2622 maculare
2939 2569 3126 2623 melos.

1928 2657 2148 2712 Talibus
2175 2667 2430 2712 occurrat
2451 2667 2561 2724 tua,
2589 2673 2709 2722 rex,
2735 2651 3002 2728 sapientia
3033 2658 3185 2714 dives
3211 2699 3227 2722 .

1999 2749 2304 2805 Defendens
2329 2751 2511 2806 Flacci
2539 2751 2770 2821 paucula
2805 2752 2950 2806 dicta
2985 2753 3152 2808 senis.

1930 2838 2052 2893 Sint
2079 2839 2256 2895 Patris
2279 2841 2480 2895 Entelli
2514 2856 2803 2907 memores,
2831 2841 3156 2911 iuvenisque
3185 2841 3396 2896 Daretis
3425 2879 3446 2904 ,

2001 2931 2077 2984 Ne
2107 2930 2244 2996 laus,
2281 2945 2445 3001 quam
2476 2940 2745 3002 quierant,
2770 2932 3021 2987 detrahat
3046 2933 3162 3002 ipsa
3191 2934 3384 3004 magis.

1930 3022 2156 3091 Impleat
2189 3023 2407 3076 aeternis
2441 3022 2643 3077 Christi
2675 3033 2728 3078 te
2749 3023 2927 3093 gratia
2954 3023 3114 3078 donis
3139 3064 3154 3086 ,

2002 3115 2048 3170 O
2079 3115 2200 3169 laus
2227 3125 2390 3186 atque
2417 3115 2605 3180 decus,
2636 3129 2730 3170 rex
2762 3112 2885 3170 "sine
2921 3114 3028 3169 flne
3057 3113 3176 3169 vale
3203 3115 3218 3167 2

2572 3253 2855 3310 CCXXXI.

2288 3365 2368 3420 Ad
2402 3365 2662 3432 eumdem,
2689 3327 2750 3420 et
2778 3364 3160 3436 Angilberium.

1935 3478 2116 3534 Dulcis
2138 3478 2391 3544 Homere,
2419 3479 2563 3543 vale,
2614 3476 2792 3534 valeat
2815 3486 2906 3533 tua
2931 3479 3042 3532 vita
3077 3492 3173 3547 per
3192 3492 3364 3532 aevum
3389 3515 3410 3542 ,

2005 3571 2232 3642 Semper
2259 3571 2314 3627 in
2349 3579 2634 3637 aeternum,
2669 3573 2840 3627 dulcis
2875 3572 3106 3627 Homere
3131 3625 3141 3636 ,
3170 3570 3320 3626 valet

1937 3665 2253 3719 Pectoribus
2279 3664 2460 3718 valeat
2479 3663 2650 3718 dulcis
2673 3663 2892 3719 dilectio
2916 3663 3119 3718 nostris
3148 3703 3164 3727 ,

2006 3756 2063 3809 In
2101 3755 2305 3810 nostris
2339 3753 2589 3808 Christus
2613 3755 2926 3823 pectoribus
2956 3755 3150 3807 valeat.
3229 3797 3232 3800 .

1937 3849 2073 3910 Lux,
2113 3846 2220 3908 via,
2249 3844 2379 3908 vita,
2414 3842 2561 3898 salus
2596 3850 2920 3896 cunctorum
2950 3842 3198 3896 Christus
3227 3855 3444 3898 ametur
3469 3883 3484 3908 ,

2010 3940 2092 3995 Sit
2118 3938 2274 3993 nobis
2300 3935 2550 3991 Christus
2578 3934 2690 3999 lux,
2715 3935 2826 3998 via,
2859 3935 2990 3997 vita,
3025 3933 3188 3989 salus.

1939 4029 2169 4097 Semper
2194 4027 2391 4096 ubique
2420 4024 2558 4088 vale,
2583 4024 2693 4088 dic,
2723 4025 2829 4089 dic,
2847 4023 3161 4080 dulcissime
3185 4023 3376 4086 David,

2012 4117 2199 4180 David,
2235 4131 2388 4170 amor
2414 4115 2614 4180 Flacci,
2635 4129 2850 4186 semper
2882 4116 3078 4185 ubique
3107 4116 3227 4171 vale
3252 4117 3265 4171 !

1942 4211 1986 4267 0
2011 4211 2143 4265 mihi
2173 4209 2345 4264 dulcis
2371 4224 2544 4274 amor,
2579 4209 2769 4274 David,
2798 4224 2895 4279 per
2916 4209 3074 4264 saecla
3105 4209 3314 4272 valeto;

258 4283 338 4342 Ut
367 4285 566 4339 calidos
589 4284 782 4338 habeat
807 4283 1030 4339 Flaccus
1056 4298 1153 4352 per
1175 4283 1376 4337 fercula
1409 4283 1604 4354 pultes.

257 4377 330 4431 Et
361 4374 572 4428 Nemias
606 4373 781 4428 Croco
814 4373 1056 4428 infundat
1087 4389 1180 4426 sua
1209 4372 1396 4444 pocula
1422 4373 1664 4437 Baccho,

253 4470 366 4537 Qui
394 4485 574 4523 secum
607 4476 826 4522 lunnam
859 4481 881 4507 α
913 4480 1126 4537 semper
1150 4474 1368 4538 portare
1391 4466 1610 4522 suescit.

921 4576 1196 4636 CCXXIX.

838 4670 919 4725 Ad
963 4670 1198 4726 eumdem
1229 4671 1278 4723 δ.

266 4763 535 4819 Omnibus
564 4761 700 4815 alma
728 4761 872 4815 salus
895 4761 1080 4830 pueris
1109 4761 1180 4816 sit
1201 4769 1362 4831 atque
1385 4759 1604 4831 puellis,

269 4855 442 4926 Regia
471 4855 753 4925 progenies
783 4853 962 4908 valcas
986 4868 1086 4922 per
1112 4853 1307 4914 sascula
1339 4852 1492 4922 longa
1525 4870 1538 4904 :

275 4947 472 5000 Vivere
492 4962 650 5015 quam
675 4943 924 5000 Christus
952 4943 1136 4998 multis
1165 4941 1393 4999 feliciter
1415 4942 1572 5002 annis

271 5035 567 5097 Concedat,
601 5035 842 5089 tribuens
865 5034 1051 5094 aeterni
1075 5041 1131 5089 et
1147 5033 1341 5106 gaudia
1372 5033 1542 5101 regni.

273 5126 519 5190 Christe,
552 5126 697 5180 salus
723 5125 926 5189 mundi,
971 5125 1109 5189 laus,
1133 5125 1330 5196 gloria,
1353 5125 1480 5189 vita,
1505 5123 1857 5196 Redemptor,

276 5218 636 5288 Temporibus
674 5218 900 5278 cunctis,
962 5217 1117 5271 annis
1165 5225 1326 5284 atque
1378 5216 1630 5278 omnibus
1675 5216 1855 5284 horis,

2015 4303 2187 4372 Quam
2216 4311 2269 4358 te
2293 4311 2622 4372 praesentem
2649 4317 2867 4373 semper
2894 4302 3096 4358 habere
3121 4304 3306 4368 velim,

1870 4430 1925 4490 Β
1947 4393 2126 4450 Pierio
2148 4402 2208 4448 ut
2233 4402 2410 4448 tecum
2435 4393 2600 4449 liceat
2621 4393 2753 4448 mihi
2779 4393 2965 4449 ludere
2991 4410 3176 4460 versu,

2025 4486 2300 4542 Scandere
2328 4485 2413 4541 vel
2436 4486 2633 4541 summi
2667 4485 2846 4542 sidera
2875 4487 3020 4542 celsa
3057 4488 3188 4559 poli,

1953 4577 2050 4635 Vel
2081 4579 2332 4650 pulchras
2369 4586 2548 4634 tecum
2575 4594 2923 4636 numerorum
2958 4580 3170 4636 discere
3207 4579 3414 4637 formas
3441 4621 3462 4647 ,

2023 4671 2266 4742 Irrepere
2293 4679 2388 4725 aut
2416 4677 2664 4726 veterum
2697 4671 2842 4726 dicta
2869 4673 3133 4742 stupenda
3157 4672 3400 4738 Patrum.

1955 4763 2064 4818 Aut
2088 4771 2326 4818 tractare
2356 4777 2514 4817 sacra
2543 4770 2762 4819 internae
2786 4771 3055 4833 praecepta
3080 4764 3272 4820 salutis
3299 4806 3318 4831 ,

2027 4853 2157 4922 Qum
2182 4853 2268 4908 via
2293 4859 2349 4907 te
2384 4867 2593 4907 mecum
2615 4852 2878 4923 pervehat
2905 4861 3052 4910 astra
3075 4871 3258 4927 super.

1958 4943 2085 4999 llam
2109 4950 2194 4998 est
2225 4942 2338 4998 sola
2374 4941 2543 5008 salus,
2569 4941 2687 4999 haec
2709 4951 2796 4999 est
2819 4944 3086 5016 sapientia
3117 4961 3247 5002 vera
3273 4989 3287 5012 ,

2032 5034 2186 5089 Hanc
2209 5033 2391 5104 qui...
2432 5041 2600 5099 amat,
2633 5032 2777 5092 hunc
2800 5045 2948 5091 amat
2973 5037 3088 5106 ipsa
3111 5036 3277 5092 salus.

1959 5125 2060 5192 Qui
2091 5131 2304 5180 terrena
2336 5123 2506 5190 dedit,
2534 5125 2737 5182 tribuat
2758 5129 3002 5184 coelestia
3031 5144 3196 5200 regna
3227 5171 3243 5196 ,

2035 5215 2103 5271 Ut
2130 5215 2257 5271 felix
2284 5216 2432 5270 vivas
2456 5231 2672 5288 semper
2703 5219 2758 5274 in
2797 5235 2922 5275 arce
2948 5221 3076 5290 poli.
3230 5221 3232 5224 ’

355 5388 379 5415 ι
408 5375 667 5428 Tumtum.
695 5373 882 5427 Tunna
913 5389 1007 5427 vas
1035 5388 1210 5432 aqum,
1243 5369 1372 5432 vini,
1402 5368 1675 5423 cct'evisite
1703 5379 1756 5422 et
1783 5368 1860 5422 al-

277 5447 456 5503 terius
504 5446 730 5514 liqnoris
767 5459 1028 5514 captam...
1063 5438 1862 5514 Hiskverbis_Alcuinus_innuit

281 5508 850 5589 pineeruauiiregiumi
882 5511 1520 5589 Duea‘ngeGlossarium,
1550 5510 1614 5562 ν.
1649 5508 1858 5589 Tunna.

359 5589 385 5626 δ
427 5589 481 5640 In
530 5587 660 5639 edit.
690 5579 1041 5652 "Quercetani
1074 5579 1346 5652 prioribus
1371 5580 1540 5652 hisce
1590 5579 1860 5652 versibus,

285 5659 376 5729 qui
418 5659 661 5711 fortassis
703 5649 828 5726 pars
857 5664 979 5709 sunt
1019 5649 1278 5706 carminis
1323 5649 1428 5704 2‘28
1473 5649 1860 5717 antecedentis,

1963 5369 2198 5450 nectitur
2225 5383 2442 5424 cannea
2486 5370 2897 5450 alteriusmetri
2939 5375 3170 5450 et_longe
3197 5376 3538 5450 alterius_ar-

1962 5439 2242 5518 gunteuti,’
2256 5452 2458 5518 nempe
2477 5439 2764 5518 Descriptio
2783 5439 3166 5518 solitudinis}!
3192 5449 3381 5518 scholae
3405 5448 3535 5506 Cor-

1964 5510 2618 5582 inaricensis,__qu_odnum
2654 5512 2727 5566 sit
2769 5514 2979 5570 Alcuiui
3010 5520 3201 5570 merito
3229 5517 3495 5577 dubitatur
3524 5542 3536 5582 ;

1963 5585 2249 5654 propterea
2273 5579 2399 5654 illud
2429 5581 2498 5654 ab
2521 5580 2635 5654 hoc
2655 5582 2774 5636 loco
2800 5596 3108 5654 Sepaantum
3134 5589 3276 5642 inter
3299 5579 3540 5646 carmina

1964 5649 2140 5704 dubia:
2176 5651 2515 5704 auctoritatis
2561 5649 2865 5718 reierimus.
