1933 3085
219 145 274 175 ’183

634 144 665 172 Β.
687 144 718 171 F.
739 141 853 171 ALBINI
873 141 941 170 SEU
960 140 1100 169 ALCUINI
1116 140 1260 170 OPERUBI
1281 142 1371 170 PARS
1393 141 1434 169 VI.
1556 169 1563 175 ,
1801 143 1849 170 784

218 207 277 242 Ipse
288 206 350 242 pius
362 206 441 235 nobis
454 204 556 242 placuit
572 202 701 241 [placeat]
722 210 805 238 super
819 201 910 229 omnia
932 199 1011 227 Chri-
1023 198 1047 229 Δ
1064 197 1272 233 Muneribusque
1285 198 1356 225 datis
1375 197 1489 229 veniunt
1510 197 1544 224 sd
1557 196 1656 231 poeula
1679 198 1763 223 testes
1777 219 1784 228 ,

916 245 987 282 [slus
1001 267 1008 278 ,

253 290 342 326 thue
355 290 414 318 dies
428 294 537 318 nostros
549 290 674 324 protegat
686 289 766 320 atque
785 287 870 320 regat.

537 343 687 374 CCXXXII.

438 401 449 414 α
465 394 506 421 Ad
520 392 637 419 eumdem
655 389 791 417 Carolum.

214 444 342 472 Carmina
357 442 457 469 dilecto
470 440 552 468 faciat
565 445 624 465 mea
642 436 732 464 ﬁstula
748 434 848 467 David,

249 488 397 524 Laurigero
409 484 494 513 David
509 483 632 511 carmine
645 482 743 517 dignus
757 481 819 508 erit.

213 535 298 562 David
312 541 389 561 amor
401 531 502 567 populi,
518 529 604 557 David
619 529 688 561 laus,
708 528 793 564 gloria
806 527 895 563 plebis
905 547 912 559 ,

247 580 335 614 Atque
350 578 434 606 decus
448 576 536 612 regni,
553 583 671 611 spesque
687 581 788 602 corona
807 567 874 601 suis.

211 628 249 655 Ile
267 635 316 662 per
333 624 505 660 Hespericas,
522 631 616 655 musae,
636 621 814 649 concentibus
832 619 915 646 urbes

247 672 402 701 Clamantcs
419 679 426 697 :
440 669 526 697 David
538 675 646 702 semper
663 666 762 701 ubique
775 664 836 692 vale
849 665 856 691 ι

210 718 305 751 Terra,
320 716 410 753 polus,
424 714 536 751 pelagus
556 715 686 740 resonent
702 711 754 738 hoc
769 717 836 738 voce
850 715 967 738 sonora.

246 765 323 791 Dicat
337 767 364 790 et
375 762 449 790 orbis
464 770 470 788 :
485 760 572 787 honor
585 758 621 786 sit
632 757 676 785 cui
689 757 756 790 vita,
774 756 858 784 salus.

210 810 267 838 IIoc
276 813 370 845 optent
378 807 504 844 precibus
516 804 596 832 simul
607 804 714 839 agmina
725 807 820 831 sancta
830 801 963 837 polorum,

246 857 302 884 Hoc
316 856 417 883 tribuat
428 854 547 882 clemens
562 852 687 882 Christus
699 851 733 877 ab
747 857 810 877 arce
824 848 888 884 poli.

210 903 245 931 Ut
257 904 341 934 vivat,
357 904 453 936 regnet
463 899 555 927 multis
567 898 681 926 feliciter
695 896 786 928 annis,

245 949 284 976 Ad
300 948 407 975 laudem
420 945 526 982 populi,
539 944 623 971 David
636 943 662 970 in
677 942 742 969 orbe
756 941 826 976 pius.

209 994 360 1022 Transacto
372 996 400 1019 et
413 991 475 1019 felix
491 989 633 1026 praesentis
649 992 770 1022 tempore
786 986 848 1013 vita:

243 1039 311 1066 Cum
323 1037 433 1065 Christo
447 1039 540 1063 teneat
552 1041 637 1068 regna
656 1032 733 1059 beata
754 1031 820 1066 poli.

207 1088 247 1116 Ad
266 1092 293 1115 te
304 1093 387 1115 nunc.
400 1083 498 1115 David,
512 1082 612 1110 referat
624 1087 683 1108 mea
700 1078 788 1106 ﬁstula
800 1084 894 1106 voces.

242 1135 326 1170 Quas,
339 1141 445 1169 precor,
457 1137 487 1159 ut
501 1131 579 1159 solita
592 1129 648 1163 jam
662 1129 765 1164 pietate
780 1130 862 1162 legas.

207 1183 245 1210 'I'e
266 1188 327 1209 mea
348 1187 428 1207 mens
448 1177 590 1213 sequitur,
614 1174 736 1209 sequitur
755 1179 863 1208 quoque
888 1179 998 1198 carmen

866 1216 978 1253 [amoris
991 1236 999 1248 ,

242 1273 385 1303 Decantat,
400 1270 502 1301 laudat,
519 1271 599 1296 nocte
614 1266 711 1299 dieque
725 1262 806 1291 simul
821 1272 828 1289 :

205 1320 295 1355 Atque
306 1318 349 1354 pie
362 1317 451 1344 Patris
467 1314 574 1342 Martini
587 1319 689 1348 pronus
703 1310 736 1337 ad
752 1317 838 1341 aram,

241 1353 282 1392 En
293 1353 381 1399 poscit
394 1360 520 1396 lacrymis
532 1364 663 1394 prospera
671 1359 770 1384 cuncta
781 1355 847 1382 mihi
859 1353 916 1390 [F.,
926 1353 996 1389 tibi}.

204 1410 318 1440 Tecum,
335 1412 429 1436 sancte
442 1406 534 1438 Pater,
546 1407 641 1440 pergat
652 1401 792 1430 miseratio
809 1408 927 1435 semper,

240 1453 411 1489 Iustitiaque
420 1452 515 1485 decus,
530 1455 558 1478 et
571 1449 681 1486 pietatis
695 1455 781 1475 amor.

203 1503 327 1532 Gaudeat
337 1505 369 1528 ut
380 1498 506 1536 populus,
516 1502 542 1525 te
552 1497 609 1533 jam
623 1495 761 1526 veniente,
774 1501 823 1528 per
836 1492 917 1520 urbes
926 1512 934 1522 ,

238 1550 324 1579 Totus
335 1547 434 1582 ubique
447 1544 539 1577 simul,
551 1551 614 1571 cum
625 1540 868 1575 senibusjuvcnes.

203 1595 261 1624 iloc
272 1593 332 1631 [Ρη
349 1592 412 1629 huc]
427 1597 474 1620 tua
492 1589 634 1626 perveniat
648 1586 756 1615 bonitas
795 1588 873 1620 pater
884 1582 994 1631 optime

884 1628 973 1664 [regni
984 1648 991 1656 .

240 1687 275 1715 Ut
289 1691 334 1713 tua
345 1687 503 1720 permaneat
514 1682 583 1711 laus,
597 1681 685 1707 honor
700 1682 780 1711 atque
796 1676 888 1703 decus.

203 1732 242 1759 Tu
258 1735 335 1766 pater
344 1738 375 1757 es
385 1728 489 1764 patrias.
500 1724 621 1760 ptzcclari
635 1728 663 1750 et
677 1726 770 1757 pastor
788 1720 864 1747 ovilis
877 1740 885 1751 ,

238 1776 277 1804 'I'e
293 1776 388 1803 timeat
401 1780 511 1808 pravus,
527 1776 554 1798 te
567 1770 628 1805 pius
637 1768 726 1796 omnis
739 1771 821 1794 amet.

203 1823 258 1850 Nec
273 1820 321 1849 tibi
335 1819 468 1854 subripiat
480 1815 658 1851 quorumdam
673 1820 755 1848 prava
771 1812 906 1842 voluntas,

238 1867 290 1902 Qui
306 1873 354 1894 sua
374 1865 442 1893 forte
460 1862 564 1892 volunt,
581 1867 632 1888 nec
644 1864 698 1890 tua,
711 1866 762 1886 nec
774 1857 890 1885 Domini.

202 1915 287 1943 Iloma
304 1916 386 1948 caput
403 1910 507 1941 mundi,
523 1907 603 1943 primi
617 1912 724 1942 quoque
747 1904 854 1932 culmen
869 1903 991 1935 honoris,

235 1959 264 1987 In
279 1966 333 1995 qua
346 1963 474 1993 gnarum
487 1960 599 1982 munera
618 1955 714 1979 sancta
725 1950 831 1980 latent;

201 2006 266 2039 Quze
281 2004 361 2033 modo
375 2002 498 2036 disrupto
512 1998 615 2035 plangit
625 2005 677 2025 sua
691 1997 795 2024 viscera
808 1995 885 2027 fietu,

235 2052 288 2079 Per
299 2056 326 2079 te
336 2053 415 2079 saliet
426 2049 439 2069 ιι
451 2047 542 2076 saucia
554 2046 674 2073 membra
685 2044 740 2072 cito
752 2064 759 2076 ,

202 2098 237 2126 Ut
255 2100 332 2132 pater
346 2101 376 2123 et
384 2093 498 2129 populus
514 2091 643 2120 concordi
660 2097 728 2125 pace
739 2092 868 2124 regantur
878 2107 886 2119 ,

236 2141 272 2170 Ut
285 2148 362 2168 mens
375 2147 429 2166 una
440 2139 495 2170 ttat,
514 2144 582 2172 quos
599 2136 683 2163 habet
694 2141 748 2161 una
763 2133 830 2161 ﬁdes
840 2153 848 2165 ,

200 2190 273 2224 Quos
284 2187 377 2225 genuit
386 2185 505 2216 Christo,
520 2182 622 2211 Christi
636 2181 780 2209 confessus
794 2186 915 2207 amorem
929 2199 935 2209 ,

234 2234 358 2270 Claviger
372 2232 499 2259 :ctbcrius
514 2230 610 2256 Petrus
628 2228 655 2255 in
669 2228 735 2255 orbe
749 2227 809 2262 pius
828 2235 833 2252 :

201 2280 239 2308 Nc
256 2280 363 2307 turbata
380 2278 447 2305 Ilaat
463 2284 512 2311 per
527 2274 657 2302 mundum
671 2273 789 2300 ﬂuminis
802 2272 874 2299 unda
891 2291 898 2302 ,

236 2325 313 2355 Unde
330 2324 433 2352 solebat
451 2329 520 2357 aqua
537 2328 604 2356 pura
618 2326 729 2346 manare
745 2317 829 2352 prius.

199 2371 317 2399 Plurima
330 2377 426 2404 nempe
441 2368 487 2395 tibi
498 2371 563 2394 sunt
575 2364 742 2393 emendanda
758 2370 806 2398 per
816 2362 908 2389 urbem

234 2416 256 2444 Ο
269 2423 326 2448 rex,
337 2423 355 2442 ο
366 2418 466 2444 rector.
478 2421 494 2439 υ
507 2412 591 2439 decus
604 2409 733 2438 Ecclesia:
744 2409 750 2435 ξ

199 2461 355 2489 Simoniaca
367 2459 479 2494 quidem
490 2457 593 2492 pululat
604 2455 672 2483 male
684 2454 768 2490 pestis
780 2454 806 2480 in
817 2453 882 2481 orbe
894 2461 901 2482 ς

235 2506 392 2534 Muneribus
403 2505 503 2532 dantur
515 2503 629 2538 mystica
643 2502 713 2529 dona
726 2500 784 2531 Dei;

199 2552 263 2584 Qua:
274 2551 346 2580 Deus
357 2554 475 2578 aeternus
491 2548 597 2576 cunctis
610 2546 764 2581 impendere
780 2544 864 2579 gratis

232 2598 366 2627 iusserat,
382 2601 411 2624 ut
423 2595 507 2631 gratis
521 2593 620 2628 accipit
634 2593 692 2628 ipse
709 2592 797 2619 dator.

198 2644 259 2671 Stat
269 2651 375 2680 quoque
386 2642 516 2679 judicium
531 2647 619 2668 causa:
631 2639 681 2667 sub
693 2646 805 2666 munere
823 2637 914 2665 dantis
927 2656 936 2671 ,

233 2690 358 2725 Sportula
372 2688 506 2723 justitiam
526 2686 606 2714 vertit
628 2685 654 2713 in
667 2693 715 2713 ore
731 2684 804 2712 senis
818 2692 825 2716 ;

231 2752 243 2770 μ
261 2745 316 2773 lloc
336 2753 445 2773 cannon
467 2743 681 2775 Alcuinus,dum
691 2741 749 2776 jam
771 2740 832 2776 aula
848 2740 941 2768 relicta
961 2740 988 2767 in

198 2781 363 2808 ltlUIluytl‘t‘iO
377 2787 426 2807 suo
439 2779 554 2807 Turonis
567 2775 720 2806 moraretur
729 2798 736 2809 ,
749 2776 783 2804 ad
796 2775 921 2804 Carolum
936 2777 989 2803 Ilo-

199 2822 269 2840 main
284 2833 292 2844 ,
312 2815 345 2841 all
368 2815 478 2841 dissi-lia
503 2815 602 2841 'bidem
625 2812 829 2847 componenda,
853 2812 988 2839 abiturum

201 2848 309 2874 sCl‘liHil
321 2867 327 2874 .
346 2853 425 2874 prout
446 2823 588 2874 confertius
604 2848 700 2874 dou't:
724 2855 821 2874 nempe
838 2856 911 2874 anno
926 2847 985 2873 8ND.

480 2857 495 2873 Il

201 2848 309 2880 su‘lpiil
321 2867 327 2876 ,
346 2853 425 2880 prout
446 2847 588 2874 conTi-xlus
604 2848 700 2877 dou't;
724 2855 821 2881 nempe
838 2856 911 2874 anno
926 2847 985 2873 8ND.

235 2883 248 2900 ιι
263 2881 354 2911 Forte,
367 2887 501 2907 sanentur.

1097 245 1180 280 Impia
1192 244 1249 280 jam
1266 248 1366 279 purgat
1385 243 1558 277 ebrietasque
1574 249 1650 269 reum
1664 250 1673 275 ;

1059 291 1193 326 Opprimit
1204 294 1232 317 et
1244 290 1360 317 miseros
1373 289 1551 325 quorumdam
1569 295 1641 316 saeva
1652 292 1774 323 potestas
1785 309 1794 320 .

1093 336 1207 371 Impleat
1220 340 1251 363 ut
1262 343 1359 362 saccos
1375 335 1452 363 dives
1463 336 1498 362 ab
1507 342 1560 362 ore
1573 343 1648 362 suos.

1058 382 1170 416 Impune
1185 381 1343 408 discurrunt
1361 380 1492 408 facientes
1507 380 1577 408 furta
1596 380 1729 410 latrones.

1094 427 1202 455 Ultores
1219 426 1353 454 scelerum
1368 430 1432 453 sunt
1444 426 1528 453 etiam
1541 426 1619 453 socii.

1058 472 1133 499 ialia
1149 476 1305 507 compescat
1315 476 1371 503 tua,
1386 480 1445 504 rex,
1458 473 1613 500 veneranda
1630 477 1752 506 potestas
1765 481 1774 502 ε

1092 517 1238 545 Rectorem
1252 517 1328 551 regni
1338 521 1368 544 te
1381 516 1452 545 Deus
1467 517 1598 544 instituit.

1055 563 1129 591 Grex
1139 567 1182 590 est
1192 563 1292 599 quippe
1306 569 1368 590 tuus
1379 563 1503 598 populus,
1520 568 1549 590 tu
1563 568 1659 598 pastor
1669 564 1752 591 ovilia

1092 612 1203 643 Nobilis,
1220 613 1329 647 egregii,
1347 620 1460 647 magnus
1480 613 1506 638 in
1527 614 1592 639 tll‘llC
1606 618 1692 647 pater.

1056 661 1091 687 ιῖι
1105 666 1148 687 tua
1170 660 1296 687 nobilitas
1310 680 1316 690 ,
1334 660 1372 686 sic
1394 664 1419 685 ct
1435 660 1566 694 sapientia
1588 660 1692 686 cunclis

1091 706 1238 735 Przrcellal,
1255 705 1350 734 virtus.
1365 705 1433 736 laus,
1448 706 1533 732 honor
1545 710 1626 740 atque
1639 706 1732 732 dei-us.

1054 753 1094 779 Ad
1111 758 1136 779 te
1151 753 1299 786 respiciunt
1320 751 1479 777 famulormn
1502 756 1562 777 vota
1578 756 1685 778 tuorum
1700 772 1707 781 ,

1091 798 1159 831 Quid
1176 802 1220 824 tua
1235 801 1425 831 exspectantes
1441 805 1518 823 mons
1533 797 1574 831 pia
1590 798 1739 831 pra‘cipiat.

1054 843 1113 877 Ipsa
1126 848 1205 877 (‘ﬂplll
1220 843 1310 868 mundi
1327 846 1431 876 spectat
1446 846 1471 867 te
1492 842 1576 868 Itonia
1594 847 1764 876 patronum,

1015 874 1039 905 Β
1089 889 1155 915 Cum
1176 888 1254 914 Patro
1273 893 1297 913 ct
1313 888 1418 922 populo.
1435 888 1509 922 par-is
1524 896 1616 914 amore
1630 889 1673 923 pio
1688 898 1695 921 ;

1053 937 1125 969 Quos
1141 944 1269 963 revocare
1281 937 1324 971 qui
1337 937 1387 963 lem
1405 937 1510 963 studi-at
1525 941 1568 963 tua
1582 943 1674 964 sancta
1689 946 1713 963 τί
1726 937 1813 965 luntas

1087 983 1126 1009 Ad
1139 983 1212 1017 pacis
1225 983 1334 1013 dormiit,
1351 990 1398 1016 per
1412 982 1454 1016 pia
1469 983 1548 1009 verba
1562 982 1608 1008 Dri

1052 1029 1132 1060 Erige
1152 1028 1297 1062 subjectos,
1314 1027 1404 1061 etjam
1417 1029 1520 1063 depone
1535 1028 1676 1063 superbos,

1090 1074 1121 1100 I't
1135 1082 1185 1108 pax
1199 1078 1223 1100 et
1237 1074 1323 1108 pietas
1340 1079 1433 1108 regnet
1447 1074 1546 1108 ubique
1561 1082 1647 1101 sacra.

1052 1120 1147 1147 Pastor
1157 1121 1331 1155 apostolicus,
1346 1120 1401 1153 jam
1419 1121 1521 1155 primus
1542 1122 1567 1148 in
1584 1122 1649 1148 orbo
1671 1122 1810 1155 sacerdos,

1087 1166 1138 1192 I’cr
1156 1172 1181 1192 te
1197 1174 1257 1193 cum
1280 1167 1376 1201 pop".lo
1393 1167 1506 1201 gaudeat
1527 1167 1585 1201 ip<c
1599 1168 1680 1194 Pater
1696 1178 1701 1194 :

1051 1212 1150 1238 [terior
1167 1218 1193 1238 (ιι
1209 1212 1337 1239 Iicclcsim
1354 1221 1401 1246 per
1415 1217 1450 1241 to.
1464 1221 1522 1242 rex.
1537 1213 1587 1239 rite
1604 1219 1735 1248 regatur;

1086 1258 1116 1284 Et
1131 1262 1156 1284 te
1171 1258 1359 1292 magnipotcns
1376 1258 1469 1285 dextra
1487 1265 1560 1293 rogat
1576 1259 1681 1286 Domini
1695 1281 1703 1291 ,

1051 1303 1083 1329 l't
1102 1302 1162 1328 felix
1179 1303 1265 1331 \ivas.
1280 1302 1333 1328 lato
1348 1308 1474 1335 regnator
1494 1303 1519 1329 in
1537 1303 1616 1334 urbe,

1084 1349 1234 1375 I’roﬁciens
1251 1349 1334 1375 furias
1349 1354 1447 1376 (uncta
1470 1349 1524 1375 Dco
1543 1351 1651 1384 placita.

1049 1394 1166 1428 Angelus
1181 1394 1290 1421 :rtlieria
1305 1395 1417 1421 vrnirns
1430 1395 1551 1421 calles-tis
1564 1395 1596 1422 ab
1609 1404 1682 1426 arce,

1084 1440 1133 1473 Qui
1149 1444 1236 1466 locum
1250 1444 1369 1469 maneat,
1388 1445 1467 1466 nocte
1479 1440 1575 1474 dieque
1594 1441 1683 1473 simul,

1048 1484 1180 1518 Prospere
1194 1484 1238 1518 qui
1258 1492 1363 1518 semper
1381 1488 1415 1515 tu,
1438 1492 1496 1516 rex,
1515 1485 1631 1512 deducat
1649 1492 1770 1517 euntem,

1083 1530 1115 1556 Et
1135 1530 1275 1556 redeuntis
1295 1531 1345 1556 iter
1359 1535 1480 1565 protegat
1499 1535 1580 1566 atque
1599 1538 1682 1568 regat.

1047 1577 1127 1610 230
1145 1576 1177 1603 l‘t
1196 1581 1221 1602 te
1234 1577 1364 1611 suscipiat
1378 1578 1507 1604 victorem
1521 1578 1634 1606 Francia
1649 1580 1769 1614 gaudens
1780 1600 1790 1613 ,

1082 1622 1164 1648 Obvia
1181 1622 1307 1656 palmulis
1323 1626 1350 1648 ct
1364 1623 1489 1648 manibus
1503 1624 1604 1650 veniat.

1047 1665 1102 1691 Iior
1118 1667 1219 1692 tribuat
1232 1665 1355 1692 Christus
1370 1667 1462 1693 mundi
1481 1668 1640 1695 mitissimus
1652 1674 1750 1695 auctor
1762 1689 1771 1702 ,

1083 1712 1117 1739 [ι
1132 1711 1244 1739 veniens
1256 1712 1360 1744 venias,
1379 1712 1462 1739 David
1480 1717 1578 1745 amate,
1598 1714 1662 1742 cito.

1046 1757 1102 1785 Iloc
1121 1758 1185 1785 mihi
1199 1758 1388 1792 cunctipotens
1400 1759 1482 1786 donet
1496 1760 1641 1788 clementia
1656 1761 1770 1795 Christi,

1083 1803 1117 1830 Ut
1130 1803 1235 1830 videam
1249 1802 1347 1830 facient
1362 1803 1438 1831 Ianus
1451 1805 1477 1831 in
1489 1805 1555 1832 orbe
1569 1810 1652 1833 tuam.

1044 1849 1066 1877 Ο
1085 1853 1170 1884 pater,
1184 1857 1201 1877 ο
1217 1853 1321 1885 pastor,
1333 1855 1434 1882 rector,
1450 1859 1511 1886 spes
1525 1852 1595 1879 alma
1607 1857 1725 1885 tuorum,

1081 1895 1123 1922 Sit
1138 1895 1184 1922 tibi
1200 1895 1267 1928 vita,
1280 1895 1363 1927 salus,
1379 1896 1415 1923 sit
1432 1897 1492 1923 sine
1507 1896 1570 1929 ﬁne,
1587 1897 1647 1925 vale
1661 1898 1667 1924 !

1337 1954 1477 1982 CCXXXII
1498 1956 1546 1983 bis.

1306 2006 1317 2021 ε
1345 2002 1384 2028 Λα
1408 2003 1526 2030 ulmdcm
1553 2003 1575 2030 δ.

1044 2048 1139 2082 Surge,
1158 2055 1218 2074 meo
1232 2048 1330 2075 domno
1345 2047 1436 2075 dulces
1452 2048 1504 2081 fac,
1525 2048 1625 2081 ﬁstula,
1640 2057 1746 2077 versus.

1043 2092 1128 2120 David
1143 2096 1216 2120 amat
1229 2100 1334 2124 versus,
1347 2099 1437 2128 surge,
1449 2096 1476 2120 et
1491 2092 1533 2120 fac
1542 2114 1549 2125 ,
1564 2093 1665 2126 ﬁstula,
1677 2102 1783 2122 Versus.

1042 2137 1126 2164 David
1141 2141 1213 2165 amat
1226 2142 1312 2169 vates,
1325 2141 1448 2164 vatorum
1461 2141 1503 2165 est
1523 2138 1607 2173 gloria
1624 2139 1706 2166 David
1719 2161 1723 2169 .

1041 2182 1220 2218 Quapropter,
1235 2187 1321 2214 vates,
1335 2182 1425 2210 cuncti
1441 2184 1596 2211 concurrite
1608 2185 1635 2211 in
1650 2193 1743 2217 umuu,

1003 2241 1030 2271 ο
1041 2228 1128 2264 Atque
1141 2237 1201 2257 meo
1216 2229 1300 2256 David
1314 2229 1405 2256 dulces
1419 2233 1527 2257 cantate
1541 2238 1678 2258 camenas.

1043 2275 1127 2302 David
1134 2280 1208 2303 amat
1218 2278 1304 2307 vates,
1317 2279 1381 2307 etc.,
1398 2280 1425 2302 ut
1439 2284 1529 2310 supra.

1041 2322 1132 2349 Dulcis
1146 2329 1223 2349 amor
1236 2321 1319 2348 David
1338 2321 1452 2356 inspirat
1467 2321 1549 2348 corda
1569 2325 1725 2352 caiientun',

1041 2369 1173 2396 Cordibus
1189 2368 1214 2394 in
1226 2367 1326 2395 nostris
1341 2366 1422 2394 faciat
1437 2375 1513 2394 amor
1529 2368 1612 2402 ipsius
1623 2367 1698 2395 odas.

1041 2414 1118 2441 Vatis
1132 2413 1266 2441 llomerus
1281 2417 1356 2440 amat
1369 2413 1465 2445 David,
1477 2412 1530 2445 fac,
1543 2412 1631 2440 ﬁstula
1642 2434 1649 2445 ,
1663 2422 1768 2440 versus.

1042 2459 1125 2486 David
1141 2463 1215 2486 amat
1226 2463 1311 2490 vates,
1326 2463 1391 2490 etc.,
1410 2463 1437 2485 ιιι
1452 2467 1543 2493 supra.

1041 2505 1140 2540 Inclyta
1156 2504 1296 2532 dulcisono
1312 2509 1401 2531 taceas
1417 2513 1449 2531 ne
1470 2505 1534 2530 tibia
1550 2504 1665 2539 plectro,

1041 2550 1143 2578 Nomen
1159 2550 1186 2577 iu
1201 2558 1249 2578 ore
1270 2554 1316 2577 tuo
1336 2555 1444 2577 resonet
1463 2558 1512 2584 per
1526 2550 1647 2577 carmina
1664 2550 1757 2582 David,

1040 2596 1112 2624 Illius
1126 2599 1207 2631 atque
1222 2599 1297 2623 tuum
1310 2595 1411 2630 repleat
1424 2595 1535 2623 dilectio
1550 2599 1653 2630 pectus.

1040 2642 1124 2669 David
1138 2645 1212 2669 amat
1225 2645 1311 2674 vates,
1326 2646 1391 2673 etc.,
1409 2646 1437 2668 ut
1455 2650 1545 2677 supra.

1040 2687 1123 2715 David
1138 2692 1212 2715 amat
1224 2691 1345 2715 veterum
1357 2691 1477 2715 sacratos
1491 2694 1603 2715 noscere
1615 2695 1723 2720 sensus,

1075 2748 1087 2762 ε
1105 2742 1220 2770 Carmen
1249 2742 1309 2772 hoc.
1331 2742 1402 2776 apud
1416 2742 1581 2770 Frobenium
1604 2743 1676 2769 inter
1701 2742 1825 2769 ADDRNDA

1039 2777 1167 2813 positum,
1185 2778 1237 2805 huc
1248 2778 1444 2805 remeavimus.
1458 2778 1537 2805 Eutr.

1073 2813 1087 2832 (ι
1104 2807 1269 2840 Hic'titulus
1293 2813 1424 2840 carminis
1440 2817 1483 2840 est
1500 2813 1527 2840 in
1551 2813 1611 2847 ipso
1631 2813 1692 2839 cod.
1718 2818 1776 2847 ms}
1794 2807 1826 2834 ad

1041 2852 1122 2908 limam
1143 2855 1208 2875 vero
1225 2848 1311 2875 aulam
1330 2853 1391 2875 vola
1417 2856 1465 2875 sua
1485 2856 1535 2883 pro
1554 2845 1626 2875 illius
1650 2845 1828 2882 prosperitate

1041 2893 1046 2907 ι
1059 2887 1140 2908 insul.

1040 2887 1140 2916 dirigit.
