3866 6170
251 343 347 402 785

250 455 566 522 Divitiasquc
592 465 782 506 senum
808 462 976 520 gnaro
995 460 1315 518 percurrere
1338 446 1524 511 corde,

247 549 586 619 Scrutarique
613 561 782 602 sacrae
808 544 973 616 gestit
992 551 1200 599 secreta
1228 542 1451 613 sophiae.

248 642 402 697 David
424 646 573 694 amat
591 644 765 703 vates,
788 642 924 700 etc.,
952 643 1009 688 ut
1038 650 1220 705 supra.

248 733 402 789 David
428 730 631 786 habere
649 728 801 799 cupit
834 726 1111 797 sapientes
1140 732 1325 779 mente
1355 723 1668 794 magistros,

244 824 322 880 Ad
354 823 538 885 decus,
559 820 628 875 ad
651 818 868 875 laudem
892 814 1262 886 cujuscunque
1295 814 1434 870 artis
1459 814 1513 867 lu
1544 812 1683 866 aula.

246 913 314 968 Ut
332 920 569 966 veterum
598 915 825 964 renovet
852 905 1095 962 studiosa
1122 912 1305 961 mente
1345 904 1614 975 sophian.

244 1002 399 1057 David
435 1008 582 1056 amat
605 1008 777 1063 vates,
812 1006 946 1063 etc.,
980 1004 1041 1051 ut
1077 1012 1261 1068 supra.

245 1096 603 1151 Fundamenta
631 1108 799 1164 super
835 1100 1046 1162 petram
1074 1102 1289 1159 quoque
1314 1084 1475 1156 ponit‘
1517 1085 1570 1139 in
1618 1083 1811 1143 altum,

249 1186 314 1242 Ut
334 1186 524 1241 domus
559 1183 700 1238 alma
724 1183 833 1237 Deo
853 1186 1070 1235 maneat
1094 1177 1405 1232 ﬁrmissima
1432 1174 1670 1230 Christo.

245 1262 382 1331 Felix
410 1274 490 1329 sic
514 1268 720 1342 lapides
748 1269 948 1341 posuit.
968 1306 986 1323 .
1009 1307 1024 1322 .
1059 1267 1279 1322 dextera
1310 1264 1545 1335 primum

243 1364 435 1435 Inclyta
461 1361 798 1418 celsithrouo
823 1358 1017 1412 flerent
1035 1364 1096 1411 ut
1120 1353 1315 1425 templa
1342 1352 1596 1408 Tonanti.

245 1454 538 1508 Auxilia-tur
557 1451 702 1522 opus'
718 1447 921 1505 Christi
951 1447 1240 1502 clementia
1267 1444 1549 1500 sanctum!

244 1546 575 1600 Auxilientur
600 1558 734 1613 opus
761 1540 1033 1603 celestcs,
1065 1554 1269 1610 quaeso,
1298 1536 1555 1601 ministri,

245 1640 668 1705 Sanctorumque
694 1632 855 1689 simul
880 1644 1159 1694 numerus,
1174 1643 1395 1700 precor,
1411 1628 1630 1699 adjuvet
1656 1626 1808 1681 illud.

244 1726 404 1781 David
442 1732 588 1780 amat
612 1722 917 1787 Christum,
952 1720 1205 1775 Christus
1227 1727 1313 1775 est
1335 1718 1507 1790 gloria
1549 1716 1738 1771 David.

242 1818 432 1887 Surge,
456 1814 592 1870 meis
610 1813 795 1869 charis
829 1811 1014 1867 dulces
1043 1808 1149 1877 fac,
1183 1809 1384 1874 tlstula,
1422 1823 1633 1864 versus.

240 1907 441 1977 lnclyte
469 1921 564 1961 cur
597 1913 808 1959 taceam
844 1901 1058 1973 juvenis
1103 1908 1176 1966 te,
1207 1898 1390 1963 Carle,
1412 1911 1438 1939 ι
1461 1897 1739 1953 camenis?

241 1996 318 2052 Tu
344 2010 555 2066 quoque
582 2007 901 2064 magnorum
936 1990 1139 2046 sobolis
1184 1990 1448 2060 condigna
1490 1998 1809 2060 parentum;

242 2087 319 2142 Tu
339 2086 502 2142 decus
525 2100 585 2140 es
609 2084 757 2147 aulae,
791 2084 944 2154 regni
973 2098 1117 2153 spes,
1145 2081 1343 2137 indolis
1384 2080 1562 2135 alium.

241 2178 573 2247 Quapropter
592 2175 780 2229 laudat
801 2175 977 2229 omnis
1016 2182 1070 2229 te
1104 2173 1286 2228 ﬁstula
1314 2181 1518 2226 vatum.

243 2270 430 2341 Surge,
461 2268 599 2324 meis
635 2266 839 2333 charis,
867 2274 999 2329 etc.,
1030 2274 1085 2319 ut
1113 2281 1295 2336 supra.

244 2359 322 2415 'l‘u
350 2375 558 2431 quoque
586 2374 741 2415 sacra
771 2359 882 2414 Deo
910 2359 1083 2430 virgo,
1116 2373 1273 2413 soror
1301 2356 1498 2429 inclyta
1524 2357 1714 2421 David,

240 2453 487 2509 Carmine
517 2459 793 2523 perpetuo
816 2452 1156 2523 nostroiam,
1180 2450 1350 2516 Gisla,
1380 2449 1577 2504 valeto.

243 2546 337 2607 Te.
361 2545 492 2611 scio,
517 2559 750 2616 sponsus
787 2552 936 2598 amat
965 2541 1227 2599 caelorum
1258 2540 1430 2612 gloria
1468 2540 1740 2604 Christus,

243 2637 373 2692 Nam
402 2635 488 2691 cui
518 2643 576 2689 tu
606 2634 708 2689 soli
733 2648 947 2705 semper
977 2644 1068 2688 tua
1098 2633 1340 2688 membra
1371 2630 1585 2687 dicasti.

239 2728 432 2798 Surge,
462 2724 599 2780 meis
625 2725 833 2790 charis,
864 2733 998 2789 etc.,
1023 2733 1079 2778 at
1104 2739 1289 2794 supra.

243 2817 507 2873 llotthrud
532 2831 756 2873 carmen
782 2825 947 2880 amat,
978 2815 1175 2870 mentis
1203 2813 1505 2870 clarissima
1542 2814 1713 2884 virgo.

240 2911 402 2980 Virgo
430 2908 630 2963 decora
658 2908 809 2972 satis,
831 2915 888 2962 et
924 2908 1167 2963 moribus
1190 2907 1392 2977 inclyta
1421 2907 1594 2977 virgo.

237 3002 408 3056 Curre
441 3014 542 3070 per
569 2998 813 3054 albentes
841 3013 1087 3068 campos,
1117 3007 1172 3053 et
1207 2999 1401 3070 collige
1440 2997 1601 3053 ﬂores

239 3091 314 3145 Ex
340 3100 585 3146 veterum
614 3088 785 3159 pratis
806 3088 1090 3159 pulchram
1116 3087 1213 3143 tibi
1254 3088 1431 3158 pande
1454 3102 1740 3142 coronam.

237 3182 429 3251 Surge,
469 3180 607 3235 meis
635 3179 834 3244 charis,
857 3188 984 3243 etc.,
1018 3191 1074 3234 ut
1110 3196 1295 3249 supra.

241 3272 473 3343 Virginis
504 3272 737 3343 egregiae
764 3271 939 3326 Berta:
970 3288 1115 3327 nunc
1143 3272 1309 3328 dicite
1329 3272 1536 3337 laudes,

242 3361 496 3428 Pierides,
526 3377 763 3428 mecum,
789 3361 1036 3433 placeant
1054 3363 1143 3418 cui
1175 3364 1420 3419 carmina
1452 3374 1644 3419 nosra

242 3453 582 3510 Carminibus
611 3453 884 3509 Musarum
925 3493 939 3508 .
958 3493 978 3508 .
1017 3455 1179 3527 (ligna
1207 3455 1382 3535 ppella
1409 3463 1516 3512 est.

245 3545 411 3617 Surge
432 3547 567 3602 meis
587 3546 797 3613 charis,
824 3556 955 3614 etc.,
983 3558 1039 3602 ut
1066 3564 1249 3619 supra.

248 3636 394 3692 Tibia
419 3653 518 3694 vos
541 3638 725 3694 laudet
751 3640 960 3710 pariter
990 3656 1134 3696 nunc
1156 3648 1361 3704 nostra,
1392 3638 1605 3710 puellae,

250 3725 578 3800 Prmfragiles
600 3729 779 3795 annis,
804 3739 1031 3785 matura:
1056 3730 1109 3785 in
1147 3730 1390 3785 moribus
1427 3730 1606 3795 almis,

249 3814 639 3888 Puepulehram
659 3821 895 3890 speciem
917 3821 1042 3876 vita:
1064 3821 1178 3892 jam
1208 3820 1342 3877 vicit
1366 3821 1641 3877 honestas.

252 3906 438 3979 Surge,
465 3911 603 3968 meis
628 3912 831 3977 charis,
860 3921 990 3978 etc.,
1016 3924 1071 3967 ut
1094 3929 1277 3983 supra.

248 3998 353 4052 Cur
382 4010 435 4056 te
474 4019 580 4058 non
614 4019 934 4071 memorem,
966 4020 1176 4076 magna:
1204 4005 1558 4061 Primicerius
1584 4007 1616 4046 ι»
1664 4006 1823 4070 aulae,

246 4090 425 4150 Aaron
449 4098 647 4170 quippe
676 4100 827 4171 prius
854 4115 1082 4172 magnus
1110 4101 1211 4157 sub
1242 4100 1389 4157 Mose
1427 4101 1681 4157 sacerdos

246 4183 302 4241 In
327 4197 379 4245 te
412 4206 557 4246 nuzzc
574 4200 820 4247 nostrum
850 4203 875 4233 ο
906 4193 1089 4249 subito
1109 4192 1387 4249 reviviscit
1411 4192 1467 4247 in
1506 4193 1648 4248 aula.

245 4274 327 4332 Tu
361 4293 543 4349 portas
577 4283 775 4350 Eﬂ'oth,
813 4299 1034 4341 sacrum
1075 4283 1340 4339 altaribus
1368 4284 1572 4356 ignem,

242 4366 353 4425 Ore
371 4372 477 4442 poli
504 4374 710 4430 clavem
735 4384 923 4446 portas
948 4376 1306 4446 manibusque
1332 4377 1570 4447 capellas.

242 4456 327 4513 Tu
353 4462 605 4534 populum
648 4466 902 4534 precibus
926 4464 1170 4522 defendis
1195 4482 1409 4539 semper
1444 4467 1511 4523 ab
1537 4469 1711 4525 hoste.

242 4548 444 4625 Surge,
472 4557 610 4613 meis
631 4557 830 4622 charis,
861 4567 992 4623 etc.,
1027 4569 1085 4613 ut
1118 4576 1299 4631 supra.

238 4641 458 4704 Thirsis
477 4658 854 4717 amatversus,
888 4651 1132 4709 dicamus
1157 4654 1399 4710 carmina
1440 4655 1680 4719 Thirsin,

238 4732 430 4791 Ardua
464 4740 661 4812 quippe
692 4741 826 4797 ﬁdes
851 4750 1051 4798 canuto
1085 4743 1503 4815 vertice-fulget.

240 4821 441 4898 Fulget
465 4845 622 4887 amor
641 4831 863 4888 Thirsin
885 4842 1216 4905 quapropter
1240 4843 1460 4907 pectore
1484 4844 1699 4891 nostro.

236 4912 401 4973 Alma
425 4921 558 4978 tldes
592 4923 813 4980 Thirsin
840 4925 1005 4981 faciet
1030 4938 1246 4996 quoque
1274 4926 1477 4983 Davide
1503 4927 1749 4982 chartms.

234 5005 447 5080 Surge,
472 5013 613 5069 meis
639 5015 845 5081 charis,
872 5024 1006 5079 etc.,
1029 5027 1087 5070 ut
1104 5032 1290 5088 supra.

235 5096 422 5158 Virtus
472 5103 791 5179 [madidus]
840 5106 1121 5164 imbrifero
1166 5109 1348 5164 veniet
1386 5107 1458 5163 de
1498 5115 1679 5163 metite
1724 5108 1830 5163 ble-

1565 5198 1591 5272 ί
1609 5198 1763 5255 nalce

296 5393 741 5473 (:Carqutilius
754 5400 935 5473 Caroli
959 5401 1135 5473 “agni
1163 5402 1594 5473 primogenitus:
1623 5401 1832 5458 Botrud

225 5467 291 5512 el
320 5463 491 5524 Berla
522 5469 669 5525 illius
688 5471 835 5527 filiae.

308 5533 339 5574 δ
368 5538 460 5610 An
484 5539 872 5610 Angilbertus?
953 5545 956 5548 ’

314 5617 340 5675 ς
374 5607 566 5675 Forte,
580 5607 798 5668 nostra.

305 5674 336 5715 δ
375 5674 568 5753 lj'orte2
591 5690 848 5753 natorum,
873 5691 933 5736 ut
958 5698 1122 5753 supra
1146 5699 1287 5738 vers.
1314 5684 1368 5738 3.

312 5759 338 5787 ο
369 5748 517 5811 Juli.
547 5750 630 5809 ita
654 5752 810 5822 cod.;
850 5748 1099 5811 fortaséis
1139 5754 1318 5812 Caroli
1357 5754 1439 5815 vel
1490 5752 1721 5829 Pippiui.
1748 5753 1831 5811 Ad

1403 329 1734 387 CARMINA.
1770 358 1842 370 --
1876 328 1962 385 AD
1997 328 2271 387 VARIOS.
2582 327 2611 371 \

1835 444 1881 505 A
1913 444 1984 502 Ut
2005 446 2150 517 legat
2175 448 2275 501 hos
2297 459 2487 501 versus
2512 444 2650 500 aulae
2672 445 2976 517 condignas
3011 458 3196 501 amore
3224 457 3242 498 :

3381 321 3485 379 786

1911 537 2113 606 Dignus
2138 552 2295 592 amor
2328 535 2515 591 rutilat
2548 535 2723 592 vatod
2750 537 2806 592 in
2829 537 2994 592 corde
3024 535 3285 593 Menalca.

1912 630 2106 699 Surge,
2138 629 2273 684 meis
2292 628 2496 694 charis,
2521 636 2653 694 etc.,
2682 639 2738 683 at
2763 644 2947 697 supra.

1909 719 2170 775 Chartula
2204 730 2369 774 curre
2404 718 2565 774 modo
2600 733 2701 789 per
2736 732 2893 774 sacra
2921 717 3127 788 palatia
3151 715 3346 783 David,

1909 811 2087 881 Atque
2112 810 2304 866 humili
2329 811 2542 865 cunctis
2564 811 2750 869 charis
2779 809 2862 866 fer
2887 826 3021 867 voce
3041 810 3294 876 salutem,

1776 924 1817 973 κη,
1912 902 2069 958 Basia
2100 903 2237 957 dans
2263 901 2406 958 dulci
2448 901 2722 959 molimine
2758 918 2975 976 semper
2995 905 3210 970 amicis,

1910 991 2087 1060 Atque
2113 991 2222 1046 mei
2248 991 2418 1047 David
2440 992 2669 1060 pedibus
2693 1002 2967 1063 prostrata
3003 1008 3262 1053 camenas

1914 1082 2033 1139 Mos
2052 1083 2295 1154 expande
2319 1091 2471 1148 tuas,
2499 1082 2680 1151 decies
2714 1085 2803 1140 die
2831 1085 2977 1142 mille
3012 1086 3241 1152 salutes,

1912 1175 2087 1245 Atque
2112 1175 2311 1245 pedum
2330 1173 2515 1246 digitis
2545 1175 2614 1231 da
2640 1176 2795 1232 basia
2823 1176 3001 1232 dulcia
3031 1178 3228 1234 sacris.

1910 1264 2006 1319 Sic
2035 1273 2085 1319 te
2105 1272 2259 1323 verte
2280 1265 2417 1321 meis
2445 1263 2671 1338 [charis]
2696 1265 2941 1337 proferre
2980 1267 3234 1335 salutem,

1911 1354 2086 1424 Atque
2109 1354 2409 1425 puellarum
2436 1370 2685 1411 cameras
2722 1371 2980 1427 percurre
3002 1359 3272 1426 canendo,

1912 1443 1979 1497 Et
2010 1451 2134 1514 pete
2160 1453 2362 1501 castra.
2384 1482 2399 1496 .
2417 1483 2431 1500 .
2472 1445 2648 1515 primo
2676 1444 2979 1503 clarissima
3005 1444 3115 1502 Juli
3140 1458 3187 1512 ο,

1913 1534 1978 1589 Et
2004 1534 2092 1590 dic
2122 1534 2465 1589 multimodas
2484 1533 2670 1601 juveni
2700 1550 2800 1605 per
2831 1535 3072 1590 carmina
3114 1535 3303 1593 laudes
3334 1553 3349 1592 :

1912 1626 1980 1680 Et
1998 1626 2078 1681 sic
2101 1626 2169 1680 ad
2195 1640 2409 1681 sacram
2440 1625 2602 1681 citius
2627 1632 2758 1681 tunc
2782 1640 2946 1681 curre
2972 1626 3261 1697 capellam,

1911 1716 2201 1772 Pacificaus
2234 1723 2400 1787 utque
2437 1717 2584 1772 feras
2615 1718 2831 1774 cunctis
2874 1719 2929 1773 iu
2973 1734 3070 1774 ore
3096 1718 3348 1774 salutem.

1841 1809 1887 1870 Β
1914 1807 1981 1862 Et
2009 1808 2316 1878 quicunque
2344 1807 2444 1863 tibi
2466 1816 2721 1863 occurrat
2746 1823 2846 1879 per
2881 1817 3057 1865 strata
3081 1808 3280 1876 fidelis,

1912 1900 2027 1965 Vir,
2057 1906 2213 1970 pater
2260 1907 2356 1955 aut
2401 1899 2568 1956 frater
2614 1899 2825 1969 forsan,
2843 1901 3181 1975 juvenesque
3206 1917 3495 1974 Senaque.

1910 1990 2140 2061 Semper
2173 1991 2225 2045 in
2264 2006 2363 2046 ore
2391 1989 2532 2046 feras
2557 2000 2826 2047 sacratam
2849 1992 3003 2061 pacis
3022 1992 3245 2048 olivam.

1912 2080 2011 2136 Die
2036 2099 2051 2136 :
2077 2081 2345 2135 llomerus
2371 2090 2520 2136 amat
2549 2090 2787 2137 vestram
2811 2097 2913 2153 per
2947 2083 3109 2139 saecla
3147 2083 3380 2141 salutem
3405 2104 3420 2140 :

1913 2174 2021 2229 Vos
2051 2173 2195 2229 Deus
2220 2173 2562 2243 omnipotens
2591 2189 2811 2245 semper
2835 2182 3125 2230 conservet
3163 2175 3387 2246 ubique,

1912 2264 1990 2319 Te
2011 2276 2237 2335 quoque.
2253 2262 2523 2331 Christus,
2554 2264 2744 2331 David,
2783 2276 3071 2322 conservet
3111 2268 3165 2322 in
3193 2283 3388 2324 mvum.

1913 2355 2104 2422 David,
2123 2373 2279 2411 amor
2306 2365 2513 2423 noster,
2540 2357 2711 2413 David
2730 2361 3104 2431 superomnia
3133 2355 3356 2428 charos,

1914 2446 2083 2500 David
2102 2455 2244 2501 amat
2275 2454 2425 2502 vates
2444 2487 2458 2512 ,
2489 2456 2735 2503 veterum
2761 2458 2844 2505 est
2882 2448 3052 2521 gloria
3084 2451 3277 2506 David.

1915 2538 2082 2593 David
2119 2546 2266 2594 amat
2296 2538 2592 2607 Christum,
2625 2538 2876 2596 Christus
2915 2549 2998 2598 est
3023 2543 3199 2614 gleria
3237 2540 3428 2599 David.

1983 2633 2118 2691 Post
2139 2632 2256 2687 haec
2282 2630 2472 2688 charta
2503 2631 2612 2689 cito
2641 2633 2832 2689 hortos
2859 2636 3135 2706 percurris
3168 2650 3432 2703 amoenos,

1910 2722 2048 2778 Cum
2074 2724 2259 2794 pueris
2286 2739 2449 2794 quam
2474 2724 2591 2797 jam
2619 2725 2868 2781 habitare
2898 2723 3113 2782 solebat
3140 2724 3429 2784 Homerus.

1913 2813 2091 2870 Cerne
2117 2815 2428 2871 salutiferas
2457 2816 2685 2886 pulchro
2712 2816 2778 2872 de
2802 2817 3051 2888 gramine
3080 2815 3268 2885 flores,

1915 2908 1978 2964 Si
2008 2910 2148 2965 bene
2175 2924 2235 2965 se
2263 2920 2413 2975 eant,
2446 2918 2707 2965 crescant
2730 2911 2776 2965 si
2801 2916 3044 2983 germine
3071 2912 3217 2968 laeto.

1916 2999 1975 3055 Si
2007 3016 2115 3055 non
2143 3000 2315 3056 hostis
2344 3000 2483 3056 edax
2516 3000 2735 3056 inimico
2762 3002 2958 3073 pollice
2984 3011 3222 3073 rumpat.

1922 3089 2176 3162 Undique
2210 3091 2500 3163 cingantur
2530 3090 2841 3148 ﬁrmissime
2872 3092 3092 3163 scpibus
3121 3092 3218 3148 illi.

1843 3153 1889 3214 C
1922 3180 1982 3239 Si
2014 3153 2227 3250 domus,
2257 3153 2332 3240 etv
2342 3184 2495 3254 pueri
2523 3184 2754 3257 vigeant,
2778 3186 2823 3241 si
2853 3153 2994 3242 tecta
3036 3185 3342 3254 domorum,

1923 3273 2070 3328 Laeta
2096 3274 2208 3329 Deo
2246 3273 2435 3329 laudes
2465 3274 2662 3340 facies,
2690 3274 2738 3330 si
2774 3290 3032 3347 prospera
3064 3281 3263 3332 cuncta

1923 3365 2193 3431 Invenies,
2215 3374 2273 3421 et
2298 3366 2384 3421 dic
2412 3367 2637 3436 pueris:
2661 3374 2878 3421 servate
2897 3365 3086 3423 ﬁdeles

1920 3457 2136 3522 Castra,
2162 3471 2381 3527 precor,
2408 3457 2586 3512 veniat
2619 3456 2686 3511 ad
2715 3472 2815 3513 vos
2851 3457 2978 3513 dum
3005 3446 3150 3515 vatis
3194 3457 3500 3526 Homerus;

1924 3548 2001 3605 Ne
2029 3548 2114 3605 vel
2143 3548 2359 3603 ﬂamma
2386 3563 2585 3618 vorax,
2610 3550 2703 3606 vel:
2734 3550 2823 3606 fur
2850 3551 3095 3609 devastet
3122 3552 3177 3607 in
3218 3552 3341 3609 istis

1921 3638 2042 3695 Jam
2069 3642 2236 3712 septis
2263 3644 2558 3715 quidquam
2581 3684 2596 3709 ,
2646 3658 2868 3699 sumne
2906 3644 3201 3699 miserante
3236 3641 3506 3700 Tonante.

1927 3732 2140 3803 Vosque
2160 3734 2358 3799 valete,
2391 3735 2495 3790 mei
2520 3735 2693 3804 pueri,
2724 3734 2811 3805 pia
2837 3735 3002 3789 chara
3029 3741 3227 3804 poetas.

1925 3822 1992 3878 Et
2026 3833 2241 3895 portate
2269 3839 2393 3878 meo
2416 3825 2557 3879 dulci
2581 3841 2701 3880 mea
2738 3826 2980 3879 carmina
3011 3823 3202 3878 David.

1925 3913 2091 3969 David
2114 3921 2263 3968 amat
2288 3919 2459 3971 vates.
2487 3920 2537 3968 et
2556 3913 2759 3984 reliqua
2791 3923 2847 3967 at
2873 3931 3059 3986 supra.

1926 4005 2093 4062 David
2117 4014 2264 4062 amat
2291 4005 2589 4073 Christum,
2621 4015 2680 4059 ut
2701 4022 2886 4077 supra.

2548 4162 2871 4221 CCXXXIII.

2058 4314 2297 4381 Querela:
2327 4320 2391 4372 ab
2428 4330 2679 4391 negatum
2696 4320 2979 4395 hospitium
3019 4326 3092 4383 ad
3122 4329 3382 4387 eamdem.

1853 4513 1902 4572 υ
1926 4473 2027 4572 lii:
2057 4475 2169 4572 ruit
2185 4491 2216 4532 e
2232 4476 2399 4572 emta,
2423 4477 2632 4551 gelidus
2662 4481 2824 4538 simul
2849 4484 3009 4541 irruit
3046 4485 3221 4543 imber
3245 4528 3262 4555 ,

1934 4566 2053 4622 Non
2089 4567 2191 4645 fuit
2214 4569 2431 4637 Albino,
2457 4583 2642 4643 specta
2673 4576 2692 4614 ί
2725 4577 2998 4650 paulisper
3018 4580 3073 4635 in
3098 4581 3235 4638 urbe

1933 4655 2037 4724 Qui
2069 4672 2195 4713 cum
2219 4659 2469 4727 dixisset,
2495 4663 2670 4719 donec
2693 4675 3039 4736 pertranseat
3058 4669 3233 4728 imber
3257 4713 3276 4741 ,

1934 4748 2003 4804 Et
2031 4750 2208 4806 calido
2236 4761 2424 4821 pectus
2446 4756 2636 4825 pandi
2667 4755 2844 4813 fronte
2874 4760 2903 4800 ε
2935 4760 3175 4819 reﬁrma.

1935 4841 2131 4899 Tristis
2150 4844 2265 4899 abit
2285 4844 2469 4900 senior
2483 4846 2671 4917 jejuno
2694 4858 2884 4907 ventre
2903 4862 3062 4924 poeta
3089 4872 3105 4922 ;

1935 4932 2002 4987 Et
2027 4934 2179 5003 pueri
2206 4935 2389 4991 tristes
2408 4936 2733 5005 planxerunt
2750 4944 2994 5001 carmine
3013 4945 3286 5005 Flaccum

1934 5023 2155 5096 Frigida
2185 5035 2515 5097 quapropter
2550 5037 2728 5085 taceat
2754 5032 2859 5089 sibi
2885 5032 3061 5094 ﬁstula
3088 5053 3306 5095 carmen
3329 5057 3345 5108 ;

1934 5115 2045 5171 llas
2078 5123 2288 5171 tantum
2317 5132 2521 5189 paucas
2540 5118 2808 5179 balbutiat
2837 5140 2932 5183 ore
2973 5144 3232 5187 camenas
3260 5149 3273 5186 :

1933 5204 2191 5261 Carmina
2223 5221 2331 5265 nou
2356 5216 2513 5265 curat
2533 5211 2719 5277 David,
2746 5229 2847 5270 nec
2868 5215 3018 5272 Delia
3040 5219 3068 5259 Ιι
3100 5229 3277 5277 curat.

1935 5400 2137 5483 Iulium
2169 5411 2225 5460 et
2248 5402 2467 5461 Lucium
2489 5404 2866 5483 directumest
2891 5426 3059 5467 carm.
3084 5414 3212 5483 256,
3237 5419 3339 5474 col.
3381 5420 3508 5479 796.

2014 5472 2273 5562 fSensus
2323 5484 2411 5531 est
2458 5493 2473 5531 :
2519 5478 2611 5548 qui
2657 5478 2878 5535 dixisset
2929 5497 2948 5536 :
3003 5472 3291 5558 Exspectat
3311 5472 3511 5562 patriis:

1935 5560 2027 5614 per
2049 5582 2065 5607 ,
2097 5552 2203 5599 etc.

2008 5613 2233 5686 Umerus
2261 5625 2569 5686 corruptus.

2006 5685 2031 5724 ιι
2065 5684 2233 5773 Delia.
2267 5685 2381 5742 lloc
2404 5684 2621 5773 nomine
2646 5691 2928 5771 compellat
2962 5693 3155 5769 filiam,
3180 5709 3239 5756 ut
3261 5701 3507 5773 videtur.

1935 5754 2113 5814 Caroli
2136 5757 2191 5815 in
2222 5760 2468 5829 sequenti
2508 5760 2768 5820 carmine.
