3866 6170
352 273 466 331 ⁸187
1174 275 1238 331 Β.
1276 274 1341 331 F.
1382 272 1612 328 ALBlNl
1653 270 1785 329 SEU
1827 270 2109 331 ALCUINI
2147 270 2434 329 OPERUII
2472 270 2655 327 PARS
2693 269 2782 325 Vl.
3520 263 3600 319 788

360 387 498 445 Dum
541 388 772 445 redeunt
790 388 987 445 iterum
1018 389 1183 444 calidi
1212 389 1353 445 bona
1380 396 1623 458 tempora
1648 384 1860 446 Phebi.
1895 418 1902 431 ι
1974 389 2022 446 Α
2047 382 2281 440 Iustitia:
2308 384 2465 440 violis
2486 385 2662 440 variet
2677 400 2775 454 per
2799 392 3044 454 tempora
3066 380 3262 454 fulgor,

359 480 480 536 Mox
504 481 741 552 pristina
760 483 901 537 redit
923 483 1096 539 virtus
1119 483 1177 538 in
1197 481 1442 537 carmine
1465 478 1685 543 Flacco,

359 573 511 628 Tunc
547 582 668 629 ruet
709 574 763 629 in
798 573 969 637 David
997 574 1276 630 Musarum
1309 572 1487 629 lattior
1515 572 1676 634 edis;

360 662 512 719 Nunc
536 679 663 734 pax,
692 665 803 719 vita
826 665 976 721 salus
1006 665 1204 731 David,
1242 673 1373 720 tunc
1391 663 1579 734 praelia
1610 661 1802 719 Musis.

967 774 1298 833 CCXXXW.

698 867 784 923 Ad
811 868 981 939 ﬁliam
1006 868 1144 939 forte
1171 866 1355 922 Caroli
1382 867 1584 936 Magni.

360 958 469 1014 Nec
508 968 561 1014 tu
598 959 796 1030 quippe
837 967 986 1013 tuum
1030 958 1258 1024 curasti,
1291 958 1421 1024 ﬁlia,
1444 958 1734 1013 Flaccum:

357 1047 553 1105 Vester
575 1050 688 1105 abit
722 1057 839 1105 toto
865 1049 1149 1114 tremulus,
1174 1065 1242 1105 en
1266 1064 1496 1120 corpore
1522 1057 1695 1113 vates,

358 1139 562 1213 Virgilii
595 1156 861 1198 resonans
898 1143 1068 1197 tacito
1095 1143 1183 1197 vix
1222 1143 1464 1198 carmine
1498 1156 1759 1196 versum:

356 1230 442 1287 Me
470 1231 675 1286 circum
698 1231 908 1287 validus
928 1241 1146 1297 ventus,
1175 1232 1270 1287 nix
1290 1272 1305 1296 ,
1336 1231 1574 1301 undique
1596 1230 1834 1286 nimbus.

358 1321 510 1378 Hanc
538 1329 720 1378 tamen
752 1322 1006 1394 iniuriam
1041 1324 1245 1397 poteris
1280 1338 1515 1395 purgare
1534 1322 1828 1393 precando.

270 1455 289 1468 .
358 1409 416 1464 Si
452 1410 886 1482 Regenberctum
913 1425 938 1452 α
966 1413 1141 1483 possit
1182 1414 1388 1469 servire
1411 1414 1441 1453 ιν
1471 1414 1791 1484 magistrum
1820 1453 1838 1478 ,

358 1502 549 1567 Serva,
576 1504 655 1558 sic
681 1512 865 1559 vestro
888 1512 1119 1576 patrono
1140 1514 1196 1560 et
1213 1505 1444 1576 priesule
1468 1520 1665 1574 magno

360 1591 576 1648 Viribus
600 1602 656 1648 et
682 1595 956 1661 manibus,
992 1598 1192 1663 securi,
1218 1597 1486 1667 trnlaque,
1510 1597 1740 1668 paiaque

359 1682 565 1737 Caetera
593 1684 750 1739 turba
773 1685 856 1739 sui
876 1685 1135 1756 pupulum
1158 1698 1182 1726 ο
1217 1703 1341 1742 mox
1367 1697 1559 1759 pergat
1583 1689 1640 1743 in
1674 1689 1908 1754 hostem,

360 1774 450 1829 llle
475 1775 624 1845 operi
662 1774 882 1832 insistat
908 1787 1110 1835 canuto
1140 1780 1346 1836 vertice
1377 1788 1590 1837 tantum
1614 1823 1629 1847 ,

362 1865 490 1923 Hae
512 1880 649 1938 rogo
673 1867 960 1939 perﬁciens
987 1870 1190 1938 valeas,
1229 1886 1350 1927 mea
1384 1871 1557 1941 Delia,
1582 1888 1815 1944 semper.

998 1982 1303 2041 CCXXXV.

962 2078 1047 2132 Ad
1076 2079 1331 2133 eamdem.

357 2172 489 2241 Qua:
511 2175 689 2245 cupis,
716 2182 779 2230 ut
806 2174 1015 2241 veniat,
1035 2174 1223 2231 venias
1250 2191 1353 2233 nec
1381 2176 1574 2232 charta
1601 2184 1791 2237 caveto
1821 2217 1836 2243 ,

428 2266 507 2324 Ne
533 2283 718 2324 musas
745 2276 954 2340 mergat
987 2268 1191 2340 sospita
1224 2269 1342 2324 dira
1376 2276 1518 2325 tuas.

359 2359 498 2415 Dum
534 2357 712 2416 Moses
741 2360 964 2433 pelagus
989 2360 1156 2433 virga:
1190 2360 1375 2417 divisit
1392 2362 1451 2417 in
1490 2361 1598 2415 ictu
1626 2402 1642 2427 ,

408 2450 525 2507 .Dic
550 2450 716 2508 semel
740 2460 835 2506 aut
856 2452 940 2507 his
971 2451 1017 2507 si
1044 2453 1283 2522 percutit
1309 2453 1425 2523 ipse
1455 2453 1655 2507 sinum.

360 2541 582 2597 Munera
607 2542 924 2597 muneribus
951 2540 1124 2596 David
1157 2542 1708 2615 superaddiditAlbin

361 2632 585 2693 Munera
618 2632 935 2690 muneribus
961 2630 1208 2690 Christus
1244 2635 1571 2704 snperaddat
1605 2643 1662 2690 et
1692 2635 1764 2690 illi
1791 2652 1803 2688 ε

359 2723 610 2781 Carmina
647 2724 983 2783 carminibus
1025 2725 1183 2782 binas
1225 2727 1553 2798 superaddat
1595 2727 1792 2782 etilli:

359 2816 552 2871 Omnia
579 2817 720 2871 dona
757 2817 934 2873 bonus
970 2832 1187 2891 semper
1220 2819 1363 2875 Deus
1405 2827 1601 2891 augeat
1650 2819 1725 2875 illi
1754 2836 1770 2883 ;

361 2910 428 2964 Et
456 2919 510 2965 te
540 2909 823 2969 florentem
850 2907 1041 2977 faciat,
1072 2924 1192 2967 mea
1226 2910 1354 2977 ﬁlia,
1392 2912 1550 2971 donis
1585 2931 1597 2966 :

358 3003 536 3071 Atque
571 3001 677 3057 mei
707 2999 878 3057 David
909 3001 1110 3058 sobolis
1136 3002 1460 3059 charissima
1487 3003 1643 3060 donis

359 3091 577 3149 Floreat
603 3093 823 3151 aeternis
857 3112 873 3148 :
911 3094 1305 3151 cunctiﬁorete
1342 3094 1548 3152 ﬁdeles.

358 3182 476 3239 lam
503 3183 730 3250 salvete,
766 3184 961 3252 valete,
990 3186 1166 3256 vigete
1193 3194 1250 3242 et
1275 3193 1433 3245 avctc
1457 3228 1471 3253 ,
1510 3186 1689 3245 valete
1713 3188 1727 3243 2

985 3295 1311 3354 CCXXX“.

807 3384 941 3442 Vota
966 3401 1061 3457 pro
1087 3384 1294 3455 [milia
1323 3388 1486 3458 regia.

361 3480 509 3535 Delia
531 3479 815 3536 doctisono
848 3494 909 3535 se
933 3477 962 3519 ἀ
1001 3477 1355 3551 grammatica
1396 3480 1609 3550 plectro

428 3570 648 3627 Floreat
681 3578 744 3626 ut
763 3570 958 3627 studiis
986 3579 1178 3640 pectus
1199 3571 1401 3641 ubique
1434 3580 1605 3627 tum.

359 3661 481 3717 Vita
511 3661 658 3717 salus
682 3661 896 3718 cunctis
919 3701 936 3728 ,
974 3661 1208 3718 Domino
1234 3661 1475 3719 donante
1496 3703 1512 3729 ,
1544 3662 1736 3734 puellis
1762 3704 1785 3730 ,

429 3754 863 3824 Perpetuumque
887 3764 910 3794 ο
938 3754 995 3810 in
1027 3763 1273 3825 tempora
1298 3753 1459 3827 longa
1481 3754 1595 3810 ﬁat.

358 3844 510 3901 Felix
533 3846 730 3916 quippe
755 3845 941 3912 Pater,
965 3844 1130 3903 ﬁeres
1155 3846 1249 3917 qui
1275 3847 1522 3918 gemine
1545 3847 1692 3905 tales

430 3936 673 4008 Egregiis
696 3936 879 3992 mundi
906 3938 1196 4009 progenuit
1216 3938 1403 4007 titulis.

357 4029 560 4087 Dextra
589 4028 767 4085 Patris
788 4029 984 4106 summi
1008 4039 1184 4097 natas,
1213 4039 1844 4106 natosque,patremquo

426 4118 724 4176 Gonservet
752 4102 976 4190 pariter,
1002 4128 1253 4192 protegat
1276 4102 1441 4195 atque
1470 4102 1647 4196 regat.

959 4230 1333 4301 CCXXXVIIn
1350 4266 1363 4282 ι

427 4322 689 4379 Allocuu'o
716 4322 785 4376 ad
823 4320 1006 4377 Musas
1042 4323 1097 4376 in
1123 4326 1354 4392 gratiam
1391 4325 1580 4397 regalis
1610 4329 1760 4398 pueii
1797 4327 1843 4382 τ.

357 4417 595 4489 Pergite,
626 4414 889 4479 Pierides,
910 4413 1104 4471 musali
1130 4415 1323 4484 pollice
1342 4415 1504 4474 flores

357 4507 615 4576 Carpere,
649 4505 740 4576 qui
766 4503 983 4574 liquidis
1003 4513 1260 4560 crescunt
1282 4520 1451 4577 prope
1475 4505 1717 4565 fontibus
1737 4510 1943 4567 amnis;

357 4597 546 4671 [legali
570 4606 630 4652 ut
640 4596 829 4671 juveni
865 4594 1083 4652 faciatis
1118 4603 1269 4653 serta
1299 4596 1516 4659 salutis.

357 4691 431 4749 Ut
455 4690 622 4745 variis
644 4698 790 4746 totus
818 4687 994 4762 fulget
1023 4688 1316 4746 virtutibus
1342 4687 1435 4746 ille
1455 4730 1472 4757 ,

354 4780 646 4835 Nobilitate
672 4779 879 4844 cluens,
908 4778 1193 4835 laudabilis
1214 4780 1370 4847 orbe,
1395 4790 1620 4853 paterna
1639 4800 1659 4851 ;~

355 4872 450 4929 Sic
471 4887 570 4928 vos
596 4868 831 4942 llorigeri
846 4871 1122 4928 decurrite
1142 4880 1302 4942 prata
1326 4872 1540 4932 decoris
1567 4895 1580 4931 :

353 4963 569 5018 Vertico
587 4959 917 5021 Castalidum
930 4957 1170 5028 iuvenali
1195 4971 1252 5017 et
1270 4967 1488 5035 pangite
1503 4975 1764 5033 stemma,

352 5053 579 5125 Fulgeat
603 5051 658 5107 in
686 5065 843 5108 roseo
867 5057 1054 5107 vertex
1091 5052 1311 5111 virtutis
1340 5054 1573 5114 honore.

350 5146 465 5203 Illic
489 5155 546 5203 et
572 5143 777 5217 sophia“.
800 5143 1068 5201 clarescat
1094 5143 1204 5200 lilia
1227 5147 1493 5202 condens.

422 5291 449 5319 ι
479 5275 906 5349 Regenberctum.
938 5275 1325 5349 Regimliertum
1349 5277 1509 5347 hujus
1540 5282 1776 5338 nominis
1816 5299 1935 5339 ma-

407 5346 579 5407 struni
610 5346 885 5405 exstitisse
901 5348 1003 5404 sub
1019 5346 1244 5405 initium
1265 5364 1394 5405 saec.
1418 5346 1494 5415 ix,
1527 5351 1582 5407 in
1605 5356 1934 5411 monasterio

396 5417 783 5494 anct-_G_allensi
819 5417 1162 5477 Mabillonius
1210 5418 1379 5478 refert
1424 5428 1554 5478 tom.
1599 5422 1645 5479 ll
1682 5422 1875 5480 Annal.
1913 5466 1927 5494 ,

352 5503 454 5562 pag
496 5487 622 5542 284.

426 5557 453 5594 ιι
476 5555 657 5622 Forte,
684 5556 846 5622 possis
876 5573 1100 5613 servare.

427 5633 451 5663 ε
479 5621 895 5690 Ιῗριυιθέρρριιιί.

424 5690 453 5735 α
488 5688 613 5745 lliat
636 5688 844 5743 sensus.

2041 476 2109 530 Et
2130 491 2322 533 crocea
2343 477 2528 531 rutilet
2548 476 2854 532 verecunda
2880 476 3142 531 modestia
3177 474 3369 529 vultu.

2043 567 2262 624 Talibus
2290 568 2374 623 his
2394 567 2653 637 juvenem
2676 568 2841 622 sertis
2866 575 3077 632 ornate,
3105 566 3378 622 Cameren.

2040 657 2182 714 Ecce
2209 667 2331 713 tuas
2357 658 2820 729 aures,juvenuni
2855 656 3181 721 clarissime,
3213 656 3390 720 donis,

2041 749 2306 807 Versiﬁoo
2337 750 2484 806 volui
2507 750 2807 821 pauxillum
2822 759 3061 822 tangere
3094 749 3320 821 plectro,

2042 840 2110 895 Et
2139 841 2236 896 tibi
2263 850 2582 912 perpetuam
2612 841 2779 897 Musis
2801 841 3060 896 mandare
3095 840 3345 895 salutem.

2040 930 2337 1002 Florigeris
2363 932 2568 986 utinam
2590 931 2775 1003 vigeas
2800 946 2898 1001 per
2922 928 3119 986 smeula
3156 928 3386 999 sceptris
3402 969 3421 993 ,

2040 1022 2218 1093 Atque
2253 1023 2366 1078 Deo
2394 1021 2612 1090 iunctus
2645 1032 2833 1077 teneas
2864 1020 3107 1078 scelestia
3134 1036 3321 1092 regna.

2610 1150 2619 1155 -
2645 1110 3019 1168 CCXXXVlll.

2331 1236 2334 1239 -
2361 1206 2440 1262 De
2472 1204 2804 1260 Richbodone
2826 1204 2894 1258 ad
2916 1202 3279 1275 Angilbertum

2043 1299 2248 1356 Obtulit
2270 1299 2563 1355 altithrono
2592 1313 2793 1368 parvus
2821 1294 3141 1352 munuscula
3165 1309 3354 1351 servus

2114 1389 2398 1446 Richbodo
2427 1392 2475 1455 ⁸,
2497 1403 2619 1459 qua:
2638 1387 2842 1452 cernis,
2865 1386 3061 1450 lector,
3081 1385 3135 1440 in
3161 1385 3276 1440 {ede
3305 1398 3483 1448 sacra,

2044 1480 2126 1538 0b
2152 1481 2421 1537 scelerum
2452 1481 2693 1546 veniam,
2722 1479 2793 1534 ob
2819 1479 2943 1535 vita:
2978 1477 3217 1534 cmlestis
3245 1491 3515 1542 amorem;

2113 1576 2222 1630 Pro
2241 1588 2351 1645 quo
2374 1574 2607 1644 quisque
2636 1572 2806 1643 legas,
2839 1570 3004 1626 funde
3027 1584 3216 1641 preces
3248 1569 3476 1624 Domino
3503 1584 3518 1624 :

2044 1666 2151 1721 Pro
2177 1673 2251 1731 te,
2278 1679 2488 1735 proque
2516 1664 2625 1718 tuis
2649 1677 2787 1733 quas
2807 1660 3018 1728 fundes,
3048 1658 3216 1715 frater
3236 1668 3416 1715 amate
3441 1699 3455 1725 ,

1977 1741 2022 1798 Β
2116 1757 2199 1812 Ad
2229 1757 2368 1822 hmo,
2392 1757 2521 1812 dum
2548 1755 2759 1820 venias,
2785 1753 2973 1808 limina
2997 1767 3156 1809 sacra
3185 1752 3403 1817 domus,

2045 1848 2298 1913 Christus
2331 1847 2403 1901 ab
2430 1845 2666 1902 aitherea
2697 1844 2942 1900 clemens
2968 1843 3225 1897 exaudiat
3247 1857 3376 1897 arce
3410 1906 3413 1907 ν

2122 1938 2201 1993 Te
2225 1937 2456 2003 faciens,
2488 1935 2680 2001 lector,
2709 1932 2877 1991 corde
2904 1934 3083 1990 redire
3106 1932 3347 1993 domum.

2047 2030 2123 2087 Te
2153 2044 2285 2101 rogo
2307 2070 2322 2096 ,
2356 2036 2546 2085 sancte
2573 2027 2756 2094 Pater,
2787 2027 3015 2098 supplex
3049 2040 3151 2097 per
3176 2025 3419 2081 carmina
3446 2035 3609 2082 nostra

2117 2121 2205 2176 Sis
2234 2135 2445 2176 memor
2469 2127 2526 2175 et
2555 2119 2754 2185 nostri,
2794 2126 2870 2183 te,
2894 2133 3049 2188 rogo,
3081 2125 3271 2173 sancte
3290 2115 3488 2171 Pater:

2047 2210 2231 2266 Dulcis
2261 2209 2516 2273 floruere,
2535 2223 2753 2278 precor,
2775 2207 2957 2261 Flacci
2983 2221 3193 2261 memor
3217 2215 3338 2261 esto
3366 2214 3551 2276 poetic,

2119 2301 2209 2357 Sis
2242 2316 2455 2355 memor
2479 2307 2538 2354 ut
2565 2297 2803 2364 Samuel,
2836 2297 3007 2354 dulcis
3033 2297 3289 2361 Homere,
3319 2313 3519 2367 precor.

2045 2391 2325 2447 Auxiliare
2346 2405 2533 2446 senem
2557 2396 2799 2455 nostros,
2822 2403 2975 2460 rogo,
3007 2396 3063 2442 tu
3094 2402 3192 2458 per
3220 2387 3419 2442 amicos
3441 2427 3459 2451 ,

2117 2482 2217 2538 Est
2236 2482 2390 2537 locus
2418 2481 2641 2537 insenos
2670 2481 2698 2520 ιι
2723 2479 2989 2534 auxiliare
3016 2495 3203 2536 senem

2045 2575 2144 2631 Est
2168 2575 2301 2630 mihi
2324 2583 2474 2630 certa
2502 2573 2638 2629 ﬁdes
2665 2573 2732 2629 de
2754 2582 2828 2639 te,
2859 2572 3183 2629 cbarissime
3207 2570 3397 2635 frater,

2118 2665 2254 2722 Cum
2280 2664 2500 2720 Christo
2518 2672 2575 2719 et
2595 2664 2802 2723 sanctis
2824 2664 2897 2719 sit
2920 2664 3016 2718 tibi
3046 2673 3198 2719 certa
3221 2663 3386 2719 salus.

2047 2755 2154 2812 Pro
2180 2755 2384 2812 mundo
2416 2755 2657 2811 moriens
2680 2755 2769 2812 hic
2796 2755 2983 2811 mundi
3012 2756 3123 2810 vita
3151 2755 3442 2825 pependit,

2119 2850 2306 2906 Abluit
2330 2860 2493 2906 omne
2524 2849 2684 2919 hujus
2717 2849 2998 2918 sanguinis
3034 2848 3176 2903 unda
3206 2848 3395 2903 nefas:

2048 2942 2187 2997 Dum
2214 2949 2377 3012 caput
2399 2940 2631 2998 inclines
2653 2942 2912 2996 mundum
2939 2955 3102 3011 super
3132 2940 3294 3011 erigit
3317 2948 3450 2994 astra
3479 2978 3494 3003 ,

2121 3035 2190 3090 Et
2210 3035 2410 3091 mirum
2436 3034 2637 3101 saeclis,
2669 3048 2818 3089 mors
2840 3041 2933 3089 tua
2955 3034 3067 3088 vita
3088 3033 3211 3089 fuit.

2044 3127 2232 3200 Agnus
2268 3128 2337 3182 ab
2364 3128 2519 3183 hoste
2549 3142 2726 3191 sacer,
2758 3126 3013 3200 populum
3040 3128 3132 3197 qui
3158 3143 3256 3197 per
3281 3141 3426 3183 mare
3451 3126 3618 3191 duxit,

2115 3220 2274 3276 Nunc
2308 3221 2506 3277 melius
2544 3221 2808 3276 mundum
2835 3220 3012 3276 salvat
3038 3223 3108 3277 ab
3132 3221 3290 3277 hoste
3313 3237 3484 3277 suum.

2044 3312 2255 3369 .Eneus
2278 3327 2348 3368 en
2385 3327 2634 3382 serpens,
2673 3312 2854 3383 populi
2879 3313 2971 3384 qui
2996 3312 3225 3368 vulnera
3267 3323 3454 3379 sanat,

2114 3402 2271 3459 Nunc
2307 3411 2363 3458 tu
2392 3411 2653 3473 peccator
2679 3403 2865 3474 aspice
2892 3412 3073 3459 mente
3098 3404 3208 3474 pia.

2578 3515 2935 3571 CCXXXVIII
2961 3516 3058 3571 bis.

2257 3585 2486 3642 Flaccus
2525 3587 2594 3642 ad
2643 3586 2933 3642 Honterum
2971 3586 3398 3661 [Angilbertum].

2044 3679 2184 3735 Dum
2209 3687 2394 3735 suetas
2429 3678 2601 3734 soleat
2626 3677 2842 3750 Cycnus
2875 3693 3098 3733 servare
3120 3694 3377 3735 camenas
3402 3720 3418 3746 ,

2115 3770 2358 3827 Cuculus
2384 3779 2442 3825 et
2479 3771 2727 3841 proprios
2755 3770 2908 3825 novit
2942 3769 3142 3827 habere
3175 3787 3357 3827 sonos.

2044 3861 2182 3918 Dum
2206 3877 2375 3926 mare,
2393 3861 2519 3916 dum
2544 3861 3040 3933 fontes,proprium
3064 3863 3191 3917 dum
3210 3863 3387 3919 sidera
3410 3874 3630 3917 cursum

2115 3955 2353 4026 Quaeque
2374 3962 2533 4010 suum
2559 3962 2799 4019 servant,
2833 3958 2938 4010 sub
2966 3955 3287 4011 moderante
3322 3956 3446 4020 Deo,

2043 4045 2296 4101 Carmina
2325 4060 2425 4100 cur
2446 4052 2625 4099 taceat
2643 4045 2822 4100 subito
2849 4063 2953 4103 sua
2976 4044 3207 4103 Flaccus
3234 4045 3464 4103 Homero
3488 4085 3504 4108 ,

2115 4136 2286 4194 Filius
2312 4147 2476 4208 atque
2496 4138 2636 4209 patri
2658 4152 2757 4193 cur
2784 4146 2966 4195 taceat
2991 4139 3215 4195 subito?

2045 4228 2185 4295 Heu,
2210 4246 2310 4286 cur
2332 4239 2480 4285 mnta
2511 4230 2675 4286 silent
2698 4245 2796 4285 ora
2809 4227 2926 4299 jam
2946 4231 3099 4288 vocis
3119 4248 3317 4305 egena,
3362 4234 3381 4243 ”

2117 4319 2398 4390 Mellifluos
2425 4321 2700 4391 quondam
2731 4336 2851 4391 quae
2885 4322 3136 4379 cecinere
3168 4327 3375 4380 senos?

1973 4447 2029 4508 Β
2046 4378 2153 4468 Nos
2180 4378 2522 4468 venerandus
2547 4427 2703 4467 amor
2725 4378 2876 4482 pacis
2902 4427 3000 4483 per
3026 4413 3235 4470 findere
3253 4412 3451 4483 jmxit,

2118 4503 2289 4572 Quem
2317 4520 2423 4574 pax
2461 4512 2650 4561 nostra
2679 4503 2823 4559 Deus
2852 4504 3130 4575 perﬁciat,
3168 4514 3398 4577 vegetet.

2043 4598 2307 4655 Paciﬁcas
2327 4597 2471 4653 Dens
2494 4597 2549 4652 in
2576 4612 2861 4654 numerum
2884 4597 2988 4653 sibi
3018 4598 3193 4668 prolis
3214 4600 3433 4671 adoptat
3456 4637 3472 4666 ,

2112 4690 2369 4761 Quisquis
2390 4697 2537 4746 amat
2557 4704 2767 4760 pacem,
2791 4697 2876 4745 est
2902 4688 3044 4745 filius
3066 4690 3183 4761 ipse
3206 4690 3324 4748 Dei.

2043 4783 2260 4840 Bancor
2290 4799 2510 4839 amarus
2532 4783 2641 4849 abi,
2685 4782 2878 4839 redeas
2905 4784 3196 4839 concordia
3219 4784 3413 4853 dulcis,

2113 4871 2212 4930 Hic
2235 4874 2446 4944 fugiens
2478 4880 2684 4944 pereat,
2712 4872 2803 4928 illa
2835 4881 3030 4930 naeus
3060 4883 3303 4931 maneat.

2038 4967 2084 5026 Ο
2117 4976 2173 5023 tu
2195 4966 2366 5021 dulcis
2400 4981 2573 5030 amor,
2603 4981 2710 5036 qua
2737 4974 2791 5021 te
2817 4980 2963 5021 nunc
2990 4976 3147 5037 parte
3174 4971 3441 5039 requiram
3464 5011 3479 5035 ,

2107 5057 2247 5114 Cum
2282 5054 2400 5129 [Ρη
2448 5054 2610 5131 Num]
2651 5063 2813 5113 natus
2859 5054 3139 5128 proprium
3186 5062 3360 5132 possit
3401 5061 3578 5115 odisse

3260 5152 3505 5227 [patrem.

2111 5293 2134 5321 θ
2166 5281 2331 5337 Deest
2357 5280 2577 5352 aliquid.

2112 5352 2135 5434 ξ
2166 5351 2350 5434 Eoi-te,
2379 5350 2588 5434 Pippini
2614 5358 2709 5408 aut
2727 5353 2952 5434 alterius
2978 5355 3075 5434 ﬁlii
3097 5357 3276 5416 Caroli
3316 5361 3508 5434 Magni.

2110 5421 2847 5503 FllichbodoiCognomento
2862 5425 3278 5503 _hlacarius,iad
3322 5421 3481 5503 quem
3520 5428 3610 5486 Al-

2032 5494 2237 5574 cu'inus.
2265 5491 2484 5562 scripsit
2528 5494 2783 5574 epistolas
2816 5497 2971 5574 _169,_
2992 5499 3114 5565 170,
3132 5502 3277 5574 ~171,
3321 5491 3437 5558 1³72.
3464 5503 3606 5557 Alias

2033 5564 2330 5687 etiggitjam
2359 5564 2666 5619 monuimus
2685 5566 2902 5622 nomine
2925 5564 3145 5626 Homeri
3171 5564 3483 5645 compellari
3503 5573 3604 5629 An-

2032 5650 2081 5707 8¹
2107 5703 2115 5707 .
2166 5650 2204 5707 .¹ἶ
2227 5647 2333 5687 “m'
2623 5702 2641 5707 -
2804 5704 2813 5707 _

2106 5703 2135 5745 ιι
2166 5700 2277 5759 Vox
2304 5709 2588 5773 corrupta;
2615 5702 2775 5776 forte,
2797 5704 2997 5765 insane:
3023 5724 3119 5768 seu
3141 5727 3249 5770 non
3274 5729 3455 5773 senes.
