3866 6170
346 264 448 323 m

992 372 1258 430 CCXLUI.

819 465 896 520 Ad
937 462 1377 536 Theophyiactum
1397 476 1445 517 ι.

346 558 749 630 Theophylacte
773 554 953 620 Pater,
984 554 1189 625 sophiae
1218 562 1276 608 tu
1300 555 1490 610 doctor
1514 553 1796 616 honestus,

415 650 698 708 Laudibus
715 646 955 719 egregiis
976 645 1158 700 clarus
1184 644 1240 699 in
1264 644 1397 699 orbe
1420 643 1628 713 procul.

343 744 403 801 in
436 758 607 816 regno
627 754 874 812 magnus,
904 737 1079 793 durus
1108 737 1161 791 in
1192 734 1313 792 orbe
1341 736 1528 791 rideri;
1552 736 1580 777 ι»
1606 755 1618 790 :

414 838 566 892 Dona
596 835 674 891 tui
701 833 881 891 cordis
911 838 1037 888 sunt
1064 844 1219 893 nova,
1250 828 1332 882 vel
1358 836 1562 884 vetera.

348 929 508 993 Urbs,
522 935 683 1000 caput
698 925 866 986 orbis,
880 923 1047 979 habet
1066 928 1118 979 te
1137 919 1372 977 maxima
1388 920 1558 976 Roma
1579 920 1917 993 magistrum,

416 1025 591 1082 Verba
619 1021 809 1079 salutis
834 1018 1004 1075 habes
1035 1028 1249 1086 semper
1274 1016 1328 1071 in
1353 1031 1450 1073 ore
1476 1026 1588 1071 tuo.

342 1118 607 1177 Omnibus
627 1129 697 1170 es
715 1112 869 1168 uritis
891 1118 1081 1168 sancta
1109 1108 1314 1179 pietate
1338 1107 1621 1179 magistra,

413 1207 545 1274 Quae.
571 1204 711 1263 solet
733 1202 1013 1275 egregium
1042 1215 1142 1256 eor
1164 1199 1411 1256 habitare
1437 1207 1610 1255 tuum.

342 1299 504 1372 332
526 1296 586 1352 In
610 1311 723 1368 qua
745 1306 960 1364 meque,
988 1305 1206 1362 precor,
1240 1289 1449 1360 gremio
1475 1289 1757 1351 chatitatts
1786 1305 1922 1346 ann-

1693 1377 1848 1455 [cutn
1871 1391 1916 1447 ε,

412 1482 527 1540 Sim
555 1482 683 1539 licet
709 1481 952 1551 ignotus,
975 1476 1210 1547 suscipe,
1246 1483 1455 1540 sancte,
1483 1473 1602 1530 tibi.
1816 1536 1819 1543 η

341 1575 483 1633 Nam
504 1574 786 1644 Scriptura
810 1571 958 1628 canit
983 1583 1112 1627 vero
1137 1567 1509 1638 paradigmata
1526 1566 1552 1607 ἀ
1576 1574 1763 1622 sancta
1798 1562 1805 1568 ’

409 1665 687 1732 Carmine,
714 1679 836 1734 qum
861 1661 1053 1717 laudes
1076 1660 1419 1718 concelebrat
1443 1657 1663 1728 sophiae.

343 1758 436 1815 Sic
460 1756 657 1831 [novus
682 1753 730 1827 ι]
756 1762 818 1809 ut
840 1760 1079 1811 mustum
1108 1760 1289 1808 tecum
1314 1757 1619 1805 veterascet
1642 1749 1869 1815 amicus,

412 1850 505 1907 Sic
532 1849 693 1905 hodie
719 1847 873 1904 dulce
899 1844 1061 1909 bibis,
1092 1842 1269 1900 dulcis
1292 1841 1503 1897 amicus
1527 1841 1654 1897 erit.

342 1943 562 1999 Dixerat
590 1948 643 1995 et
668 1938 889 2005 Paulus,
917 1938 1110 1994 doctor
1131 1934 1468 1991 clarissimus
1498 1934 1670 1997 orbis,

410 2032 615 2090 Cuncta
641 2031 871 2102 probate
894 2028 1070 2099 prius,
1102 2041 1331 2097 qumque
1361 2034 1539 2081 tenete
1564 2024 1724 2087 bona.

339 2127 582 2186 Obsecro
606 2135 656 2182 te
682 2123 905 2195 supplex
935 2122 1137 2187 animo,
1166 2136 1254 2176 me
1278 2134 1534 2191 spernere
1562 2118 1691 2183 noli,

411 2219 519 2277 Sed
553 2220 711 2276 solita
747 2218 972 2274 fratrem
1007 2232 1093 2271 me
1127 2215 1329 2286 pietate
1362 2214 1554 2284 proba.

339 2312 512 2383 Larga
534 2311 757 2383 quidem
779 2309 1021 2365 charitas
1044 2305 1245 2362 Christi
1275 2304 1414 2360 solet
1438 2317 1561 2359 esse
1587 2318 1685 2372 per
1705 2301 1918 2364 orbem,

411 2402 468 2458 In
500 2400 766 2472 gremium
792 2399 993 2454 multos
1020 2404 1315 2468 congregat
1341 2395 1432 2449 illa
1459 2408 1636 2448 suum.

339 2493 440 2560 Qui
470 2494 524 2548 in
549 2492 818 2549 charitate
842 2497 1056 2552 manet,
1083 2495 1265 2557 portat
1292 2486 1346 2540 in
1375 2493 1596 2554 pectore
1619 2481 1918 2543 Christum,

414 2585 555 2641 Vera
580 2584 796 2654 quidem
823 2581 1064 2639 charitas
1089 2587 1176 2634 est
1200 2577 1347 2633 Deus
1373 2577 1739 2644 ornnipotens.

341 2675 443 2743 Qui
474 2674 734 2745 prodesse
757 2678 954 2742 potest,
981 2684 1086 2725 non
1114 2676 1198 2725 est
1223 2667 1558 2737 spernendus
1585 2665 1831 2727 arnicus;

415 2764 512 2820 Vel
539 2761 803 2833 prodesse
821 2759 987 2821 valet,
1015 2759 1154 2840 alter
1178 2757 1386 2812 amicus
1411 2758 1481 2812 ei.

342 2853 550 2921 Profuit
574 2859 634 2908 ut
656 2849 903 2908 Christus
922 2846 1037 2918 iam
1062 2848 1287 2903 vulnera
1316 2846 1434 2903 dira
1463 2846 1726 2918 gementi,

414 2946 469 3001 ln
496 2961 683 3002 curam
712 2959 967 3002 nummos
992 2941 1217 3012 protulit
1244 2950 1409 3012 atque
1437 2942 1593 2997 duos.

343 3038 455 3095 liae
481 3039 704 3110 pietate,
731 3052 942 3107 precor,
977 3052 1063 3092 me
1093 3044 1149 3091 tu
1180 3034 1279 3091 tibi
1307 3035 1521 3105 suscipe
1549 3033 1793 3099 fratrem,

410 3129 469 3185 in
496 3129 712 3185 Christo
738 3127 939 3184 fratres
961 3127 1137 3199 gratia
1165 3141 1266 3182 nos
1294 3125 1499 3196 genuit.

410 3220 638 3295 [inclyta
665 3235 765 3277 nos
791 3219 989 3276 fratres
1012 3235 1122 3275 una
1150 3218 1283 3274 ﬁdes
1309 3216 1539 3291 genuit].

344 3311 558 3367 Suadeo
585 3312 785 3381 quippe
809 3311 931 3375 tibi,
957 3311 1146 3367 doctor
1170 3309 1475 3365 clarissime
1500 3309 1710 3372 mundi,

416 3400 488 3459 Ut
513 3401 757 3458 doctrina
787 3415 945 3456 sacro
972 3407 1159 3455 currat
1186 3389 1256 3455 ab
1282 3415 1378 3455 ore
1404 3407 1516 3454 tuo.

341 3490 598 3549 Chartula
629 3490 900 3547 scribatur
925 3491 1070 3555 vitm,
1102 3490 1349 3544 mittatur
1376 3490 1394 3529 τ
1423 3490 1643 3561 ubique,

414 3582 750 3637 Prxtitulata
779 3581 873 3652 pio
894 3581 1112 3637 nomine
1140 3582 1457 3652 apostolico.

344 3672 437 3730 Sic
467 3681 556 3727 tua
587 3671 706 3727 latis
734 3672 964 3737 crescit;
999 3686 1211 3728 merces
1236 3672 1318 3728 sic
1342 3687 1535 3744 magna
1560 3672 1803 3729 manebit

415 3761 629 3819 Pastori
658 3777 873 3819 summo
901 3763 1046 3821 sedis
1074 3764 1402 3834 apostolica).

343 3853 512 3925 Cujus
536 3868 721 3910 amore
746 3853 838 3924 pio
861 3854 1168 3911 commenda
1196 3872 1295 3920 me,
1329 3872 1472 3928 rogo,
1502 3856 1668 3927 frater
1688 3860 1736 3920 ⁸,

411 3946 766 4004 Commendet
788 3943 1005 4003 Christo
1032 3955 1092 4002 ut
1117 3960 1203 4003 mc
1230 3956 1384 4019 pater
1410 3963 1506 4003 ore
1532 3965 1649 4005 suo.

343 4035 451 4092 Vos
478 4037 683 4106 pariter
706 4045 897 4107 patres
920 4053 1134 4108 semper
1158 4037 1274 4094 sine
1303 4037 1411 4094 line
1436 4038 1634 4103 valete,

415 4127 649 4184 Dextera
675 4142 775 4184 vos
795 4127 998 4184 Christi
1028 4135 1274 4200 protegat
1302 4138 1465 4201 atque
1494 4139 1668 4200 regat.

990 4227 1260 4285 CCXLIV.

342 4310 365 4349 ῐι
391 4308 475 4362 Ad
510 4306 754 4379 Aquilam
781 4306 1090 4379 (Anionem)
1115 4308 1410 4378 episcopum
1449 4307 1914 4382 Salisburgcnsrm.

342 4404 447 4463 Per
470 4416 945 4476 montes,campos
963 4406 1237 4478 Aquilam,
1264 4423 1384 4463 mea
1410 4409 1683 4476 chartula,
1709 4426 1910 4481 quau-0,

410 4495 731 4555 Pontificem
758 4495 941 4568 magni
967 4495 1205 4553 norninis
1225 4505 1284 4554 et
1307 4496 1524 4563 meriti;

410 4646 439 4677 ⁸
464 4633 657 4691 Exstat
683 4635 790 4693 hoc
820 4647 1040 4691 carmen
1066 4633 1122 4689 in
1148 4635 1270 4705 cod.
1300 4631 1697 4705 Salisburgcnsi
1715 4674 1729 4698 ,
1762 4634 1919 4704 cujus

340 4705 603 4777 lectiones
615 4705 901 4777 variantes
925 4703 1321 4777 annotavimus.
1362 4705 1523 4777 Duos,
1554 4703 1644 4775 qui
1676 4703 1918 4777 tempore

339 4774 555 4836 Αιωίηί
886 4775 1097 4861 ξεναγία
1122 4772 1916 4861 τειίξορδιιςαοεὶυηυφὶρί-

342 4861 565 4930 scopum
592 4836 855 4926 Τιιάιξιιιίθ⁷
893 4836 1127 4915 legatum
1157 4836 1379 4929 Adriani
1409 4845 1431 4900 ι
1459 4836 1629 4917 papae,
1662 4847 1752 4917 qui
1785 4836 1915 4932 con-

342 4917 466 4973 ctlto
491 4914 835 4999 Calghutenst
859 4931 999 4999 armo
1026 4915 1128 4971 788
1157 4913 1371 4999 pruritu
1389 4956 1404 4979 ,
1439 4926 1495 4999 et
1528 4918 1593 4972 ad
1609 4919 1909 4999 concilium

341 5002 557 5059 quoque
580 4983 1063 5041 Francofordiense
1088 4983 1234 5042 anno
1254 4985 1359 5043 79b
1383 4987 1581 5043 missus
1604 4986 1726 5042 fuit.
1764 4989 1913 5044 Alte-

343 5075 461 5127 rum
493 5056 642 5113 sedis
664 5053 1301 5127 apostolicenotarium,
1336 5057 1429 5127 qui
1456 5058 1675 5127 scripsit
1701 5058 1913 5115 litteras

341 5095 641 5185 #531313"
652 5095 870 5196 ἶνιῖξρἕὲ
874 5095 1427 5196 ἰἶῖιιίἰῖητιῖἆῖὶιὲιὲιιῖ
1449 5095 1914 5189 summa:

341 5198 451 5254 stiti
472 5194 817 5266 concedentis
837 5194 978 5253 anno
995 5196 1119 5263 817;
1149 5196 1214 5252 de
1234 5212 1342 5266 quo
1360 5195 1698 5254 Mabillonins
1714 5199 1908 5255 Annal.

344 5277 473 5326 tom.
491 5266 555 5339 ll,
574 5282 710 5339 pag1
724 5265 849 5339 441,
874 5266 1127 5339 num.7l;
1157 5275 1212 5322 et
1231 5265 1472 5339 Append.
1489 5284 1613 5339 saec.
1632 5284 1690 5339 tv
1710 5270 1907 5326 Bened.

344 5282 473 5326 tom.
491 5282 532 5325 ll
689 5306 703 5321 .
724 5282 849 5331 ut,
874 5283 1023 5323 num.
1044 5282 1127 5333 tt;
1157 5282 1212 5322 et
1231 5282 1472 5339 Appone.
1489 5284 1613 5325 swc.
1638 5284 1690 5324 tv
1710 5282 1907 5326 bened.

342 5353 463 5413 pq.
491 5282 798 5413 mutis
821 5337 1121 5413 posteriori
1140 5378 1155 5399 ,
1200 5354 1359 5413 quem
1392 5337 1576 5413 scriba?
1602 5338 1773 5413 docto,
1819 5356 1910 5409 per

341 5406 491 5476 inim
518 5406 760 5464 citat-tuta
784 5406 902 5462 rita:
926 5407 1188 5463 scribatur
1207 5406 1528 5478 prtrtitulata
1554 5408 1761 5464 nomine
1783 5406 1910 5478 apo-

338 5478 544 5536 atolico.
566 5485 844 5536 comparat
871 5476 1148 5536 Alcuinus.
1172 5493 1408 5536 nt'aesens
1430 5494 1647 5535 carmen
1677 5480 1908 5535 maxime

339 5492 544 5541 atouco,
566 5492 844 5559 comparat
871 5492 1148 5546 Alcumus,
1172 5493 1408 5550 praesens
1430 5494 1647 5535 carmen
1677 5495 1817 5535 max:

339 5548 631 5600 convenire
654 5547 885 5599 Videtur.

411 5614 440 5653 ι·
468 5613 565 5664 Ms.
591 5612 729 5674 εει,
758 5614 1003 5667 εωιονιιηι
1031 5616 1199 5670 scriba
1228 5617 1432 5673 videris.

412 5692 433 5720 ³
463 5678 563 5734 Ms.
589 5678 731 5744 $411.,
754 5680 1021 5736 amictum.

1190 258 1253 315 B.
1289 258 1353 315 F.
1393 254 1623 314 ALBINI
1658 255 1790 314 SEU
1828 255 2101 312 ALCUINI
2142 256 2425 313 OPERUM
2463 257 2641 312 PARS
2679 256 2767 311 Vl.

1942 373 1986 426 Δ
2016 368 2293 425 inventum
2325 378 2385 424 ut
2408 369 2604 434 valeat,
2635 370 2851 425 milleno
2880 371 3123 425 carmine
3150 379 3343 451 canta,

3481 255 3590 313 791

2087 458 2265 516 Albini
2295 458 2477 517 ofﬁcio
2505 462 2521 502 ί
2551 461 2639 516 dic
2663 460 2783 515 vale
2810 469 3149 532 perpetuum.
3408 530 3415 535 θ

2019 552 2152 608 Dic:
2192 551 2397 609 Memor
2420 560 2539 608 esto
2569 553 2645 607 tui
2672 568 2903 623 semper,
2938 551 3099 608 Pater
3125 542 3597 635 alme,_maglstri,

2016 676 2022 685 ι
2085 643 2142 698 lu
2171 643 2424 714 precibus
2451 643 2643 710 sacris,
2674 658 2769 713 per
2797 643 2915 700 loca
2944 655 3131 702 saneta
3157 631 3400 703 Patrum.
3501 631 3525 649 ”
3548 673 3613 733 nx

2019 735 2114 791 Dic
2126 750 2359 806 quoque,
2383 734 2470 790 dic
2483 735 2702 806 supplex
2713 776 2727 803 ,
2743 734 2849 799 dic,
2873 752 3055 807 quaeso
3074 736 3087 787 l
3103 778 3119 802 ,
3135 747 3322 795 sancte
3337 734 3633 796 samrdm"
3658 777 3683 799 -ς

2086 825 2361 883 Justitiam
2386 842 2612 899 sequere
2637 843 2852 901 semper
2878 829 2930 884 in
2956 845 3051 885 ore
3079 839 3191 887 tuo.
3716 833 3728 840 “

2017 921 2133 977 Non
2166 921 2262 976 tibi
2290 916 2565 976 blanditia:
2591 921 2735 976 sazcli
2763 938 2868 979 non
2895 938 3036 979 vana
3063 922 3311 996 voluptas
3335 928 3389 992 κ,

2089 1010 2209 1066 Non
2232 1011 2395 1067 timor
2417 1019 2513 1067 aut
2541 1020 2717 1069 terror
2741 1013 2921 1070 cordis
2950 1015 3003 1069 in
3030 1025 3190 1073 antra
3212 1019 3374 1075 cadat
3399 1034 3413 1073 :

2018 1106 2181 1162 Plena
2207 1099 2470 1181 sahitiferi
2501 1107 2595 1163 sed
2619 1107 2732 1178 jam
2760 1107 2955 1163 ﬁducia
2987 1107 3137 1164 verbi

2088 1198 2369 1257 Possideat
2393 1199 2607 1271 plenum
2637 1212 2824 1273 pectus
2850 1219 3036 1259 amore
3060 1203 3179 1258 Dei.

2019 1288 2289 1346 Iudicium
2314 1301 2528 1362 promat
2548 1290 2755 1362 justum
2784 1301 2876 1348 tua
2901 1292 3103 1365 lingua,
3132 1297 3411 1363 sacerdos,

2095 1380 2164 1438 Ut
2187 1380 2407 1437 Christo
2431 1381 2667 1451 placeat,
2692 1384 2951 1455 quidquid
2978 1385 3032 1439 in
3055 1401 3151 1442 ore
3180 1402 3365 1442 sonas.

2022 1474 2258 1544 Spiritus
2285 1489 2315 1530 e
2342 1474 2483 1531 ctelo
2509 1476 2732 1532 veniens
2760 1484 2850 1531 tua
2879 1486 3124 1547 pectora,
3152 1480 3368 1550 praesul,
3442 1481 3449 1487 ’

2089 1565 2374 1634 Ltetiticet,
2404 1564 2631 1631 habitet,
2660 1566 2985 1635 sanctiﬁcet,
3012 1568 3239 1640 repleat.

2020 1657 2148 1715 Plus
2175 1668 2378 1715 aeterna
2406 1658 2504 1714 Dei
2528 1658 2729 1715 Christi
2760 1668 2844 1715 est
2872 1659 3159 1717 metuenda
3189 1671 3459 1733 potestas,

1948 1722 1996 1782 Β
2093 1748 2264 1816 Quam
2293 1757 2509 1805 terrena
2535 1747 2775 1820 quidem,
2805 1764 2927 1821 qua:
2957 1749 3100 1805 velut
3125 1722 3313 1807 umbra
3342 1722 3515 1811 volat.

2018 1842 2369 1912 OmnipOtcns
2391 1838 2579 1911 iudex,
2607 1840 2769 1912 iustis
2799 1842 2891 1914 qui
2917 1842 3139 1913 praamia
3165 1851 3409 1916 prastat,

2087 1935 2188 1990 Det
2215 1935 2313 1990 tibi
2342 1934 2504 1989 verba
2529 1934 2631 2005 pia:
2655 1935 2806 2006 pacis
2834 1935 2889 1989 in
2917 1951 3015 1991 ore
3042 1944 3157 1991 tuo.

2021 2025 2285 2095 Tempora
2315 2035 2441 2080 sunt
2469 2026 2692 2081 nimium
2718 2025 2887 2081 variis
2918 2041 3061 2082 nunc
3089 2027 3245 2098 plena
3272 2027 3523 2099 periclis,

2087 2116 2218 2185 Quae
2245 2116 2518 2188 quondam
2547 2118 2723 2174 sancti
2752 2119 3111 2190 punct-cinere
3135 2118 3346 2176 Patres.

2020 2208 2232 2265 Etates
2261 2210 2561 2278 hominum,
2593 2226 2774 2266 mores
2804 2219 3083 2265 mutantur
3111 2218 3166 2267 et
3193 2221 3370 2279 actus,

2091 2299 2268 2369 thue
2296 2308 2569 2355 momenta
2596 2299 2834 2370 quidem,
2864 2301 2973 2356 vita
2998 2302 3106 2357 cito
3134 2300 3323 2376 fugiet.

2019 2387 2130 2445 Nec
2160 2391 2299 2446 redit
2331 2389 2447 2461 ipsa
2475 2390 2609 2455 dies,
2647 2391 2870 2456 mensis,
2902 2408 3030 2458 nos,
3060 2392 3198 2448 hora
3224 2392 3309 2449 vel
3338 2409 3541 2459 annus,

2089 2479 2197 2536 Sed
2224 2479 2435 2553 fugiens
2465 2480 2653 2553 fugiet,
2678 2482 2845 2539 fontis
2870 2492 2930 2539 ut
2957 2485 3101 2541 unda
3129 2484 3321 2542 fluens.

2019 2572 2219 2627 Tristia
2247 2588 2306 2629 se
2333 2570 2470 2630 Lotis
2498 2574 2804 2632 immiscent
2831 2584 3071 2649 tempora
3102 2579 3337 2644 nostris;

2092 2663 2267 2734 thue
2295 2665 2442 2721 vices
2473 2665 2681 2724 faciunt
2708 2684 2922 2740 noxque
2948 2668 3176 2742 diesque
3203 2688 3351 2738 suas,

2020 2753 2228 2810 Gaudia
2254 2754 2370 2827 jam
2397 2757 2639 2823 veniunt,
2670 2759 2897 2815 veniunt
2928 2768 2984 2815 et
3018 2762 3195 2818 tristia
3224 2763 3445 2819 statim:

2091 2847 2208 2903 Non
2232 2857 2319 2905 est
2344 2850 2434 2919 qui
2460 2849 2659 2918 fuerat,
2688 2853 2920 2908 transiet
2948 2855 3128 2911 omnis
3157 2856 3338 2912 homo.

2021 2939 2066 2996 Ο
2100 2939 2280 3007 Pater,
2320 2940 2525 2999 idcirco
2553 2942 2741 3009 facies,
2773 2945 2900 2999 dum
2934 2952 3145 3017 tempus
3175 2948 3417 3014 habebis,

2090 3031 2290 3100 Mente,
2320 3050 2503 3100 manu,
2536 3036 2737 3108 lingua,
2768 3054 2995 3110 quaeque
3026 3042 3133 3097 Deo
3161 3044 3426 3112 placeant.

2321 3086 2503 3100 -ηη--η
2536 3086 2737 3108 Wa“,
2771 3086 2995 3110 -.μη-,η
3026 3086 3131 3097 υνν
3161 3086 3295 3112 ιι-ι-υε

1946 3086 1993 3148 c
2022 3124 2128 3180 Ore
2153 3133 2311 3181 sonet
2336 3125 2539 3182 Christi
2570 3125 2757 3185 laudes
2787 3139 2843 3186 et
2868 3147 2994 3187 vera
3023 3132 3295 3204 loquatur,

2090 3214 2160 3270 Et
2188 3222 2359 3273 totum
2390 3219 2596 3275 redolet
2621 3231 2813 3293 pectus
2841 3238 3027 3280 amore
3056 3225 3174 3281 Dei.

2020 3307 2210 3365 Totius
2238 3318 2399 3380 atque
2425 3310 2583 3368 bonis
2613 3313 2818 3371 instent
2838 3314 2953 3386 jam
2984 3318 3229 3389 corporis
3261 3328 3437 3385 actus,

2088 3400 2330 3458 Membra
2357 3403 2517 3459 simul
2541 3405 2759 3476 placitis
2783 3419 2940 3466 nocte
2965 3411 3161 3482 dieque
3184 3413 3316 3468 Deo.

2021 3492 2092 3549 Ut
2117 3501 2264 3549 totus
2287 3494 2504 3566 placeas
2528 3513 2727 3569 magno
2754 3508 2812 3556 tu
2834 3500 3018 3572 judice
3040 3502 3280 3570 Christo,

2094 3583 2164 3642 Ut
2198 3594 2253 3640 te
2280 3596 2565 3644 conservet
2593 3605 2810 3662 semper
2835 3593 3033 3664 ubique
3063 3595 3225 3651 Deus.

2018 3672 2212 3743 Posce,
2244 3686 2514 3735 memento
2545 3683 2643 3750 tui,
2670 3683 2866 3753 praesul
2890 3685 3169 3755 praeclare,
3200 3688 3453 3759 magistri
3480 3687 3531 3753 ι.

2085 3766 2145 3822 in
2174 3770 2442 3840 precibus,
2475 3772 2731 3845 lacrymis
2758 3788 2857 3846 per
2881 3776 3001 3832 loca
3030 3789 3217 3835 sancta
3247 3780 3420 3836 sacris
3444 3792 3482 3820 ιιι

2021 3861 2091 3918 Ut
2121 3864 2334 3919 veniam
2364 3866 2512 3923 mitis
2539 3876 2759 3938 praestet
2786 3870 2873 3926 cui
2898 3868 3149 3928 Christus
3179 3873 3248 3930 ab
3275 3888 3425 3940 arce,

2088 3955 2219 4022 Quae
2245 3958 2413 4028 gessit
2439 3958 2704 4015 scelerum
2731 3961 2842 4016 vita
2872 3961 3122 4029 nefanda,
3152 3979 3365 4035 precor.

2019 4042 2097 4098 Tu
2131 4045 2248 4100 sine
2276 4043 2383 4100 fine
2410 4046 2551 4113 vale,
2580 4057 2789 4118 pastor,
2817 4051 3145 4120 patriarcha,
3175 4053 3456 4118 sacerdos,

2087 4133 2173 4189 Sit
2200 4134 2294 4190 tibi
2321 4134 2572 4193 Christus
2598 4153 2772 4202 amor,
2802 4138 2918 4206 lux,
2947 4141 3058 4207 via,
3088 4142 3218 4206 vita,
3249 4141 3395 4198 salus
3420 4142 3434 4196 !

2581 4225 2885 4286 C(‘XLIV
2927 4231 3024 4285 bis.

2618 4316 2699 4371 Ad
2728 4318 2992 4390 Aquilam.

1945 4435 1992 4495 ο
2018 4408 2222 4480 Tingue
2255 4409 2422 4465 semel
2455 4409 2721 4466 calamum
2754 4412 2990 4467 charitas
3028 4413 3081 4468 in
3112 4414 3323 4486 gurgite
3349 4414 3556 4472 Christi

2090 4498 2200 4555 Fac
2230 4513 2433 4571 paucos
2457 4498 2664 4572 Aquila)
2689 4501 3092 4575 versiculosquc
3123 4519 3241 4560 meo
3266 4520 3280 4558 :

2087 4634 2120 4675 ἀ
2137 4633 2240 4711 μθ,
2264 4635 2809 4711 Sal.,_paradigmate.

2089 4714 2116 4745 ⁸
2137 4704 2301 4769 EdiL,
2333 4704 2483 4763 nobis
2510 4704 2953 4768 .....'reterascat.

2092 4774 2114 4815 τ
2141 4776 2238 4833 Ms.
2265 4777 2400 4843 Sal.,
2427 4780 2678 4835 mittetur.
3194 4812 3207 4818 -

2088 4848 2116 4889 ⁶
2138 4846 2237 4904 Ms.
2266 4848 2406 4915 Sal.,
2434 4865 2516 4904 me
2542 4858 2600 4904 tu
2627 4852 2927 4907 commende
2957 4868 3219 4915 rogamus.

2084 4916 2367 4992 PCarmen
2406 4918 2584 4975 isthoc
2618 4920 2683 4992 ad
2697 4919 2984 4992 _Arnonem
3012 4916 3477 4992 Salisburgensem
3510 4941 3598 4981 ar-

2011 4986 2433 5066 chiepiscopum,
2462 5004 2623 5066 quem
2648 4987 2906 5066 Alcuingns
2934 4988 3183 5066 Aquilam
3210 4986 3598 5066 cognominare

2011 5059 2170 5130 solet,
2189 5059 2362 5130 prout
2389 5060 2442 5115 in
2474 5059 2714 5130 epistolis
2737 5059 3341 5129 vidimus—exhibemus
3366 5078 3437 5119 ex
3465 5067 3592 5120 cod.

2013 5145 2115 5184 ms.
2148 5129 2488 5186 bibliothecae
2516 5129 2729 5188 nostra:
2772 5131 2832 5187 S.
2862 5133 3225 5198 Emmerami;
3272 5135 3417 5189 unde
3461 5134 3593 5189 illud

2010 5199 2176 5276 etiam
2213 5198 2295 5255 Cl.
2329 5200 2675 5276 iiabillonius
2689 5202 3022 5276 descripsit,
3066 5212 3122 5276 et
3160 5204 3303 5276 inter
3331 5204 3595 5262 Analecta

2013 5268 2207 5343 Vetera
2234 5269 2441 5343 retulit,
2462 5286 2587 5343 pag.
2610 5272 2717 5328 348
2739 5274 2870 5329 edit.
2884 5268 3232 5331 'reccntioris.

2093 5341 2107 5381 ί
2141 5338 2267 5405 ΜΒ..
2295 5338 2483 5395 Albino
2508 5338 2640 5405 filio.

2088 5408 2102 5482 ξ
2138 5408 2262 5482 his,
2289 5408 2535 5482 lacrymr’s
2559 5412 2665 5468 dic.

2088 5479 2111 5518 ιι
2142 5477 2261 5541 Ms.,
2293 5477 2549 5536 voluntas.

2094 5547 2109 5588 1
2140 5549 2239 5629 Tui
2257 5589 2327 5629 _...
2356 5549 2619 5629 Magistri.
2656 5553 2797 5629 inde
2826 5557 3101 5626 suspicare
3128 5558 3283 5626 licet,
3317 5558 3592 5617 Arnonrtn

2019 5618 2225 5691 ιλιι-υἱιιὶ
2254 5618 2419 5675 fuisse
2444 5618 2783 5691 discipulum.

2088 5700 2127 5730 ιι·
2152 5687 2277 5757 Ms,
2306 5700 2486 5744 sancta
2515 5687 2763 5749 Patrum.
