3866 6170
238 414 408 496 Cujus
434 434 621 480 amore
648 422 826 477 calent
856 419 1035 477 Patris
1068 420 1365 492 przeeordia
1398 428 1534 486 tota,

311 516 576 574 Omnibus
606 524 769 586 atque
797 515 946 570 boris
974 529 1171 569 nomen
1201 515 1256 568 in
1284 529 1379 570 ore
1407 520 1583 570 sonat.

234 610 337 668 Cui
370 608 515 664 Deus
544 614 808 663 aeternum
841 607 1042 661 tribuat
1074 620 1169 677 per
1196 606 1391 662 sreeula
1422 604 1591 673 salve,

309 699 588 771 Protegat,
614 696 837 762 exaltet,
865 695 1176 762 fruetiticet,
1205 702 1438 767 vegetet.

234 792 410 862 Quem
445 806 565 846 mea
596 806 749 847 mens
778 788 934 844 ardet
968 790 1139 846 sacris
1168 789 1395 860 religata
1421 789 1648 856 catenis,

308 884 493 952 Ambit
516 891 573 938 et
597 883 856 952 exquirit,
887 874 1062 951 diligit
1089 888 1146 935 et
1171 889 1461 936 memorat.

234 950 455 1033 Tertius
480 950 709 1031 Albinus
734 975 887 1030 vobis
908 972 1171 1046 jungatur
1196 974 1427 1041 amicus,

306 1068 374 1123 Et
395 1066 663 1138 lacrymas
687 1074 903 1122 resonet
933 1067 1076 1121 inter
1100 1066 1157 1121 in
1183 1080 1281 1122 ore
1309 1081 1517 1123 sacras.

227 1161 444 1230 Quippe
470 1158 669 1229 triplex
697 1156 841 1213 funis
868 1157 1028 1213 facile
1053 1173 1162 1214 non
1190 1160 1464 1231 rumpitur
1490 1172 1755 1234 unquam,

303 1253 394 1310 Sic
421 1266 641 1324 quoque
666 1261 781 1309 tres
809 1253 954 1308 inter
978 1251 1133 1307 ﬁrma
1163 1252 1310 1323 viget
1338 1253 1596 1309 charitas.

226 1345 368 1400 Tres
401 1344 491 1399 ubi
527 1351 650 1398 sunt
685 1342 892 1414 pariter
919 1341 1134 1398 collecti
1164 1343 1223 1397 in
1253 1343 1471 1398 nomine
1496 1343 1723 1409 Christi,

298 1436 395 1492 His
426 1444 570 1491 astat
595 1435 805 1491 medius
832 1433 1083 1490 Christus
1109 1442 1165 1490 et
1194 1435 1308 1505 ipse
1335 1436 1477 1506 pius.

221 1529 344 1584 lloc
371 1533 690 1590 memorate,
719 1525 841 1590 viri,
870 1531 1154 1597 totumque
1181 1527 1355 1582 valete
1380 1541 1481 1596 per
1503 1542 1702 1592 avum,

300 1618 408 1673 Vos
429 1618 643 1674 videam
674 1617 826 1673 laetos
854 1633 1002 1683 mox,
1031 1618 1327 1673 miserante
1356 1618 1485 1673 Deo.

215 1709 481 1778 Corporis
509 1717 567 1763 et
594 1707 790 1779 capitis
822 1721 1011 1764 omnes
1048 1714 1177 1765 tunc
1208 1718 1355 1764 certe
1389 1708 1568 1779 capilli

293 1797 476 1854 Pierio
504 1796 711 1869 plectro
741 1798 980 1853 carmina
1012 1797 1133 1851 beta
1163 1805 1380 1853 canant.

216 1889 472 1958 Orpheus
501 1897 599 1961 aut
623 1887 808 1953 Linus,
839 1904 940 1945 nec
970 1904 1054 1944 me
1084 1887 1235 1944 Maro
1258 1888 1429 1944 vineit
1456 1888 1510 1943 in
1538 1889 1660 1946 odis
1698 1928 1705 1935 .

293 1981 432 2036 Dum
462 1975 711 2038 manibus
735 1980 946 2052 eingam
974 1988 1197 2051 pectOra
1222 1990 1404 2037 vestra
1430 1981 1587 2037 meis.

879 2089 1130 2147 CCXLV.

639 2179 722 2235 Ad
747 2180 1027 2252 quemdam
1055 2182 1373 2254 episcopum.

211 2295 547 2351 incolumem
571 2293 844 2361 Christus,
870 2296 1215 2363 charissime,
1239 2306 1292 2352 te
1321 2296 1474 2362 mihi,
1504 2295 1728 2369 praesul,

282 2387 581 2444 Conservet
602 2390 753 2445 mitis
777 2403 994 2459 semper
1018 2389 1235 2460 ubique,
1263 2403 1460 2459 precor

210 2479 295 2535 Tu
326 2480 461 2535 mihi
490 2479 665 2536 dulcis
691 2495 870 2545 amor,
896 2480 1080 2537 cordis
1112 2489 1167 2537 tu
1195 2495 1417 2537 carmen
1448 2480 1503 2537 in
1527 2495 1644 2545 ore,

281 2571 362 2627 Tu
387 2586 599 2627 menter
618 2580 739 2628 esto
765 2572 891 2635 mei,
920 2579 978 2627 tu
1005 2571 1123 2631 sine
1149 2571 1255 2628 ﬁne
1282 2570 1437 2627 vale!

866 2688 1136 2746 CCXLVI.

635 2781 718 2836 Ad
746 2780 1026 2853 quemdam
1058 2782 1376 2852 episcopum.

205 2874 364 2932 Nulla
395 2889 589 2930 manus
615 2872 1000 2944 discingui.....
1027 2884 1053 2914 ι
1077 2872 1134 2926 ni
1166 2881 1255 2926 tua
1283 2871 1484 2941 praesul

205 2966 368 3023 Salve
389 2966 421 3007 δ
442 2974 601 3037 pater
624 2973 834 3033 sancte,
864 2972 922 3019 et
948 2963 1069 3034 lege
1096 2970 1150 3017 tu
1180 2960 1410 3018 feliciter
1437 2962 1582 3018 illaut

202 3056 555 3115 Succinctum
583 3068 606 3097 ο
632 3057 824 3122 solvat,
855 3055 1038 3125 cupiat
1065 3054 1157 3125 qui
1188 3052 1504 3109 abscondita
1528 3054 1696 3120 seire,

273 3149 432 3206 Nulla
460 3158 643 3205 tamen
669 3150 861 3205 dextra
890 3147 945 3202 ni
971 3155 1087 3208 tua,
1113 3152 1301 3201 sancte
1326 3142 1508 3198 Pater.

844 3257 1137 3315 CCXLV“.

592 3351 674 3407 Ad
704 3349 1000 3406 Macarium
1029 3348 1325 3418 episcbpum
1344 3344 1394 3399 ἀ.

203 3446 331 3504 Rrec
358 3445 480 3509 tibi,
514 3445 739 3511 Macari,
770 3442 960 3499 devovi
991 3456 1214 3496 munera
1244 3446 1449 3510 pastor,

269 3539 408 3596 Cum
436 3534 655 3594 Christo
684 3543 737 3591 et
762 3533 967 3590 sanctis
995 3541 1050 3586 tu
1080 3532 1198 3586 sine
1225 3528 1331 3585 fine
1358 3527 1511 3582 vale!

203 3629 291 3686 Sis
322 3644 535 3685 memor
560 3625 761 3688 Albini,
790 3630 1057 3680 memoret
1084 3632 1138 3676 te
1165 3621 1336 3692 gratia
1363 3616 1587 3685 Christi,

270 3719 343 3775 Et
370 3729 428 3773 tu
457 3718 604 3790 nigro
631 3732 777 3770 meus
803 3727 846 3790 ξ’,
879 3712 1142 3768 candidus
1169 3718 1287 3767 esto
1311 3708 1429 3763 Dei.

201 3810 332 3874 Cur,
364 3808 439 3863 mi
466 3784 640 3879 nigro,
671 3784 838 3870 taeed,
871 3803 938 3858 de
964 3810 1018 3855 te
1046 3816 1190 3855 nunc
1218 3799 1402 3854 nescio
1427 3799 1627 3869 quid...
1656 3798 1679 3850 ε

266 3903 381 3957 Aut
410 3909 590 3956 tamen
619 3914 747 3955 ecce
777 3897 875 3953 tibi
906 3897 977 3952 sit
1005 3896 1149 3951 Deus
1177 3893 1356 3950 omnis
1383 3908 1537 3947 amor
1562 3894 1589 3935 8

200 3998 284 4054 Sit
315 3996 414 4051 tibi
443 4002 499 4051 et
526 4002 683 4065 potus
711 3993 935 4063 dippeus
963 4005 1054 4046 rex
1077 3991 1127 4055 ιι,
1156 3990 1267 4045 vita
1293 3989 1565 4059 salusque,

269 4089 415 4144 Laus
440 4087 594 4155 cujus
619 4093 837 4140 resonet
862 4098 1079 4153 semper
1103 4083 1156 4137 in
1184 4097 1281 4137 ore
1313 4090 1424 4136 tuo.

201 4180 273 4237 L't
306 4180 402 4234 tibi
438 4177 710 4241 mandavi,
738 4176 1041 4247 Bergenses
1068 4175 1085 4215 ί
1115 4172 1325 4229 instrue
1356 4179 1592 4234 nostros,

148 4250 165 4265 I
270 4271 341 4329 Et
366 4280 547 4327 tecum
569 4269 765 4335 discat,
793 4267 884 4339 qui
915 4266 1011 4321 tibi
1034 4265 1362 4336 perplaceat.

199 4362 361 4434 233
393 4361 518 4416 llaec
562 4366 832 4431 praecepta
877 4358 1087 4423 decem,
1120 4355 1276 4412 vobis
1317 4369 1438 4425 quae
1477 4353 1725 4411 chartula
1757 4365 1771 4404 ι

1478 4445 1708 4522 [eantat.

274 4530 443 4606 Nocte
467 4547 663 4618 dieque
686 4546 776 4616 pio
800 4542 963 4599 corde
996 4549 1195 4605 tenete,
1223 4555 1418 4609 precor

202 4643 413 4715 Szepius
446 4648 504 4698 et
523 4645 735 4696 uosmet
753 4641 1114 4692 memorantes
1131 4632 1316 4698 dicite,
1351 4647 1564 4704 qumso;

270 4735 532 4806 Pauperis
544 4731 746 4797 Albini,
763 4728 1000 4794 Christe,
1030 4733 1302 4782 memento
1328 4723 1424 4781 tui.

271 4880 299 4909 ι
327 4866 509 4929 Forte,
537 4863 799 4933 diseingat
826 4859 1085 4915 chartam.
1132 4894 1139 4897 -

269 4940 299 4979 ιι
322 4939 510 5003 Forte,
534 4934 709 4992 Solve.

270 5021 293 5050 e
324 4994 685 5083 ,ςιιειείίι-ιιιιηιι
704 5002 767 5083 _id
793 5008 897 5083 est,
928 4997 1230 5083 epistolam.
1252 4994 1417 5083 Βίης,-
1436 5006 1588 5083 puto,
1616 4996 1782 5083 pem-

204 5088 294 5135 net
317 5121 335 5147 ,
381 5078 528 5150 quod
566 5075 629 5150 D.
658 5066 918 5130 Alcuinus
957 5066 1014 5125 in
1053 5068 1212 5139 epist.
1248 5066 1347 5123 187
1385 5066 1453 5123 de
1490 5066 1673 5125 Cincta
1713 5083 1779 5123 ex

202 5147 679 5225 Epicteio_attuli_t.

268 5224 297 5265 ἀ
312 5207 428 5280 iliic
451 5218 724 5277 Macarius
746 5222 834 5271 est
852 5211 1168 5269 Richbodus
1189 5208 1476 5280 episcopus
1495 5207 1783 5273 Τιιθνίι-ρη..

202 5296 394 5369 sim-de
417 5308 528 5365 quo
551 5290 674 5345 Vide
698 5301 883 5369 εξιλπδο
1064 5367 1076 5369 _
1097 5364 1187 5369 MA
1257 5347 1346 5369 η,
1378 5348 1586 5369 ..__M
1625 5350 1665 5369 λε

275 5347 300 5406 ἐ
328 5347 495 5435 ὧρἲ
522 5377 689 5435 meus.
728 5347 952 5435 Nigrum
979 5364 1213 5435 quoque,
1237 5347 1590 5435 Magum
1622 5350 1781 5406 simul

200 5418 458 5491 Alcuiiuis
483 5430 719 5505 appellat
740 5418 1091 5482 Adalbertum
1106 5418 1275 5491 epist.
1303 5418 1394 5476 9i.

275 5508 292 5547 t
323 5508 506 5572 pone,
519 5502 842 5575 quidquam.

271 5582 296 5617 ε
322 5578 464 5633 Edit.
478 5617 492 5639 ,
522 5583 749 5629 amator.

268 5651 292 5689 1³
322 5650 534 5705 Sensus
561 5647 868 5711 corruptus.

276 5724 288 5761 ί
322 5700 629 5787 έξῆἇῶιδρε.
663 5700 851 5787 Εὲειαμ
880 5706 934 5761 in
958 5719 1103 5787 pago
1132 5701 1313 5784 Mosae
1352 5702 1417 5756 ad
1454 5700 1649 5784 [iorem
1685 5702 1779 5759 ilu-

210 5772 349 5855 κξιιιιῖ
404 5772 482 5847 5'4
509 5778 927 5843 liorarmundam
957 5772 1115 5832 Mosa:
1145 5773 1299 5845 aquis
1327 5787 1448 5831 sese
1474 5772 1780 5831 immiscen-

1389 323 1719 383 CARMINA.
1757 354 1825 364 —
1860 321 1952 381 AD
1992 324 2263 393 YARIOS.

3405 337 3514 398 791

2549 427 2867 484 CCXLVIII.

2360 515 2439 569 Ad
2464 519 2739 589 quemdam
2767 521 3085 591 episcopum.

1924 602 2124 660 l‘rmsul
2148 614 2346 687 amate,
2377 622 2587 677 precor,
2625 611 2729 666 hae
2750 611 2807 665 td
2837 611 3066 678 diverte,
3093 612 3293 677 viator,

1993 695 2080 751 Sis
2104 713 2312 754 memor
2330 700 2509 757 Albini
2544 711 2598 757 ut
2630 703 2849 772 prmsul,
2884 717 3089 768 amatr,
3112 719 3326 775 precor.

1920 785 1965 843 0
1992 802 2110 842 mea
2147 789 2312 844 chara
2340 790 2550 855 domus,
2576 793 2839 848 habitatio
2864 793 3067 859 dulcis,
3086 802 3287 862 amata,

1991 874 2078 932 Sis
2100 876 2226 932 felix
2258 893 2494 949 semper,
2529 896 2564 936 o
2590 897 2709 938 mea
2737 881 2907 941 chara
2934 883 3147 938 domus.

1918 966 2119 1037 Sophia
2146 978 2333 1027 sancta
2362 974 2582 1029 Palmm
2605 978 2761 1032 tectis
2788 985 3040 1035 servatur
3064 978 3118 1032 in
3144 978 3284 1042 istis,

1930 1042 1952 1070 ⁵
1986 1060 2044 1114 In
2070 1067 2125 1117 te
2145 1062 2388 1119 discatur
2416 1066 2604 1135 sophia
2638 1077 2829 1124 saneta
2856 1070 3101 1124 Patrum.

1916 1151 1994 1207 Tu
2019 1153 2220 1220 valeas,
2249 1154 2432 1226 vigeas
2454 1158 2610 1213 donis
2632 1158 2764 1232 [his]
2799 1161 3003 1233 inclyta
3032 1175 3267 1231 semper,

1983 1244 2041 1299 In
2068 1246 2270 1316 sophiae
2295 1248 2442 1303 cultu
2474 1257 2531 1304 tu
2563 1252 2767 1316 valeas,
2790 1253 2993 1324 vigeas.

1914 1335 2133 1393 Rustica
2165 1338 2323 1393 turba
2359 1348 2452 1395 tuo
2479 1341 2686 1398 habitet
2711 1344 2812 1399 sub
2843 1344 3078 1416 tegmine
3106 1357 3421 1415 nunquam;

1982 1427 2064 1484 Sit
2091 1431 2275 1501 procul
2306 1447 2338 1487 e
2361 1440 2505 1489 tecto
2534 1434 2735 1491 rustica
2766 1438 2927 1491 turba
2955 1444 3069 1493 tuo.

1908 1518 2164 1592 Protegat
2197 1531 2360 1592 atque
2391 1532 2543 1594 regat
2566 1523 2765 1580 Christi
2798 1534 2851 1581 te
2876 1529 3049 1598 gratia
3073 1542 3309 1598 semper,

1978 1606 2113 1665 Cum
2141 1611 2304 1668 sociis
2331 1612 2558 1683 pariter,
2590 1624 2837 1685 protegat
2860 1625 3025 1687 atque
3059 1626 3231 1687 regat.

2566 1704 2842 1762 CCXLIX.

2356 1795 2439 1849 Ad
2468 1797 2708 1852 eumdem
2738 1798 3001 1868 fortassis.

1903 1879 2106 1936 Pr;esul
2135 1891 2335 1950 amate,
2364 1899 2577 1955 precor,
2614 1894 2805 1958 pergat
2829 1887 2946 1945 hac
2963 1888 3212 1945 chartula
3235 1896 3433 1955 tecum,

1974 1973 2061 2029 Sis
2093 1990 2301 2032 memor
2327 1987 2387 2032 ut
2409 1978 2610 2047 Patris,
2640 1980 2835 2051 prtesul
2858 1990 3054 2045 amate,
3087 1998 3299 2052 precor.

1905 2066 1980 2123 Tu
2018 2069 2151 2124 mihi
2186 2071 2360 2128 dulcis
2385 2088 2560 2138 amor,
2593 2074 2665 2129 tili
2689 2090 2785 2144 per
2810 2075 3009 2132 saecula
3044 2076 3216 2141 salve,

1971 2160 2221 2218 Christus
2243 2164 2300 2221 in
2327 2173 2591 2221 aeternum
2616 2167 2685 2223 sit
2709 2167 2805 2223 tibi
2827 2167 3001 2225 dulcis
3028 2185 3202 2225 amor.

1901 2250 2129 2323 Semper
2154 2255 2208 2310 in
2235 2272 2330 2313 ore
2363 2266 2454 2337 tuo
2485 2270 2741 2315 resonent
2769 2260 2855 2329 pia
2886 2261 3050 2318 verba
3079 2262 3293 2331 salutis,

1972 2345 2114 2404 Laus
2136 2347 2356 2406 Christo
2390 2360 2611 2407 resonet
2645 2369 2860 2423 semper
2885 2354 2938 2409 in
2968 2371 3065 2411 ore
3088 2363 3200 2411 tuo.

1901 2436 2147 2507 Pectore,
2184 2451 2381 2508 mente,
2405 2459 2568 2497 manu
2594 2445 2806 2521 miseris
2828 2445 3019 2500 solatia
3049 2455 3270 2516 praesta,

1962 2528 2197 2601 Semper
2223 2548 2343 2588 ama
2375 2533 2669 2600 Christum,
2707 2544 2949 2606 pectore,
2979 2545 3178 2600 mente,
3209 2553 3397 2593 manu.

1898 2618 2159 2677 Omnibus
2181 2629 2300 2677 esto
2320 2631 2492 2692 pater,
2523 2633 2730 2692 pastor,
2752 2625 3081 2694 patriarcha,
3110 2629 3387 2695 sacerdos,

1968 2708 2321 2781 Pauperibus,
2347 2714 2584 2780 miseris,
2611 2716 2862 2769 omnibus
2881 2729 2999 2772 cato
3025 2725 3201 2788 pater.

1897 2800 1986 2857 Sis
2016 2800 2183 2858 decus
2208 2801 2484 2871 Ecclesiae,
2509 2804 2719 2860 cunctis
2753 2812 2811 2861 et
2842 2804 3018 2862 forma
3043 2807 3238 2869 salutis

1966 2893 2034 2948 Et
2055 2905 2220 2965 caput
2236 2902 2292 2949 et
2312 2903 2516 2962 custos,
2543 2895 2619 2952 sis
2655 2896 2819 2952 decus
2850 2897 3124 2954 Ecclesiae.

1894 2985 2081 3042 Gratia
2103 3001 2314 3041 summa
2340 2987 2433 3044 Dei
2468 2994 2646 3044 tecum
2677 2989 2967 3044 comitetur
2993 2989 3214 3061 ubique.

1978 3076 2191 3149 Augeat
2215 3086 2271 3133 et
2298 3078 2507 3135 meritis
2531 3079 2704 3150 gratia
2733 3094 2940 3134 summa
2975 3081 3088 3134 Dei.

1892 3168 1990 3224 Dic
2016 3184 2146 3240 rogo
2177 3176 2494 3239 perpetuum
2526 3169 2727 3240 pueris,
2754 3184 2890 3239 puer
2915 3170 3131 3243 inelyte,
3162 3171 3310 3227 salve

1962 3261 2153 3315 Albine
2174 3276 2390 3331 quoque
2412 3260 2439 3300 κ
2464 3259 2582 3315 vale
2603 3259 2713 3326 die,
2741 3276 2893 3334 rogo,
2923 3269 3263 3333 perpetuum.

1888 3351 2037 3407 Lana
2065 3352 2181 3407 dies
2216 3351 2397 3406 veniat
2422 3350 2598 3416 nobis,
2623 3353 2724 3406 sub
2749 3351 2966 3407 nomine
2992 3359 3204 3420 nostro,

1961 3443 2187 3500 IEtema
2215 3452 2272 3498 et
2300 3443 2450 3499 vobis
2479 3443 2601 3498 beta
2632 3443 2747 3499 dies
2770 3443 2973 3499 veniat.
3054 3437 3061 3445 ’

1890 3535 1973 3592 Sit
2009 3535 2102 3591 tibi
2130 3551 2260 3590 cura
2286 3534 2413 3601 mei,
2444 3541 2597 3589 curet
2619 3542 2671 3589 te
2696 3532 2948 3589 Christus
2971 3534 3193 3606 ubique,

1961 3626 2058 3683 Est
2086 3626 2217 3683 mihi
2255 3642 2388 3684 cura
2418 3625 2516 3693 tui,
2551 3626 2621 3682 sit
2643 3625 2739 3682 tibi
2772 3641 2902 3680 cura
2923 3626 3051 3683 mei.

2594 3740 2742 3795 CCL.

2496 3811 2578 3863 Ad
2612 3809 2882 3864 Maurum.

1887 3902 1994 3958 llas
2019 3900 2138 3965 tibi,
2177 3906 2364 3955 sancte
2390 3913 2526 3968 puer
2552 3896 2829 3954 Benedicti
2860 3898 2874 3937 ι
2907 3898 3093 3954 Maure
3113 3915 3372 3958 camenas

1953 3992 2182 4048 Albinus
2213 3998 2365 4046 vates
2396 3989 2679 4044 versiculis
2697 3990 2893 4044 cecinit
2920 4007 2933 4043 :

1886 4084 2052 4139 Valde
2074 4092 2267 4161 optans
2304 4082 2487 4137 animo
2520 4081 2615 4137 tibi
2643 4096 2900 4152 prospera
2938 4089 3137 4137 cuncta
3177 4082 3343 4151 ﬁdeli,

1958 4176 2028 4233 Ut
2047 4176 2173 4232 felix
2202 4175 2354 4230 vivas
2379 4189 2594 4243 semper
2620 4174 2818 4245 ubique
2846 4175 2975 4231 Deo.

1886 4265 1991 4321 Pro
2009 4281 2118 4335 quo
2148 4264 2312 4319 funde
2348 4279 2535 4335 preces
2560 4263 2716 4318 solita
2741 4265 2943 4335 pietate
2972 4265 3207 4321 Tonanti

1952 4356 2249 4413 Conservet
2282 4353 2542 4409 famulum
2572 4363 2632 4410 ut
2655 4353 2906 4413 Christus
2928 4357 2996 4413 ab
3018 4357 3174 4413 hoste
3197 4372 3374 4412 suum.

2605 4469 2779 4526 CCLl.

2343 4539 2427 4596 Ad
2446 4541 2725 4615 quemdam
2749 4542 2998 4597 amicum.

1884 4632 1966 4688 'l‘u
1989 4649 2205 4705 quoque
2228 4650 2336 4689 non
2371 4635 2603 4698 meritis,
2628 4633 2822 4704 crispis
2854 4634 2948 4688 sed
2969 4634 3122 4690 calve
3155 4634 3387 4707 capillis,

1955 4725 2026 4782 Ut
2050 4726 2256 4793 valeas,
2286 4727 2471 4798 vigeas
2493 4733 2706 4794 tempus
2733 4724 2787 4778 in
2815 4739 2997 4789 omne,
3023 4739 3235 4796 precor.

1854 422 1903 521 ll,
2183 426 2189 444 .

1816 3123 1865 3186 C

1810 4483 1863 4544 D

1848 4822 1853 4829 Δ
1884 4867 1991 4914 tem
2012 4858 2339 4921 ctenoiiiuma
2354 4857 2498 4928 εωοά
2519 4855 2658 4928 Berg
2677 4855 2981 4926 appellatur
2999 4858 3140 4927 apud
3157 4857 3473 4914 Brovverum

1884 4929 1940 4983 in
1987 4928 2125 4983 libro
2164 4926 2590 4997 Trevir.Antiq.
2627 4926 2851 4991 octavo;
2903 4928 2994 4997 ubi
3034 4926 3328 4985 Lotharius
3374 4944 3469 4983 rex

1883 5000 2028 5055 hunc
2054 4997 2510 5080 locu-mliungero
2538 4997 2792 5080 episeopo
2820 4996 3054 5080 Trajeeti
3082 4999 3354 5080 interioris
3378 4999 3470 5053 do-

1884 5084 2043 5152 nasse
2069 5069 2388 5152 perhibetur
2412 5084 2556 5152 anno
2582 5069 2736 5140 regni
2765 5069 2850 5124 sui
2881 5069 3064 5152 tertio.
3111 5069 3189 5152 De
3210 5070 3321 5152 hoc
3348 5085 3467 5151 mo—

1883 5138 2133 5212 nasterio
2163 5138 2450 5212 Alcuinum
2481 5138 2803 5212 _hicagere
2852 5138 3467 5212 conjicitjiabiilouius

1880 5208 2299 5291 AnnalzBenend.
2324 5219 2455 5291 tom.
2478 5208 2877 5291 ξιιιὶιηςΙ-ρςιαηἱ
2895 5226 3020 5291 pag.
3198 5226 3347 5291 num.
3372 5209 3467 5264 52.

1957 5279 1971 5331 i
2022 5279 2300 5335 Chartula.
2339 5280 2465 5336 llazc
2486 5281 2796 5336 intercidit:
2826 5278 2928 5336 nisi
2957 5278 3027 5335 sit
3062 5278 3153 5335 illa
3184 5278 3264 5336 De
3289 5281 3467 5337 decem

1883 5351 2057 5422 verbis
2078 5349 2227 5422 Legis
2256 5366 2417 5422 supra
2443 5358 2573 5407 tom.
2603 5350 2667 5418 C,
2694 5350 2799 5407 col.
2830 5350 2955 5407 567.

1956 5422 1982 5492 lt
2022 5420 2534 5492 Forte,_Albinoque.

1962 5490 1978 5531 ι
2022 5490 2168 5560 Puer
2202 5490 2490 5561 Benedicti.
2527 5491 2619 5547 Sic
2656 5491 2819 5547 etiam
2847 5491 3105 5561 inscripta
3143 5499 3229 5548 est
3252 5490 3465 5549 Alcuini

1882 5558 2277 5634 epistula_150
2331 5580 2344 5615 :
2409 5558 2703 5634 Benedicto»
2744 5562 2947 5634 sanctii
2975 5558 3242 5617 Benedicti
3299 5578 3465 5634 puero

1887 5631 2095 5687 Mauro.
2125 5631 2200 5686 Ita
2232 5631 2581 5703 semetipsum
2610 5631 2866 5703 [tabanus
2902 5633 3118 5690 lllaurus
3143 5631 3386 5689 nominat
3407 5634 3466 5689 in

1883 5719 1982 5758 suo
2010 5703 2349 5773 adsanetum
2376 5700 2660 5773 Martinam
2690 5700 3108 5773 earniine,quod
3131 5713 3210 5762 est
3243 5703 3463 5762 tertium

1884 5775 2023 5832 inter
2051 5772 2167 5845 ejus
2194 5781 2440 5847 poemata
2471 5781 2598 5831 tom.
2634 5770 2721 5841 Π,
2746 5789 2849 5847 pag
2893 5770 3019 5831 202'.
