3866 6170
365 343 475 401 795

370 459 506 515 Dum
537 459 801 530 lacryinas
824 454 1050 512 Doinino
1074 453 1351 510 Benedicti
1387 450 1569 506 fundis
1596 451 1650 504 in
1675 448 1817 512 aula,

442 548 530 605 Sis
559 563 765 603 memor
786 545 991 613 Albini,
1019 545 1192 600 dulcis
1212 544 1411 606 amice,
1437 540 1536 595 tui.

1058 636 1250 694 CCL".

840 730 925 785 Ad
957 728 1181 784 alterum
1218 725 1474 779 amicum.
1852 774 1857 783 δ

372 826 454 882 Tu
476 839 710 895 quoque,
744 822 890 876 Nave
921 834 976 886 δ,
996 819 1130 881 vale,
1158 814 1330 884 major
1356 814 1459 869 tibi
1484 810 1858 875 mente-ﬁdeli,

445 920 590 972 Inter
614 932 771 973 sacra
795 929 1011 984 precor,
1037 913 1202 967 verba
1227 914 1501 966 memento
1529 909 1658 980 mei.

372 1010 602 1068 Parvula
627 1009 809 1078 nilque
838 1015 1035 1064 nocent
1055 1006 1314 1059 librorum
1349 1001 1593 1057 membra
1624 999 1901 1061 ministra,

445 1103 505 1158 Si
534 1116 689 1157 mens
713 1099 820 1153 alia
844 1098 977 1168 petit
1006 1095 1228 1166 grandis
1257 1109 1442 1151 amore
1474 1092 1600 1148 Dei.

1073 1204 1295 1264 CCLlll.

915 1298 997 1353 Ad
1022 1297 1196 1369 plures
1224 1296 1438 1351 auritos.

375 1389 592 1461 Vosque
621 1391 817 1456 valete,
843 1391 944 1445 viri
981 1389 1198 1453 fratres,
1221 1388 1522 1457 Patresquc
1552 1384 1767 1448 fideles,

450 1481 559 1538 Vos
580 1483 721 1539 Deus
741 1482 1084 1551 omnipotens
1113 1487 1362 1551 protegat
1382 1488 1545 1548 atque
1568 1488 1739 1548 regat.

380 1573 487 1630 Vos
510 1573 763 1628 mandata
790 1572 1011 1627 Patrum
1043 1580 1155 1625 tota
1184 1572 1383 1625 virtute
1407 1570 1669 1639 priorum

449 1663 800 1725 Conservate,
830 1677 1044 1731 precor,
1073 1668 1315 1730 pectore,
1338 1669 1539 1723 mente,
1569 1675 1751 1713 manu.

378 1756 619 1813 Obsecro
648 1771 839 1826 meque
865 1754 969 1825 piis
1007 1750 1259 1825 precibus
1285 1752 1661 1808 eommendate
1690 1752 1717 1791 δ
1747 1750 1976 1806 Christo

454 1847 527 1906 Ut
547 1848 811 1904 scelerum
836 1847 1049 1902 veniam
1077 1847 1241 1902 donet
1265 1845 1464 1916 ubique
1493 1845 1647 1899 mihi.

1072 1954 1291 2013 CCLIV.

814 2049 895 2104 Ad
924 2059 1165 2104 sanctum
1192 2046 1554 2101 Benedictum.

383 2144 430 2199 O
461 2142 767 2208 Bcncdictc,
798 2140 939 2205 vale,
967 2139 1361 2194 monachorum
1392 2138 1628 2192 maxime
1659 2144 1866 2207 pastor,

456 2234 601 2301 Quos
628 2248 855 2305 generas
875 2230 1078 2296 verbis,
1102 2230 1202 2285 hos
1233 2242 1359 2301 rege
1373 2228 1488 2300 jam
1514 2227 1785 2298 precibus.

384 2324 596 2380 Iudicis
617 2330 742 2377 ante
770 2323 1026 2377 thronum
1050 2320 1335 2375 doctorum
1359 2318 1590 2388 quisque
1614 2317 1869 2371 cohortes

458 2414 697 2469 Deducet
720 2412 989 2483 proprias,
1021 2427 1157 2481 quas
1180 2410 1368 2482 genuit
1397 2409 1626 2466 Domino
1657 2424 1671 2462 ε

386 2504 541 2560 Tunc
566 2518 780 2574 quoque
810 2512 866 2559 tu
896 2503 1193 2557 monachos
1218 2501 1507 2555 deduxeris
1537 2508 1662 2556 ante
1684 2498 1927 2555 tribunal

462 2596 787 2653 Cetsithroni
815 2595 977 2665 regis,
1011 2594 1317 2663 almipater,
1350 2592 1623 2662 proprios.

389 2688 665 2743 Auxiliare
690 2689 801 2743 tuis
823 2686 1074 2755 precibus
1095 2693 1423 2756 quapropter
1450 2682 1648 2754 ubique
1681 2701 1697 2737 :

460 2778 606 2835 Grex
630 2792 856 2832 numero
885 2784 1111 2841 crescat,
1139 2783 1324 2847 pastor
1351 2782 1549 2840 amate,
1581 2782 1726 2828 tuus.

393 2869 512 2927 lam
539 2870 717 2942 gregis
744 2884 811 2925 ex
837 2883 1061 2936 numero
1082 2868 1314 2939 pastoris
1342 2867 1512 2938 gloria
1549 2865 1771 2932 crescit,

467 2963 742 3019 Conserva
768 2961 975 3018 meritis
1022 2975 1170 3026 ecce,
1200 2969 1320 3015 tuos
1347 2958 1601 3014 famulos.

1101 3072 1299 3131 CCLV.

863 3168 945 3225 Ad
974 3168 1251 3242 quemdam
1280 3167 1526 3222 amicum.

396 3262 593 3319 Pectus
613 3278 766 3319 amor
795 3271 1040 3318 nostrum
1067 3260 1368 3333 penetravit
1395 3258 1726 3313 tlamma.....

470 3355 644 3422 Atque
663 3353 845 3408 calore
874 3367 1014 3406 novo
1034 3366 1247 3420 semper
1269 3350 1482 3406 inardet
1505 3365 1678 3404 amor.

400 3446 513 3501 Nec
537 3461 710 3510 mare,
737 3459 839 3499 nec
866 3443 1041 3508 tellus,
1072 3451 1282 3499 montes
1307 3458 1407 3498 nec
1433 3442 1564 3496 silva
1594 3440 1680 3495 vel
1699 3439 1847 3510 alpes

476 3533 611 3588 liuic
631 3532 850 3588 obstare
875 3538 1099 3603 queunt,
1126 3540 1222 3586 aut
1251 3531 1497 3588 inhibere
1522 3530 1667 3585 viam
1699 3549 1711 3583 :

400 3627 515 3694 Quo
540 3623 743 3690 minus,
768 3622 908 3679 alme
926 3622 1108 3690 Pater,
1136 3638 1351 3693 semper
1378 3632 1469 3678 tua
1497 3623 1708 3679 viscera
1735 3624 1925 3694 lingat,

480 3719 573 3775 Vel
595 3716 848 3788 laerymis
874 3715 1016 3770 lavet
1044 3723 1257 3786 peetus,
1288 3723 1488 3779 amate,
1523 3723 1699 3770 tuum.

400 3808 516 3865 Cur
543 3815 601 3864 tu
628 3806 800 3862 dulc's
825 3821 980 3862 amor
1012 3804 1168 3861 fletus
1198 3805 1481 3876 generabis
1505 3820 1740 3870 amaros,

472 3901 541 3957 Et
560 3903 625 3956 de
662 3899 817 3955 melle
843 3900 933 3969 pio
960 3897 1152 3970 pocula
1183 3908 1204 3936 ο
1238 3913 1422 3953 amata
1448 3896 1659 3951 ﬂuunt?

405 3993 496 4052 Sic
526 4002 614 4048 tua
633 3991 769 4062 jam,
807 3992 1059 4056 mundus,
1093 3990 1390 4046 miscentur
1418 3988 1592 4045 dulcia
1623 3987 1846 4054 amaris,
1950 4058 1951 4065 γ

474 4084 731 4141 Adversis
752 4084 963 4139 variant
986 4097 1242 4155 prospera
1271 4092 1468 4138 cuncta
1501 4082 1630 4137 cito.

403 4177 597 4234 Omnia
626 4176 876 4233 tristifico
903 4182 1185 4230 mutantur
1215 4175 1407 4244 gaudia
1434 4174 1602 4240 luctu,

474 4268 559 4323 Nil
585 4275 668 4324 est
687 4275 1027 4338 perpetuum,
1048 4275 1243 4322 cuncta
1265 4266 1445 4337 perire
1474 4273 1695 4336 queunt.

408 4358 483 4415 Te
513 4360 671 4416 modo
700 4368 1030 4429 quaprOpter
1058 4357 1331 4428 fugiamus
1362 4366 1579 4429 pectore
1607 4365 1723 4413 toto

479 4451 557 4506 Tu
586 4465 802 4521 quoque
827 4465 947 4516 nos,
977 4450 1206 4503 mundus
1230 4448 1343 4519 jam
1368 4450 1626 4520 periture,
1658 4449 1799 4522 fugis
1830 4468 1844 4505 :

405 4544 743 4613 Deliciasquc
764 4540 891 4612 poli,
916 4554 1233 4610 semperque
1264 4538 1540 4594 manentia
1565 4555 1727 4611 regna

477 4635 812 4703 Quzeramus,
845 4640 955 4687 toto
977 4639 1213 4702 pectore,
1248 4639 1450 4698 mente,
1482 4646 1662 4685 manu.

403 4729 553 4785 Felix
585 4728 707 4782 aula
740 4725 845 4797 poli
877 4740 1149 4795 nunquam
1180 4723 1440 4796 disjungit
1464 4723 1697 4779 amicum
1723 4739 1738 4789 ;

475 4820 704 4891 Semper
730 4819 914 4885 habet,
941 4818 1085 4888 quod
1110 4828 1281 4883 amat,
1303 4825 1495 4887 peetus
1522 4832 1706 4873 amore
1724 4816 1929 4873 calens.

406 4910 522 4969 lluc
565 4923 892 4982 properare,
939 4906 1102 4965 Pater
1129 4950 1144 4975 ,
1196 4908 1447 4978 precibus
1487 4923 1619 4980 rape
1662 4922 1784 4973 me,
1838 4923 1989 4979 rugo,

1763 5002 1775 5073 ι
1790 5009 1989 5067 tecum,

477 5095 594 5162 Qua
624 5100 810 5149 noster
842 5106 1115 5162 nunquam
1142 5090 1469 5146 dissociatur
1493 5106 1668 5147 amor.

408 5187 603 5257 Aspice
626 5186 843 5241 laetifica
865 5192 1143 5256 gratanter
1168 5185 1350 5249 corde,
1378 5200 1687 5253 precamur,

478 5277 730 5343 Parvula,
760 5292 881 5347 qua:
907 5290 1133 5347 magnus
1164 5289 1387 5329 munera
1416 5273 1563 5330 misit
1592 5291 1764 5331 amor.

410 5370 542 5427 Nam
565 5370 672 5425 duo
697 5368 955 5438 praemitis
978 5366 1286 5421 laudaverat
1315 5381 1425 5421 tera
1461 5366 1743 5438 magister.

476 5462 611 5532 Quae
638 5458 825 5529 injecit
848 5456 1030 5528 templi
1053 5456 1211 5512 vidua
1238 5456 1379 5511 nuda
1409 5456 1581 5528 gazis.

484 5645 509 5672 ι
548 5632 731 5690 Forte,
767 5629 927 5683 Nate.

485 5700 513 5739 ι»
554 5698 761 5762 Sa-pius
782 5697 929 5759 alibi,
955 5698 1314 5752 contmenditc.

483 5779 508 5809 ε
554 5765 678 5821 Edit
708 5802 721 5829 ,
760 5765 967 5832 capula.

1185 339 1247 395 Β.
1286 339 1349 397 ιτ.
1391 333 1619 393 ΑωιΝι
1660 328 1795 391 SEU
1838 325 2116 387 ALCUlNl
2154 322 2439 384 OPERUM
2478 320 2658 378 PARS
2696 316 2782 373 Vl.

1970 447 2015 505 Α
2045 438 2306 496 Omnibus
2331 446 2415 497 est
2439 436 2593 492 donis
2619 432 2811 489 melior
2836 427 3052 484 dilectio
3081 439 3259 488 sacra,

2018 4484 2071 4548 D

3538 302 3648 361 ’ωε

2124 530 2302 599 Atque
2331 525 2465 581 fides
2485 524 2666 587 firma,
2695 536 2815 590 qua:
2839 518 2983 589 viget
3007 524 3171 588 atque
3198 524 3400 569 manet.

2057 625 2133 680 Te
2162 622 2363 686 divina,
2392 619 2557 674 Pater
2581 615 2922 680 charissimc,
2950 610 3091 667 dona
3117 618 3438 679 sequantur,

2129 709 2576 778 Praeveniantque
2603 706 2763 762 simul
2790 708 3004 775 semper
3033 701 3253 773 ubique.
3295 697 3455 757 Valei

2741 817 2963 875 CCLVI.

2528 911 2613 966 Ad
2632 909 2839 966 iulium
2865 918 2915 964 et
2945 907 3190 962 Lucium.

2062 1007 2140 1063 Te
2167 1005 2313 1062 Deus
2336 1004 2678 1074 omnipotens
2703 1007 2990 1057 conservet
3015 1014 3230 1069 semper
3254 995 3476 1067 ubique,

2133 1097 2310 1155 Julius
2331 1113 2365 1151 ο
2386 1096 2625 1167 juvenis,
2653 1109 2777 1165 spes
2804 1109 2962 1148 amor
2986 1101 3153 1161 atque
3178 1091 3383 1149 decus!

2065 1189 2230 1245 Lucia
2256 1189 2378 1243 vive
2405 1186 2516 1242 Deo
2543 1186 2689 1250 felix,
2720 1184 3020 1240 clarissima
3041 1183 3224 1251 virgo,
3320 1206 3325 1210 ο

2140 1280 2367 1351 Semper
2389 1279 2443 1333 in
2468 1285 2755 1341 aeternum,
2782 1274 2948 1330 Lucia
2976 1274 3148 1345 virgo,
3172 1273 3316 1329 vale.

2068 1372 2232 1445 23E.
2266 1372 2335 1427 Et
2361 1386 2482 1428 mea
2508 1385 2604 1442 per
2629 1384 2821 1424 versus
2844 1367 3023 1422 valeat
3045 1366 3422 1422 Matbeniatiea
3452 1366 3656 1433 dulces,

2140 1466 2362 1523 Femina
2385 1464 2753 1533 verbipotens,
2781 1469 2836 1516 tu
2859 1460 2977 1517 sine
3001 1458 3108 1515 fine
3139 1458 3283 1514 vale.

2744 1592 2985 1650 CCLV“.

2516 1685 2609 1739 Αᾱ
2628 1683 2856 1741 amictui:
2886 1683 3182 1737 abeuntem.

1995 1793 2044 1854 Β
2074 1798 2313 1870 Angelus
2342 1814 2373 1854 e
2399 1795 2538 1852 coelo
2564 1763 2786 1850 veniens
2814 1792 3103 1849 comitetur
3125 1801 3315 1848 euntes
3347 1792 3373 1832 1

2143 1892 2392 1963 Semper,
2431 1889 2580 1945 abito
2609 1897 2750 1954 tuas,
2786 1887 2958 1944 dulcis
2984 1886 3179 1951 amice,
3208 1887 3343 1940 vias.

2073 1983 2152 2040 Te
2181 1999 2299 2040 mea
2326 1998 2479 2039 mens
2502 1982 2764 2051 sequitur,
2801 1995 2999 2052 magno
3029 1995 3153 2034 cum
3184 1979 3363 2034 cordis
3385 1990 3593 2044 arnore,

2146 2072 2423 2143 Exoptaus
2446 2073 2627 2126 animo
2650 2085 2909 2141 prospera
2938 2078 3132 2125 cuncta
3163 2069 3279 2122 tibi.

2076 2164 2178 2232 Qui
2202 2164 2334 2219 mihi
2357 2170 2431 2228 te,
2459 2160 2646 2225 frater,
2674 2158 2923 2217 Chri-tus
2951 2158 3221 2215 concessit
3248 2159 3509 2223 amicum,

2146 2254 2445 2312 Conservet
2467 2268 2660 2309 sanum
2682 2252 2933 2309 Christus
2958 2252 3162 2323 ubique
3185 2252 3315 2307 mihi
3340 2266 3359 2304 :

2078 2346 2331 2403 Efficiens
2355 2346 2516 2402 citius
2540 2346 2748 2415 pariter
2770 2353 3087 2413 natumque,
3112 2352 3405 2414 parentem

2149 2436 2504 2505 Congaudere
2530 2436 2691 2490 simul
2718 2435 3262 2507 prosperitate-hom.

2080 2516 2235 2599 Quod
2258 2530 2421 2586 modo
2438 2544 2544 2584 non
2568 2529 2679 2584 vidi
2707 2538 2778 2594 te,
2812 2537 2887 2594 te,
2914 2528 3233 2585 dulcissime
3256 2528 3453 2594 frater,

2153 2618 2443 2675 Contestor
2466 2634 2615 2684 vere,
2640 2634 2737 2673 cor
2764 2618 2910 2675 dolet
2936 2621 3039 2675 hoc
3062 2619 3309 2675 nimium.

2081 2711 2255 2779 Quam
2283 2724 2475 2782 prope,
2506 2710 2734 2779 nescivi,
2767 2718 2817 2766 tc
2843 2726 2943 2765 nos
2968 2710 3259 2782 spectando
3288 2721 3562 2777 maneres,

2154 2800 2310 2857 Nune
2337 2801 2440 2857 nisi
2468 2801 2713 2872 gaudens
2741 2816 2847 2856 non
2876 2800 3017 2855 mihi.
3032 2800 3174 2855 dixit
3194 2800 3357 2857 homo
3382 2811 3432 2853 ε.

2083 2890 2170 2949 Me
2196 2899 2553 2958 tameniecce,
2578 2906 2790 2963 precor,
2817 2901 3142 2963 prinsentem
3163 2907 3259 2946 seu
3280 2907 3377 2961 per
3397 2892 3612 2956 habeto,

2163 2984 2232 3041 Ut
2251 2992 2304 3041 te
2323 2992 2646 3055 praesentem
2667 2999 2881 3053 semper
2901 2983 3142 3049 habebo,
3162 2982 3343 3040 Pater.
3608 3040 3613 3047 ,

2088 3076 2174 3133 Sit
2202 3076 2317 3144 tibi,
2349 3077 2526 3148 sitque
2547 3076 2679 3133 mihi
2701 3092 2941 3147 prmsens
2971 3077 3114 3133 Deus
3140 3077 3390 3133 omnibus
3416 3076 3589 3142 horis,

2009 3146 2057 3207 (ἶ
2159 3167 2243 3224 Sit
2266 3169 2387 3239 pius
2415 3146 2471 3224 et
2496 3146 2756 3235 clemens,
2785 3168 2975 3241 gloria,
3007 3168 3137 3234 vita,
3167 3169 3332 3225 salus.

2086 3259 2234 3328 Quos
2262 3259 2527 3315 charitate
2548 3259 2637 3329 pia
2667 3258 2832 3315 terris
2859 3256 3140 3327 conjunxit
3167 3260 3395 3325 amicos,

2159 3350 2471 3407 Gaudentes
2499 3348 2911 3422 pariterjungat
2932 3350 2983 3405 in
3006 3367 3132 3405 arce
3155 3350 3280 3421 pol'r.

2089 3441 2215 3505 llos,
2247 3456 2396 3512 rogo,
2424 3440 2719 3497 versiculos
2748 3450 2926 3498 terum
2948 3440 3049 3508 fer,
3074 3441 3241 3498 frater
3268 3443 3465 3509 amice,

2160 3531 2250 3588 Sis
2277 3546 2485 3586 memor
2508 3529 2688 3586 Albini
2710 3537 2769 3586 ut
2793 3547 3027 3603 semper,
3059 3534 3251 3598 amice,
3285 3534 3380 3588 tui.

2090 3621 2194 3677 Per
2211 3637 2459 3692 campos,
2476 3621 2675 3688 colles,
2694 3621 2857 3678 silvas
2882 3632 2935 3678 et
2967 3622 3186 3678 flumina
3213 3638 3462 3694 pergens,

2163 3714 2389 3787 Semper
2416 3715 2521 3771 iter
2546 3714 2794 3771 Christus
2820 3724 3067 3785 protegat
3093 3731 3222 3771 ecce
3245 3727 3431 3781 tuum,

2092 3796 2420 3863 Sanctorum
2446 3808 2699 3879 precibus
2728 3823 2943 3876 semper
2964 3808 3081 3862 sine
3103 3806 3210 3863 fine
3237 3806 3435 3872 valeto,

2166 3899 2233 3954 Et
2256 3915 2401 3955 nunc
2425 3907 2736 3970 etsemper,
2769 3898 2941 3953 dulcis
2961 3899 3158 3964 amice,
3189 3899 3311 3954 vale
3334 3900 3359 3953 ε’

2758 4032 3024 4089 GCLVlll.

2564 4133 2647 4187 Ad
2677 4133 2931 4188 eumdem
2953 4134 3232 4204 fortassis-

2092 4248 2264 4322 Qirre
2292 4248 2457 4315 viam,
2491 4247 2677 4312 frater,
2706 4257 2991 4318 angustam
3023 4247 3067 4315 ί,
3093 4249 3313 4304 tramite
3341 4247 3629 4319 pulchram,

2094 4341 2225 4410 Quae
2247 4350 2299 4397 te
2327 4342 2426 4398 sub
2454 4341 2611 4397 tectis
2649 4340 2860 4397 Domini
2886 4340 3119 4396 deducat
3147 4341 3200 4395 in
3229 4342 3429 4397 aulam.

2094 4432 2205 4489 Nec
2228 4433 2323 4489 tibi
2353 4432 2493 4489 forte
2521 4433 2686 4504 pedes
2714 4447 2871 4488 emno
2899 4434 3155 4489 sordente
3178 4435 3466 4512 respui-git,

2095 4526 2207 4582 Nec
2230 4527 2326 4582 tibi
2348 4525 2610 4582 creruleus
2634 4525 2814 4581 crines
2836 4524 3097 4598 infuderit
3117 4525 3310 4583 imber.

2093 4617 2205 4673 Nec
2231 4618 2314 4673 vis
2339 4626 2627 4674 ventorum
2653 4618 2858 4681 turbat,
2881 4632 2980 4673 nec
3002 4619 3210 4689 grando
3237 4614 3486 4690 procellis
3514 4634 3527 4671 τ

2092 4708 2203 4766 Nec
2221 4711 2403 4778 timor,
2427 4716 2488 4765 ut
2510 4709 2705 4765 tollant
2727 4719 2922 4775 vestes,
2955 4724 3056 4765 nec
3079 4709 3234 4766 fauce
3264 4712 3516 4775 latrones,

2093 4800 2205 4857 Nec
2224 4801 2330 4867 leo,
2355 4817 2455 4857 nec
2479 4801 2748 4873 tigris,....
2777 4817 2909 4872 aper
2926 4802 3089 4856 ambo
3110 4801 3361 4857 visuntur

2094 4895 2191 4952 Vel
2215 4897 2452 4962 coluber,
2487 4896 2721 4970 regulus,
2756 4912 2982 4968 serpens
3004 4898 3552 4968 prosterniteimtem.

2095 4985 2203 5044 Sed
2230 4987 2370 5044 bene
2394 5001 2616 5044 securus
2637 4987 2839 5058 poteris
2866 5003 3187 5059 percurrere
3213 4996 3457 5044 stratam.

2094 5079 2236 5136 Laus
2264 5080 2447 5136 divina
2477 5078 2571 5135 tibi
2601 5088 2817 5136 resonet
2842 5089 3170 5150 quapropter
3198 5080 3251 5136 in
3282 5096 3396 5145 ore,

2094 5172 2272 5243 thue
2298 5172 2445 5244 pium
2472 5172 2683 5243 placido
2703 5171 2987 5228 Christum
3010 5180 3065 5225 tu
3096 5182 3317 5242 pectore
3344 5180 3494 5241 porta
3517 5179 3558 5225 :'

2092 5263 2185 5319 llle
2214 5271 2335 5320 tuos
2356 5279 2591 5336 gressus,
2622 5278 2831 5327 sensus,
2869 5269 2925 5316 et
2952 5263 3118 5318 verba
3148 5264 3425 5333 gubernet,

2095 5355 2230 5419 Dux,
2260 5355 2369 5420 via,
2401 5363 2597 5423 rector,
2626 5370 2780 5413 amor
2808 5354 2901 5412 tibi
2930 5354 3029 5420 sit,
3051 5363 3328 5425 protector
3353 5354 3545 5426 ubiun

2095 5446 2419 5503 Incolumem
2449 5448 2611 5503 ducat
2632 5456 2704 5512 te,
2735 5457 2895 5518 teque
2923 5447 3148 5503 reducat
3170 5457 3414 5505 euntem.

2165 5629 2191 5667 ἀ
2234 5627 2416 5689 Forte,
2456 5638 2682 5682 euntem.

2122 5722 2125 5725 ι
2174 5714 2195 5761 9
2237 5699 2410 5754 Lucus
2434 5708 2737 5767 corruptus.

2178 5768 2196 5809 ί
2240 5768 2359 5832 Ms,
2396 5767 2655 5837 Angusto
