3866 6170
296 319 402 374 τοῖν
1134 366 1143 381 .
1478 328 1767 387 CMKHINJ

1958 335 2050 391 AD
2101 339 2374 399 VARIOS.
2432 372 2441 381 ν
3459 353 3560 411 798

969 435 1191 490 CCLIX.

602 555 626 583 ι
657 545 745 598 ,Μ’
763 547 993 601 amicum
1020 549 1283 605 absentem
1310 554 1556 623 arripit-iu.
1594 593 1599 599 -

289 655 471 710 Dulcis
490 671 652 710 amur
673 655 928 728 lacrymis
955 659 1235 716 absentem
1268 664 1471 735 plangit
1495 667 1749 733 amicum,

357 748 531 815 Quem
558 747 848 819 longinqua
879 760 1041 822 negat
1064 760 1206 807 terra
1229 755 1413 810 vizlere
1437 757 1627 813 oculis.
1684 760 1689 767 ’
1714 786 1718 791 -

287 839 427 892 [tam
459 838 596 893 ﬁdes
622 839 901 894 hominum
928 841 1122 897 charos
1140 842 1322 900 ell‘ecit
1346 845 1572 919 amicos,

356 930 520 985 Millia
545 932 715 989 multa
741 935 888 991 cient
914 944 1154 1005 pectore,
1185 939 1335 996 solus
1360 942 1484 998 erit.

279 1023 524 1093 Argento
542 1023 752 1089 melior,
784 1026 929 1083 fulvo
945 1029 1253 1098 pretiosior
1264 1041 1423 1098 eum,

352 1115 618 1173 Omnibus
639 1125 694 1174 et
721 1119 870 1189 gazis
886 1120 1091 1176 clarior
1107 1121 1215 1179 iste
1233 1124 1390 1179 uitet.

276 1208 453 1274 Quem
476 1209 628 1279 cupit
649 1219 706 1264 et
733 1211 934 1279 quaerit
955 1213 1152 1269 mentis
1181 1214 1287 1271 sibi
1314 1222 1428 1272 tota
1451 1216 1721 1283 voluntas,

355 1298 422 1356 Ut
449 1301 671 1365 habeat,
696 1309 901 1367 teneat,
923 1303 1110 1375 diligat
1131 1313 1294 1375 atque
1322 1306 1485 1364 colat.

264 1391 381 1447 Iste
403 1392 522 1448 eris
534 1407 664 1448 ecce
687 1393 823 1448 mihi
849 1409 1050 1466 magno
1065 1398 1391 1468 coniunctus
1404 1414 1615 1465 amore,

348 1482 429 1539 Tu
457 1484 678 1554 requies
696 1487 917 1550 mentis,
942 1493 998 1542 tu
1020 1487 1154 1545 mihi
1180 1489 1354 1546 dulcis
1379 1505 1552 1549 amor.

268 1574 353 1631 'l'e
374 1575 521 1631 Deus
541 1584 746 1633 aeterno
773 1587 1060 1635 conservet
1084 1587 1324 1651 tempore
1343 1596 1581 1652 semper,

342 1667 423 1724 Tu
451 1683 659 1726 memor
680 1669 861 1725 Albini
891 1687 1105 1742 semper
1131 1674 1329 1744 ubique
1350 1674 1490 1730 vale.

960 1784 1163 1865 ccexi

658 1921 687 1963 ιτ
729 1922 811 1976 Ad
841 1922 1197 1981 Eboracensi»
1226 1924 1466 1985 Fratres.

258 2034 426 2089 Nune
448 2034 667 2088 cuculus
688 2035 862 2091 ramis
889 2037 1052 2091 etiam
1081 2040 1358 2094 resonavit
1385 2040 1439 2093 in
1468 2041 1622 2107 altis;

259 2128 459 2184 l-‘lorca
489 2130 780 2184 versicolor
801 2131 977 2201 pariet
1006 2148 1148 2188 nunc
1168 2134 1410 2205 germina
1433 2136 1613 2192 tellus.

258 2219 433 2274 Vinea
463 2219 807 2275 Baccbiforas
838 2222 1004 2288 tradit
1031 2234 1052 2262 ο
1076 2223 1143 2279 de
1166 2225 1384 2294 palmite
1406 2242 1667 2298 gemmas,

255 2310 502 2365 Suscitat
524 2320 580 2365 et
601 2312 752 2367 vario
779 2321 998 2368 nostras
1024 2315 1385 2371 modulamine
1412 2327 1624 2373 mentes

250 2400 534 2458 lndefessa
564 2404 700 2459 satis
721 2405 897 2460 rutilis
919 2404 1147 2463 luscinia
1172 2408 1364 2462 ruseis.

250 2496 328 2549 Et
357 2496 435 2549 sol
465 2496 709 2565 signiferi
740 2499 979 2561 medium
1006 2501 1344 2557 transcendit
1371 2502 1425 2555 in
1451 2504 1660 2569 orbem,

246 2587 325 2641 Et
345 2587 582 2643 Pbmbus
602 2588 733 2643 vicit
759 2589 1104 2645 tenebrarum
1138 2606 1302 2662 regna
1336 2592 1639 2664 refulgens;

242 2680 433 2749 Atque
458 2688 650 2735 natans
677 2680 744 2735 ad
772 2696 869 2736 vos
891 2680 1064 2752 pelagi
1092 2689 1243 2737 trans
1268 2699 1488 2753 :equora
1511 2685 1714 2756 magni,

241 2770 438 2824 Albini
461 2769 637 2825 Patris
661 2770 913 2840 deportat
934 2772 1122 2826 charta
1151 2772 1378 2828 salutem
1402 2789 1419 2839 ;

244 2860 524 2916 Moenibus
549 2861 830 2918 Euborica:
859 2862 1112 2918 habitans
1142 2872 1195 2918 tu
1224 2880 1377 2919 sacra
1395 2864 1670 2935 juventus.

242 2951 361 3008 Fas
383 2951 605 3017 idcirco,
633 2965 772 3018 reor,
802 2954 1192 3022 comprendere
1213 2954 1415 3023 plectra
1440 2954 1696 3021 Maronis,

242 3044 602 3115 Sumnigcras
638 3045 816 3100 subito
847 3053 899 3100 te
935 3060 1081 3100 nunc
1117 3060 1182 3099 ex
1206 3060 1301 3099 ore
1320 3044 1347 3084 ει
1370 3060 1648 3111 camenas,

238 3134 700 3205 Carminibusque
720 3135 892 3191 sacris
920 3150 1090 3189 naves
1123 3134 1345 3204 implere
1368 3134 1641 3191 frenosum
1677 3148 1724 3190 ε.

237 3225 399 3280 Talia
426 3241 660 3295 namque
679 3225 891 3294 placent
909 3233 1094 3280 vestro
1121 3225 1247 3295 quia
1267 3241 1493 3279 munera
1515 3224 1686 3293 Patri,

239 3319 351 3386 Qui
380 3332 525 3375 nunc
549 3321 794 3391 egregias
815 3319 1085 3391 regalibus
1112 3320 1330 3375 insonat
1358 3328 1505 3375 artes

239 3410 501 3476 Auribus,
529 3422 589 3466 et
615 3410 836 3466 Patrum
865 3412 1011 3466 ducit
1039 3427 1135 3480 per
1158 3420 1314 3482 prata
1346 3421 1690 3483 sequentem,

239 3499 596 3569 Pncpulcbro
616 3502 819 3569 sepiiize
847 3510 1161 3571 regnantem
1198 3512 1480 3559 stemmate
1505 3503 1683 3561 celsm.

239 3592 323 3648 Tu
351 3608 585 3664 quoque,
612 3603 666 3648 tu
688 3594 836 3648 Patri
863 3596 1092 3649 nimium
1118 3597 1312 3651 dilecta
1332 3595 1617 3666 juventus,

240 3685 323 3739 Tu
351 3685 561 3740 soboles
584 3686 728 3751 vitae,
758 3687 951 3756 patria:
973 3686 1091 3741 laus
1116 3696 1172 3741 et
1199 3688 1365 3742 decus
1387 3705 1572 3756 omne,

240 3776 509 3831 Etheriis
543 3778 744 3847 sophiae
771 3777 999 3833 feliciter
1030 3786 1184 3833 utere
1215 3779 1403 3845 donis;

240 3867 314 3923 Ut
343 3867 439 3922 tibi
468 3879 782 3937 permaneat
811 3884 1021 3924 merces
1041 3877 1097 3923 et
1123 3869 1291 3937 gloria
1320 3886 1554 3940 semper.

239 3959 440 4014 Ebrius
464 3959 672 4028 injiciat
692 3961 842 4016 vobis
868 3976 971 4015 neu
994 3952 1207 4016 vincula
1235 3961 1505 4028 Bacchus,

238 4049 512 4106 Mentibus
535 4052 824 4121 inscriptas
853 4053 1023 4107 deleat
1058 4070 1162 4108 neu
1190 4054 1385 4109 noxius
1408 4062 1590 4110 artes:

239 4139 353 4195 Nec
387 4154 484 4195 vos
504 4140 778 4197 Cretensis
806 4141 1039 4212 depellat
1068 4143 1138 4198 ab
1167 4158 1294 4199 arce
1316 4142 1509 4198 salutis

238 4234 522 4304 Improbus
547 4236 639 4293 ille
673 4252 827 4309 puer,
855 4237 1087 4294 stimulis
1110 4230 1353 4294 armabis
1378 4239 1574 4294 acutis.
1608 4294 1613 4301 ,

238 4326 351 4381 Nec
380 4342 475 4381 vos
504 4327 785 4401 luxivagus
808 4337 986 4400 raptet
1011 4344 1109 4399 per
1137 4330 1319 4385 inania
1344 4330 1598 4395 mundus,

238 4414 459 4473 Vortice
483 4419 834 4493 submergens
856 4421 1036 4477 vitalia
1061 4430 1279 4493 pectora
1310 4423 1499 4493 nigro:

238 4506 347 4562 Sed
376 4518 643 4579 praecepta
674 4527 844 4566 saera:
875 4527 1147 4569 memores
1173 4513 1400 4570 retinete
1432 4513 1643 4579 salutis.

237 4598 531 4655 Dulcisono
560 4600 851 4657 Christum-
868 4612 1184 4660 resonantes
1205 4620 1417 4675 semper
1440 4607 1493 4659 iu
1517 4622 1630 4661 ore.

236 4687 330 4743 lllc
353 4688 529 4755 cibus,
559 4699 736 4760 potus,
765 4708 1007 4760 carmen,
1044 4692 1183 4759 laus,
1219 4694 1388 4763 gloria
1410 4697 1563 4753 vobis

237 4783 343 4847 Sit,
375 4799 528 4855 rogo,
562 4784 653 4854 qui
679 4785 830 4839 vobis
851 4787 1051 4841 tribuat
1073 4787 1246 4842 felicia
1274 4803 1461 4859 regna,

236 4865 416 4944 Atque
437 4875 551 4931 suis
576 4876 778 4931 sanctis
793 4873 990 4946 jungat
1012 4893 1111 4948 per
1137 4878 1339 4934 aethera
1370 4894 1600 4949 seraper.

247 5044 257 5051 ι
302 5084 329 5144 ξ
372 5073 448 5144 ξεί
481 5069 603 5125 cod.
627 5088 757 5128 mss.
795 5051 1208 5144 Salisburgensi.

307 5141 339 5215 ιξ
375 5139 580 5197 Versus
611 5143 714 5197 hoc
737 5158 953 5198 carmen
983 5139 1296 5198 iu'editioue
1322 5144 1640 5209 Quercetaui
1678 5161 1816 5215 prte-

240 5211 507 5284 cedeutes,
542 5215 832 5282 separatim
855 5214 1099 5268 dedimus
1120 5228 1279 5284 supra
1296 5228 1450 5284 num.
1480 5215 1584 5269 208
1608 5211 1811 5283 et-‘ZQ‘Z,

240 5280 328 5336 ubi
356 5282 544 5338 videas
573 5280 1256 5339 nostram'aduotationein.
1286 5283 1562 5339 Pertinere
1588 5301 1717 5340 vero
1734 5280 1815 5341 vi;

239 5350 500 5427 ῥίζιον-ξιο-
530 5370 732 5408 annum
756 5354 852 5427 781
884 5354 1217 5427 ψιοᾼεειιοιιο
1247 5353 1505 5410 Palatinae
1526 5359 1816 5427 praefectus

234 5419 389 5494 fuit?
403 5422 523 5494 Yid.
548 5433 703 5479 notas
725 5424 885 5494 epist.
904 5419 1030 5479 162.

306 5505 331 5532 ο
374 5493 498 5561 Ms.,
537 5495 722 5549 trudit.

302 5563 331 5604 ει
372 5563 499 5632 Ms.,
533 5566 725 5619 excire.

307 5646 332 5674 θ
373 5634 496 5698 bis,
538 5633 854 5690 Fresonum.

309 5705 328 5744 ί
370 5704 689 5762 Difl‘ereutes
719 5706 975 5762 lectiones
999 5706 1301 5762 addidimus
1336 5721 1402 5762 cx
1446 5708 1565 5764 cod.
1610 5707 1805 5766 Salisb.

239 5771 309 5831 De
343 5775 673 5845 Saxonibus,
714 5777 958 5834 absoluto
996 5785 1116 5848 post
1162 5776 1230 5833 53
1275 5794 1537 5836 annorum
1577 5782 1806 5850 spatium

1902 450 1950 511 Α
2660 463 2834 518 CCLX
2848 464 2883 517 Γ.

2419 551 2438 590 ί
2476 554 2558 608 Ad
2587 565 2788 625 gentem
2813 554 3122 613 Col/torum.

1972 638 2117 697 Gens
2140 655 2294 695 sacra
2322 640 2644 713 Gothorum,
2668 658 2892 705 sanctus
2924 652 2970 715 ⁸,
3000 651 3118 706 sine
3149 651 3255 707 (inc
3290 654 3487 721 valeto,

1971 732 2188 789 Electus
2216 734 2444 792 Domino
2465 740 2711 809 populus,
2740 741 2893 810 plebs
2915 743 3113 816 inclyta
3139 746 3312 801 salve.

1972 822 2298 882 Victricibus
2323 828 2351 868 δ
2375 838 2568 900 gentes
2593 833 2769 888 vicisti
2800 836 3035 891 maxime
3055 836 3211 892 hellis

1969 912 2143 980 Quam
2165 916 2364 973 multas
2386 922 2676 988 quondam,
2701 923 2886 979 hostes
2913 927 3075 983 modo
3092 928 3295 985 vincite
3315 929 3518 987 Christi

1965 1002 2072 1060 Per
2096 1006 2343 1079 clypeum
2369 1011 2511 1079 ﬁdei,
2542 1029 2641 1083 per
2666 1015 2823 1072 fortia
2851 1018 2953 1073 tela
2978 1020 3186 1077 salutis.

1964 1093 2268 1153 Auxiliator
2289 1102 2397 1157 erit
2414 1103 2567 1159 vobis
2592 1105 2736 1163 Deus
2757 1108 2931 1165 almus
2960 1110 3181 1181 ubique,

1967 1188 2024 1244 Si
2041 1189 2154 1260 jam
2181 1189 2337 1247 firma
2358 1192 2492 1250 fldes
2521 1196 2851 1261 habitatsub
2878 1210 3098 1271 pectore
3125 1212 3336 1271 vestro,

1961 1278 2141 1350 Atque
2168 1288 2305 1352 opus
2323 1287 2599 1357 egregium
2627 1291 2871 1358 sequitur
2891 1293 3033 1348 bona
3056 1294 3193 1349 dona
3218 1295 3364 1350 fidei.

1963 1366 2096 1435 Has,
2126 1384 2275 1444 rogo,
2308 1373 2572 1433 litterulas
2598 1378 2806 1447 placido
2833 1385 3130 1452 percurrite
3152 1402 3335 1449 seum.

1963 1458 2108 1526 Quas
2137 1464 2298 1520 modo
2326 1466 2529 1523 direxit
2562 1471 2715 1525 vobis
2733 1472 2952 1529 dilectio
2971 1484 3179 1532 sancta.
3351 1464 3361 1473 ’

1962 1548 2226 1622 Prospera
2253 1565 2446 1613 cuncta
2472 1559 2612 1616 Deus
2640 1561 2832 1619 Gothis
2851 1567 3115 1621 concedat
3133 1568 3368 1641 Olympi,

1961 1641 2229 1700 Omnibus
2247 1649 2436 1702 κιενοί
2468 1650 2713 1708 tribuens
2734 1653 2874 1709 bona
2896 1657 3091 1726 gaudia
3124 1662 3275 1729 regni
3310 1680 3328 1714 ε

1961 1732 2129 1803 Inque
2156 1736 2260 1805 piis
2292 1739 2545 1807 precibus
2568 1758 2838 1802 memores
2863 1757 3059 1815 estote,
3094 1766 3348 1824 rogamus

1957 1823 2137 1880 Albini
2162 1841 2397 1899 semper,
2423 1833 2641 1903 scripsit
2663 1836 2757 1906 qui
2787 1838 2914 1893 talia
2940 1840 3111 1897 vobis.

1955 1915 2117 1988 235
2135 1918 2244 1974 Vos
2264 1917 2407 1976 Deus
2419 1925 2762 1995 omnipotens
2788 1937 2956 1985 totum
2976 1927 3262 1990 conservet
3281 1936 3334 1993 in
3349 1953 3550 2009 aevum,

1954 2005 2243 2064 λεῖοι-ηοω
2270 2010 2515 2069 tribuens
2549 2016 2563 2056 ί
2602 2017 2754 2074 vobis
2782 2036 2884 2091 per
2908 2024 3104 2080 saecula
3141 2041 3390 2098 regnum.

2621 2126 2871 2186 CCLxu.
2993 2115 3000 2122 '

2404 2205 2420 2246 1
2470 2196 2553 2251 Ad
2580 2198 2753 2268 ﬁlium
2784 2202 3092 2273 profugum.

1870 2322 1873 2323 ν
1949 2283 2080 2351 Cur,
2114 2302 2268 2359 rogo,
2295 2299 2443 2356 nate,
2474 2300 2569 2347 tuo
2590 2295 2733 2363 patri
2764 2296 3023 2354 irasceris
3045 2308 3263 2365 amate;

2020 2375 2258 2449 Longius
2284 2390 2527 2452 optatum
2557 2400 2681 2440 mox
2710 2387 2872 2442 modo
2898 2390 3082 2460 carpis
3112 2390 3257 2446 iter?

1945 2466 2014 2521 Et
2045 2477 2101 2524 tu
2139 2472 2313 2527 tristis
2344 2474 2483 2540 abis,
2511 2484 2724 2544 patrem
2757 2478 3080 2549 tristemque
3107 2480 3374 2554 relinquis

2018 2558 2090 2615 Ut
2119 2561 2417 2620 sceleratus
2445 2584 2457 2618 :
2489 2581 2590 2636 ego
2612 2566 2829 2637 judicor
2855 2583 2984 2625 ecce
3022 2586 3171 2626 reus.

1942 2649 2117 2706 iratus
2144 2651 2322 2707 calido
2347 2654 2643 2725 quidquam
2668 2672 2770 2712 nec
2798 2668 3020 2728 pectore
3050 2660 3196 2727 dixi;

2016 2743 2269 2800 Mandavi
2294 2745 2506 2815 placida
2535 2747 2722 2804 dicere
2742 2752 2908 2806 verba
2942 2753 3058 2808 tibi.

1943 2838 2108 2894 Utere
2135 2853 2235 2893 ceu
2263 2839 2499 2909 propriis
2527 2842 2691 2896 rebus
2719 2841 2950 2899 feliciter
2980 2845 3105 2910 illis,

2013 2929 2152 2985 Sunt
2187 2946 2307 2986 mea
2341 2933 2541 3003 quippe
2564 2942 2678 3001 tua,
2705 2937 2813 2991 sint
2842 2946 2931 2992 tua
2963 2954 3147 3009 quaeso
3174 2955 3320 2996 mea.

2603 3045 2870 3102 CCLXIII.

1861 3144 1906 3207 ε
2507 3115 2591 3169 Ad
2632 3116 2969 3186 discipulum.

1937 3199 2015 3254 En
2051 3212 2175 3257 tuus
2198 3201 2447 3266 Albinus,
2480 3205 2637 3259 srevis
2670 3214 2888 3277 ereptus
2918 3209 2986 3263 ab
3015 3210 3177 3265 undis
3199 3251 3215 3275 ,

2005 3293 2262 3358 Venerat,
2290 3293 2587 3349 altithrono
2611 3313 2757 3352 nunc
2786 3297 3083 3356 miserante
3112 3301 3247 3367 Deo,

1934 3382 2011 3437 Te
2039 3384 2262 3452 eupiens
2292 3384 2912 3458 apel-peregrinus-lare
2942 3393 3187 3449 camenis

2001 3471 2046 3527 Ο
2071 3474 2292 3542 Corion,
2321 3475 2550 3532 Curioni
2586 3480 2759 3535 dulcis
2789 3483 2959 3537 amice
2984 3484 3141 3539 satis.

1930 3564 2201 3635 Quidquid
2228 3575 2283 3622 tu
2308 3568 2499 3624 volitas
2521 3586 2621 3640 per
2644 3588 2839 3644 magna
2861 3575 3063 3645 palatia
3088 3592 3307 3650 regum,

2003 3654 2073 3711 Ut
2096 3655 2288 3714 ludens
2312 3661 2502 3732 pelago
2533 3662 2704 3734 aliger
2726 3663 2995 3720 undisouo
3035 3685 3048 3720 :

1930 3742 2031 3810 Qui
2062 3748 2268 3817 sophia:
2293 3749 2463 3807 libros
2493 3753 2687 3821 primis
2714 3753 2799 3809 lac
2825 3772 2921 3811 ore
2949 3760 3051 3814 sub
3079 3760 3242 3815 annis

2003 3833 2230 3901 Susisti,
2259 3846 2314 3891 et
2341 3838 2511 3894 labris
2535 3843 2704 3896 ubera
2736 3858 2892 3898 saera
2920 3842 3060 3900 tuis:

1930 3925 2065 3981 Dum
2094 3926 2189 3982 tibi
2216 3927 2342 3981 dum
2375 3928 2549 3999 tnajor
2576 3946 2674 4000 per
2710 3940 2950 4002 tempora
2981 3946 3230 3992 creverat
3259 3945 3421 4009 tetas,

2003 4017 2155 4072 Tunc
2188 4016 2392 4073 solidos
2419 4034 2674 4074 sucveras
2698 4036 2910 4076 sumere
2936 4025 3101 4079 corde
3130 4027 3302 4084 cibos.

1927 4106 2110 4162 Fortia
2139 4108 2206 4163 de
2229 4110 2380 4180 gazis
2404 4119 2650 4165 veterum
2686 4119 2741 4165 et
2770 4120 2959 4182 potare
2987 4110 3247 4183 Falerna;

1999 4198 2260 4255 Sensibus
2285 4208 2343 4255 et
2369 4199 2588 4256 fuerant
2618 4200 3035 4272 pervia‘cuucta
3064 4206 3192 4261 tuis.

1924 4289 2198 4359 Quidquid
2227 4290 2296 4346 ab
2327 4292 2549 4361 antiquo
2578 4292 2905 4349 invenerunt
2932 4302 3178 4366 tempore
3208 4295 3433 4365 Patres,

1995 4380 2185 4437 Nobile
2213 4393 2411 4438 cuncta
2448 4384 2544 4439 tibi
2573 4385 2760 4455 pandit
2788 4395 2842 4441 et
2877 4387 3152 4458 ingenium
3180 4405 3193 4444 :

1852 4496 1899 4555 υ
1923 4472 2001 4528 Ac
2024 4472 2205 4528 divina
2235 4475 2341 4531 tuis
2372 4476 2549 4546 patuit
2576 4475 2861 4548 Scriptura
2889 4477 3139 4551 loquelis.

1992 4562 2224 4621 Edibus
2254 4566 2308 4621 in
2337 4568 2510 4623 sacris
2544 4568 2671 4623 dum
2702 4576 2793 4623 tua
2834 4585 2936 4625 vox
2969 4579 3205 4626 resonat.

1921 4655 2060 4722 Qm‘d
2097 4665 2189 4711 tua
2220 4673 2363 4714 nunc
2392 4674 2685 4714 memorem
2715 4659 3039 4716 scholastica
3070 4664 3310 4719 carmina
3344 4665 3507 4735 vatis,

1991 4745 2094 4813 Qui
2122 4758 2351 4805 cunctos
2383 4758 2604 4818 poteras
2635 4757 2692 4805 tu
2726 4765 2987 4819 Superare
3016 4767 3194 4819 senes.

1920 4834 2144 4895 Viscera
2175 4847 2289 4894 tota
2317 4839 2414 4894 tibi
2442 4840 2783 4905 cecinerunt,
2806 4848 2972 4910 atque
3003 4844 3219 4913 capilli;

1987 4927 2143 4982 Nune
2171 4935 2263 4983 tua
2291 4928 2473 5000 lingua
2501 4936 2677 4998 tacet;
2704 4944 2804 4985 cur
2833 4938 2924 4986 tua
2964 4931 3144 5004 lingua
3182 4938 3362 4992 tacet?

1882 1795 1932 1858 B

1915 5078 2092 5156 bello,
2126 5079 2194 5133 ad
2219 5078 2385 5156 fidem
2420 5080 2697 5156 conversis
2740 5081 3107 5156 istajutelligi
3156 5086 3302 5150 vult,
3355 5086 3501 5145 nulla

1915 5149 2131 5217 quidem
2166 5149 2396 5211 adducta
2444 5151 2653 5207 ratione
2676 5192 2691 5216 ,
2727 5153 2807 5207 Cl.
2840 5149 3109 5209 Catelinot
3140 5156 3191 5209 in
3223 5172 3321 5212 ms.
3368 5157 3498 5216 Mihi

1913 5233 2230 5298 veroquam
2254 5220 2583 5298 simillimum
2609 5230 2710 5298 est,
2735 5222 3019 5298 Alcuinum
3044 5226 3112 5280 ad
3135 5227 3359 5297 populos
3380 5245 3501 5298 pro-

1915 5288 2111 5359 vincia:
2146 5288 2381 5355 Gothiae,
2414 5289 2706 5347 Saracenis
2744 5288 3268 5359 contemiinm,'et'a
3303 5288 3498 5356 Carolo

1914 5358 2106 5439 Magno
2137 5360 2375 5439 devictae
2387 5363 2685 5432 scripsisse,
2716 5372 2880 5435 atque
2902 5380 2998 5420 eos
3022 5358 3280 5424 adversus
3312 5366 3493 5428 hostes

1913 5427 2021 5483 sibi
2047 5429 2255 5484 vicinos
2285 5427 2575 5487 animasse.
2669 5427 2676 5429 “
2790 5427 2810 5435 ’
2940 5446 2946 5453 ·

1986 5501 2012 5577 fi
2180 5498 2316 5577 Sal,
2345 5499 2640 5577 Gens_bona
2675 5501 2965 5558 Gothorum
3001 5516 3224 5577 semper.

1981 5569 2007 5642 tu
2043 5570 2148 5642 ills.
2181 5568 2317 5642 Sal.,
2339 5572 2641 5642 pra'claras.

1988 5640 2001 5679 ί
2037 5639 2203 5705 Edit.,
2227 5639 2437 5695 tribuet.

1983 5706 1995 5756 ἱ
2041 5710 2200 5793 [forte
2224 5710 2768 5793 adﬁgsulhfumidguius
2791 5714 3060 5774 infelicem
3094 5716 3295 5793 lapsum
3327 5720 3473 5792 luget

1910 5780 1962 5834 in
1988 5780 2229 5853 epistolis
2249 5783 2371 5853 206,
2399 5783 2523 5855 207,
2547 5782 2670 5842 208.
