3866 6170
324 336 430 392 799

323 453 433 508 Nec
462 461 549 506 tua
575 450 755 520 lingua
778 447 920 502 valet
949 445 1131 500 forsan
1160 454 1381 501 cantare
1409 442 1698 497 camenas?

394 547 584 615 Atque,
619 560 762 608 reor,
789 541 988 598 dormit
1017 541 1198 610 lingua
1226 537 1323 592 tibi
1349 535 1573 591 Corion.

328 639 537 694 Dormit
556 647 609 692 et
633 638 746 706 ipse
777 651 946 697 meus,
973 631 1245 702 Corydon,
1268 626 1622 684 scholasticus
1650 625 1802 689 olim,

398 728 618 797 Sophus
654 725 884 780 Baccho.
907 724 998 778 V'a:
1022 721 1140 784 tibi,
1170 717 1382 772 Bacche
1407 715 1597 770 Pater!

329 820 409 873 Tu
440 819 564 889 quia
595 827 649 871 tu
683 805 881 886 quaeris
907 827 1098 869 sensus
1123 809 1438 866 subvertere
1464 822 1668 871 sacros,

397 911 572 980 Atque
605 925 783 964 meum
813 905 1063 975 Corydon
1091 917 1185 957 ore
1220 910 1401 956 tacere
1431 899 1586 954 facis.

332 1004 524 1066 Ebrius
553 1004 604 1064 in
637 1002 793 1056 tectis
823 997 1069 1068 Corydon
1095 994 1404 1050 aulensibus
1432 1000 1601 1056 errat,

402 1093 509 1148 Nec
537 1109 744 1147 memor
767 1089 968 1152 Albini,
1002 1102 1100 1141 nec
1125 1101 1332 1140 memor
1355 1084 1469 1153 ipse
1501 1083 1604 1136 sui.

329 1185 494 1240 Obvia
525 1199 632 1237 non
666 1181 812 1235 misit
837 1177 1072 1232 venienti
1103 1176 1344 1231 carmina
1376 1174 1543 1236 Patri,

403 1272 471 1326 Ut
493 1277 752 1327 canerent
781 1266 925 1322 salve
950 1284 962 1318 ε
992 1275 1046 1318 tu
1076 1273 1278 1327 tamen,
1302 1277 1446 1326 ecce,
1472 1264 1617 1319 vale!

330 1363 586 1418 Rusticus
620 1371 701 1415 est
734 1357 1004 1428 Corydon,
1037 1355 1172 1409 dixit
1199 1355 1301 1409 hoc
1325 1353 1464 1408 forte
1492 1356 1752 1424 propheta

401 1452 655 1524 Virgilius
687 1449 970 1518 quondam,
1001 1445 1236 1499 rusticus
1265 1455 1348 1498 est
1370 1444 1637 1514 Corydon.

330 1547 549 1602 Dixerat
573 1551 653 1598 ast
690 1545 824 1596 alter
852 1538 1044 1592 melius
1077 1537 1171 1592 sed
1204 1536 1344 1591 Naso
1370 1548 1394 1575 δ
1425 1545 1606 1605 poeta,

399 1639 688 1707 Presbyter
711 1641 795 1690 est
821 1629 1092 1701 Corydon,
1119 1628 1189 1682 sit
1214 1628 1299 1682 cui
1321 1643 1533 1697 semper
1561 1629 1690 1683 ave!

977 1739 1250 1796 CCLXIV.

764 1840 793 1879 b
824 1837 901 1890 Αίι
939 1832 1100 1887 alium
1131 1830 1466 1900 discipulum.

1155 1919 1329 1973 Chare
1353 1920 1542 1984 fidelis,

1155 1991 1386 2045 Credule
1413 2002 1558 2052 uate,

1158 2061 1369 2114 Primus
1394 2077 1600 2126 amore,

1158 2132 1334 2199 Atque
1355 2139 1578 2200 paterno

1159 2200 1426 2270 Diseipula
1435 2210 1520 2256 tus

1159 2271 1341 2325 Dulcis
1366 2287 1570 2326 amore.

1159 2341 1345 2411 Tuque
1373 2343 1572 2411 sopbize

1162 2410 1384 2466 Serinea
1411 2410 1591 2478 sacra,

1159 2485 1297 2536 Arca
1329 2482 1473 2544 tizlei,

1158 2553 1224 2606 Et
1255 2551 1380 2605 tuba
1404 2552 1546 2616 vitae,

1157 2621 1340 2675 Przeco
1366 2621 1578 2685 salutis,

1159 2690 1370 2745 Primus
1397 2691 1448 2744 in
1478 2693 1622 2745 aula.

1157 2759 1270 2814 Vox
1306 2769 1394 2814 tua
1418 2762 1558 2830 plebi

1160 2830 1363 2902 Pandat
1388 2831 1599 2902 Olympi

1159 2900 1310 2956 Ostia
1337 2900 1569 2966 summa,

1161 2971 1425 3042 Lucisquc
1451 2973 1726 3042 templum,

1155 3043 1294 3097 Laus
1325 3044 1414 3098 ubi
1439 3044 1656 3098 Christo

1159 3114 1417 3169 Pelsonet
1447 3115 1607 3168 alma.

1160 3183 1290 3254 lloc,
1324 3200 1474 3254 rego,
1505 3199 1724 3239 carmen

1157 3253 1264 3310 Ore
1289 3253 1498 3316 caueto,

1163 3326 1337 3379 Mente
1369 3334 1567 3387 teneto,

1163 3397 1227 3449 Et
1252 3411 1458 3449 memor
1481 3405 1597 3447 esto

1161 3463 1398 3519 Obsecro
1423 3463 1628 3526 Patris;

1164 3535 1357 3602 Sisque
1382 3535 1570 3587 beatus

1165 3602 1390 3672 Semper
1415 3603 1469 3656 in
1494 3618 1688 3656 terum.

1163 3675 1238 3730 Te
1265 3673 1552 3728 comitetur

1159 3746 1345 3800 Gratia
1372 3741 1594 3807 Christi,

1162 3817 1344 3873 Gloria
1371 3813 1518 3873 eteli.

1165 3889 1389 3957 Perpcte
1418 3884 1546 3946 vita,

1163 3960 1270 4014 Pax
1304 3957 1398 4012 tibi
1429 3969 1659 4024 semper.

820 4085 1406 4166 ΕΡΙΤΛΡΗΙΑ.

993 4220 1244 4278 CCLXV.

617 4321 641 4349 ο
679 4310 1017 4382 Epitaphium
1058 4313 1332 4370 Cisleberti
1365 4315 1610 4383 episcopi.

337 4400 436 4455 llic
459 4400 802 4456 Gislcbcrtus
830 4403 1028 4471 prtcsul
1061 4405 1349 4472 requiescit
1375 4405 1646 4457 humatus.

405 4492 614 4561 Corpus
639 4501 782 4548 terra
808 4493 956 4564 tegit,
991 4493 1216 4564 spiritus
1244 4503 1390 4549 astra
1421 4495 1571 4564 petit.

331 1933 483 1987 Nunc
510 1927 742 2000 bipedali

331 2002 583 2058 Carmine
607 2000 791 2054 laudes

332 2071 562 2127 Credule
589 2069 774 2124 dulces

336 2143 405 2196 Mi
435 2142 530 2196 tibi
561 2148 686 2194 nate

333 2213 508 2266 Cbarc
537 2223 808 2264 canemus.

332 2283 493 2337 Certo
523 2279 728 2334 valeto!

334 2353 562 2420 Semper
578 2349 782 2420 ubique

334 2423 418 2476 Sit
439 2419 529 2476 tibi
557 2419 803 2474 Christus

334 2493 444 2546 Pax
474 2493 558 2546 via
590 2490 760 2543 virtus
785 2503 798 2542 :

333 2563 530 2616 Plenus
553 2574 736 2615 amore

337 2632 484 2686 Illius
505 2640 640 2693 esto,

335 2703 476 2757 Ecce
504 2715 808 2770 precamur.

336 2771 412 2825 Te
436 2787 652 2838 quoque
672 2781 884 2838 semper

336 2839 588 2910 Protegat
617 2839 703 2893 ille

337 2910 598 2964 Omnibus
624 2911 792 2970 boris,

335 2981 511 3050 Atque
540 2981 854 3046 momentis;

341 3049 410 3104 Ut
432 3049 534 3104 tibi
566 3051 744 3105 nullus

338 3121 556 3176 taedere
590 3121 779 3191 possit.

337 3191 511 3244 Curva
535 3200 784 3247 senectus

339 3260 495 3331 Certe
519 3263 864 3331 propinquat,

339 3327 827 3400 Signaque'vertex

338 3400 576 3452 Candida
617 3408 899 3463 monstrat,

345 3467 540 3522 Ultima
573 3469 683 3520 fata

343 3535 546 3590 Forsan
573 3537 762 3593 adesse
785 3556 800 3593 :

349 3606 473 3659 I'Isto
495 3617 739 3675 paratus,

342 3675 482 3729 Ecce
503 3692 809 3745 precamur,

340 3746 541 3800 Obvius
567 3747 647 3800 ire

339 3813 731 3884 Omnipotenti,

347 3887 564 3955 l‘ectore
588 3889 847 3955 gaudens.

340 3954 448 4008 I’ax
479 3956 573 4010 tibi
597 3954 837 4026 Semper,

407 4641 432 4668 α
467 4627 610 4682 Edit.
625 4669 638 4691 ,
674 4626 873 4682 Nassa.

410 4699 435 4736 ι»
466 4698 538 4768 bis
559 4698 686 4768 eod.
712 4714 814 4753 ms.
843 4697 1259 4768 Salisburgensi.

407 4780 428 4805 ι’
457 4767 793 4822 Gislebertus
830 4764 1002 4824 abbas
1045 4764 1364 4822 Iil'nonensis
1409 4783 1503 4822 seu
1550 4764 1607 4818 S.
1653 4764 1914 4830 Amandi,

335 4840 510 4893 factus
539 4836 822 4906 episcopus
861 4839 1220 4894 Tornacensis
1249 4847 1304 4892 et
1339 4836 1744 4901 Noviomensis,
1777 4837 1917 4906 regi-

336 4925 456 4962 nten
480 4923 694 4978 quoque
717 4907 922 4976 praelati
946 4909 1260 4964 monasterii
1283 4907 1448 4978 (quod
1475 4917 1587 4962 tum
1601 4921 1727 4961 vere
1749 4907 1914 4960 abba-

333 4981 476 5032 tibus
523 4979 589 5032 azl
633 4979 1000 5046 episcopatum
1042 4977 1334 5046 assumptis
1377 4979 1430 5033 in
1477 4994 1626 5033 more
1668 4977 1906 5046 positum

330 5049 470 5122 erat)
493 5048 782 5122 retinuisse
802 5049 1032 5122 videtur,
1071 5056 1128 5102 ut
1149 5057 1307 5103 notat
1326 5048 1681 5122 _lt_lab_illonius
1714 5057 1843 5122 tom.
1863 5048 1909 5122 _ll

331 5117 527 5174 Annal.
563 5117 762 5173 Bened.
801 5119 924 5173 libr.
974 5134 1096 5180 xxv,
1135 5135 1284 5172 num.
1326 5119 1414 5172 51.
1441 5117 1584 5174 Obiit
1615 5135 1757 5173 anno
1782 5117 1909 5181 782,

331 5207 362 5243 ι
389 5189 504 5243 Kal.
529 5186 675 5259 Junii
702 5189 943 5259 sepultus
972 5189 1026 5243 in
1051 5187 1278 5242 ecclesia
1298 5188 1355 5242 ὃ.
1377 5187 1518 5244 Petri
1549 5189 1613 5244 ad
1634 5189 1909 5259 dexteram

331 5257 651 5384 presbverii
701 5257 927 5327 partem.
972 5259 1242 5322 Doeuusr.
1293 5259 1492 5328 Script.
1544 5259 1670 5315 Rer.
1711 5258 1908 5312 Franc.

331 5337 468 5384 tum.
551 5371 564 5384 .
596 5344 716 5384 υιια.
743 5327 868 5384 ΗΟ.

331 5337 468 5384 tum.
502 5337 564 5392 V,
596 5344 716 5392 pag.
743 5337 868 5384 MU.

401 5344 726 5453 irini-£35;
743 5344 928 5455 *alli’boas
965 5398 1024 5454 S.
1065 5398 1303 5468 Dionysii
1331 5414 1496 5468 prope
1518 5398 1756 5453 Parisios
1776 5398 1910 5454 obiit

329 5486 474 5522 anno
498 5469 619 5526 784.
654 5469 780 5540 Ejus
813 5486 1009 5540 corpus
1041 5469 1307 5540 sepultum
1345 5469 1502 5540 estin
1531 5469 1756 5540 ecclesia
1788 5469 1895 5522 Dio-

331 5540 588 5609 nysiana;
636 5539 830 5596 deinde
883 5538 1203 5594 translatum
1232 5539 1306 5609 riu
1355 5539 1548 5593 cellam
1602 5538 1900 5593 Lebrabcu-

331 5608 469 5669 sem,
493 5610 766 5728 proﬁcere
813 5611 1085 5672 Bonnam.
1124 5608 1320 5679 Script.
1352 5609 1479 5664 Iter.
1511 5609 1649 5664 Call.
1683 5620 1813 5664 tezn.
1846 5611 1907 5672 γ,

333 5693 456 5728 nan.
603 5715 616 5727 .

333 5694 778 5810 ‘.J%';ttls‘;hr7ur.
808 5746 1146 5804 \Iabillunlus
1169 5752 1300 5800 tom.
1326 5745 1368 5801 II
1393 5748 1612 5816 Annal,
1638 5749 1756 5805 libr.
1779 5766 1906 5814 nr,

1148 329 1210 384 Β.
1251 327 1312 384 F.
1355 325 1582 382 ALBINI
1617 323 1749 380 SEU
1790 321 2065 410 ALCUINI
2103 318 2386 397 OPERUM
2425 318 2604 375 PARS
2646 316 2730 373 VI.

3476 313 3609 369 800'

1927 447 1971 500 Α
2006 437 2098 493 Vir
2121 437 2319 505 pietate
2339 443 2530 505 potens
2552 475 2565 499 ,
2591 432 2916 501 humilisque
2935 472 2949 497 ,
2977 430 3272 500 modestus,
3298 433 3596 492 honestus.

2072 529 2307 582 Devotus
2335 527 2562 580 nimium
2595 533 2796 594 pastor,
2825 525 3031 580 honore
3054 523 3170 579 Dei.

2001 617 2098 671 llic
2127 616 2247 685 pius
2275 614 2558 670 ecclesiam
2588 615 2758 670 sancti
2788 615 3090 669 construxit
3112 614 3366 680 Amandi,

2069 705 2380 773 Cunctaque
2402 703 2515 773 jam
2548 719 2814 758 renovans
2837 705 3074 760 claustra
3102 705 3438 761 monasterii.

2658 816 2880 872 CCLXV
2891 817 2927 872 I.

2324 932 2349 972 ιι
2383 932 2723 1003 Epitaphium
2751 930 3017 987 Fuldradi
3045 935 3271 990 abbatis.

2004 1023 2294 1096 Presbyter
2317 1024 2562 1096 egregius
2584 1024 2758 1089 valde,
2787 1034 2844 1079 et
2865 1026 3191 1082 venerabilis
3215 1029 3376 1093 abba,
3399 1053 3402 1056 η

2077 1117 2341 1173 Strenuus
2363 1126 2509 1182 actu,
2532 1131 2714 1185 opere,
2747 1124 2990 1185 pectore,
3023 1126 3203 1172 mente
3231 1120 3372 1188 pius.

2006 1213 2244 1281 Corpore
2273 1212 2536 1267 Fulradus
2563 1211 2769 1266 tumulo
2799 1212 3090 1280 requiescit
3116 1212 3168 1266 in
3201 1212 3325 1277 isto,

2079 1304 2249 1359 Notus
2279 1305 2333 1358 in
2359 1305 2491 1360 orbe
2515 1303 2727 1373 procul,
2757 1313 2943 1358 noster
2963 1304 3017 1358 in
3048 1306 3182 1359 orbe
3203 1303 3380 1360 Pater.

2007 1398 2244 1467 lnclytus
2268 1398 2369 1451 iste
2393 1411 2562 1451 sacra:
2591 1394 2767 1449 fuerat
2790 1403 3082 1464 pastorque
3106 1407 3130 1434 ο
3156 1395 3392 1464 capellae,

2080 1490 2178 1545 llic
2200 1491 2364 1545 decus
2387 1488 2660 1551 Ecclesiae,
2688 1494 2968 1558 promptus
2996 1489 3050 1541 in
3078 1503 3238 1542 omne
3265 1486 3494 1542 bonum.

2009 1582 2172 1654 236
2206 1582 2328 1637 llaec
2353 1581 2543 1636 domus
2571 1580 2713 1635 alma
2745 1578 2840 1634 Dei
2868 1594 3064 1650 magno
3091 1587 3176 1635 est
3205 1587 3465 1696 renovata
3497 1579 3606 1634 de-

3440 1664 3601 1696 mro-

3440 1664 3602 1717 core,

2091 1747 2158 1802 Ut
2181 1741 2384 1805 cernis,
2402 1740 2591 1804 lector,
2624 1746 2865 1810 tempore
2890 1739 3085 1808 quippe
3113 1755 3231 1794 suo.

1942 1819 1984 1879 Β
2012 1836 2114 1891 Iste
2143 1837 2258 1904 pios
2287 1835 2478 1890 Patres
2505 1849 2699 1905 magno
2728 1834 2912 1889 dilexit
2939 1849 3145 1902 amore,

2081 1927 2356 1996 Reliquias
2378 1941 2608 1996 quorum
2640 1926 2757 1981 haec
2781 1926 2971 1980 domus
2998 1925 3137 1980 alma
3167 1934 3335 1983 tenet.

2009 2016 2290 2072 Credimus
2321 2015 2526 2070 idcirco
2550 2014 2689 2071 caelo
2716 2016 2953 2070 societur
2975 2023 3035 2070 ut
3061 2015 3190 2080 illis,

2079 2107 2134 2161 In
2161 2107 2322 2162 terris
2346 2107 2601 2177 quoniam
2626 2122 2838 2176 semper
2861 2108 3062 2164 amavit
3085 2124 3197 2166 eos.

2644 2218 2934 2273 CCLXVH.

2335 2305 2675 2380 Epitaphium
2709 2309 2998 2380 Maginarii
3026 2311 3248 2365 abbatis.

2010 2401 2104 2455 Ilie
2131 2399 2202 2455 sit
2227 2403 2326 2456 sub
2357 2403 2577 2472 pedibus
2605 2401 3042 2473 tibi,.‘Maginare,
3070 2405 3313 2475 magistri
3344 2405 3363 2444 ί

2077 2493 2196 2549 Jam
2223 2511 2378 2550 sacra
2402 2497 2688 2550 mundanis
2717 2498 3056 2567 temporibus
3083 2499 3315 2570 requies.

2008 2585 2083 2640 Te
2109 2586 2227 2654 pius
2249 2585 2336 2640 ille
2361 2585 2523 2640 Pater
2549 2588 2752 2642 teneris
2781 2589 3010 2642 nutrivit
3040 2590 3108 2644 ab
3133 2591 3312 2656 annis,

2079 2677 2158 2732 Tu
2183 2693 2397 2748 quoque
2423 2693 2707 2733 successor
2733 2678 2850 2749 ejus
2877 2680 3101 2734 honoris
3127 2695 3273 2734 eras.

2010 2767 2142 2833 IIoc,
2169 2768 2300 2821 heu!
2337 2783 2433 2836 per
2465 2783 2690 2837 parvum
2723 2768 2912 2823 resisti
2943 2777 3154 2839 tempus
3182 2770 3341 2833 ovile,

2077 2857 2326 2912 Floribus
2355 2859 2406 2912 in
2440 2859 2629 2913 mediis
2653 2873 2801 2914 mors
2831 2859 2968 2912 mala
2994 2867 3045 2914 te
3065 2859 3282 2914 tulerat.

2009 2946 2112 3002 Sed
2144 2960 2304 3017 quem
2334 2946 2586 3002 Christus
2613 2957 2776 3013 amat,
2807 2949 2881 3002 illi
2908 2964 3053 3003 mors
3079 2949 3223 3004 nulla
3251 2950 3460 3006 nocebit
3483 2969 3499 3018 ;

2080 3038 2210 3094 Post
2239 3047 2467 3094 mortem
2498 3039 2688 3094 melius
2714 3040 2845 3094 vivit
2874 3041 2926 3094 in
2953 3056 3080 3096 arce
3105 3041 3233 3110 poli.

1957 3175 1979 3194 ,
2015 3129 2251 3184 Moribus
2274 3130 2326 3183 in
2357 3130 2470 3184 suis
2496 3133 2521 3171 ε
2545 3139 2874 3200 quapropter
2904 3131 3070 3186 vivite
3097 3129 3331 3198 Christo,

2084 3221 2184 3286 Qui
2223 3221 2400 3289 legere
2427 3223 2457 3261 ιι
2488 3221 2652 3276 vultis
2679 3221 2919 3276 carmina
2948 3230 3155 3284 nostra,
3183 3237 3394 3292 precor.

2012 3317 2251 3371 Obsecro
2278 3330 2469 3383 meque
2491 3315 2595 3384 piis
2623 3317 2873 3385 precibus
2893 3317 3254 3372 commentlitc
3272 3317 3514 3384 Christo,

2085 3406 2156 3461 Ut
2179 3420 2393 3460 merear
2417 3404 2562 3461 cives
2581 3404 2744 3477 [Loco
2773 3405 2930 3478 civis]
2963 3407 3114 3462 urbis
3137 3406 3326 3464 adesse
3353 3408 3468 3463 Dei.

2648 3511 2962 3568 CCLXVIII.

2093 3607 2105 3645 ί
2143 3603 2480 3674 Epitaphium
2503 3603 2662 3658 Pauli
2684 3603 2926 3656 monachi
2947 3601 3008 3658 S.
3033 3601 3255 3658 Martini
3278 3603 3524 3660 Turonis.

2015 3697 2094 3750 Tu
2120 3697 2428 3766 quicunque
2451 3695 2602 3764 cupis
2627 3695 2842 3764 requies
2873 3709 3202 3764 cognoscere
3239 3694 3467 3751 fratrum
3484 3739 3497 3760 ,

2086 3787 2151 3840 Et
2181 3785 2322 3852 loca,
2355 3802 2460 3855 quo
2496 3786 2723 3854 quisque
2753 3793 2960 3854 spectat
2988 3785 3055 3839 ab
3083 3801 3210 3840 arce
3235 3787 3402 3841 Deum
3430 3805 3442 3840 :

2017 3877 2239 3937 Nomina
2267 3892 2425 3932 curre
2462 3877 2642 3946 legens
2668 3874 2983 3946 lacrymosis
3005 3877 3201 3945 scripta
3225 3877 3492 3942 camenis,

2085 3966 2451 4036 Perlectisque
2479 3965 2634 4020 simul
2657 3963 2819 4019 funde
2848 3981 3035 4036 preces
3063 3967 3309 4020 Domino.

2019 4057 2088 4113 Ut
2117 4057 2235 4126 pius
2266 4057 2605 4126 omnipotens
2633 4055 2842 4110 animas
2868 4056 3118 4112 defendat
3148 4059 3214 4111 ab
3245 4059 3419 4125 hoste,

2087 4148 2318 4204 Felicem
2346 4148 2592 4202 tribuens
2621 4146 2770 4215 pacis
2798 4146 2851 4200 in
2875 4162 2999 4202 arce
3019 4148 3182 4203 diem.

2016 4240 2082 4295 Et
2111 4254 2232 4294 cum
2267 4239 2549 4308 pervenies
2587 4236 2655 4290 ad
2688 4236 2802 4291 btec
2833 4252 2950 4290 mea
2980 4237 3241 4296 carmina.
3287 4255 3491 4309 quteso,

2087 4330 2183 4385 Dic
2205 4329 2431 4400 supplex
2459 4347 2470 4382 :
2502 4328 2668 4383 Paulo
2683 4325 2798 4396 jam
2824 4328 3084 4382 miserere
3109 4327 3278 4384 Deus!

2017 4422 2085 4477 Et
2107 4421 2351 4486 Martiae,
2383 4421 2546 4475 decus
2566 4419 2770 4483 mundi,
2799 4419 2959 4474 Pater
2979 4419 3182 4488 optime
3201 4429 3408 4486 noster,

1946 4523 1992 4580 υ
2085 4514 2361 4571 Auxiliare
2388 4512 2514 4583 piis,
2542 4521 2593 4567 te
2616 4527 2833 4582 precor,
2860 4521 2914 4566 et
2938 4513 3210 4582 precibus.

2021 4648 2170 4686 num.
2199 4629 2268 4684 45
2292 4671 2306 4693 ,
2333 4628 2463 4699 legit
2485 4637 2791 4699 pastosque,
2823 4635 2878 4699 et
2916 4626 3139 4699 melius;
3169 4642 3299 4699 nam
3327 4627 3602 4699 Fulrazlus

2018 4703 2119 4758 fuit
2149 4696 2458 4770 capellanus
2482 4697 2690 4767 Pippini
2721 4698 2864 4770 regis
2898 4704 2952 4750 et
2997 4696 3227 4751 filiorum
3255 4697 3394 4766 ejus.
3434 4698 3597 4754 Plura

2019 4769 2300 4851 decedent
2331 4770 2447 4851 lege
2453 4769 2605 4851 gpud
2632 4769 2899 4851 eumdem:

2096 4843 2116 4882 ί
2151 4836 2415 4912 Magistri.
2453 4836 2769 4912 Sensus_es_t
2801 4836 2947 4912 :_Ilic
2976 4837 3109 4901 tibi,
3135 4837 3454 4912 Magipare,
3497 4841 3599 4894 sub

2018 4906 2350 4983 pedibus'tui
2381 4908 2626 4983 magistri
2654 4906 2968 4983 Enlradi_sit
2995 4906 3599 4983 requiesfhlagiuarius

2019 4977 2272 5038 nimirum
2294 4977 2510 5035 Futradi
2539 4978 2640 5032 fuit
2667 4977 2985 5047 discipulus,
3015 4987 3199 5047 postea
3220 4977 3396 5033 eidem
3428 4981 3480 5033 in
3511 4997 3600 5034 rc-

2015 5054 2214 5120 gimine
2262 5049 2578 5106 monasterii
2623 5047 3134 5116 Sanct-Dionysiani
3187 5050 3490 5109 sulfectus;
3544 5059 3600 5104 et

2016 5133 2135 5193 post
2173 5125 2334 5178 breve
2371 5129 2581 5193 tempus
2615 5128 2740 5193 octo
2781 5133 3046 5193 annorum
3078 5135 3220 5193 anno
3259 5121 3363 5175 795
3398 5137 3430 5174 e
3460 5121 3599 5174 vivis

2015 5188 2256 5248 sublatus
2277 5193 2377 5247 sub
2397 5188 2622 5260 pedibus
2645 5189 2728 5244 sui
2759 5188 3015 5260 magistri,
3031 5189 3270 5260 requiem
3295 5207 3390 5245 seu
3417 5201 3599 5244 tumu-

2017 5265 2123 5318 lum
2152 5264 2379 5332 adeptus
2400 5259 2507 5316 est.
2542 5260 2779 5332 _MABH.I..
2823 5266 2955 5314 tom.
3000 5259 3046 5316 ll
3087 5259 3284 5316 Annal.
3312 5261 3436 5316 libr.
3467 5276 3599 5325 xxv,

2018 5351 2167 5398 num.
2195 5330 2287 5398 43,
2316 5347 2434 5402 pag.
2460 5330 2586 5386 270.

2088 5409 2112 5446 ε
2145 5403 2298 5474 Leg.,
2326 5403 2380 5474 in
2406 5402 2622 5474 sanctis.

2087 5476 2114 5515 Ιι
2141 5473 2241 5528 Ms.
2271 5473 2419 5534 add.,
2445 5473 2575 5525 ha‘c.

2091 5548 2101 5584 ί
2146 5544 2345 5599 Mabill.
2385 5542 2577 5597 Annal.
2611 5543 2730 5597 libr.
2766 5559 2913 5614 srvi,
2941 5559 3062 5614 pag.
3089 5542 3223 5614 52!.
3249 5537 3592 5614 Epitaphium

2017 5618 2114 5667 hoe
2151 5615 2304 5670 valde
2333 5613 2646 5668 scabrosum
2693 5612 2952 5682 appellat.
2973 5614 3047 5667 De
3075 5615 3177 5667 hoc
3208 5613 3373 5667 Paulo
3404 5627 3586 5665 mena.

2015 5688 2114 5742 rho
2141 5695 2336 5756 praeter
2367 5701 2451 5750 ea,
2486 5701 2605 5755 qtue
2632 5684 2719 5740 hic
2750 5692 3062 5752 narrantur,
3086 5685 3221 5742 nihil
3247 5682 3501 5738 innotuit.
