3906 6190
253 264 352 323 80!
1186 274 1189 275 '
1281 262 1622 322 CARMINA.
1663 294 1732 305 -—-
1768 259 2275 321 EPlGRAMMATA
2304 302 2321 327 ,
2358 259 2512 317 ETC.
2696 277 2707 287 '
3420 263 3532 321 89$

252 373 422 446 Cujus
440 387 594 429 eram
618 373 777 429 vivus
802 386 1020 444 senper
1042 372 1269 431 devotus
1290 390 1499 439 amore,

318 472 487 542 Inque
511 468 625 524 Deo
649 468 868 524 Christo
894 482 1025 538 spes
1056 466 1188 523 mihi
1217 483 1373 525 sacra
1396 467 1519 524 fuit.

251 564 448 621 Paulus
476 572 627 619 eram
658 561 838 617 dictus
864 560 1084 617 Martini
1110 558 1346 616 famulus
1371 572 1397 601 ι
1427 560 1580 637 almi,

320 652 644 711 Trauscursi
672 651 943 708 modicum
969 660 1182 722 tempus
1210 650 1269 707 in
1292 652 1426 706 orbe
1455 666 1656 705 meum.

242 745 333 801 Me
359 744 596 816 primum
624 741 749 796 felix
777 742 1086 815 Burgundia
1106 742 1302 799 matris
1331 743 1387 798 in
1416 742 1539 798 alvo

319 837 545 893 Viderat
570 832 822 899 eii‘usum,
853 842 908 888 et
935 833 1153 890 ﬂetibus
1181 834 1467 907 irriguum.

250 929 369 990 Eos
396 926 663 982 Martinus
687 940 844 981 amor
871 925 1054 996 rapuit
1081 940 1169 982 me
1193 925 1429 996 inclytus
1455 932 1647 981 auctor

317 1020 452 1077 Post
475 1029 693 1077 teneros
718 1034 891 1075 annos
917 1019 972 1073 in
1004 1018 1270 1074 famulum
1300 1019 1537 1075 sibimet.

247 1112 461 1182 Perque
485 1125 614 1166 suos
632 1125 822 1165 servos
842 1110 1199 1174 venerandos,
1227 1117 1390 1180 atque
1417 1109 1731 1180 magistros,
1780 1102 1783 1103 ⁷

318 1202 621 1273 Scripturis
644 1208 848 1259 memet
874 1200 1070 1256 imbuit
1090 1210 1254 1271 atque
1278 1201 1481 1271 sacris.

247 1293 518 1365 Septenas
541 1293 655 1349 vixi
688 1290 923 1348 decadas
946 1307 1118 1348 novus
1141 1292 1342 1363 hospes
1369 1293 1423 1349 in
1448 1293 1604 1358 orbe,

319 1383 588 1438 Fraterno
606 1379 831 1451 junctus
856 1396 1073 1453 semper
1101 1397 1288 1437 amore
1312 1381 1413 1437 fui.

247 1471 586 1545 Languidus,
614 1479 851 1542 tngrotus
878 1470 1151 1527 solvebam
1180 1472 1360 1528 debita
1387 1472 1575 1534 donec,

325 1561 504 1633 Atque
534 1569 684 1616 artus
709 1560 890 1616 anima
913 1561 1145 1632 liquerat
1171 1561 1286 1632 ipsa
1311 1577 1459 1619 suos.

245 1651 530 1707 Frateruis
560 1651 766 1706 fuerant
794 1652 1045 1706 manibus
1068 1668 1193 1707 mox
1217 1652 1476 1708 conditus
1499 1652 1622 1717 ista,

328 1743 428 1797 llic
453 1742 585 1797 mihi
612 1750 870 1811 perpetua
894 1748 977 1796 est
1001 1743 1195 1798 domus
1217 1750 1273 1798 et
1297 1743 1545 1813 requies;

244 1837 609 1909 Omnipotens
634 1837 844 1891 animas
864 1834 1056 1905 jubeat
1082 1851 1328 1893 remeare
1349 1852 1630 1909 quousque

322 1929 410 1985 Ad
432 1928 640 1985 cineres
665 1928 883 1994 iterum,
914 1936 1043 1983 tunc
1067 1942 1163 1983 ero
1187 1927 1388 1982 Paulus
1415 1943 1536 1999 ego.

240 2019 406 2075 Nunc
431 2018 628 2075 fratres
660 2018 897 2074 animam
923 2019 1177 2088 precibus
1209 2018 1569 2074 commeudite
1599 2017 1840 2086 Christo,

321 2112 541 2184 Vosque
566 2110 740 2168 valete
766 2111 871 2167 mei
901 2125 1117 2182 semper
1147 2109 1348 2183 ubique
1372 2111 1504 2167 Deo.

903 2203 1180 2261 CCLXIX.

708 2294 1050 2368 Epitaphium
1080 2298 1383 2368 cujusdam.

242 2386 364 2446 Hoc
388 2402 522 2460 rogo
544 2386 841 2459 pauxillum
864 2386 1090 2443 veniens
1112 2387 1367 2453 subsiste,
1396 2385 1570 2442 viator

320 2481 388 2536 Et
416 2496 537 2536 mea
566 2488 812 2537 scrutare
848 2486 1067 2551 pectore
1089 2480 1235 2537 dicta
1261 2488 1373 2535 tuo.

244 2573 325 2631 Ut
352 2582 445 2629 tua
470 2573 645 2645 deque
675 2573 813 2627 meis
842 2587 1141 2643 cognoscas
1170 2572 1281 2628 lata
1309 2572 1528 2645 ﬁguris;

322 2663 566 2721 Vertitur
591 2667 653 2720 o!
680 2665 893 2735 species
919 2674 981 2719 ut
1009 2680 1128 2719 mea
1155 2664 1341 2735 sicque
1371 2673 1481 2719 tua.
1603 2726 1610 2732 ,

244 2756 406 2812 Nunc
432 2755 577 2826 quod
600 2772 681 2823 es,
709 2755 940 2821 fueram,
972 2754 1212 2810 famosus
1239 2755 1294 2809 iu
1325 2755 1457 2811 orbe
1485 2755 1680 2821 viator,

323 2846 393 2901 Et
422 2847 563 2917 quod
596 2863 738 2903 nunc
763 2863 863 2920 ego
888 2862 1032 2914 sum,
1059 2854 1225 2917 tuque
1251 2846 1466 2901 futurus
1495 2846 1624 2902 eris.

244 2940 488 2996 Delicias
506 2932 690 2996 mundi
720 2953 874 2995 casso
896 2940 1167 3009 sequebar
1192 2952 1400 3001 amore,

323 3029 478 3086 Nunc
504 3030 641 3086 ciuis
665 3040 720 3086 et
745 3029 945 3103 pulvis,
985 3029 1259 3085 vermibus
1284 3035 1448 3098 atque
1475 3028 1648 3084 cibus.

237 3124 590 3193 Quapropter
612 3122 791 3193 potius
819 3122 1053 3177 animam
1082 3135 1276 3176 curare
1300 3128 1572 3176 memento

319 3213 493 3282 Quam
520 3214 762 3280 carnem,
793 3212 1049 3286 quoniam
1076 3211 1194 3267 haec
1220 3220 1421 3278 manet,
1450 3210 1540 3267 illa
1576 3196 1737 3282 perit.

238 3306 356 3362 Cur
378 3305 478 3361 tibi
500 3321 626 3360 rura
654 3319 837 3375 paras,
874 3318 1037 3374 quem
1073 3316 1243 3373 parvo
1273 3303 1453 3358 cernis
1480 3301 1537 3357 in
1573 3308 1733 3357 antro

316 3396 407 3451 He
429 3396 687 3466 sopitum,
718 3394 936 3464 requies
964 3395 1045 3449 sic
1072 3401 1165 3448 tua
1202 3408 1371 3464 parva
1409 3392 1521 3449 lict.
1726 3378 1732 3383 ’

241 3490 358 3547 Cur
384 3488 550 3560 Tyrio
575 3504 775 3560 corpus
810 3487 948 3543 liuas
975 3487 1004 3528 ιι
1028 3487 1281 3542 vestirier
1307 3493 1479 3554 ostro,

314 3579 479 3649 Quod
509 3595 635 3636 mox
660 3579 908 3636 esuriens
930 3576 1154 3650 pulvere
1184 3576 1385 3632 vermis
1416 3577 1540 3633 alet.

241 3674 464 3744 Aspice,
491 3673 583 3744 qui
612 3673 887 3744 quondam
912 3670 1141 3743 gemmis
1179 3668 1418 3742 fulgebat
1445 3678 1502 3726 et
1539 3685 1696 3737 auro,

315 3765 424 3819 I‘Iic
438 3762 584 3833 jacet
611 3765 666 3818 in
692 3762 899 3818 tumulo
923 3768 1166 3817 stercore
1192 3758 1486 3816 sordidior.

242 3857 320 3916 Ut
344 3857 510 3913 ﬂores
536 3864 783 3927 pereunt,
808 3863 971 3910 vento
1002 3852 1253 3908 veniente
1280 3851 1502 3915 minaci,

314 3948 415 4005 Sic
446 3956 539 4002 tua
566 3962 802 4018 namque
825 3959 954 4002 caro
978 3943 1148 4017 gloria
1177 3950 1288 3998 tota
1320 3939 1426 3997 fuit
1452 3951 1500 3995 ε.

238 4041 286 4098 Τ
290 4059 325 4097 u
356 4041 490 4095 mihi
512 4041 674 4097 redde
699 4040 872 4094 vicem
903 4036 1092 4101 lector,
1121 4050 1275 4108 rogo,
1301 4032 1562 4090 carminis
1587 4032 1770 4104 hujus,

313 4134 391 4189 Et
415 4134 503 4191 dic
529 4152 543 4189 :
574 4135 639 4190 da
666 4132 902 4197 veniam,
936 4128 1182 4187 Christe!
1218 4137 1309 4184 tuo
1339 4127 1562 4184 misero.

925 4243 1178 4302 CCLXX.

484 4335 511 4376 τι
544 4336 619 4391 De
644 4336 820 4407 mgni
848 4332 1115 4406 quandam
1143 4331 1321 4387 meriti
1345 4329 1608 4403 episcopo.

236 4427 462 4485 Nobilis
491 4427 591 4482 iste
614 4424 716 4482 fuit
743 4439 937 4497 magna
963 4423 1029 4479 de
1057 4430 1215 4494 gente
1238 4420 1514 4486 sacerdos,

318 4518 435 4575 Sed
464 4518 671 4590 magnis
697 4516 869 4572 multo
899 4512 1133 4571 nobilior
1159 4512 1391 4570 meritis.

238 4614 347 4671 Vir
374 4609 479 4666 fuit
504 4610 558 4664 in
584 4608 780 4681 populo
803 4608 981 4663 dictus
1004 4604 1423 4676 cognominem.
1451 4615 1475 4643 ο

242 4704 498 4761 Moribus
524 4702 837 4774 egregius...
868 4699 887 4738 ί
914 4698 1260 4770 peramabilis
1291 4699 1459 4753 omni.

245 4800 355 4854 Vir
381 4796 485 4853 fuit
513 4797 615 4851 iste
637 4795 731 4850 Dei
756 4795 985 4865 patiens,
1015 4793 1350 4857 moderatus,
1382 4792 1665 4857 honestus,

244 4887 499 4943 Moribus
524 4886 772 4959 egregius
796 4892 853 4939 et
873 4884 926 4938 iu
946 4881 1094 4938 omni
1124 4889 1382 4938 strenuus
1402 4889 1556 4946 actu;

243 4979 435 5035 Corde
463 4978 602 5049 pius,
633 4975 872 5037 humilis,
906 4973 1070 5037 mitis,
1102 4969 1415 5044 rigidusque
1439 4970 1693 5039 superbo,

327 5103 359 5133 ι
389 5090 532 5161 Edit.
544 5129 560 5156 ,
583 5087 881 5161 frimbibas.

331 5162 365 5203 ιι
398 5161 585 5227 Forte,
622 5161 789 5215 sinas.

328 5243 359 5303 τὲ
389 5232 574 5303 Forte.
607 5230 760 5303 taeit-

331 5293 690 5373 ‘iComp'ai-a'
718 5302 821 5355 hoc
864 5311 1267 5373 carni_et_1___eum
1309 5309 1465 5373 capp.
1511 5294 1581 5352 2i
1611 5335 1628 5358 ,
1662 5293 1862 5373 ,ὃὸ-ἓ

243 5374 331 5431 54
359 5372 497 5428 Vitae
808 5370 981 5427 sancti
1010 5366 1349 5423 Willibrordi
1380 5364 1558 5435 supra
1593 5365 1700 5421 col.
1750 5364 1854 5419 720

245 5453 316 5501 ct
338 5444 467 5508 722,
489 5459 559 5499 ex
583 5444 781 5513 quibus
808 5438 1574 5513 hoeeeAconsarcinatumrst.

339 5526 367 5585 ἐ
397 5515 521 5579 ως»,
544 5510 849 5585 cognomine
868 5510 1161 5585 Wilbrord.

336 5584 363 5626 ί
391 5585 519 5650 Ms.,
548 5580 721 5656 egregi
761 5600 786 5637 ε
810 5580 1026 5653 populo.

341 5657 372 5699 ⁸
408 5655 588 5722 Edit.,
613 5655 770 5709 ludus
802 5662 1073 5707 remetum.

336 5727 372 5767 ι
413 5727 637 5792 Malum,
670 5731 975 5795 peceatum.

1798 452 1801 455 Α
1862 380 1913 438 Α
1944 374 2160 433 Solator
2186 377 2420 440 miseris,
2451 385 2509 432 et
2534 374 2689 446 inops
2710 373 2836 442 sibi,
2858 374 3012 432 dives
3037 376 3264 448 egenis:

1940 468 2042 537 Qui
2073 476 2360 540 postquam
2384 470 2527 533 vitm,
2550 468 2765 525 meritis
2791 467 3085 537 perfectus,
3111 470 3167 524 in
3198 469 3359 527 anuis

1941 560 2032 616 Bis
2069 570 2264 617 octona
2300 559 2447 618 scius
2476 559 2767 630 complevit
2793 558 2969 616 lustra
2997 561 3275 627 sacerdos,

1940 651 2050 707 Ter
2072 660 2343 723 quater-et
2367 666 2606 718 menses,
2630 650 2833 708 mensis
2855 649 3188 724 jamjamque
3209 652 3533 713 Novembris

1939 741 2122 797 Idibus
2142 742 2354 800 octonis
2379 742 2502 799 (ιωιὶ
2535 742 2791 813 migravit
2811 743 2880 797 ad
2909 743 3110 808 aulam,

1940 834 2183 891 Cmtibus
2204 837 2465 908 angelicis
2480 834 2722 904 junctus,
2746 835 3060 892 cmlestibus
3085 836 3302 908 hymnis

1937 923 2267 981 Collaudaus
2295 925 2598 991 Christum,
2627 940 2844 995 semper
2881 927 2999 981 siue
3028 925 3138 984 line
3173 928 3385 983 beatus.

1939 1015 2044 1084 Qui
2068 1017 2276 1072 meritis
2305 1033 2533 1089 magnus
2555 1019 2839 1075 crescebat
2862 1019 3303 1091 honoriﬁcusque

1940 1106 2049 1163 iste
2076 1117 2195 1163 erat
2222 1108 2457 1164 eximius
2476 1109 2685 1174 doctor,
2710 1110 3019 1180 praesulque
3039 1111 3317 1181 preclarus

2015 1198 2410 1270 Splendesceus
2434 1207 2623 1256 nostro
2647 1199 2833 1273 lucifer
2860 1214 2957 1256 ore
2979 1217 3171 1256 novus.

1942 1290 2011 1346 Et
2039 1306 2176 1362 quos
2210 1307 2352 1347 eatea
2382 1291 2534 1361 prius
2568 1291 2792 1363 p0pulos
2818 1291 2991 1362 caligo
3028 1290 3266 1355 tenebat,

2014 1381 2244 1437 Irradiat
2266 1383 2466 1438 summi
2494 1382 2612 1437 luce
2640 1383 2749 1452 poli
2779 1397 2995 1453 supera.

1942 1470 2039 1524 Vir
2060 1469 2163 1525 fuit
2184 1471 2287 1539 iste
2316 1470 2413 1526 Dei
2438 1471 2670 1540 patiens,
2701 1472 3031 1535 moderatus,
3059 1472 3339 1537 honestus,

2019 1560 2257 1615 Moribus
2287 1561 2560 1632 egregius,
2581 1562 2751 1627 mitis,
2778 1569 2834 1616 et
2857 1576 2951 1616 ore
2977 1563 3118 1633 pius.

1942 1649 2181 1705 Plurima
2210 1650 2300 1720 qui
2328 1658 2616 1721 postquam
2650 1650 2894 1721 perfecto
2924 1653 3063 1709 dona
3099 1653 3282 1710 la‘..ore

1871 1738 1923 1797 Β
2015 1743 2369 1808 Commeruit,
2402 1742 2623 1799 Christo
2655 1742 2993 1813 perﬁciente,
3022 1745 3148 1807 sibi,

1944 1834 2068 1891 Mox
2088 1834 2317 1901 meritis,
2341 1834 2520 1901 annis,
2546 1840 2657 1889 tota
2680 1842 2736 1889 et
2765 1835 2969 1904 pietate
3006 1834 3261 1905 repletus,

2013 1925 2326 1998 Tranquillo
2359 1926 2588 1982 multum
2622 1927 2675 1982 in
2712 1942 2847 1997 pace
2883 1928 3090 1998 quievit
3123 1944 3313 1984 ovans.

1943 2018 2182 2090 Spiritus
2214 2021 2497 2076 aetheriam
2530 2020 2685 2077 hctus
2713 2020 2964 2091 migravit
2995 2022 3061 2075 ad
3088 2022 3294 2088 aulam,

2007 2109 2217 2166 Gaudia
2240 2125 2366 2165 cum
2393 2112 2597 2166 sanctis
2614 2110 2727 2180 jam
2755 2113 2871 2167 sine
2895 2110 3001 2167 line
3030 2119 3245 2168 tenens.

1947 2216 2687 2296 EPIGRAMMATA
2749 2219 2877 2295 ET
2934 2217 3523 2299 jENIGMATA.

2504 2331 2666 2402 237
2690 2329 2960 2386 CCLXXI.

2364 2420 2519 2476 Vates
2549 2422 2716 2477 vivens
2743 2431 2855 2491 post
2886 2435 3127 2477 mortem.

1942 2514 2133 2570 Vivere
2161 2522 2283 2584 post
2311 2522 2541 2567 mortem
2567 2520 2718 2567 vates
2741 2512 2822 2566 vis
2851 2527 3012 2568 nosse
3039 2513 3248 2568 viator?

2013 2602 2169 2670 Quod
2196 2603 2332 2675 legis
2358 2617 2487 2659 ecce
2514 2602 2729 2671 loquor,
2756 2619 2861 2657 vox
2892 2612 2981 2658 tua
3012 2617 3202 2675 nempe
3234 2619 3353 2659 mea
3380 2613 3484 2659 est.

2593 2691 2893 2748 CCLXXII.

2394 2763 2656 2819 Balneum
2687 2781 2838 2835 aqua:
2867 2762 3078 2820 calida’.

1944 2855 2129 2913 Nudus
2152 2864 2274 2912 erat
2299 2856 2520 2926 hospes,
2542 2853 2755 2924 placeat
2780 2851 3075 2910 cui'ludcre
3104 2870 3317 2911 mecum
3343 2856 3393 2921 3,

2014 2951 2192 3020 Atque
2220 2949 2403 3006 fovere
2430 2964 2551 3005 meo
2585 2963 2816 3019 corpora
2848 2946 2996 3003 fonte
3021 2963 3141 3002 sua.

1946 3038 2046 3107 Qui
2080 3039 2247 3110 piscis
2271 3040 2544 3109 quondam
2574 3038 2766 3109 gelidis
2792 3038 3073 3109 generavit
3099 3040 3152 3092 in
3176 3038 3360 3103 undis,

2013 3130 2168 3186 Nunc
2195 3131 2404 3188 calidus
2427 3130 2633 3186 homini
2659 3127 2799 3185 forte
2824 3129 3075 3184 minister
3095 3129 3222 3183 erit.

1942 3225 2098 3282 Nunc
2136 3225 2283 3296 ligno
2309 3225 2549 3288 vehitur,
2580 3223 2850 3294 quondam
2877 3222 2972 3294 qui
2997 3221 3143 3293 ligna
3174 3220 3430 3289 vehebat,

2008 3316 2071 3373 In
2101 3315 2271 3387 pratis
2299 3328 2549 3379 currens,
2578 3320 2687 3368 stat
2713 3312 2866 3385 piger
2893 3312 2946 3367 in
2973 3311 3244 3366 domibus.

1941 3409 2081 3465 Dum
2110 3408 2283 3463 nudus
2311 3406 2494 3461 veniat
2520 3405 2752 3461 calidam
2778 3403 2901 3474 pius
2928 3404 3127 3474 hospes
3156 3403 3209 3456 in
3240 3401 3445 3465 aulam,

2014 3498 2279 3553 Fontibus
2307 3508 2368 3552 ut
2396 3495 2542 3550 lavet
2579 3493 2669 3549 hic
2698 3508 2795 3549 sua
2824 3492 3067 3548 membra
3097 3491 3263 3557 meis;

1941 3591 2197 3654 Obsecro,
2222 3604 2292 3644 ne
2322 3587 2527 3654 videat,
2551 3585 2803 3658 proprios
2830 3590 3040 3641 avertat
3065 3583 3287 3649 ocellos,

2011 3684 2264 3757 Contexit
2289 3682 2449 3755 primi
2479 3682 2622 3753 quod
2654 3694 2748 3736 rea
2776 3679 2968 3735 dextra
2997 3677 3172 3749 patris

1943 3780 2059 3838 Hoc
2081 3789 2276 3837 natura
2302 3776 2484 3840 docet,
2505 3776 2609 3830 hoc
2632 3781 2688 3829 et
2717 3772 2985 3843 persuasit
3012 3771 3298 3832 honestas,

2005 3868 2209 3931 littibi
2226 3867 2306 3928 sit
2331 3865 2498 3923 facies
2519 3877 2734 3932 semper
2759 3862 2987 3916 honesta
3017 3873 3175 3929 puer.

2574 3950 2895 4013 CCLXXI".

2565 4044 2902 4115 .Enigmata.

1944 4151 2115 4208 Causa
2144 4145 2294 4203 necis
2317 4144 2551 4211 fueram,
2576 4149 2759 4199 tamen
2784 4146 2838 4193 et
2868 4136 2942 4191 uil
2970 4148 3249 4205 uuneupor
3270 4132 3463 4201 esseb,

1942 4240 2145 4298 Ordine
2169 4238 2399 4309 quisque
2428 4236 2573 4308 legat
2598 4242 2746 4291 recto
2774 4247 2885 4297 me,
2916 4228 3165 4286 comedet
3189 4237 3246 4284 et
3272 4244 3360 4284 me
3389 4230 3432 4291 ί,

1944 4332 2028 4388 Me
2049 4345 2213 4402 super
2238 4329 2327 4384 ille
2350 4327 2555 4398 equitet
2579 4324 2593 4376 i
2622 4366 2638 4392 ,
2670 4331 2982 4380 transverso
3009 4321 3102 4394 qui
3129 4321 3271 4393 legat
3297 4335 3417 4375 ore.

1873 4450 1923 4510 υ
1944 4421 2056 4478 Sex
2084 4420 2215 4476 mihi
2241 4417 2494 4475 litterulae
2522 4424 2668 4481 sunt,
2692 4422 2747 4469 et
2768 4412 3030 4484 prteclara
3058 4418 3299 4482 potestas
3323 4409 3372 4475 ι,

1951 4511 2256 4582 Disrumpis
2280 4524 2483 4566 nomen
2502 4506 2682 4565 medio
2711 4505 2778 4560 de
2812 4503 3029 4559 tramite
3062 4510 3257 4564 totum,

1948 4605 2083 4661 Pars
2105 4604 2248 4662 colet
2268 4619 2379 4660 una
2400 4601 2569 4657 Deum
2589 4599 2631 4664 ι,
2658 4598 2933 4655 hominem
2956 4609 3085 4666 pars
3105 4594 3276 4649 altera
3303 4592 3485 4667 signat
3499 4600 3535 4631 ι·

1949 4698 2155 4755 Littera
2181 4697 2401 4753 tollatur
2428 4694 2592 4749 faciet
2620 4706 2744 4745 mox
2769 4697 2964 4759 quarta
2987 4701 3254 4740 venenum
3275 4694 3326 4740 υ.

1954 4792 2051 4847 Est
2077 4790 2163 4845 vir
2187 4791 2301 4860 jam
2331 4794 2476 4842 totus
2504 4791 2702 4840 canuto
2730 4781 2932 4835 vertice
2959 4794 3123 4833 sanus
3147 4786 3195 4845 ο,

1954 4880 2194 4936 Materna
2225 4876 2448 4933 eﬂ'ectus
2472 4875 2645 4945 prima
2671 4879 2935 4943 pereunte
2957 4881 2985 4920 Ρ
3011 4868 3202 4941 ﬁgura.

1952 4972 2082 5028 Post
2107 4970 2341 5043 primam
2365 4968 2506 5023 bime
2530 4972 2781 5035 pereunt,
2805 4964 2911 5019 crit
2934 4963 3155 5020 horrida
3183 4959 3361 5018 scrofa
3382 4969 3433 5016 1.

2032 5085 2049 5125 i
2096 5079 2326 5144 Malum,
2354 5075 2584 5132 fructus.

2030 5152 2044 5205 i
2096 5150 2320 5214 Malam,
2348 5148 2570 5204 animal.

2030 5223 2058 5263 δ
2103 5221 2307 5277 Virtus.

2038 5292 2055 5333 ι
2099 5293 2211 5347 Tus
2236 5306 2332 5346 seu
2361 5289 2531 5346 Thus.

2034 5377 2073 5405 ω
2113 5362 2229 5418 Vir.

2036 5445 2062 5472 ιι
2102 5433 2282 5487 Virus.

2037 5512 2063 5540 °
2105 5502 2301 5558 Sanus.

2038 5585 2067 5624 ν
2104 5574 2274 5627 Anus.
2302 5608 2315 5623 .

2040 5655 2068 5695 σι
2108 5642 2231 5698 Sus.
