3866 6170
192 264 298 322 803

193 384 307 437 llcu
331 385 342 436 !
377 381 566 454 fugiet,
594 381 780 453 fugiet,
811 385 1059 452 planctus
1081 394 1410 456 quapropter
1430 401 1648 440 amarus
1682 402 1684 404 ·

261 473 422 529 Nunc
451 474 604 529 nobis
631 485 822 538 restat,
853 477 1052 530 chartis
1079 476 1193 532 abit
1221 477 1461 532 cuculus.

189 567 448 623 Carmina
475 574 600 636 post
624 566 780 620 illum
809 568 1110 632 mittamus,
1137 568 1382 622 Carmina
1409 568 1608 630 luctus,

260 658 520 716 Carmina
547 658 824 714 deducunt
852 658 1014 724 forte,
1037 675 1183 726 reor,
1211 659 1490 718 cuculum.

191 751 285 808 Sis
310 766 528 821 semper
557 751 685 807 felix
710 752 944 817 utinam,
964 768 1292 824 quocunque
1317 755 1561 817 recedas,

261 843 354 897 Sis
383 858 594 898 memor
623 852 676 898 et
707 845 900 906 nostri,
925 860 1139 915 semper
1164 847 1365 917 ubique
1386 847 1531 902 vale!

819 936 1186 993 CCLXXV'lll.

397 1087 406 1094 _
722 1040 749 1068 α
789 1027 864 1082 De
901 1028 1042 1098 gallo
1071 1029 1276 1098 fabula.

195 1115 348 1173 Dicta
378 1126 608 1173 vocatur
629 1119 747 1173 avis
780 1121 1000 1190 proprio
1030 1123 1352 1192 cognomine
1377 1123 1570 1194 gallus,

194 1207 424 1262 Nuntiat
451 1210 568 1263 haec
598 1209 791 1272 lucem,
825 1220 1097 1267 terrarum
1127 1215 1334 1269 decutit
1364 1216 1615 1279 umbras;

195 1300 466 1371 Tempora
493 1303 773 1363 discernit.
807 1305 1002 1361 lumbis
1029 1309 1381 1377 succingitur,
1415 1311 1580 1378 hujus

198 1393 460 1448 Subditus
488 1397 716 1465 imperio
744 1397 1062 1467 gallinarum
1090 1403 1292 1470 regitur
1314 1419 1476 1472 grex;

197 1485 356 1541 llunc
385 1487 612 1542 laudans
641 1488 784 1543 Deus
815 1490 1146 1546 intellectum
1179 1493 1308 1550 dicit
1333 1493 1552 1558 habere,

197 1576 408 1647 Quippe
436 1580 536 1633 sub
557 1578 790 1632 obscuro
817 1581 1152 1652 dirimat-qui
1184 1593 1423 1655 tempora
1452 1586 1627 1656 peplo.

197 1668 343 1722 Proh
373 1669 556 1723 dolor!
587 1670 729 1724 hunc
760 1670 915 1741 longe
949 1684 1325 1740 properantem
1357 1685 1506 1745 septa
1535 1677 1745 1732 viarum

195 1758 494 1814 Arctarant
522 1761 814 1830 quondam,
845 1762 970 1816 dum
1003 1771 1172 1816 tentat
1201 1765 1399 1834 pabula
1435 1775 1610 1822 rostro
1639 1785 1652 1821 :

199 1848 346 1919 Ergo
376 1850 526 1903 cibos
553 1850 696 1906 solus
718 1851 844 1905 dum
875 1868 1124 1920 quaerens
1153 1866 1394 1926 competa
1426 1857 1643 1922 lustrat,

200 1939 318 1994 lleu
358 1939 594 2008 jactaus,
624 1943 905 2012 audaxque
936 1942 1115 2006 nimis,
1149 1946 1482 2017 nmltumque
1521 1950 1786 2018 superbus

199 2033 495 2088 lnsidiante
523 2033 643 2104 lupo
671 2036 969 2105 excipitur;
1000 2052 1106 2106 quo
1133 2037 1370 2106 pondere
1398 2055 1621 2109 pressus

201 2125 458 2182 Protinus
484 2128 621 2186 hanc
646 2130 906 2184 evadendi
932 2131 1036 2186 sibi
1063 2133 1302 2202 repperit
1326 2141 1500 2187 artem
1529 2152 1540 2188 :

203 2219 358 2291 Szepe
385 2237 533 2276 meas
561 2230 647 2277 tua
687 2221 848 2288 fama,
887 2224 1009 2295 lupe
1039 2225 1333 2295 praefortis,
1359 2227 1424 2282 ad
1452 2241 1612 2283 aures

201 2311 382 2374 Venit,
412 2320 466 2366 et
494 2313 675 2383 ignoto
704 2316 911 2370 monuit
937 2333 1180 2383 rumore,
1207 2319 1348 2390 quod
1378 2320 1546 2374 altum

202 2401 320 2464 Vo;
350 2401 443 2466 tibi
476 2417 665 2472 magna
693 2420 883 2459 sonum
914 2405 1076 2462 claris
1103 2407 1456 2462 concentibus
1485 2411 1641 2474 edat;

200 2491 314 2546 Nec
345 2499 550 2547 tantum
577 2494 731 2550 doleo
758 2496 931 2552 inviso
961 2500 1104 2568 quod
1133 2500 1364 2554 devoror
1385 2517 1503 2567 ore,
1623 2568 1628 2574 ι

201 2579 476 2646 Quantum
503 2583 644 2650 quod
673 2582 890 2639 fraudor
911 2586 1072 2643 liccat
1097 2603 1162 2643 ne
1187 2589 1394 2645 discere
1425 2592 1489 2648 de
1519 2599 1569 2646 te

201 2676 436 2734 Credere
463 2682 604 2750 quod
633 2681 802 2738 licuit.
827 2682 992 2758 Cujus
1018 2685 1130 2742 fera
1157 2690 1374 2744 credula
1405 2693 1572 2752 vocis.

199 2766 517 2839 OblaL'L-que
545 2770 700 2842 lupus
734 2773 910 2829 laudis
941 2778 1264 2835 tumefactus
1292 2797 1500 2846 amore,

199 2857 470 2912 lnfernale
499 2863 672 2932 aperit
699 2875 901 2935 guttur,
929 2867 1222 2942 faucesque
1259 2889 1486 2930 voraces

199 2949 418 3004 Pandit.
444 2962 497 3007 et
525 2952 798 3011 immensa:
833 2973 1035 3014 reserat
1063 2964 1340 3031 penetrale
1371 2979 1618 3023 caverna:
1643 2985 1658 3023 :

199 3040 315 3094 Sed
341 3045 483 3096 celer
512 3044 738 3113 eripitur
765 3047 898 3104 lucis
928 3035 1262 3120 praenuntius
1288 3056 1420 3118 ales,

204 3133 286 3187 Ac
308 3133 446 3188 saltu
470 3135 613 3194 volat
629 3148 681 3192 et
711 3155 860 3195 ramo
885 3143 1024 3198 citus
1046 3146 1263 3202 arboris
1287 3148 1476 3204 haeret.

199 3221 327 3276 Mox
363 3224 526 3292 igitur
554 3226 729 3281 subita
748 3228 866 3296 jam
892 3230 1141 3287 libertate
1168 3235 1399 3305 potitus,

201 3312 572 3384 Excelsusque
600 3316 791 3371 sedens
821 3319 904 3374 his
933 3331 1122 3378 cantus
1153 3326 1375 3384 vocibus
1405 3328 1515 3384 edit
1543 3349 1555 3385 :

207 3403 482 3472 Decipitur
505 3408 720 3476 merito,
751 3409 951 3464 frustra
980 3414 1284 3485 quicunque
1313 3423 1577 3489 superbit,

205 3495 278 3548 Et
291 3497 512 3566 capitur
535 3497 682 3555 falsis
704 3503 974 3558 cariturus
1004 3505 1249 3565 laudibus
1275 3513 1434 3576 escis,

203 3586 348 3641 Ante
375 3589 522 3644 cibos
548 3607 707 3647 voces
733 3595 858 3648 dum
888 3611 1140 3668 spargere
1166 3610 1336 3657 tentat
1364 3605 1570 3663 inanes.

205 3678 451 3748 Respicit
479 3682 593 3737 haec
626 3684 764 3750 illos,
794 3687 883 3756 qui
915 3704 1038 3742 cum
1064 3691 1172 3745 sint
1200 3687 1570 3760 fabula,'nacti

202 3767 337 3822 Jure
367 3770 552 3826 salutis
579 3789 683 3842 opu
696 3793 732 3840 ς,
763 3777 1044 3844 privantur
1073 3778 1352 3839 fraudibus
1374 3788 1511 3842 atris

203 3863 550 3921 Attendendo
573 3869 721 3923 cavis
747 3869 911 3925 falsas
941 3874 1249 3930 rumoribus
1265 3892 1458 3952 auras.

844 3962 1168 4023 CCLXXIX.
1451 4033 1456 4038 _

513 4047 948 4108 Commendatitia
981 4057 1260 4126 cujusdam
1284 4059 1490 4129 fratris.

202 4135 311 4202 Qui
344 4136 508 4205 legat,
535 4141 847 4209 Aleuinum,
876 4145 1038 4211 dicat,
1073 4163 1234 4224 rogo,
1252 4135 1488 4216 Christe,
1525 4160 1697 4208 tuere.

209 4229 322 4283 Vos
352 4230 544 4285 dilecta
573 4235 768 4289 cohors
793 4237 960 4304 patris
984 4254 1244 4308 generosa
1275 4256 1537 4313 propago,

196 4320 454 4390 Accipite
479 4323 619 4380 hunc
651 4324 892 4392 fratrem,
923 4329 1043 4382 misi
1070 4345 1229 4399 quem
1259 4343 1438 4388 mente
1467 4336 1718 4407 benigna.

853 4417 1153 4474 CCLXXX.

205 4503 237 4542 δ
265 4505 346 4559 De
373 4523 544 4560 rerum
570 4507 918 4565 humanarum
961 4514 1315 4571 vicissitudine
1341 4528 1390 4572 et
1415 4521 1564 4576 clude
1591 4520 1796 4578 Lindie.

702 4581 959 4649 {arneusis
987 4587 1310 4642 monasterii.

202 4663 510 4737 Postquam
533 4669 740 4739 primus
772 4674 930 4727 homo
956 4677 1192 4745 paradisi
1224 4677 1457 4749 liquerat
1483 4680 1688 4746 hortos,

284 4757 354 4812 Et
382 4759 608 4815 miseras
641 4770 798 4818 terrze
835 4765 1000 4819 miser
1033 4766 1216 4822 adibat
1242 4784 1405 4840 Opes;

199 4850 526 4921 Exsilioque
551 4853 700 4921 gravi
731 4870 917 4924 poenas
943 4872 1062 4918 cum
1092 4859 1240 4928 prole
1269 4859 1471 4924 luebat,

280 4945 532 5001 Perfidiae
559 4948 812 5016 quoniam
845 4947 983 5003 furta
1011 4949 1128 5022 [F.,
1154 4951 1285 5025 fata]
1318 4956 1551 5028 maligna
1582 4957 1757 5028 gerit:

277 5071 306 5097 ιι
351 5056 466 5111 iloc
499 5073 716 5114 carmen
755 5075 822 5116 ex
869 5062 989 5116 cod.
1026 5079 1126 5117 ms.
1173 5063 1231 5118 S.
1263 5065 1592 5123 Emmerazni
1631 5069 1801 5126 edidit

197 5127 555 5208 Mabiyonius
579 5130 698 5208 Vet.
727 5131 969 5208 Analect.
997 5148 1148 5188 nova:
1171 5134 1300 5190 edit.
1327 5151 1448 5208 pag.
1475 5137 1598 5192 409.

275 5199 308 5238 h
353 5196 584 5275 Scripsit
613 5201 886 5275 _Alcuiu_us
929 5204 1031 5258 hoc
1076 5196 1511 5275 carmen,'pFout
1556 5224 1622 5264 ex
1667 5227 1796 5268 con-

193 5276 363 5347 textu
391 5268 670 5347 elucescit,
712 5274 779 5326 ad
820 5273 1140 5347 lligbaldum
1179 5268 1492 5347 episcopum
1518 5286 1573 5332 et
1602 5281 1800 5338 fratres

191 5340 454 5396 ecclesia:
475 5357 539 5396 ac
564 5345 872 5401 monasterii
893 5340 1350 5402 Lindisfarnensis
1365 5340 1650 5405 occasione
1671 5353 1802 5406 dine

191 5410 383 5492 cladis
409 5427 437 5464 a
472 5413 634 5492 Danis
669 5414 1215 5492 paganis,_anno_:i‘.l.'_)
1239 5432 1268 5471 e
1289 5417 1606 5492 germanum
1629 5422 1797 5492 Aqui—

191 5482 416 5537 lonaris
440 5483 595 5553 plaga
620 5484 671 5537 in
697 5482 1027 5538 Britanniam
1055 5485 1261 5551 effusis,
1289 5487 1480 5553 illatze;
1514 5508 1530 5538 ε
1555 5491 1630 5545 llli
1655 5482 1798 5548 enim

192 5556 312 5608 hac
353 5553 475 5629 illac
523 5553 891 5629 discurrentes
932 5565 1126 5629 cuncta
1161 5568 1407 5629 vastant,
1439 5561 1677 5629 rapiunt,
1707 5575 1800 5618 aut

194 5624 532 5686 incendunt,
566 5634 728 5693 atque
756 5625 870 5679 loca
896 5642 1048 5679 sacra
1081 5627 1367 5687 violantes.
1407 5624 1717 5690 sacerdotes
1747 5644 1799 5688 et

194 5695 465 5756 clericos,
487 5695 790 5766 chorosque
811 5698 1194 5751 monachorum
1224 5715 1284 5753 ac
1309 5703 1798 5760 smzctimeniafiutn

1139 288 1142 290 ·
1233 266 1564 322 εΑΜιιΝΑ.
1606 295 1675 307 -η
1709 262 2239 330 EPIGR-AMMATA,
2282 265 2438 322 ETC.

1817 390 1866 444 Δ

3369 261 3478 319 806

1899 384 2001 442 Per
2028 386 2208 439 varios
2238 401 2397 439 casus
2425 384 2672 439 morialis
2697 385 2804 440 vita
2835 387 3107 447 cucurrit,

1959 476 2316 545 Diversosque
2345 476 2460 530 dies
2487 478 2664 531 cuiuis
2692 478 2924 532 babe‘sat
2954 487 3133 534 homo.

1889 564 2058 618 Fatali
2088 580 2249 629 cursu
2283 567 2578 619 miscentur
2611 566 2785 621 tristia
2818 567 2983 633 lastis;

1962 653 2102 710 Nulli
2138 655 2296 710 firma
2331 655 2430 710 fuit
2458 657 2640 727 regula
2669 657 2888 712 Letitirc.

1891 745 2058 800 Nemo
2089 746 2208 802 dies
2236 759 2458 802 cunctos
2489 745 2674 802 felices
2697 739 2911 820 semper
2939 750 3194 817 habebit,

1963 837 2130 893 Nemo
2157 839 2256 893 sibi
2289 855 2505 908 semper
2533 841 2727 910 gaulia
2760 853 2908 896 certa
2935 849 3100 899 tenet.

1890 931 1972 985 Nil
2005 943 2187 986 manet
2209 941 2472 988 :etcrnum
2505 935 2650 990 celso
2681 938 2779 990 sub
2802 937 3021 992 cardine
3048 941 3194 1004 coeli,

1961 1023 2152 1078 Omnia
2181 1033 2470 1081 vertuntur
2498 1027 2830 1097 temporibus
2856 1029 3042 1083 variis.

1893 1114 2008 1168 l'na
2038 1115 2153 1168 dies
2182 1115 2343 1178 ridet,
2372 1131 2530 1170 casus
2558 1133 2684 1172 cras
2713 1118 2880 1174 altera
2910 1121 3158 1192 plangct,

1959 1203 2042 1257 Nil
2073 1205 2236 1259 fixum
2264 1204 2426 1261 faciet
2452 1216 2654 1263 tessera
2687 1209 2808 1266 lmta
2836 1211 2952 1267 tibi.

1889 1294 2152 1364 Prospera
2177 1308 2338 1353 contu
2365 1300 2464 1354 'bat
2488 1317 2604 1355 sors
2635 1301 2881 1357 tristibus
2908 1305 3066 1374 impia
3095 1321 3328 1379 semper,

1960 1389 2198 1446 Alternis
2225 1392 2438 1448 vicibus
2466 1403 2523 1447 ut
2553 1395 2691 1450 redit
2725 1398 2867 1451 nuda
2902 1399 3085 1453 maris.

1889 1481 2041 1537 Nunc
2067 1485 2230 1540 micat
2255 1483 2394 1541 alma
2420 1487 2556 1552 dies,
2591 1490 2768 1544 veniet
2799 1507 2902 1545 nox
2927 1500 3042 1546 atra
3071 1493 3333 1560 tenebris,

1963 1577 2067 1630 Ver
2097 1577 2252 1635 floret.
2281 1581 2508 1649 gemmis
2535 1581 2706 1636 hiems
2738 1583 2862 1637 ferit
2897 1584 3105 1654 hocque
3129 1586 3313 1641 decus.

1889 1664 2171 1723 Sidereum
2200 1671 2369 1726 stellis
2390 1672 2603 1726 culmen
2638 1672 2946 1745 depingitur
2974 1675 3154 1734 almis.

1957 1755 2104 1824 Quas
2133 1759 2302 1814 nubes
2333 1762 2546 1831 rapiunt
2571 1763 2861 1817 imbrifene
2885 1764 3085 1818 subito.

1888 1847 1955 1901 Et
1984 1848 2062 1903 sol
2095 1849 2209 1919 ipse
2234 1851 2320 1906 die
2355 1853 2529 1906 media
2556 1855 2874 1910 subducitur
2902 1857 3121 1922 ardens,

1956 1938 2093 1993 Cum
2122 1948 2270 1995 tonat
2293 1940 2484 1997 undosi
2517 1953 2699 1998 auster
2723 1946 2788 1998 de
2819 1945 3025 2001 vertice
3057 1945 3186 2016 poli.

1889 2029 2098 2099 Saepius
2128 2033 2374 2088 excelsos
2404 2033 2604 2089 feriunt
2630 2045 2687 2090 ut
2711 2036 2921 2110 fulgura
2953 2056 3002 2092 m
3029 2050 3187 2102 ~ntes,

1961 2118 2291 2192 Summaque
2317 2125 2574 2179 silvarum
2604 2127 2818 2182 ﬂamma
2845 2128 3007 2184 ferire
3030 2131 3196 2196 solet;

1891 2211 1980 2267 Sic
2017 2211 2191 2281 major
2218 2216 2426 2285 magnis
2449 2217 2628 2272 subito
2657 2220 2953 2288 sepissime
2982 2223 3144 2276 rebus

1960 2301 2186 2357 Eveniet
2215 2319 2342 2359 casu
2375 2301 2514 2360 forte
2543 2308 2701 2361 ruina
2734 2309 2896 2363 malo.

1891 2391 2020 2448 Hzrc
2047 2395 2295 2465 exempla
2329 2395 2475 2450 dedit
2501 2399 2776 2467 periturus
2802 2409 2854 2454 et
2887 2400 3123 2472 undique
3156 2405 3412 2475 mundus,

1963 2483 2176 2541 Divitiis
2199 2487 2414 2549 florens,
2443 2490 2532 2558 qui
2562 2492 2701 2561 perit
2730 2492 2779 2545 in
2807 2494 3020 2566 pelago.

1893 2578 2036 2633 Voce
2065 2581 2451 2649 prophetarum
2475 2584 2679 2651 pariter
2707 2601 2803 2654 per
2825 2597 3054 2655 quatuor
3079 2587 3263 2658 orbes,

1960 2669 2080 2725 Jam
2109 2668 2366 2740 przedicta
2389 2672 2540 2728 vides
2564 2677 2790 2730 subruta
2823 2692 2985 2746 regna
3015 2681 3194 2734 modo.

1892 2759 2099 2816 Nobilis
2127 2764 2257 2817 urbs
2288 2764 2438 2834 regni
2469 2773 2521 2818 et
2553 2766 2724 2835 prima
2757 2770 2997 2836 potentia
3027 2786 3215 2840 regum

1963 2852 2226 2917 Perdidit,
2252 2868 2286 2907 ο
2317 2845 2587 2925 Babylon!
2618 2857 2850 2912 Cbaldea
2885 2875 3048 2930 regna
3080 2870 3295 2932 potens.

1892 2943 2179 3015 Egregium
2211 2945 2351 3000 bello
2379 2954 2433 3000 et
2465 2948 2674 3017 iungaris
2700 2957 2772 3012 te,
2804 2948 2996 3015 Persa,
3030 2954 3326 3024 triumphis
3355 3013 3357 3016 ,

1810 3067 1859 3128 C
1961 3036 2176 3100 Obruit,
2205 3037 2339 3091 heu!
2366 3035 2565 3105 jaeulis
2595 3039 2792 3094 femina
2818 3043 2928 3097 sola
2953 3044 3068 3098 suis
3126 3107 3128 3111 ι

1899 3127 2171 3182 Victorem
2200 3127 2383 3182 mundi
2420 3129 2595 3184 medio
2625 3147 2764 3196 sors,
2792 3147 2919 3186 ecce
2947 3137 3200 3192 secundis

1969 3221 2147 3275 Rebus
2167 3221 2532 3276 Alexandrum
2562 3223 2708 3277 India
2735 3235 2756 3261 ε
2791 3222 2920 3278 ﬂore
2951 3225 3091 3279 tulit.

1864 3334 1866 3336 ν
1899 3315 2066 3368 Roma
2095 3323 2262 3384 caput
2284 3316 2466 3369 mundi
2489 3357 2503 3379 ,
2537 3317 2716 3369 mundi
2747 3317 2928 3381 decus,
2957 3335 3119 3372 aurea
3155 3319 3344 3382 Roma,

1967 3405 2121 3462 Nunc
2150 3418 2396 3464 remanet
2425 3419 2629 3464 tantum
2657 3427 2794 3464 seva
2829 3411 2984 3465 ruina
3012 3411 3129 3466 tibi.

1894 3497 2076 3552 Gloria
2105 3498 2410 3554 Castrensis
2436 3500 2630 3568 gladiis
2652 3509 2864 3570 :equata
2896 3501 3176 3565 remansit,

1965 3590 2135 3645 Lutea
2166 3607 2291 3660 pars
2321 3591 2547 3662 digitum
2579 3592 2690 3646 sola
2720 3591 2934 3646 videtur
2960 3593 3126 3648 iners.
3445 3661 3448 3664 _

1897 3681 2036 3748 Quid
2068 3692 2120 3735 te
2150 3691 2336 3736 sancta
2370 3699 2559 3736 canam
2598 3681 2763 3736 David
2797 3681 2971 3754 (urbs)
3005 3685 3207 3754 inclyta
3239 3683 3382 3758 regis

1966 3773 2022 3826 lu
2053 3773 2251 3826 mundo
2278 3773 2439 3825 nullis
2462 3773 2844 3842 :rquiparandu
2879 3775 3043 3828 locis?

1895 3866 1952 3920 In
1985 3877 2036 3920 te
2066 3865 2262 3935 templa
2294 3865 2411 3927 Dei,
2435 3866 2635 3928 cultus,
2663 3865 2800 3927 laus,
2830 3865 3020 3935 gloria,
3049 3865 3241 3926 virtus.

1965 3957 2022 4010 ln
2054 3965 2103 4010 te
2133 3954 2332 4010 mansit
2355 3970 2520 4008 ovans
2549 3965 2734 4008 sancta
2765 3970 3005 4024 propago
3037 3955 3280 4008 Patrum.

1896 4047 2059 4118 239
2080 4047 2214 4102 Dum
2242 4055 2350 4111 tua,
2387 4047 2508 4115 quis
2539 4053 2716 4099 teneat
2746 4046 3009 4114 lacrytnas
3037 4069 3071 4110 ,-
3101 4061 3242 4100 nunc
3295 4045 3491 4103 ultima-

2305 4127 2318 4132 ’
3170 4137 3365 4209 [cernit
3389 4155 3404 4202 ;

1968 4229 2112 4286 Gens
2143 4229 2360 4284 inimica
2391 4226 2631 4296 Deojam
2660 4235 2743 4282 tua
2779 4237 2915 4284 tecta
2941 4237 3106 4284 tenet.

1901 4321 2013 4377 lleu
2040 4324 2051 4376 !
2092 4321 2274 4378 Judma
2308 4325 2414 4380 tuis
2442 4325 2715 4379 habitator
2747 4325 2799 4380 in
2841 4325 3066 4382 urbibus
3092 4336 3241 4380 errat

1825 4427 1875 4488 ι)
1969 4412 2168 4478 Rarus,
2194 4414 2246 4468 in
2269 4416 2507 4485 antiquis
2539 4415 2655 4470 laus
2681 4425 2770 4471 tua
2811 4425 2920 4471 tota
2947 4417 3106 4488 perit.

1901 4505 2088 4559 Nobile
2108 4505 2219 4576 jam
2248 4508 2504 4577 templum
2527 4549 2541 4572 ,
2573 4518 2683 4564 toto
2713 4519 2766 4564 et
2795 4511 3100 4566 venerabile
3144 4511 3194 4566 in
3223 4510 3380 4577 orbe,

1970 4598 2122 4666 Quod
2148 4600 2402 4655 Salomon
2433 4600 2584 4665 fecit,
2610 4601 2844 4656 Chaldea
2869 4603 3080 4656 ﬂamma
3110 4610 3281 4656 vorat.

1901 4689 2090 4759 Dejicit
2119 4691 2219 4746 hoc
2243 4692 2439 4747 iterum
2470 4693 2708 4746 Romana
2739 4693 2978 4761 potentia
3010 4692 3188 4757 bellis,

1971 4781 2025 4836 ln
2053 4783 2265 4838 cineres
2289 4783 2500 4838 solvens
2530 4782 2729 4836 mmnia
2754 4791 2894 4838 tecta
2928 4784 3041 4839 diu.

1902 4869 2041 4926 Ecce
2068 4872 2254 4926 relicta
2281 4871 2470 4927 domus
2502 4873 2647 4926 Siloe
2674 4888 2770 4942 per
2792 4873 2946 4929 sazcla
2975 4877 3260 4945 remansit,

1974 4961 2029 5014 In
2059 4976 2162 5029 qua
2185 4970 2371 5015 sancta
2403 4963 2494 5016 Dei
2534 4979 2659 5018 arca
2687 4968 2922 5034 potentis
2953 4976 3093 5024 erat.

1903 5072 2123 5127 immani
2161 5073 2376 5129 feritate
2411 5076 2736 5143 conficiunt;
2767 5087 2880 5134 tum
2915 5080 2964 5134 in
2995 5081 3488 5140 Lindisfarnensem

1902 5143 2132 5196 insulam
2184 5144 2411 5214 invecti,
2462 5148 2744 5202 ecclesiam
2792 5150 3082 5214 invadunt,
3112 5168 3267 5207 sacra
3304 5156 3486 5208 omnia

1865 5265 1874 5268 _
1901 5213 2118 5283 pollutis
2147 5213 2357 5292 calcant
2391 5217 2655 5292 vesigijs,
2681 5219 2868 5292 altaria
2893 5213 3220 5292 suil'mliunt,
3254 5225 3491 5292 pretiosa

1902 5299 2128 5356 qumque
2170 5285 2388 5356 rapiunt
2413 5296 2469 5341 et
2499 5285 2769 5342 auferunt.
2801 5290 2940 5356 Quin
2972 5293 3134 5346 etiam
3168 5307 3196 5345 e
3229 5285 3491 5348 fratribus

1902 5355 2006 5435 alii
2035 5355 2322 5435 interfecti.
2355 5357 2447 5435 alii
2478 5359 2726 5435 in_altl_:m
2757 5355 3260 5435 demersi,qnidam
3291 5365 3489 5435 captivi

1903 5426 2242 5498 adducti‘aut
2272 5428 2399 5482 nudi
2429 5429 2676 5498 projecti.
2701 5449 2718 5481 ι
2760 5429 2836 5484 lta
2870 5426 3206 5488 Mabillonius
3237 5435 3329 5492 lib.
3359 5426 3487 5492 'xxvl

1902 5496 2104 5573 Annal._
2121 5495 2634 5573 Bened_._,_pa'g.51l8,
2662 5516 2809 5573 num.
2835 5499 2903 5555 26
2925 5519 2988 5556 ex
3012 5504 3248 5573 Turguto
3275 5507 3325 5560 in
3353 5507 3493 5561 libro

1904 5567 2143 5621 secundo
2180 5568 2246 5620 de
2291 5567 2523 5622 Historia
2566 5569 2930 5626 Duuelmensi.
2973 5575 3106 5630 Vide
3128 5567 3297 5631 “etiam
3338 5587 3494 5634 notas

1900 5637 2060 5704 epist.
2089 5639 2121 5690 9
2144 5637 2208 5691 ad
2243 5637 2731 5695 Limlisfarncnses.

1977 5719 1996 5746 τ
2044 5707 2226 5776 Forte,
2258 5709 2456 5776 invida,
2481 5726 2600 5764 sors
2625 5727 2834 5781 aenipe.
