3866 6170
326 312 434 371 807

327 433 421 491 Sic
444 431 579 502 fugit
605 442 765 485 omne
789 427 974 492 decus,
999 416 1237 478 hominis
1266 416 1407 490 quod
1437 414 1656 468 dextera
1685 406 1833 470 fecit,

403 525 588 582 Gloria
612 524 897 578 smclorum
923 516 1005 572 sic
1025 512 1169 570 velut
1191 510 1381 566 umbra
1403 502 1567 559 volat.

332 618 405 673 Ut
430 617 619 673 sitiens
647 610 878 683 liquidas
905 606 1108 661 frustra
1136 600 1237 657 sibi
1277 595 1513 654 somniat
1548 588 1742 648 undas.

401 708 494 764 Sic
517 721 680 778 gazas
715 701 900 758 mundi
924 699 1075 754 dives
1105 689 1287 767 [dites]
1309 684 1531 742 habebit
1559 683 1733 750 inops.

331 799 596 869 Tempora
618 810 715 850 cur
750 800 958 848 tantum
993 786 1136 839 lucta
1154 781 1446 851 longinqua
1481 780 1756 835 retexam,

295 882 302 902 ⁸
404 862 484 945 Et.
500 897 740 943 veterum
768 882 996 938 miseros
1022 875 1262 932 carmine
1288 870 1483 941 plango
1510 862 1659 921 dies?

333 982 469 1035 Dum
498 992 736 1051 praesens
762 973 877 1027 dies
903 968 1107 1041 patitur
1135 964 1321 1036 pejora
1349 975 1448 1032 per
1471 954 1684 1017 orbem,

404 1073 473 1126 Et
503 1071 698 1125 misera
734 1064 965 1120 mundus
989 1075 1129 1116 nunc
1149 1056 1351 1114 ditionc
1372 1051 1534 1109 dolet.

333 1164 460 1219 Asia
480 1163 588 1216 lata
613 1160 777 1231 gemit
802 1155 1027 1228 paganis
1054 1168 1240 1226 pressa
1261 1148 1490 1212 catenis,

405 1253 576 1320 Quam
600 1250 795 1320 premit
827 1256 882 1305 et
904 1246 1102 1317 spoliat
1124 1259 1255 1315 gens
1290 1240 1507 1295 inimica
1534 1237 1664 1291 Deo.

333 1339 514 1396 Africa
534 1338 648 1410 jam
675 1336 842 1393 servit
864 1350 991 1405 pars
1019 1331 1197 1405 magni
1227 1329 1387 1385 tertia
1413 1326 1594 1381 mundi

417 1432 561 1487 Proh
584 1430 764 1487 dolor!
802 1427 937 1482 heu!
976 1434 1089 1481 tota
1112 1420 1386 1495 pestiferis
1407 1416 1660 1473 dominis.

333 1522 611 1593 Hesperia:
631 1518 885 1590 populus,
907 1517 1177 1586 quondam
1205 1528 1335 1583 gens
1356 1509 1551 1580 inclyta
1576 1504 1755 1570 bellis,

406 1611 603 1667 lnvisis
635 1612 864 1678 sceptris
888 1605 1056 1659 servit
1090 1612 1140 1658 et
1171 1602 1283 1672 ipsa
1310 1599 1488 1654 modo.

1148 299 1212 355 ιι.
1253 295 1317 351 r.
1362 289 1587 348 acum
1627 286 1761 343 seu
1795 279 2076 339 meum
2116 272 2405 335 ορειιυιι
2442 248 2625 327 ΡΑηὲ
2662 263 2749 322 vt.

1937 415 1983 472 Α
2009 400 2149 468 Quid
2166 399 2279 470 jam
2307 395 2462 468 plura
2482 389 2714 449 canam?
2753 379 3041 472 Marcescit
3063 384 3175 434 tota
3194 374 3474 472 juventus,

2080 467 2200 544 1am
2220 467 2362 558 perit
2385 492 2547 554 atque
2573 479 2719 537 cadit
2750 471 2996 543 corporis
3018 482 3181 524 omne
3203 467 3370 523 decus
3396 479 3413 517 :

2012 581 2081 635 Et
2109 578 2263 650 pellis
2289 583 2497 633 tantum
2521 583 2692 627 vacua
2720 568 2809 622 vix
2830 564 3047 620 ossibus
3069 562 3259 623 heret,

2081 670 2194 726 Nec
2210 665 2489 739 cognoscit
2503 664 2669 721 homo
2687 658 2905 733 propria
2924 654 3167 711 membra
3195 663 3386 707 senex.

2012 761 2167 832 Quod
2194 759 2318 826 fuit,
2355 758 2496 813 alter
2521 752 2656 817 erit;
2702 748 2801 808 nec
2818 749 2936 806 erit
2964 749 3101 818 ipse.
3129 746 3273 817 quod
3302 743 3419 813 ipse
3444 760 3457 796 :

2083 853 2196 909 Fur
2215 851 2320 908 erit
2339 850 2454 920 ipse
2475 861 2605 903 suus
2629 841 2965 913 temporibus
2987 837 3172 892 variis.

2014 947 2110 1002 Sic
2134 952 2360 1001 ventura
2380 942 2498 998 dies
2529 946 2738 994 mentes
2767 932 3001 988 mutabit
3027 938 3084 987 et
3106 937 3283 983 artus.

2085 1037 2261 1107 Atque
2286 1034 2493 1089 utinam
2523 1029 2715 1085 melior
2738 1024 2990 1098 proﬁciat
3017 1021 3266 1076 nieritis!

2013 1129 2360 1199 Quapropter
2384 1123 2567 1195 potius
2592 1118 2834 1177 cmlestia
2862 1127 3079 1185 semper
3102 1126 3371 1168 amemus.

2088 1220 2156 1274 Et
2184 1229 2437 1273 mansura
2466 1212 2614 1285 polo,
2639 1224 2801 1282 quam
2826 1207 3067 1280 peritura
3093 1204 3231 1259 solo.

2020 1314 2121 1371 ilic
2150 1316 2328 1370 variat
2354 1321 2588 1383 tempus,
2614 1308 2691 1364 nil
2713 1321 2831 1363 non'
2851 1303 3111 1361 mutabile
3133 1301 3315 1358 cernis
3338 1317 3353 1364 ;

2092 1407 2207 1463 lllic
2231 1421 2338 1461 una
2365 1405 2482 1460 dies
2510 1415 2728 1473 semper
2750 1399 2881 1462 erit,
2910 1396 3053 1468 quod
3078 1396 3213 1451 erit.

2019 1499 2140 1567 Quo
2163 1507 2239 1563 tu,
2268 1512 2474 1569 quaeso,
2496 1509 2650 1550 meus
2674 1498 2931 1555 mentem,
2954 1501 3103 1559 rogo,
3136 1486 3312 1557 dirige
3338 1484 3540 1547 lector;

2093 1591 2206 1646 Illic
2234 1588 2478 1646 invenies
2504 1586 2647 1657 quod
2683 1584 2865 1652 cupiet
2882 1583 2977 1638 tibi
2999 1596 3115 1636 cor.

332 1703 610 1773 Quidquid
632 1673 837 1755 habent
853 1697 1082 1768 pulchri,
1116 1694 1325 1750 Domini
1356 1692 1441 1747 vel
1471 1688 1667 1759 templa
1689 1686 1919 1755 deceris,
1958 1753 2001 1773 ἢ
2024 1686 2141 1755 Qua
2171 1696 2261 1741 tua
2282 1693 2336 1741 te
2356 1696 2631 1753 nunquam
2663 1677 2802 1734 fallit
2827 1693 2973 1749 spes,
2993 1678 3205 1731 advena
3226 1673 3435 1733 mundi.

414 1794 683 1857 Vastavit,
705 1791 885 1861 rapuit
904 1788 1119 1844 ethnica
1158 1786 1347 1841 dextra
1371 1782 1495 1839 sibi.

339 1889 457 1947 Hoc
477 1888 728 1961 generale
749 1885 949 1943 malum
979 1883 1179 1938 relevet
1201 1880 1434 1952 speciale
1460 1894 1555 1950 per
1582 1876 1793 1944 orbem,

413 1978 566 2047 Quod
588 1978 794 2048 patitur
811 1974 958 2031 solus
979 1973 1228 2044 quisque,
1252 1969 1392 2025 ferat
1414 1968 1605 2024 levius.

1958 1753 2002 1812 Β
2052 1753 2063 1754 7
2098 1776 2340 1847 Aspicit-5
2366 1774 2621 1845 patriam,
2642 1786 2806 1841 quam
2833 1777 2957 1824 tuus
2983 1775 3134 1838 optat
3150 1780 3326 1821 amor.

2027 1869 2270 1926 lrvenies
2294 1867 2516 1922 veniens
2539 1862 2652 1919 illic
2683 1863 2822 1918 bona
2856 1860 3054 1933 gaudia
3083 1858 3206 1912 vitae

2094 1959 2395 2031 Pcrpetuae,
2424 1970 2545 2027 quae
2569 1964 2625 2010 tu
2662 1967 2877 2023 semper
2898 1952 3102 2008 habere
3121 1957 3294 2020 potes.

340 2070 463 2127 iam
494 2038 688 2125 domus
714 2066 853 2121 alma
893 2064 1015 2129 Dei,
1055 2038 1309 2133 princeps
1345 2076 1451 2130 qua
1482 2074 1711 2131 corpore
1735 2067 1924 2131 pausat
2026 2051 2208 2107 Latus
2241 2050 2297 2104 in
2322 2055 2584 2103 (uernum
2619 2044 2836 2101 Christo
2859 2043 3139 2099 sociabere
3165 2038 3357 2105 circis,

413 2162 630 2226 Petrus,
661 2157 954 2229 qostoliea
985 2158 1194 2227 primus
1217 2155 1271 2208 in
1298 2166 1424 2209 arce
1447 2153 1645 2216 Pater;

342 2251 591 2307 Perfidiac
621 2250 872 2306 manibus
898 2247 1073 2304 fertur
1093 2252 1304 2301 vastata
1329 2243 1519 2306 fuisse,
1576 2230 1579 2235 ’

415 2342 551 2398 Dum
573 2343 810 2414 pretiosa
836 2341 1028 2396 domus
1053 2337 1217 2409 impia
1239 2337 1433 2393 dextra
1464 2332 1606 2388 tulit.

343 2410 635 2490 Planxerat
660 2432 807 2489 italia
838 2430 1140 2487 Gothorum
1169 2438 1410 2498 tempore
1439 2433 1558 2479 tuto
1578 2420 1700 2497 ιη,
1727 2416 1879 2493 tota}
1908 2410 1913 2415 ⁷

419 2524 666 2581 Vastavit
690 2522 887 2592 templa
914 2522 1090 2576 hostis
1122 2519 1324 2588 ubique
1350 2518 1446 2572 Dei
1471 2535 1484 2569 :

345 2617 415 2672 Et
436 2622 585 2670 natat
605 2612 804 2669 emisus
824 2620 1133 2667 sanctorum
1169 2609 1390 2678 sanguis
1417 2608 1470 2663 in
1502 2606 1642 2669 aula,

418 2707 532 2772 Qua
564 2705 714 2775 prius
741 2702 915 2756 almus
943 2701 1116 2755 honor
1141 2698 1526 2769 omnipotentis
1546 2707 1682 2753 erat.

346 2793 628 2850 Hunorum
652 2790 858 2862 gladios
884 2798 965 2844 ter
993 2789 1161 2843 ternis
1190 2796 1441 2842 senserat
1470 2786 1629 2845 annis

426 2882 769 2946 Gallia‘tota,
801 2880 914 2936 suis
939 2878 1237 2950 exspoliata
1274 2878 1447 2934 bouis.

347 2975 647 3041 Ecclesiaa,
677 2976 861 3041 urbes,
899 2971 1067 3034 vicos,
1106 2970 1347 3036 castella,
1371 2977 1618 3025 sacratus

418 3071 552 3128 Cum
575 3067 786 3140 populis
817 3066 1059 3138 pariter,
1093 3065 1233 3137 ignis
1262 3065 1395 3121 edax
1426 3063 1622 3134 rapuit.

350 3162 501 3219 Talia
522 3176 644 3226 cur,
674 3156 853 3225 Iesus,
877 3155 992 3214 fieri
1020 3156 1288 3229 permittis
1318 3155 1369 3210 in
1398 3156 1549 3220 orbe,

415 3253 630 3309 Iudicio
650 3251 879 3316 occulto,
907 3267 1015 3306 non
1036 3265 1139 3322 ego
1160 3249 1300 3305 seire
1319 3264 1477 3319 queo.

351 3344 468 3398 Alia
495 3340 725 3414 [Altera]
760 3341 866 3395 vita
894 3342 1002 3395 tuis
1028 3350 1279 3395 servatur
1300 3338 1354 3394 in
1378 3354 1503 3394 arce
1528 3339 1795 3409 polorum,

422 3437 538 3504 Qua
562 3452 667 3505 pax
697 3436 836 3489 alma
863 3436 1030 3504 viget,
1066 3436 1244 3505 prxlia
1287 3436 1431 3489 nulla
1465 3434 1599 3491 fiunt

353 3526 559 3580 Aurum
586 3524 800 3578 ﬂamma
829 3526 1039 3593 probat,
1059 3522 1232 3591 justus
1263 3525 1488 3579 tentatio
1510 3525 1757 3591 mundat,

424 3614 621 3669 Purior
647 3623 812 3684 utque
839 3615 1017 3668 anima
1058 3615 1235 3670 sidera
1267 3613 1408 3669 celsa
1442 3623 1608 3685 petat.

357 3704 485 3760 llaec
508 3714 597 3760 est
627 3705 735 3774 vita
768 3703 883 3759 viro
903 3703 1070 3773 justo,
1096 3704 1323 3758 tentatio
1346 3711 1482 3771 tota,

430 3796 668 3852 Auribus
692 3796 891 3852 cecinit
918 3797 1114 3868 pagina
1140 3812 1295 3851 sacra
1319 3795 1449 3851 tuis.

358 3886 637 3957 Quemque
664 3885 824 3943 Pater
860 3896 1045 3942 natum
1073 3900 1207 3956 puro
1237 3886 1547 3957 complectit
1565 3901 1768 3954 amore,

431 3976 639 4048 Szrpius
667 3977 793 4032 huic
824 3976 963 4033 tristi
993 3977 1128 4032 dura
1166 3975 1372 4048 ﬂagella
1404 3974 1583 4033 dabit:

363 4064 455 4123 Sic
479 4067 620 4123 Deus
646 4067 986 4137 omnipotens
1019 4076 1238 4124 sanctos
1258 4082 1356 4138 per
1382 4082 1521 4124 saeva
1555 4067 1806 4140 probavit

433 4159 693 4225 Verbera,
731 4168 853 4230 post
882 4159 1111 4216 red'dens
1138 4160 1361 4231 prmmia
1390 4160 1510 4215 laeta
1541 4160 1686 4232 polo.

363 4250 481 4305 Non
510 4267 604 4306 vos
625 4250 933 4315 conturbet,
958 4252 1155 4316 sancti,
1179 4251 1560 4317 inconstantia,
1589 4250 1809 4318 fratres,

435 4340 561 4397 ihec
587 4341 854 4424 mundana
878 4340 1093 4411 quidem
1125 4342 1427 4412 gurgitibus
1453 4343 1638 4399 variis.

366 4434 460 4490 Sic
486 4433 586 4488 fuit
607 4442 768 4502 atque
793 4431 881 4487 lict
911 4432 1056 4488 szccli
1076 4434 1342 4489 versatilis
1363 4435 1518 4499 ordo,

436 4523 661 4580 Latitiae
687 4538 959 4593 nunquam
991 4522 1063 4579 sit
1089 4522 1175 4578 cui
1220 4533 1367 4578 certa
1399 4523 1550 4579 iides.

369 4612 473 4681 Qui
492 4612 639 4683 jacet
668 4614 721 4668 in
753 4613 892 4669 lecto
915 4653 931 4677 ,
953 4614 1224 4682 quondam
1253 4613 1493 4668 certabat
1517 4612 1572 4667 in
1602 4612 1750 4684 agris

438 4708 571 4764 Cum
595 4707 791 4771 cervis,
819 4707 1071 4778 quoniam
1104 4704 1243 4760 fessa
1275 4714 1525 4761 senectus
1552 4706 1725 4761 adest.

367 4801 471 4870 Qui
498 4801 627 4857 olim
654 4799 864 4871 Syrano
899 4801 1053 4855 Letus
1083 4798 1374 4855 reeubabat
1402 4800 1452 4854 in
1484 4807 1636 4854 ostro

441 4894 544 4953 Vix
576 4893 953 4965 pannoveteri
976 4892 1167 4962 frfgida
1192 4894 1429 4947 membra
1462 4893 1609 4963 tegit.

366 4988 554 5059 Longa
576 4987 692 5043 dies
728 4985 912 5041 oculos
940 4993 1056 5040 atra
1083 4985 1310 5055 caligine
1332 4985 1563 5052 claudit,

442 5078 727 5150 Solivagos
751 5085 1100 5146 atomqu
1130 5090 1419 5131 numerare
1443 5077 1599 5130 solet.

377 5173 612 5228 Dextera
640 5184 761 5242 qum
786 5164 1013 5242 gladios,
1044 5182 1163 5237 qua:
1190 5165 1350 5221 fortia
1384 5166 1485 5222 tela
1512 5166 1777 5234 vibrabat,

444 5263 600 5322 Nunc
631 5260 836 5327 tremit,
867 5267 1030 5332 atque
1053 5259 1137 5315 ori
1176 5257 1405 5329 porrigit
1424 5273 1567 5329 τίετε
1590 5259 1791 5314 cibum.

374 5355 587 5413 Clarior
603 5368 730 5410 ecce
756 5350 883 5407 tuba
903 5344 1082 5406 subito
1106 5365 1208 5403 vox
1234 5345 1480 5403 faucibus
1506 5348 1685 5410 hausit,

448 5446 683 5503 Auribus
707 5443 966 5516 appositis
990 5456 1265 5497 murmura
1296 5440 1447 5497 lausa
1475 5452 1499 5481 ι
1528 5439 1653 5497 ciet.

453 5660 480 5715 ᾳ
518 5646 632 5715 Eo;
673 5646 977 5715 theodisca;
1012 5644 1176 5715 Leife,
1205 5658 1481 5698 murmura
1510 5643 1709 5698 tenuia.

457 5714 486 5753 Ι)
524 5712 693 5775 Ez!it.,
723 5713 1046 5781 lucrifacere.

2099 2141 2191 2196 Ille
2220 2146 2403 2194 manet
2430 2150 2665 2207 semper,
2704 2143 2763 2191 tu
2792 2146 3007 2205 quoque
3040 2147 3254 2205 semper
3277 2132 3404 2187 eris.

2030 2233 2168 2301 Quid
2191 2240 2247 2287 tu
2270 2229 2545 2302 pertristis
2566 2245 2760 2285 aurum
2782 2237 2836 2283 te
2874 2227 3105 2300 perdere
3126 2223 3371 2297 plangis?

2102 2327 2199 2381 Est
2220 2337 2352 2380 auro
2377 2323 2568 2379 melius
2604 2321 2910 2379 lucrificare
2934 2322 2967 2362 δ
2995 2320 3186 2375 Deum.

2028 2418 2172 2487 Quid
2197 2415 2407 2486 species
2447 2430 2612 2470 vanas
2632 2412 2973 2486 lacrymosis,
3002 2419 3150 2475 nate,
3178 2407 3411 2481 querelis

2102 2508 2485 2579 Persequeris;
2517 2508 2632 2564 haec
2670 2516 2726 2563 tu
2752 2522 2852 2563 cur
2881 2507 3117 2578 peritura
3141 2503 3295 2574 cupis
3312 2502 3339 2557 ἲ

2034 2607 2184 2663 Talia
2205 2607 2315 2678 jam
2342 2604 2548 2673 mundi,
2581 2620 2686 2660 non
2714 2602 2914 2661 Christi
2951 2602 3100 2674 luget
3127 2608 3360 2663 amator,

2105 2697 2211 2763 Sit,
2242 2710 2394 2768 rogo,
2423 2711 2529 2751 non
2565 2709 2781 2759 aurum,
2811 2693 2882 2748 sit
2905 2690 3001 2747 tibi
3029 2690 3281 2746 Christus
3306 2702 3477 2742 amor.

2029 2789 2116 2847 Ad
2151 2804 2268 2855 vos,
2297 2805 2332 2845 o
2357 2787 2576 2852 fratres,
2600 2796 2831 2851 vertam,
2858 2798 2976 2839 mea
2999 2794 3152 2847 cura,
3179 2794 3453 2843 camenas,

2105 2886 2367 2958 Alloquar
2385 2893 2440 2940 et
2465 2882 2654 2955 paucis
2681 2895 2776 2937 vos
2800 2881 2961 2935 modo
2999 2872 3301 2932 versiculis.

2037 2982 2148 3037 Vos
2172 2978 2350 3051 regale
2371 2992 2564 3051 genus,
2592 2974 2804 3031 soboles
2828 2971 3137 3028 veneranda
3160 2975 3438 3040 parentum

2107 3072 2458 3133 Sanctorum,
2486 3060 2579 3139 qui
2602 3082 2697 3123 vos
2717 3064 2831 3138 jam
2855 3078 3089 3136 genuere
3116 3063 3245 3117 Deo.

2040 3164 2257 3220 illorum
2285 3161 2496 3218 bibulas
2522 3158 2729 3215 meritis
2763 3167 2789 3195 ο
2820 3155 3133 3212 cmlestibus
3161 3164 3322 3207 aures

2112 3255 2266 3310 Nunc
2293 3254 2543 3309 adhibete
2570 3252 2661 3321 pio
2684 3257 2927 3321 pectore,
2952 3252 3152 3309 mente,
3189 3256 3369 3298 manu.

2040 3346 2114 3404 Ut
2141 3355 2391 3403 sanetum
2413 3342 2666 3413 precibus
2692 3347 2979 3396 conservet
2998 3351 3210 3408 semper
3233 3330 3373 3391 ovile
3388 3371 3405 3398 ,

2114 3438 2340 3493 Pectore
2362 3431 2621 3489 concordi
2656 3431 2801 3502 quod
2827 3438 3063 3487 statuere
3086 3429 3215 3482 Deo.

2041 3530 2270 3586 llorrida
2300 3542 2406 3583 non
2428 3524 2645 3596 frangat
2666 3530 2876 3579 vestras
2895 3520 3119 3577 tentatio
3145 3526 3374 3583 mentes,

2113 3619 2279 3691 impia
2310 3615 2651 3689 quam’vobis
2674 3614 2845 3687 gessit
2873 3614 3057 3681 iniqua
3083 3627 3295 3666 manus.

2042 3713 2150 3769 Sed
2171 3711 2343 3783 magis
2362 3711 2430 3766 ad
2450 3708 2691 3765 studium
2714 3708 2839 3763 vite
2865 3706 3107 3761 melioris
3135 3704 3396 3769 abundet,

2109 3803 2300 3859 incitet
2329 3806 2384 3856 et
2414 3807 2624 3856 mentes
2649 3812 2864 3868 semper
2889 3798 3079 3853 adesse
3111 3797 3244 3859 Deo,

2043 3894 2216 3965 Erigit
2238 3892 2440 3959 allisos,
2470 3890 2565 3961 qui
2592 3890 2840 3945 vulnerat
2865 3898 3028 3962 atque
3054 3888 3302 3943 medetur
3329 3906 3342 3941 :

2113 3986 2218 4054 Qui
2250 3984 2375 4041 fcrit
2400 3992 2563 4054 atque
2592 3989 2768 4047 sanat,
2804 3982 3038 4036 conterit
3062 3989 3224 4051 atque
3255 3979 3411 4034 levat.

2044 4074 2216 4131 Nocte
2235 4076 2430 4146 dieque
2448 4072 2610 4128 simul
2630 4073 2882 4142 precibus
2909 4070 3147 4151 insistite
3176 4069 3400 4133 sanctis,

2119 4164 2191 4221 Ut
2209 4179 2307 4220 vos
2324 4172 2613 4220 conservet
2631 4161 2789 4218 Iesus
2805 4161 3005 4232 ubique
3028 4162 3168 4231 pius.

2047 4254 2114 4311 Et
2140 4255 2187 4311 si
2208 4271 2328 4326 qua:
2354 4253 2603 4325 placeant
2628 4252 2886 4309 concordi
2912 4254 3177 4308 addiscite
3202 4252 3389 4318 corde,

2115 4348 2294 4418 Atque
2322 4347 2539 4417 implete
2569 4362 2755 4412 manu,
2779 4346 2924 4417 quod
2964 4346 3051 4417 pia
3077 4362 3230 4401 mens
3259 4346 3465 4416 cupiat.

1978 4464 2024 4525 ο
2042 4437 2141 4493 Sic
2167 4438 2379 4492 tandem
2404 4438 2560 4492 Vobis
2577 4437 2799 4508 clypeos
2825 4436 3106 4491 descendit
3129 4437 3197 4491 ab
3219 4436 3351 4498 alto,

2117 4529 2189 4586 Et
2204 4530 2418 4585 Domini
2449 4531 2634 4585 dextra
2656 4536 2900 4601 proteget
2917 4537 3077 4599 atque
3105 4537 3273 4599 reget.

2051 4621 2160 4679 Vos
2186 4629 2360 4676 estote
2380 4619 2605 4676 Patrum
2625 4634 2915 4685 memores.
2937 4620 3091 4691 queis
3121 4616 3340 4690 semper
3363 4620 3432 4675 ab
3457 4617 3572 4677 alto

2129 4712 2363 4768 Venerat
2383 4698 2666 4779 auxilium,
2689 4713 2850 4769 dante
2870 4710 3134 4776 Tonante,
3164 4712 3332 4784 pium.

2051 4804 2171 4860 Jam
2195 4803 2408 4876 Moyses
2434 4803 2627 4859 melius
2646 4804 2901 4885 precibus
2916 4818 3082 4885 quam
3106 4805 3383 4860 exercitus
3414 4803 3603 4865 armis,

2129 4894 2440 4950 Extendens
2473 4894 2678 4965 palmas
2701 4879 2886 4964 prazlia
2915 4879 3070 4949 sacra
3092 4894 3247 4966 mit.

2059 4987 2295 5042 Plurima
2323 5002 2421 5057 pro
2444 4986 2697 5058 lacrymis
2719 4995 3038 5042 sternuntur
3063 4986 3227 5040 millia
3254 4995 3430 5041 morte
3483 5025 3497 5031 -

2131 5078 2374 5135 Ezechia:
2393 5079 2534 5150 regis
2566 5078 2805 5149 pestiferi
2828 5077 3032 5149 populi,

2059 5167 2196 5224 lluic
2219 5184 2434 5238 quoque
2455 5175 2535 5224 ter
2554 5167 2747 5239 quinos
2766 5166 3007 5223 clemens
3042 5168 3183 5222 Deus
3206 5164 3413 5222 addidit
3442 5178 3635 5225 annos.

2128 5259 2233 5314 Pro
2257 5272 2438 5329 pnece,
2474 5272 2636 5327 quam
2658 5258 2894 5313 moriens
2924 5256 3097 5311 fundit
3120 5257 3190 5312 ab
3215 5270 3310 5311 ore
3336 5257 3476 5321 Deo;

2063 5348 2227 5419 ξω
2245 5348 2407 5403 Vobis
2434 5355 2559 5401 nota
2584 5362 2795 5411 canam,
2820 5345 3037 5411 fratres,
3067 5359 3188 5417 qua:
3217 5343 3283 5399 fe.
3303 5355 3419 5402 erat
3441 5343 3569 5403 olim

2137 5436 2390 5492 Ecclesia:
2423 5446 2621 5492 nostra!
2643 5435 2965 5509 pontificalis
2986 5450 3121 5506 apex
3146 5454 3160 5490 :

1956 3112 2010 3173 C

2138 5652 2159 5679 τ
2205 5638 2381 5701 Forte,
2413 5636 2641 5692 monitis.
