3866 6170
236 252 342 308 809

229 366 484 423 Prtesulis
512 367 712 441 egregii
746 370 995 440 precibus
1024 385 1082 428 se
1108 370 1323 427 ﬂamma
1353 372 1573 429 retorsit

300 456 506 513 Ledani
530 469 556 498 ι
579 461 872 528 quondam,
893 461 1111 519 Bebbau
1143 463 1213 521 ab
1238 464 1370 520 urbe
1391 463 1594 535 procul.

229 549 542 620 Composuit
571 551 826 620 precibus
860 553 1098 610 Eadbert
1118 554 1168 620 ιι,
1203 554 1510 611 minitantia
1543 562 1779 609 mortem

298 638 519 705 Flabra,
546 640 669 709 pius
688 642 885 711 pracsul
910 654 1087 701 vester
1112 654 1165 701 et
1190 645 1305 717 ipse
1331 646 1512 701 Pater.

227 730 452 802 Magnus
481 740 538 787 et
565 733 680 803 ipse
710 732 888 800 Pater,
916 736 1144 805 prazsul,
1166 745 1460 807 pastorque
1491 736 1744 792 sacerdos

294 821 623 888 Cudbertus,
646 833 840 879 vestrae
858 822 973 892 jam
1002 825 1167 880 decus
1187 825 1446 882 Ecclesia:

224 913 435 981 Quanta
460 912 568 983 piis
588 914 861 985 precibus,
894 916 1125 971 Domino
1145 917 1400 983 donante,
1426 916 1653 988 peregit,

293 1003 412 1058 Non
441 1017 586 1077 opus
612 1013 697 1061 est
721 1005 922 1061 nostris
947 1005 1128 1061 dicere
1165 1006 1451 1065 versiculis
1475 1022 1491 1070 ;

222 1097 359 1152 Dum
386 1098 541 1168 prius
565 1097 800 1153 heroicis
826 1096 1119 1168 praeclarus
1141 1097 1280 1153 Beda
1306 1097 1568 1167 magister

291 1187 555 1244 Versibus
583 1186 839 1258 explicuit
862 1180 1058 1258 inclyta
1079 1196 1227 1258 gesta
1252 1186 1466 1243 Patris:

220 1278 496 1336 Laudibus
522 1295 589 1336 ac
613 1278 848 1336 celebrat
869 1295 1028 1350 quem
1058 1288 1169 1336 tota
1194 1280 1475 1336 Britannia
1509 1279 1740 1344 crebris,

293 1370 362 1424 Et
394 1352 650 1440 precibus
680 1369 878 1441 rogitat
911 1386 971 1425 se
998 1371 1260 1426 auxiliare
1282 1372 1404 1442 piis.

220 1460 289 1516 lli
323 1461 485 1516 simul
514 1469 677 1532 atque
703 1461 816 1529 alii,
850 1462 898 1517 si
923 1462 966 1517 si
992 1472 1260 1534 prtecepta
1285 1463 1502 1529 tenetis,

293 1551 510 1606 illorum
535 1550 637 1623 {et}
661 1550 823 1605 ﬁxum
856 1559 943 1606 est
970 1566 1184 1622 semper
1210 1566 1393 1609 amare
1418 1552 1587 1608 Deum
1617 1563 1665 1618 ε,

216 1644 495 1700 lnstanter
521 1644 773 1714 precibus
796 1651 1037 1699 vestrum
1072 1651 1327 1699 tueantur
1353 1644 1524 1710 ovile,

294 1736 553 1793 Hostibus
577 1736 814 1808 expulsis
837 1736 1034 1791 moenia
1058 1746 1238 1791 vestra
1269 1735 1472 1795 fovent.

216 1828 530 1886 Posteriora
564 1829 717 1884 vobis
740 1827 964 1885 meliora
983 1827 1261 1898 prioribus
1282 1843 1404 1887 esse
1478 1852 1490 1861 ·

290 1918 524 1990 Legistis
544 1916 775 1976 fratres:
805 1917 884 1973 sic
906 1932 1119 1988 quoque
1147 1926 1326 1974 vestra
1352 1918 1499 1983 fient,

217 1997 277 2088 Si
305 2025 406 2065 vos
429 2009 482 2064 in
513 2009 797 2065 Dominum
820 2008 1052 2079 speratis
1073 2017 1312 2078 pectore,
1346 2009 1437 2078 qui
1468 2017 1593 2079 post

287 2097 408 2154 Jam
438 2098 647 2169 majora
670 2098 808 2155 solet
840 2099 1067 2155 verbera
1097 2099 1238 2154 dona
1259 2098 1408 2157 dare.

213 2191 284 2245 At
310 2198 392 2257 tu,
418 2198 727 2246 sanctorum
766 2189 969 2247 Prtesul
996 2189 1025 2229 ἀ
1062 2204 1345 2246 successor
1368 2204 1593 2247 avorum

288 2281 395 2349 Qui
422 2281 603 2351 pascis
628 2280 904 2351 populum,
932 2280 1026 2350 qui
1047 2279 1166 2336 loca
1197 2287 1384 2336 saneta
1415 2287 1603 2336 tenes:

219 2373 294 2429 Es
320 2387 541 2444 magno,
570 2380 631 2427 ut
655 2373 834 2438 video,
864 2387 1121 2429 curarum
1148 2371 1386 2441 pondere
1412 2384 1670 2441 pressus;

292 2458 451 2531 Quod
477 2471 587 2519 tam
610 2463 728 2519 dira
756 2462 860 2520 fuit
884 2472 1127 2534 tempore
1150 2463 1307 2533 plaga
1333 2470 1457 2529 tuo;

218 2554 424 2611 Tecum
448 2554 644 2627 plango
673 2562 792 2610 tuos
822 2569 1001 2620 casus,
1032 2554 1355 2609 charissime
1386 2554 1589 2621 frater;

284 2646 397 2704 Ora
425 2645 597 2702 ﬂuunt
625 2647 902 2718 lacrymis,
924 2652 1144 2717 pectora
1179 2651 1372 2702 moesta
1402 2643 1601 2699 dolent.

215 2738 430 2810 Saepius
453 2739 808 2811 ingeminans,
839 2745 992 2794 tanto
1025 2749 1047 2777 θ
1080 2738 1180 2793 sub
1232 2749 1511 2791 murmure
1535 2748 1765 2800 mecum,

282 2827 575 2893 Omnibus,
603 2828 739 2884 heu!
771 2841 935 2898 quam
956 2826 1027 2882 sit
1048 2825 1136 2882 illa
1159 2825 1386 2883 dolenda
1419 2824 1554 2888 dies,

212 2919 331 2988 Qua
361 2932 572 2989 pagana
598 2933 811 2983 manus,
840 2918 1065 2973 veniens
1086 2932 1117 2971 a
1138 2916 1337 2971 finibus
1363 2914 1531 2978 orbis,

281 3009 518 3082 Navigio
542 3010 719 3066 subito
746 3009 928 3065 littora
952 3016 1138 3065 nostra
1165 3008 1331 3079 petit;

1267 256 1596 321 (ἈΗΜΙΝΑ.
1636 289 1707 301 -
1747 252 2259 323 EPIGRAMMA“,
2298 251 2451 313 ETC.

3389 261 3495 318 810

1844 372 1890 432 Α
1992 368 2244 433 Munera;
2279 368 2460 433 credo,
2485 368 2633 437 pium
2670 384 2865 425 munus
2897 377 2953 427 et
2988 371 3102 442 ipsa
3130 370 3251 426 fuit.

1920 456 2068 512 Felix
2109 457 2222 526 ipsa
2248 457 2363 512 dies
2391 456 2516 523 illis,
2547 456 2592 512 si
2618 457 2791 513 tristia
2817 459 2973 515 nobis

1989 548 2217 603 Pectora
2242 546 2487 614 fecisset;
2522 548 2599 604 sic
2625 548 2829 619 petiere
2853 550 3070 620 polum;

1918 638 1984 692 Et
2015 639 2217 694 sanctis
2241 639 2371 694 socii
2405 639 2533 694 facti
2551 641 2629 697 sic
2654 642 2912 712 sanguine
2943 658 3123 708 sacro,

1987 729 2089 797 Qui
2126 745 2183 785 sc
2210 732 2309 787 sub
2337 730 2554 787 Christo
2582 731 2876 800 subjiciunt
2902 733 3115 803 gladiis.

1917 820 2026 877 llos
2054 831 2185 892 puto
2209 832 2538 895 quapropter
2562 825 2716 880 nobis
2737 842 2843 881 non
2866 841 2988 881 esse
3008 827 3318 898 gemendus,
3406 846 3409 847 '

1987 910 2134 979 Quos
2154 913 2344 968 melior
2381 913 2519 970 coelo
2551 914 2664 969 vita
2691 915 2791 970 sibi
2823 916 3021 987 rapuit.

1916 1002 2110 1058 Desine
2140 1014 2466 1075 quapropter
2492 1006 2747 1077 lacrymis
2778 1006 2877 1062 hos
2900 1007 3176 1080 plangere,
3207 1011 3424 1079 prmsul,

1986 1093 2131 1160 Quos
2161 1095 2261 1150 sibi
2284 1104 2540 1167 perpetuo
2565 1096 2815 1154 Christus
2844 1100 3008 1155 habet
3046 1101 3222 1156 socios
3253 1120 3265 1154 :

1914 1184 2097 1254 Teque
2125 1187 2298 1259 magis
2319 1185 2485 1244 facias
2513 1197 2623 1244 tota
2650 1191 2850 1245 virtute
2870 1199 3141 1260 paratum,

1984 1274 2056 1330 Ut
2086 1291 2195 1345 quo
2229 1278 2513 1347 pervenias
2542 1278 2716 1335 tristia
2743 1281 2885 1335 nulla
2916 1280 3067 1335 fiant.

1910 1366 2111 1437 Inclyta
2139 1378 2455 1438 perpetuam
2485 1379 2706 1439 praestat
2726 1373 2981 1441 patientia
3010 1373 3198 1439 vitam,

1984 1456 2052 1513 Ut
2082 1474 2184 1513 vox
2210 1458 2447 1514 veridica
2476 1462 2798 1531 promiserat
2819 1463 2934 1533 ipsa
2964 1464 3079 1519 Dei.

1909 1548 2014 1605 Fer
2038 1550 2306 1619 patienter
2334 1566 2471 1606 onus
2499 1551 2702 1608 Christi
2726 1561 2781 1608 tu
2803 1554 2957 1609 triste
2982 1557 3257 1623 sacerdos,

1976 1639 2078 1695 Job
2115 1641 2361 1711 exempla
2406 1642 2559 1697 dabit
2587 1652 2763 1699 motor
2789 1654 2845 1699 et
2869 1646 2985 1716 ipse
3012 1648 3136 1703 sibi.

1831 1748 1878 1808 Β
1908 1729 2059 1787 Miles
2094 1729 2147 1787 εὶ
2173 1731 2429 1787 Ecclesiae
2464 1728 2664 1788 Paulus
2706 1749 2804 1805 per
2825 1736 2969 1792 mille
2992 1738 3317 1810 triumphos,

1976 1823 2079 1891 Qui
2110 1839 2208 1879 sua
2236 1840 2341 1879 non
2381 1825 2551 1882 doluit
2577 1826 2821 1894 vulnera,
2856 1838 3035 1885 mente
3061 1840 3272 1901 potens.

1905 1911 2038 1980 Quis
2060 1913 2177 1969 sine
2208 1914 2289 1969 vel
2316 1915 2469 1971 miles
2496 1917 2674 1988 capiat
2694 1918 2989 1974 certamine
3016 1920 3276 1991 palmam,

1980 2003 2127 2059 Bella
2149 2004 2377 2061 nefanda
2404 2007 2609 2063 dabunt
2625 2009 2846 2079 praemia
2877 2022 3072 2080 magna
3102 2012 3235 2067 suis.

1907 2095 2013 2151 Per
2037 2096 2267 2163 gladios,
2289 2106 2507 2163 mortes,
2535 2107 2736 2169 pestes,
2769 2114 2869 2169 per
2896 2100 3023 2168 tela,
3054 2116 3152 2173 per
3180 2101 3355 2175 ignes,

1976 2185 2233 2257 Martyrio
2260 2189 2434 2243 sancti
2476 2203 2641 2259 regna
2673 2190 2828 2245 beata
2853 2197 3063 2262 petunt.

1907 2276 2206 2333 Stemmate
2228 2279 2344 2349 jam
2367 2280 2567 2350 gaudet
2593 2280 2738 2346 belli,
2767 2282 2859 2351 qui
2891 2290 3179 2340 stemmate
3198 2284 3391 2350 vincit,

1975 2368 2165 2425 Praelia
2193 2377 2315 2441 post
2346 2379 2528 2436 terrae,
2556 2381 2746 2443 regnat
2766 2373 2821 2428 in
2842 2388 2968 2430 arce
2995 2374 3126 2446 poli.

1907 2456 1965 2513 Si
1990 2458 2120 2529 quid
2145 2460 2420 2531 displicuit
2443 2460 2659 2517 Christo
2680 2462 2796 2534 jam
2823 2473 3019 2521 cuncta
3050 2465 3280 2532 videnti,

1978 2550 2217 2607 Moribus
2244 2553 2299 2606 in
2321 2553 2520 2608 vestris
2546 2554 2803 2625 corrigite
2825 2555 2930 2611 hoc
2953 2556 3134 2612 citius.

1908 2644 1980 2709 Ut
2014 2646 2136 2716 pius
2160 2646 2435 2716 egregium
2466 2655 2751 2702 conservet
2775 2655 2964 2719 pastor
2988 2647 3148 2712 ovile,

1976 2735 2055 2791 Ne
2080 2736 2282 2807 rapidis
2316 2737 2493 2807 capiat
2518 2738 2621 2793 hoc
2652 2737 2811 2809 lupus
2840 2738 3072 2794 insidiis.

1907 2824 2024 2881 Non
2043 2832 2128 2881 est
2146 2826 2342 2898 quippe
2367 2826 2511 2882 Deus
2529 2827 2706 2898 pcenis
2729 2827 3028 2899 culpandus
3054 2828 3111 2884 in
3136 2828 3283 2893 istis,

1868 2920 1876 2929 '
1979 2915 2089 2972 Sed
2114 2925 2299 2973 nostra
2333 2917 2388 2972 in
2412 2917 2607 2972 melius
2635 2918 2750 2975 vita
2787 2917 3010 2976 ferenda
3037 2919 3167 2975 cito.

1908 3008 1979 3065 Et
1998 3008 2088 3079 pia
2108 3007 2371 3065 ﬂectenda
2392 3018 2475 3064 est
2498 3009 2750 3080 precibus
2774 3010 3059 3067 clementia
3083 3010 3305 3077 nostris,

211 3103 641 3176 Exspoliansque
660 3103 880 3160 Patrum
897 3101 1201 3161 veneranda
1230 3100 1482 3173 sepulcra
1496 3102 1727 3159 duorum
1748 3100 1769 3140 τ
1787 3116 1801 3167 ;
1832 3096 1883 3168 C
1981 3098 2259 3166 Quatenus
2283 3114 2311 3152 a
2347 3099 2504 3155 nobis
2532 3097 2825 3156 transferat
2846 3100 2962 3171 ipse
2985 3099 3210 3175 plagas:

281 3196 401 3253 Nec
422 3211 529 3252 non
554 3195 773 3254 fcedavit
800 3194 997 3265 templa
1027 3193 1203 3252 dicata
1232 3192 1348 3250 Dei.

211 3286 395 3356 Atque
424 3284 519 3340 Dei
543 3283 743 3340 Christi
774 3283 1128 3342 mundissima
1158 3282 1314 3339 vinea
1345 3282 1552 3339 Sorech

282 3377 540 3448 Vulpinis
565 3377 745 3433 subito
770 3374 1020 3430 dentibus
1042 3390 1165 3430 esca
1189 3373 1291 3430 fuit
1321 3393 1335 3441 ;

214 3468 283 3525 Et
302 3467 517 3540 lapides
553 3467 732 3523 subito
760 3474 989 3537 pereunt
1017 3465 1208 3521 altaria
1241 3467 1453 3523 circum

284 3559 628 3629 Quapropter
653 3558 860 3613 cithara
881 3557 1003 3627 plus
1023 3558 1188 3630 gemit
1223 3574 1350 3613 ecce
1380 3574 1519 3614 mea.

215 3650 454 3707 Victima
476 3647 617 3704 facta
648 3648 769 3715 fuit,
796 3649 1023 3704 Domino
1047 3662 1168 3718 qua:
1198 3647 1341 3704 ferre
1370 3650 1574 3710 solebat

284 3818 317 3848 ι
357 3803 578 3859 Ledam'.
614 3803 924 3874 Legendum
968 3802 1181 3866 Aidani,
1206 3816 1319 3874 seu
1342 3800 1523 3874 βάριῃὶ
1545 3801 1806 3874 (quono-

215 3877 368 3934 mine
399 3882 623 3933 vocatur
665 3871 905 3931 carmine
938 3887 1052 3943 seq.
1090 3887 1231 3943 vers.
1262 3871 1387 3943 692)
1416 3871 1650 3943 episcopi
1673 3872 1804 3931 Lin-

217 3944 599 4009 disfarnensis,
626 3945 690 4002 de
715 3959 823 4011 quo
844 3942 1191 4013 idem,’cujus
1242 3942 1332 4002 hic
1366 3942 1570 4013 mentio
1592 3942 1672 4009 ﬁt,
1704 3944 1807 4002 mi—

216 4017 466 4079 taculum
490 4014 660 4071 refert
690 4016 825 4072 Ven.
852 4013 992 4073 Beda
1034 4012 1126 4069 lib.
1180 4030 1240 4070 Ill
1288 4012 1538 4083 Historias
1589 4028 1706 4083 cap.
1739 4013 1808 4069 l6

215 4089 329 4147 hoc
386 4087 549 4142 modo
587 4103 600 4139 :
654 4102 674 4135 ι
721 4084 987 4155 Tempore
1021 4084 1361 4155 episcopatus
1419 4082 1537 4155 ejus
1582 4082 1806 4155 hostilis

216 4158 546 4219 Merciorum
587 4153 878 4221 exercitus,
904 4153 1084 4211 Penda
1125 4153 1279 4219 duce,
1301 4153 1806 4213 Nordhumbrorum

216 4228 474 4310 regiones
496 4225 660 4295 impia
691 4226 842 4282 clade
888 4225 1046 4306 longe
1083 4223 1298 4294 lateque
1347 4224 1650 4290 devastans,
1683 4239 1806 4292 per-

215 4307 372 4356 venit
401 4297 467 4352 ad
497 4296 684 4351 urbem
712 4310 881 4365 usque
915 4310 1141 4365 regiam,
1159 4310 1290 4365 quae
1312 4310 1381 4349 ex
1401 4293 1597 4350 Bebbae
1634 4309 1807 4365 quonv

216 4370 349 4426 dam
388 4368 587 4439 reginae
608 4366 867 4423 vocabulo
921 4366 1352 4439 cognominatur,
1384 4379 1642 4439 eamque.
1665 4404 1680 4421 .
1706 4405 1718 4420 .
1746 4402 1763 4418 .
1786 4404 1802 4419 .

1910 3191 2089 3261 Atque
2112 3191 2226 3247 suis
2254 3191 2491 3248 clemens
2514 3198 2736 3262 praestet
2757 3192 2950 3248 solatia
2981 3192 3178 3257 servis,

1980 3281 2247 3351 Tempora
2274 3283 2574 3339 concedens
2600 3298 2857 3356 prospera
2879 3290 3072 3345 cuncta
3101 3284 3316 3359 quibus.

1908 3370 2260 3441 llymnidicas
2287 3370 2408 3426 laeta
2434 3370 2619 3427 laudes
2638 3378 2693 3426 et
2715 3379 2897 3428 mente
2925 3388 3187 3429 canamus

1978 3459 2303 3516 Celsithroni
2334 3460 2512 3517 cuncti
2542 3476 2756 3539 semper
2783 3464 2984 3535 ubique
3012 3465 3192 3525 simul.

1908 3555 2051 3611 Laus
2079 3557 2185 3625 cui,
2220 3557 2417 3625 cultus,
2452 3559 2642 3623 honor,
2666 3560 2862 3629 virtus,
2897 3561 3225 3630 benedictio,
3250 3579 3493 3633 carmen,

1979 3647 2205 3718 Semper
2226 3649 2278 3703 in
2301 3658 2588 3717 :eternum,
2618 3651 2785 3723 gloria
2814 3669 3009 3731 magna
3040 3654 3170 3711 Deo.

1907 3804 2156 3881 Canisius
2178 3803 2349 3881 edidit
2390 3804 2543 3859 Lect.
2583 3804 2937 3881 Antiquarum
2990 3807 3214 3881 edit.__D.
3250 3808 3497 3881 Basnags

1907 3882 2040 3955 tom.
2067 3873 2133 3937 Il,
2157 3887 2281 3942 pag.
2311 3872 2346 3955 _5
2372 3880 2598 3955 διέρρει.
2628 3873 2710 3933 Ad
2727 3872 2984 3955 sanctum
3020 3872 3496 3955 Eadbertpm_pe'r-

1908 3945 2085 3999 tinere
2110 3950 2397 4024 sequentes
2426 3942 2569 3996 illius
2589 3942 2847 4024 carminis
2866 3958 3055 4024 versus
3085 3946 3313 4002 credidit
3350 3942 3495 4007 Hen-

1908 4015 2161 4067 schenius
2190 4028 2241 4066 In
2275 4011 2396 4064 Vita
2451 4020 2624 4066 sancti
2678 4011 2952 4067 Eadberti.
2993 4014 3113 4067 Act.
3140 4013 3238 4067 SS.
3269 4027 3400 4067 tom.
3452 4018 3491 4067 ll

1907 4015 2161 4068 schenius
2190 4013 2241 4066 in
2275 4013 2396 4064 Vita
2451 4013 2624 4066 sancti
2678 4013 2952 4076 Eadberti,
2993 4014 3113 4068 Act.
3140 4013 3238 4070 SS.
3269 4027 3400 4072 tom.
3452 4018 3492 4073 ll

1909 4083 2086 4138 Martii
2111 4097 2235 4152 pag.
2261 4080 2383 4146 408,
2415 4080 2556 4136 Edit.
2591 4081 2785 4137 Venet.

1967 4196 2030 4249 N.
2064 4197 2141 4249 ιο.
2167 4194 2446 4260 Morborum
2473 4192 2668 4260 fugiunt
2688 4192 2844 4258 labes,
2866 4192 3001 4247 furor
3025 4197 3201 4260 impius
3226 4200 3318 4250 atri

2172 4258 2423 4311 Damonis
2445 4258 2656 4308 absistit.

1908 4364 2067 4422 Certe
2090 4364 2207 4420 haec
2229 4376 2351 4417 cum
2370 4361 2627 4433 praesenti
2638 4360 2850 4418 Alcuini
2869 4361 3181 4420 testimonio
3207 4363 3343 4419 bene
3369 4378 3496 4420 cono

215 4432 791 4517 ﬂammis‘abspmere“
806 4432 1031 4517 conatus
1072 4442 1175 4517 est.
1203 4474 1217 4493 .
1245 4475 1257 4489 .
1286 4473 1301 4491 .
1326 4473 1342 4490 .
1371 4475 1384 4489 .
1407 4433 1484 4517 .S.
1517 4432 1759 4495 Aidanus
1783 4476 1799 4501 ,
1832 4455 1885 4517 ι)
1906 4436 2149 4517 veniunt.
2171 4432 2385 4517 Desunt
2395 4448 2526 4490 vero
2541 4434 2713 4489 sancti
2730 4433 2980 4516 βλάβενιί
3006 4432 3193 4499 Actus,
3209 4448 3346 4517 qups
3364 4434 3495 4517 olim

218 4525 349 4567 cum
378 4509 558 4567 ventis
577 4507 878 4565 furentibus

218 4525 349 4567 cum
378 4522 558 4567 ventis
577 4522 878 4565 Iurennnus
936 4522 1083 4562 IODOS
1105 4522 1290 4575 igneos
1315 4522 1378 4561 ac
1404 4522 1610 4563 turnum
1641 4522 1802 4576 supra

217 4594 414 4638 muros
440 4579 593 4637 urbis
615 4578 871 4635 exhalare
897 4522 985 4648 fex
1021 4576 1194 4637 insula
1219 4575 1417 4648 Farne)
1442 4577 1802 4648 conspiceret,

216 4652 398 4709 fertur
420 4648 842 4720 etrivatisoeulis
885 4647 1252 4720 manibusque
1279 4647 1415 4720 cum
1447 4647 1809 4720 lacrymisdi-

218 4725 371 4783 xisse
396 4739 410 4774 :
450 4718 603 4785 Vide,
632 4719 881 4789 Domine,
901 4728 1100 4789 quanta
1144 4716 1288 4789 mala
1317 4717 1436 4787 fecit
1460 4716 1663 4789 Penda.
1687 4717 1810 4785 Quo

221 4795 372 4850 dicto
411 4790 594 4847 statim
625 4789 816 4845 mutati
839 4788 1066 4847 ab'urbe
1085 4788 1232 4849 venti
1262 4788 1315 4843 in
1363 4802 1481 4852 eos,
1503 4788 1595 4857 qui
1616 4802 1806 4844 acceno

221 4863 443 4927 derant.
462 4860 801 4920 ﬂammarum
831 4858 1077 4917 incendia
1122 4866 1479 4922 retorserunt,
1512 4858 1589 4913 ita
1613 4865 1674 4913 ut
1710 4857 1810 4914 ali-

222 4931 322 5003 qui
342 4929 485 4995 lassi,
512 4946 705 5012 omnes
729 4931 903 5012 territi
952 4930 1266 5012 impugnare
1312 4928 1453 4985 ultra
1476 4928 1810 5012 urben't‘cesp

223 4996 439 5068 sat-ent,
466 5017 629 5071 quam
655 5002 911 5071 divinitus
948 4996 1127 5069 iuvari
1167 5005 1565 5071 cognoverant,
1592 5017 1611 5051 ι
1639 4996 1809 5071 Porro

148 5102 158 5112 ι
223 5066 460 5129 Bebbarn
485 5066 645 5129 hodie
671 5081 756 5129 est
774 5066 1110 5129 Bambbrrow
1134 5112 1150 5135 .
1190 5066 1381 5129 Latine
1415 5066 1702 5125 Cambomr
1753 5068 1809 5124 in

224 5143 640 5209 Northumbria,
669 5143 772 5198 sita
798 5155 829 5194 e
869 5140 1091 5210 regione
1118 5139 1304 5210 insula:
1328 5137 1815 5210 Lindisfarnensis,

226 5230 350 5285 qua
372 5214 535 5285 hodie
560 5206 757 5285 nomen
794 5206 1016 5285 obtinet
1042 5208 1309 5285 Holgland
1332 5224 1445 5285 seu
1476 5206 1810 5285 Ιηῃιια-εαπν

229 5278 337 5341 ita.
371 5283 449 5340 La
481 5283 813 5346 Martiniére,
835 5280 1016 5336 Graud
1043 5278 1422 5345 Dict'ionnaire,
1454 5280 1603 5334 verb.
1650 5278 1811 5333 Bam-

230 5353 434 5432 borrog
460 5363 517 5432 et
537 5353 893 5432 Lindisfarne.
943 5420 1039 5432 MA
1074 5418 1096 5432 ,,
1161 5428 1170 5432 _
1360 5419 1372 5431 .
1603 5417 1625 5432 .
1649 5419 1662 5432 .
1719 5418 1754 5432 ..

301 5426 331 5468 δ
371 5422 628 5500 Eadbert,
655 5417 747 5495 qui
770 5438 912 5478 anno
939 5420 1042 5477 688
1070 5418 1246 5500 factus
1603 5417 1816 5500 Lindis-

231 5493 527 5560 farnensis,
555 5488 801 5550 murinus
841 5502 926 5548 est
961 5507 1102 5547 anno
1131 5489 1233 5546 698
1259 5488 1412 5546 sex-to
1447 5488 1592 5544 ﬂaii.
1633 5488 1709 5560 De
1750 5503 1815 5560 eo

233 5557 530 5641 VenzBeda
555 5566 666 5639 agit
687 5564 854 5641 variis
870 5564 1236 5641 locis,_n_empe
1254 5560 1360 5641 lib.
1377 5575 1433 5641 ιχ
1458 5560 1599 5641 ilict.
1628 5557 1817 5641 gentis

234 5634 562 5708 Anglorum;
584 5629 711 5708 cap.
737 5635 829 5708 29,
855 5643 913 5690 et
937 5633 1142 5708 in__Vita
1172 5629 1365 5708 sancti
1384 5629 1664 5708 CUthberti
1695 5643 1815 5698 cap.

239 5706 303 5760 il
324 5700 386 5763 'et
416 5707 502 5761 12.
543 5700 675 5762 item
701 5705 754 5759 in
778 5705 945 5759 altera
972 5703 1093 5758 Vita
1122 5703 1362 5759 carmine
1408 5700 1627 5770 scripta,
1654 5713 1837 5772 quam

600 5800 873 5858 Panos.
921 5793 1019 5854 CI.

934 4505 1083 4562 lobos
1105 4505 1290 4575 igneos
1315 4520 1378 4561 ac
1400 4504 1610 4576 fumum
1641 4521 1803 4576 supra
1833 4504 1878 4517 "
1910 4506 1967 4561 S.
1995 4504 2140 4562 Beda
2168 4505 2233 4560 de
2254 4504 2444 4576 eodem
2471 4519 2631 4567 versu
2657 4504 2944 4576 scripsistie
2964 4515 3254 4571 memorat,
3424 4506 3496 4561 ci-

1912 4584 2048 4643 tato,
2071 4576 2158 4633 his
2181 4574 2363 4637 verbis
2392 4595 2405 4629 :

2160 4727 2170 4736 .
2202 4722 2217 4738 .
2244 4722 2255 4735 .
2285 4722 2299 4737 .
2328 4723 2341 4737 .
2364 4725 2377 4737 .
2400 4723 2413 4736 .
2439 4686 2598 4739 Versu
2620 4685 2929 4738 memoratur
2947 4691 3001 4739 ut
3021 4685 3136 4741 olim

2162 4748 2297 4800 illius
2320 4750 2526 4815 egegios
2551 4742 2777 4797 referens
2797 4748 3032 4799 antistitis
3056 4758 3207 4799 actus.

1986 4867 2008 4896 ε
2048 4855 2128 4910 Ita
2154 4854 2298 4925 hunc
2360 4864 2575 4925 versum
2609 4850 2884 4925 emendari
2905 4866 3080 4925 posse
3122 4828 3454 4916 credidimus
3477 4895 3494 4925 ,

1913 4941 2037 4983 cum
2060 4925 2114 4980 in
2137 4923 2373 4979 editione
2401 4920 2725 4991 Quercetani
2760 4920 3017 4981 mendose
3043 4921 3348 4994 legeretur:

2159 5033 2356 5085 Illorum
2379 5032 2501 5089 ﬁxos
2524 5036 2822 5095 estsemper
2845 5045 3008 5087 amore
3030 5033 3143 5089 Dei.

1984 5143 2021 5183 δ’
2051 5141 2116 5196 At
2161 5148 2217 5192 tu
2238 5147 2539 5209 sanctorum
2571 5133 2768 5209 praesul
2795 5176 2809 5200 ,
2830 5142 2959 5209 etc.
2993 5135 3352 5209 Hugibaldum
3400 5139 3499 5209 abs

1916 5212 2079 5286 dubio
2103 5206 2414 5286 compellat,
2436 5207 2526 5279 qui
2552 5205 2794 5286 tempore
2828 5205 2990 5286 illius
3019 5205 3200 5286 cladis.
3228 5207 3499 5286 rexitAEc:

1915 5284 2136 5343 eleslam
2149 5275 2759 5343 Lindisfarnensemuti
2782 5283 2997 5351 constat
3022 5275 3342 5351 e_x_epistola
3371 5278 3407 5333 9
3430 5279 3497 5351 ad

1914 5353 2163 5411 eumdem
2190 5358 2247 5405 et
2287 5347 3017 5419 omnemﬂcong-regatiooem
3044 5345 3501 5419 Lindisfarnensis

1916 5422 2174 5479 Ecclesiae
2209 5419 2431 5488 scripta.
2471 5417 2605 5474 Vide
2627 5416 2790 5473 etiam
2820 5416 3103 5487 epistolam
3132 5417 3193 5473 H
3224 5416 3292 5473 ad
3316 5417 3499 5476 didii-

1920 5496 2108 5562 redum
2131 5503 2342 5562 regem,»
2367 5497 2472 5544 etc.

1936 5611 1942 5619 .
1997 5577 2018 5604 θ
2059 5560 2215 5632 Leg.;
2240 5560 2419 5613 tacito.

1997 5634 2013 5672 ί
2060 5632 2244 5698 Forte,
2269 5638 2505 5684 tuorum.

1982 5781 2024 5797 ⁴
2949 5786 3029 5844 26
