3866 6170
316 304 412 358 8U
1136 296 1196 350 Β.
1238 295 1300 350 F.
1339 292 1566 348 ALBINI
1607 291 1737 347 SEU
1778 288 2055 345 ALCUlNl
2098 290 2380 347 OPERUM
2421 286 2596 343 PARS
2638 285 2721 339 Vl.
2938 246 2947 251 .
3473 279 3581 338 8ιέ

902 407 1177 465 CCLXXX
1219 409 1315 461 bis.
1927 405 1980 462 Α
2006 400 2251 469 Alipedes
2279 400 2508 470 Gripbes
2534 398 2714 453 subito
2731 438 2743 461 ,
2773 395 3140 467 Harpyiasque
3163 394 3409 450 volucres

1998 492 2055 546 ln
2084 494 2324 564 placidas
2348 492 2615 549 convertit
2642 506 2796 557 aves,
2823 490 3075 559 dirosque
3100 489 3365 546 molossos

2001 586 2300 641 Transtulit
2325 586 2378 639 in
2405 583 2554 638 molli
2579 591 2752 637 tectas
2774 581 3026 653 lanugine
3052 582 3277 638 damas:

686 539 710 567 ⁸
753 526 827 581 De
865 521 1207 579 ϐοηιοωηςέοηε
1249 520 1537 573 διιποιιιωη.

316 641 546 708 Quintus
575 646 692 697 erat
720 636 907 691 mundi
939 634 1110 689 tristis
1138 632 1205 708 ab
1233 629 1443 699 origine
1475 626 1629 680 limes
1659 626 1686 664 ι)

319 732 605 802 Expletus,
634 728 825 782 morbo
852 726 1077 780 nimium
1106 720 1406 776 labefactus
1434 733 1627 772 acervo
1655 729 1675 757 ε

317 826 587 896 Quattuor
612 819 889 876 horribilis
914 825 1085 871 metas
1110 815 1236 868 dum
1269 810 1534 880 torquerit
1555 809 1702 863 orbis
1725 827 1737 861 :

319 915 564 983 Dumque
592 911 786 966 diurna
816 916 1000 963 rotans
1024 904 1301 960 redeuntia
1330 903 1487 957 smcla
1514 901 1781 962 redirent,

318 1004 449 1070 Quae
474 1002 715 1073 patribus
737 998 1002 1069 promissa
1031 996 1224 1049 darent
1244 992 1503 1063 fulgentia
1535 1004 1719 1060 regna.

318 1094 447 1147 Post
473 1090 619 1160 capit
644 1086 852 1160 [cmpit]
880 1094 1068 1141 sextus
1094 1083 1223 1139 felix
1250 1098 1308 1137 se
1330 1082 1545 1137 volvere
1571 1081 1757 1145 cardo,

323 1183 429 1250 Qui
455 1180 653 1235 meruit
680 1178 895 1232 tandem
919 1176 1238 1247 praedictum
1264 1172 1523 1242 germinis
1550 1171 1647 1227 alti

320 1273 650 1334 Adventum,
680 1268 918 1337 antiquis
941 1266 1229 1335 multisque
1253 1279 1538 1334 capessere
1564 1262 1759 1329 smclis.

320 1362 423 1429 Qui
449 1362 675 1417 Genitor
701 1360 834 1415 solio
858 1358 1096 1413 clemens
1122 1355 1398 1427 prospexit
1420 1355 1486 1409 ab
1509 1352 1618 1407 alto

324 1451 692 1523 Pompiferum
720 1446 1008 1510 mundum,
1038 1447 1171 1501 dura
1192 1445 1291 1499 sub
1314 1450 1487 1499 morte
1507 1441 1779 1512 jacentem
1796 1480 1810 1505 ,

301 1547 392 1614 .Et
419 1558 587 1614 genus
609 1543 903 1597 humanum
920 1579 934 1604 ,
962 1554 1029 1593 ex
1051 1537 1181 1592 limo
1204 1536 1344 1606 quod
1371 1534 1574 1590 fecerat
1600 1533 1728 1587 olim
1746 1572 1762 1597 ,

256 1695 262 1698 4
296 1610 383 1688 itu
408 1610 652 1688 barathri
679 1643 908 1685 cernens
937 1627 1147 1682 foveam
1177 1626 1431 1681 mersisse
1452 1622 1794 1694 profundam.

322 1726 475 1780 Tunc
498 1730 653 1794 pater
678 1720 1041 1791 omnipotens,
1073 1732 1254 1772 rerum
1282 1715 1617 1787 gratissimus
1641 1718 1847 1775 auctor,

320 1814 413 1868 llle
437 1812 560 1883 pius
588 1820 755 1875 sator,
784 1822 1034 1879 superam
1058 1806 1149 1876 qui
1177 1815 1440 1876 temperat
1464 1819 1652 1870 axem,

325 1900 651 1972 Progeniem
675 1905 919 1954 sanctam
945 1894 1201 1965 przecelsa
1225 1895 1375 1949 mitis
1402 1894 1471 1949 ab
1494 1908 1621 1948 arce

330 1994 506 2058 Misit,
532 2000 587 2045 et
607 1988 878 2060 extemplo
900 1986 1071 2042 cinxit
1093 1986 1185 2040 lux
1210 2000 1373 2040 aurea
1399 1983 1659 2039 mundum

329 2082 564 2140 llorrida
587 2082 865 2153 probrosae
893 2078 1125 2147 dempsit
1148 2077 1240 2146 qui
1264 2076 1492 2130 erimina
1518 2074 1707 2130 mortis
1727 2116 1741 2140 ,

325 2175 394 2229 Et
420 2173 632 2229 facinus
659 2168 844 2248 mundi
870 2164 1125 2223 Iordanis
1151 2166 1282 2220 lavit
1307 2166 1361 2219 in
1385 2164 1547 2219 undis
1569 2205 1582 2230 ,

329 2264 680 2335 Signavitque
703 2261 823 2331 pios
846 2258 1072 2330 pretiosi
1100 2256 1377 2328 sanguinis
1398 2262 1567 2311 ostro.

330 2354 422 2410 Sic
448 2367 662 2424 quoque
686 2349 941 2405 fellivomi
963 2349 1203 2420 praedam
1228 2347 1297 2401 de
1320 2345 1475 2401 fauce
1500 2345 1740 2417 chelydri

327 2444 599 2509 Abstulit,
629 2450 685 2498 et
712 2439 971 2511 quoquidi
1001 2438 1117 2510 (sic)
1147 2437 1354 2493 calidas
1379 2436 1627 2507 spoliavit
1649 2450 1860 2503 arenas,

330 2535 519 2592 Victor
542 2548 711 2589 ovans
733 2530 924 2595 rediit,
950 2529 1185 2598 patriam
1214 2527 1476 2581 remeavit
1500 2527 1569 2582 ad
1595 2542 1795 2582 arcem.

327 2627 449 2682 Jam
474 2625 839 2695 septingentos
864 2619 1045 2674 ﬁnitos
1072 2618 1290 2673 circiter
1313 2632 1485 2673 annos

2002 675 2402 744 Saltigerosquc
2425 674 2622 744 tigres,
2652 672 2793 726 fulva
2820 673 3029 728 cervice
3052 673 3233 728 leones
3250 714 3265 737 ,

2000 765 2156 821 IIaud
2180 779 2336 819 secus
2359 772 2419 818 ut
2442 762 2629 832 pecual
2654 764 2934 832 propriore
2956 761 3149 818 clausit
3172 763 3318 819 ovili.

2001 855 2235 923 Postque
2257 854 2519 909 salutiferi
2543 854 2790 923 perfusos
2814 868 2935 907 rore
2960 853 3191 919 lavacri,

2002 942 2115 997 Sub
2144 942 2324 998 Patris
2349 951 2404 997 et
2429 942 2610 997 Ceniti
2627 983 2641 1008 ,
2667 943 2839 997 sancti
2867 942 2968 997 sub
2994 943 3252 999 Flaminis
3284 944 3410 999 almi

2001 1033 2229 1088 Nomine
2245 1073 2259 1097 ,
2285 1048 2393 1102 quo
2418 1040 2617 1087 nostra:
2641 1039 2853 1087 constat
2877 1047 2999 1101 spes
3021 1033 3182 1087 unica
3205 1034 3363 1099 vitae,

2001 1121 2456 1190 Christicolasque
2480 1121 2641 1176 rudes
2663 1122 2731 1175 ad
2756 1120 2878 1176 coeli
2904 1121 3082 1177 sidera
3107 1123 3256 1177 misit
3281 1139 3296 1177 :
3399 1170 3411 1185 ,

2002 1211 2397 1267 Cbrismatibus
2419 1226 2574 1266 sacro
2598 1211 2812 1265 inunxit
2831 1213 3157 1284 baptismate
3180 1213 3341 1278 lotos,

2005 1301 2123 1369 Quo
2141 1302 2254 1372 jam
2282 1301 2561 1357 fumiferas
2584 1302 2798 1357 valeant
2819 1303 3204 1359 transcendere
3226 1303 3475 1361 ﬂammas
3489 1344 3505 1371 ,

2002 1391 2432 1462 Progeniemque
2454 1408 2648 1447 novam
2670 1393 2869 1449 Christi
2890 1394 3141 1464 perduxit
3161 1395 3217 1448 in
3240 1394 3442 1450 aulam.

2002 1483 2174 1538 Porro
2199 1482 2559 1538 celsithronus
2578 1483 2743 1553 judex
2769 1498 2892 1537 cum
2916 1481 3092 1538 factor
3114 1481 3327 1554 Olympi

2007 1571 2258 1638 Venerit,
2280 1570 2565 1627 ultricibus
2588 1572 2846 1627 mundum
2871 1573 3129 1627 damnare
3152 1571 3369 1638 favillis,

2005 1660 2074 1714 Et
2097 1675 2193 1715 vas
2213 1659 2531 1730 pestiferum
2554 1662 2762 1717 cmlesti
2789 1662 3011 1717 fulmine
3034 1662 3223 1719 fractis
3258 1666 3270 1704 ί

1934 1744 1985 1805 Β
2009 1748 2091 1805 Ad
2114 1749 2552 1821 Stygiasraptim
2575 1752 2792 1807 vineam
2818 1754 3103 1809 retruserit
3124 1756 3374 1819 umbras,

2007 1841 2375 1912 Fulvereoque
2396 1842 2556 1914 globo
2581 1852 2856 1898 versutum
2882 1845 3088 1899 coxerit
3112 1858 3341 1916 anguem
3357 1886 3374 1910 ,

2006 1931 2124 1999 Quo
2148 1932 2265 1987 sine
2290 1934 2397 1987 ﬁne
2420 1932 2780 2004 dolenspicea
2806 1935 3094 1991 marciscat
3123 1934 3137 1985 i
3174 1936 3229 1990 in
3251 1935 3356 1990 olla
3371 1977 3385 1999 ,

2007 2021 2338 2078 Cunctorum
2364 2022 2618 2077 meritum
2643 2024 2844 2079 trilibri
2870 2031 2999 2080 tunc
3018 2025 3170 2080 lance
3192 2024 3463 2090 librando,

2006 2113 2207 2168 Lactea
2232 2111 2374 2167 dona
2397 2110 2555 2167 bonis
2571 2152 2585 2177 ,
2615 2127 2708 2167 seu
2733 2108 2914 2168 tristia
2931 2112 3107 2185 jungit
3131 2113 3360 2178 amaris,

2006 2201 2277 2270 Principis
2300 2203 2508 2256 interea
2530 2200 2768 2257 clemens
2789 2218 2887 2273 pro
2909 2218 3136 2258 munere
3157 2211 3306 2259 tanto

2009 2288 2237 2345 Praastet
2254 2330 2269 2355 ,
2295 2296 2356 2343 ut
2381 2290 2633 2361 astrigeri
2655 2290 2892 2360 potiatur
2909 2291 3133 2362 praemia
3159 2291 3312 2362 regni
3337 2307 3353 2355 ;

2008 2380 2196 2435 Dulcia
2220 2378 2489 2435 mellifluae
2511 2380 2763 2452 degustet
2784 2397 2983 2451 pascua
3009 2381 3133 2436 vita:
3158 2399 3170 2434 :

2008 2470 2214 2526 Pascua
2231 2510 2244 2534 ,
2272 2485 2393 2539 quae
2421 2477 2603 2525 noster
2619 2469 2733 2538 jam
2751 2457 2958 2525 dudum
2978 2468 3103 2538 jure
3128 2469 3462 2539 Redemptor

2010 2558 2386 2628 Coelicolisque
2411 2558 2541 2613 dare
2565 2558 2786 2629 proprio
2810 2559 3058 2630 promisit
3084 2557 3152 2613 ab
3176 2572 3294 2612 ore.

332 2717 400 2770 Et
427 2690 635 2785 septem
658 2690 874 2777 decies,
904 2709 962 2763 ni
986 2707 1164 2773 fallor,
1190 2724 1352 2777 supra
1375 2708 1546 2763 relicti
1564 2749 1579 2773 ,
2639 2690 2962 2747 CCLXXXI.

335 2805 407 2860 Ut
432 2803 599 2858 tradit
625 2810 832 2870 septem
855 2799 1164 2869 priscorum
1185 2798 1426 2854 calculus
1451 2798 1611 2853 iudex
1628 2839 1643 2864 ,

339 2831 407 2860 υι
435 2831 599 2858 u‘uuu
626 2831 832 2870 neptem
858 2831 913 2869 γι
926 2831 1060 2854 ιθιυι
1074 2831 1164 2853 μω
1185 2831 1426 2854 paruulus
1451 2831 1611 2853 nunc;
1628 2839 1643 2864 ,

335 2894 547 2949 Adsunt
570 2891 853 2963 prmsentis
881 2887 1092 2946 deﬂuxu
1118 2890 1379 2961 temporis
1404 2891 1549 2945 anni.
1964 2924 1977 2936 ι
2448 2949 2477 2957 Ι,

333 2986 450 3052 Quo
474 2981 699 3039 Carolus
724 2996 867 3037 nono
895 2988 1084 3050 regnat
1108 2977 1340 3035 feliciter
1364 2995 1507 3035 anno
1533 2979 1559 3020 ά
1586 2999 1602 3047 ;

332 3078 391 3133 lu
419 3090 527 3146 quo
550 3073 828 3129 Saxonum
850 3085 1019 3143 pravo
1043 3071 1109 3126 de
1133 3071 1393 3142 sanguine
1417 3079 1564 3126 creta

333 3071 1730 3278 ἓξἓξἷηῗῗῖῖὲ“τῖἒ’ἕε¹ιῖῖῖῖιῖιοῖῗὲυ⁵ιῗα“ξέ¹ἑἓῖεῖῖῗὲῗεοειίν
1933 3094 1982 3162 ⁸
2092 3140 2805 3273 PONTlFlClBUS
2884 3147 3017 3274 ET
3099 3141 3511 3278 smus

337 3257 566 3313 Sordida
593 3255 812 3326 pollutis
835 3270 955 3325 quae
982 3254 1190 3326 pridem
1219 3255 1352 3310 dura
1380 3254 1591 3310 sacellis
1608 3296 1623 3319 ,

333 3348 575 3403 Ponebat
593 3386 609 3412 ,
635 3346 837 3416 rapidis
860 3345 1058 3399 bustim
1087 3357 1109 3384 ε
1138 3344 1361 3414 depasta
1383 3345 1612 3400 caminis
2291 3326 2695 3389 ECCLESUE
2736 3329 3300 3393 EBORACENSIS.

339 3440 461 3493 Rite
485 3444 796 3492 cruentatas
822 3444 1006 3489 tauros
1029 3436 1300 3490 mactabat
1320 3436 1389 3491 ad
1412 3450 1554 3490 aras.

2014 3447 2121 3507 Ea:
2159 3445 2298 3507 cod.
2332 3465 2444 3507 ms.
2475 3449 2841 3537 monasterii
2876 3449 2939 3510 S.
2976 3449 3351 3512 Theodorici
3389 3466 3594 3529 prope

340 3531 409 3587 Et
430 3530 719 3585 demonum
744 3525 922 3581 cultus
945 3525 1083 3580 colla
1110 3524 1428 3580 inflectendo
1452 3524 1713 3580 nefandos
1729 3567 1744 3591 ,
2668 3527 2949 3590 Rhemos.

340 3622 667 3720 Suppliciter
690 3632 955 3720 v‘enepans
976 3629 1335 3720 proceresque
1368 3617 1613 3720 Deosque
1651 3616 1910 3684 Penates,
2295 3646 2450 3720 241
2491 3647 2869 3712 MONITUM
2910 3650 3319 3712 PREVIUM.

338 3708 1323 3822 Eafbi’ffi'i‘i'fff‘f‘fﬁ'isii‘lf‘i
1335 3708 1649 3822 $399333.
2017 3818 2030 3822 _
2086 3749 2376 3822 Auctoer
2395 3746 2577 3822 huius
2619 3751 2884 3822 poematis
2907 3765 3235 3822 anonymum
3262 3758 3428 3805 vocat
3457 3751 3602 3805 cele-

338 3805 447 3860 Pro
471 3817 651 3858 rerum
676 3800 893 3856 fortuna
918 3798 1070 3869 plebs
1091 3799 1398 3854 miseranda
1423 3798 1668 3870 rogabat.

2017 3818 2290 3874 herrimus
2310 3798 2670 3885 Mahillbnius,
2693 3798 3260 3888 ᾇὶίῗίῇἶιᾶἷὲὅξιῗῑῆὲ.
3277 3798 3600 3875 ὦόἷιξιὲιὶζιῖίί

342 3896 458 3951 Hoc
481 3908 650 3966 genus
672 3890 903 3947 indocile
925 3889 1143 3946 Christo
1166 3888 1480 3945 famularier
1501 3890 1611 3944 alto
2020 3889 2078 3944 S.
2107 3888 2639 3970 Theoderici-(speak
2665 3889 3269 3970 Christopboripaubin
3296 3891 3501 3946 sodalis
3517 3891 3603 3945 sui

339 3986 598 4058 Ignorans
614 4023 628 4049 ,
655 3982 944 4039 Dominum
968 3996 1095 4035 nam
1116 3980 1279 4037 corde
1303 3981 1526 4037 credere
1551 3981 1741 4036 nolens
1757 4021 1772 4047 ,

2018 3958 2179 4023 eruit,
2206 3966 2366 4027 atque
2387 3957 2531 4012 illius
2552 3957 2933 4040 fragmentum,
2954 3960 3171 4015 omissis
3186 3960 3254 4015 iis
3271 3976 3394 4084 qiuze
3418 3976 3452 4015 a
3474 3976 3600 4015 ven.

2019 4029 2163 4083 Beda
2184 4036 2426 4081 mutuata
2441 4036 2584 4085 sunt.
2616 4030 2846 4085 inseruit
2866 4031 2985 4085 Act.
3015 4029 3114 4085 SS.
3136 4031 3280 4085 Bene
3322 4069 3337 4084 .
3366 4044 3494 4085 saec.
3516 4046 3600 4085 ιη.

342 4044 423 4132 6b
615 4044 625 4049 '
917 4072 929 4084 .
1387 4072 1398 4083 .
1655 4075 1668 4085 .
1758 4044 1764 4047 ·
2019 4044 2163 4083 ueua
2184 4044 2426 4081 mutuata
2441 4044 2584 4091 sunt,
2616 4044 2846 4085 inseruit
2866 4044 2985 4086 Aet.
3015 4044 3114 4085 SS.
3136 4044 3337 4085 aenea.
3366 4044 3494 4085 szec.
3516 4046 3602 4091 nt,

347 4166 391 4168 __
448 4081 893 4168 ca“_sam_n°5"_3’
915 4087 971 4126 ¹¹¹
994 4072 1252 4128 mundum
1278 4087 1492 4168 νεῖηξθδθ
1512 4073 1719 4168 Simus
2018 4106 2163 4167 part.
2192 4113 2254 4163 tt,
2283 4112 2407 4168 pag.
2431 4097 2534 4152 558
2560 4106 2615 4152 et
2632 4113 2785 4168 seqq.
2809 4100 3093 4168 Inscriptio
3125 4101 3269 4155 enim
3308 4101 3601 4168 poematis,

345 4166 500 4223 lianc
525 4164 751 4222 Carolus
773 4164 1026 4235 princeps
1048 4172 1265 4235 gentem
1286 4204 1301 4231 ,
1325 4163 1654 4236 fulgentibus
1677 4168 1847 4223 armis
2021 4163 2480 4240 omissoauct'oris
2500 4163 2820 4234 nomine'fin
2850 4163 3075 4240 praefato
3094 4171 3279 4225 codice
3308 4163 3424 4224 lucc
3448 4180 3601 4240 erat:

343 4258 586 4313 Ἐοι-ιίιειι
611 4256 888 4312 adcincms
916 4254 935 4294 t
965 4254 1131 4325 galeis
1163 4257 1420 4312 cristatus
1443 4259 1648 4324 acutis,
1866 4247 1871 4251 ’
2024 4236 2269 4325 Historia
2294 4238 2514 4308 Anglico
2541 4240 2770 4293 carmine
2807 4236 3014 4295 heroico
3041 4257 3073 4293 a
3097 4241 3327 4310 quodam
3368 4239 3608 4310 sapiente
3642 4236 3654 4245 ’

343 4348 580 4404 Arbitris
604 4349 629 4388 ⁸
655 4345 844 4403 aeterni
872 4345 1008 4400 mira
1035 4347 1237 4403 virtute
1257 4347 1480 4418 jubatus
1503 4347 1529 4386 δ
1546 4391 1561 4415 ,

2021 4306 2369 4448 fgcltrftegrum
2420 4391 2550 4432 vero
2600 4393 2790 4448 poema
2837 4392 3026 4448 postea
3069 4397 3098 4435 a
3154 4379 3469 4437 Mabillonio
3508 4394 3606 4434 ac-

343 4438 450 4494 Per
472 4439 652 4494 varios
674 4452 833 4492 casus
855 4437 1081 4501 domuit,
1098 4451 1194 4506 per
1217 4437 1362 4491 mille
1386 4440 1707 4509 triumphos,
1945 4442 2001 4504 D
2025 4437 2261 4516 ceptum,
2291 4446 2357 4516 de
2383 4437 2757 4504 auctore‘nihil
2775 4437 3042 4515 dubitans,
3065 4451 3162 4506 sub
3186 4452 3405 4505 nomine
3422 4449 3609 4505 Flacci

346 4528 558 4598 Perque
578 4525 907 4583 cruoriferos
929 4524 1152 4589 ambos,
1178 4540 1276 4594 per
1298 4526 1405 4581 tela
1428 4527 1623 4594 duelli,
2032 4515 2243 4599 ᾼΙδιιξῐιί
2268 4515 2434 4599 mihi“
2474 4517 2695 4599 onnia;
2723 4520 3148 4599 iG_9l_Tb_omas
3160 4519 3291 4599 Gale
3319 4521 3460 4576 Hist.
3489 4519 3611 4599 figi:

345 4618 451 4674 Per
468 4584 581 4673 vim
604 4618 894 4682 virtutum.
921 4631 1019 4686 per
1040 4614 1242 4685 spicula
1266 4614 1359 4670 lita
1380 4630 1573 4671 cruore
1609 4584 1622 4594 I
2030 4584 2617 4686 1?“.Eiff’.sﬁ’f3’fi‘ff:
2640 4589 3611 4686 .éﬂiﬁ'ﬂigﬂi‘iffEEERELPEE.32?

346 4655 369 4672 ι
390 4655 442 4674 υ.
481 4655 581 4673 νη..
614 4655 894 4682 ...ιν-μω,
957 4655 1010 4671 ν.
1040 4655 1066 4670 υ
1106 4655 1242 4670 ων...
1266 4655 1359 4670 ...μ
1381 4655 1573 4671 ww...

346 4706 616 4762 Contrivit
632 4748 647 4771 ,
679 4707 897 4762 sibimet
919 4655 1101 4778 gladi;
1121 4705 1366 4761 vibrante
1391 4707 1601 4777 subegit
1625 4725 1640 4773 ;

2029 4663 2085 4710 et
2114 4671 2266 4726 seqq.
2301 4674 2319 4706 ι
2353 4655 2610 4723 Quamvis
2637 4655 2780 4715 enim
2808 4662 2969 4733 hujus
2992 4655 3613 4731 opusculi'vel'au'ctoris

2031 4726 2173 4807 illius
2195 4725 2335 4807 apud
2348 4726 2674 4807 biograpbos
2688 4731 2832 4807 nulla
2850 4734 3053 4807 mentio
3068 4732 3183 4807 fiat,
3200 4731 3410 4807 nesciri
3422 4739 3611 4807 tamen

349 4796 541 4851 Traxit
564 4795 837 4852 silviculas
862 4796 929 4851 ad
952 4794 1073 4849 οωιί
1100 4809 1264 4866 regna
1287 4795 1606 4866 phalanges,
2032 4794 2243 4871 auctor:
2268 4796 2384 4866 ipse
2432 4794 2490 4852 se
2521 4794 2714 4865 noluit,
2752 4821 2770 4852 ι
2806 4802 2981 4871 inquit
3038 4794 3286 4871 laudatus
3324 4802 3507 4855 editor
3556 4800 3612 4853 in

349 4884 580 4956 Moxque
601 4883 756 4954 lupos
779 4896 949 4938 saevos
974 4865 1191 4938 teneros
1211 4884 1439 4938 mutavit
1463 4865 1517 4939 in
1542 4900 1706 4957 agnos
1730 4904 1741 4938 :
2031 4865 2349 4957 ρξξ-ῖξξὶερε
2359 4882 2614 4957 ξηίῄξξεξηξ,
2633 4865 2896 4957 Yefsibug'
2912 4872 3070 4954 3515,
3100 4870 3257 4957 εδδο,
3276 4870 3617 4957 .1552,Il:ette

351 5020 688 5033 ..-μνηνυνυ
714 5020 910 5031 ..ην-ν-
935 5020 1011 5029 -..-
1035 5020 1089 5030 η.
1112 5020 1390 5046 ...υημηω
1413 5020 1498 5034 ...μ
1520 5020 1606 5033 ,νυ

351 5068 527 5125 Vertit
551 5068 607 5123 in
633 5063 878 5123 albifluas
902 5065 1083 5120 subito
1102 5065 1432 5136 jamjamque
1456 5067 1731 5123 columbas
1747 5109 1762 5135 ,

2034 5020 2094 5069 ll,
2124 5022 2194 5061 ne
2217 5020 2346 5076 quid
2372 5020 2437 5062 de
2463 5020 2601 5080 stylo
2626 5020 2682 5065 et
2706 5020 2964 5081 temporis
2989 5020 3360 5076 consonantia,
3381 5020 3617 5081 altisque

2034 5076 2249 5132 indiciis
2273 5078 2536 5145 prolixius
2554 5079 2845 5137 dissertare
2865 5098 3088 5139 necesse
3109 5081 3358 5137 habeam.
3386 5100 3407 5132 ι

422 5213 448 5241 ι
485 5198 809 5281 (Sarmens!
830 5197 1015 5279 codice
1039 5195 1248 5267 collegii
1270 5196 1327 5252 S-
1351 5196 1928 5282 Raulidppromplum;
2037 5209 2172 5275 780,
2211 5213 2364 5269 multi
2392 5213 2634 5272 Saxones
2668 5217 2929 5289 haptizati
2958 5225 3116 5285 sunt,
3142 5224 3303 5289 prout
3327 5214 3618 5271 annalists:

350 5269 491 5324 forte
517 5268 731 5324 Alcmm
753 5309 768 5324 .
800 5267 986 5322 tuultts
1012 5275 1192 5323 tamen
1222 5270 1428 5324 mendis
1457 5270 1715 5324 obsutum.
1748 5301 1818 5310 —
1854 5271 1934 5324 Ex
2038 5279 2301 5324 rem-nm-

373 5271 491 5326 'orte
517 5268 731 5325 Alcuini
753 5309 768 5333 ,
800 5267 986 5322 multis
1012 5275 1192 5323 tamen
1222 5269 1428 5324 mendis
1457 5267 1715 5325 obsit—um.
1748 5267 1818 5310 '—
1854 5271 1934 5327 Ex
2038 5267 2302 5336 terei-unt.

350 5341 625 5429 ᾼουεκριξ
645 5338 1138 5429 apud‘Frobenium
1155 5379 1171 5405 ,
1196 5338 1264 5394 ad
1290 5338 1493 5395 calcem
1520 5341 1652 5396 torni
1680 5342 1931 5409 secundi,
2111 5362 2135 5390 ο
2174 5351 2317 5408 Loco
2339 5355 2515 5408 “mm.
2547 5355 2826 5429 Ducange’
2853 5375 3013 5428 voce,
3045 5359 3259 5416 Eum“.

354 5409 461 5465 huc
488 5399 734 5465 relatum.
764 5409 923 5464 Eutr.
1157 5399 1166 5405 ⁷
1917 5399 1929 5409 ’
2112 5421 2132 5459 ί
2174 5399 2826 5487 ᾗδῶῖὶἓὲίηὲὥῖυυν,
2864 5399 3013 5428 ww,

427 5501 454 5539 δ
488 5499 682 5566 Forte,
710 5502 893 5572 quinta
921 5492 1067 5556 tetas.

2109 5493 2137 5572 ξ
2176 5491 2318 5572 [ineo
2341 5493 2556 5572 Arbitri.

422 5605 450 5636 ε
490 5593 644 5664 Leg.,
672 5597 963 5665 labefactus
990 5598 1195 5651 acerbo.

2107 5563 2139 5600 ι
2178 5560 2366 5626 Forte,
2387 5563 2623 5633 juvatus.

2117 5632 2130 5701 ξ
2178 5629 2372 5701 Forte,
2412 5631 2637 5701 fractum

2357 5673 2372 5697 ’
2412 5673 2425 5697 Ι
2437 5673 2657 5689 ιννναιιυο

429 5683 455 5723 ά
491 5682 645 5739 Anno
670 5686 793 5752 771,
818 5686 1042 5743 Carolus
1067 5687 1214 5742 solus
1240 5703 1462 5758 regnum
1489 5691 1725 5760 suscepit
1750 5709 1763 5757 ;
1796 5707 1936 5747 anno
2114 5698 2127 5749 i
2178 5682 2685 5770 Lbéb','niiz}éé§c}}i.
