3866 6170
274 296 384 355 815

1060 298 1390 355 CARMINA.
1426 331 1492 340 —-
1524 303 1609 356 DE
1648 298 1922 357 PONTIF.
1948 301 2034 356 ET
2073 303 2172 358 SS.
2216 304 2405 361 πῆραι.
2450 304 2738 362 EBORAC.

3411 316 3519 370 8H

342 414 548 473 Eadem
572 430 711 488 pene
738 416 1003 488 sententia
1023 426 1106 488 est
1131 417 1232 471 viri
1267 416 1562 488 doctissimi
1595 417 1656 488 D.
1690 415 1846 471 Rivet
1875 414 1926 472 Δ
1951 432 2067 488 esse
2114 418 2494 488 mysteriorum
2535 418 2758 485 Christi,
2807 430 2863 477 et
2905 421 3150 480 laborare
3179 426 3295 483 vice
3319 445 3440 486 mea
3471 432 3524 488 in

268 503 336 544 ex
359 486 779 556 congregatione
816 486 876 542 S.
923 486 1118 552 Mauri,
1147 496 1278 541 tom.
1308 486 1374 541 lV
1409 486 1660 541 Historia:
1703 488 1848 540 litte-

268 555 727 627 rariaeiFrancize,
757 572 879 627 pag.
908 555 1033 627 555,
1059 558 1153 611 ubi
1182 558 1489 624 opinionem
1509 557 1726 620 Oudini,
1757 560 1849 625 qui

270 638 407 682 tom.
431 625 458 697 il
483 627 549 697 de
560 624 775 697 gScriptI
798 624 1025 697 Eccles,
1054 641 1187 697 pag.
1204 627 1363 691 1925,
1391 635 1664 697 auctorem
1690 624 1850 697 hujus

269 696 535 752 carminis
553 695 916 766 Fridegodum
939 711 1007 766 ex
1025 711 1088 751 ea
1114 695 1288 766 solum
1311 696 1520 752 ratione
1543 695 1688 757 facit,
1707 695 1849 765 quod

265 780 513 837 praesens
531 764 975 837 poema'duriori,
1000 780 1163 837 quam
1195 765 1301 837 alia
1343 767 1573 837 genuina
1612 764 1845 837 Alcuini,

267 835 411 908 Styio
444 844 738 908 exaratum
774 835 1063 908 videatur,
1091 836 1165 889 ita
1187 835 1376 908 solide
1402 836 1639 908 refuiat:
1675 853 1697 908 r
1723 835 1850 891 Sola

267 904 415 975 st'yli,
441 906 642 975 inquit,
673 904 901 961 durities
924 905 1069 975 haud
1103 904 1309 975 sufﬁcit
1332 918 1390 960 ut
1415 905 1658 975 libellum
1685 905 1848 975 istum

264 974 498 1032 Alcuino
520 974 712 1058 deberi
736 975 1006 1058 quispiam
1031 974 1324 1058 inﬁcietur,
1363 976 1469 1058 nisi
1497 974 1672 1031 eidem
1694 974 1848 1045 plura

262 1054 519 1116 poemata
560 1044 728 1100 multo
757 1044 996 1116 duriora,
1027 1058 1147 1113 quae
1175 1051 1354 1116 tamen
1384 1045 1526 1116 illius
1551 1058 1673 1116 esse
1684 1044 1849 1116 nemo

265 1113 505 1179 dubitat,
529 1118 741 1184 eripere
776 1113 1007 1169 voluerit
1030 1131 1048 1184 7:
1074 1114 1345 1169 nonnullae
1383 1115 1529 1169 enim
1555 1113 1611 1168 in
1640 1114 1734 1167 illo
1757 1129 1850 1170 oc-

262 1194 499 1240 currunt
526 1183 827 1254 elegantiae,
864 1199 1005 1254 quas
1026 1183 1081 1237 in
1104 1184 1224 1239 aliis
1250 1184 1422 1239 nostri
1449 1190 1624 1253 poetae
1653 1184 1849 1238 carmi-

263 1256 427 1310 nibus
453 1256 543 1310 vix
574 1253 835 1324 reperias.
861 1253 1005 1324 Nihil
1043 1268 1256 1322 quoque
1282 1254 1349 1324 in?
1377 1254 1481 1309 hoc
1511 1267 1675 1324 opere
1700 1254 1848 1324 circa

261 1324 552 1380 historiam
575 1322 815 1379 occurrit
836 1323 979 1393 quod
1000 1338 1107 1378 non
1129 1323 1414 1378 conveniat
1432 1323 1577 1377 mtati
1600 1322 1843 1388 Alcuini;

259 1395 423 1464 plura
449 1410 582 1450 vero
606 1395 682 1449 ibi
705 1401 896 1448 auctor
942 1393 1010 1464 de
1061 1408 1119 1448 se
1156 1399 1358 1457 narrat,
1392 1408 1512 1463 qua:
1539 1393 1847 1464 plusquam

297 1465 664 1535 uinquaginta
687 1464 845 1535 armis
881 1463 1035 1532 prius
1054 1471 1371 1535 evenerunt,
1403 1461 1566 1535 quam
1586 1461 1846 1535 Fridego-

297 1482 396 1518 “In
440 1482 664 1535 uagtnta
687 1482 845 1518 annis
881 1482 1035 1532 pl‘lUS
1054 1482 1371 1527 evenerunt,
1403 1482 1566 1532 quam
1586 1482 1615 1516 ιι
1631 1482 1846 1531 rtuego-

259 1482 374 1590 tius
400 1482 514 1599 ille,
537 1534 630 1615 qui
654 1534 890 1615 primum
914 1540 1035 1614 post
1046 1533 1294 1615 medium
1338 1532 1520 1588 smculi
1567 1531 1848 1615 sequentis

261 1620 445 1683 scuntx
466 1602 717 1683 scripsit,
745 1602 943 1658 mereri
967 1602 1205 1683 potuerit
1242 1617 1437 1683 nomen
1460 1610 1634 1683 poetas
1658 1620 1670 1655 :
1704 1603 1847 1670 quod

259 1674 427 1729 facile
450 1671 852 1731 demonstratur
869 1687 937 1727 ex
966 1671 1033 1726 iis
1055 1686 1175 1739 quae
1196 1679 1380 1726 noster
1407 1679 1594 1725 narrat
1620 1685 1652 1725 a
1679 1686 1843 1725 versu

1949 487 2183 543 ecclesia
2225 489 2314 561 ubi
2365 502 2464 561 ego
2504 490 2741 546 nutritus
2786 499 2842 545 et
2879 493 3125 549 eruditus
3176 495 3417 561 fueram;
3477 487 3528 554 et

1948 560 2889 637 praesim“tltesatirissapientigja
2914 563 3101 637 quibus
3149 581 3250 637 mei
3275 570 3529 637 magister

1950 626 2340 708 ineus_dilectzia
2367 626 2711 708 Iielbreghtus
2743 626 3064 708 ({Elbe'rtus)
3105 626 3527 708 archiepiscopus

1947 697 2211 783 egredeni
2224 696 2529 783 reliquias
2555 696 2897 783 Concordant
2936 696 3057 783 quae
3098 696 3292 760 narrat
3334 696 3527 783 auctor

1950 763 2111 842 Vitae,
2159 779 2277 842 cap.
2324 763 2425 842 4,_
2439 767 2531 842 ubi
2581 768 2769 842 scribit
2810 763 3096 842 Alcuinum
3148 782 3271 842 post
3317 777 3524 833 obitum

1949 833 2239 915 ﬂcchmrti
2261 850 2356 890 seu
2383 837 2625 915 Egberti,
2671 838 2837 894 alium
2881 840 3099 915 Patrem
3125 833 3181 898 et
3203 846 3522 915 magistrum

1948 902 2277 985 Elcbertum,
2318 921 2412 985 seu
2432 902 2760 985 '{Elbertum
2812 911 3106 985 accepisse,
3133 914 3256 985 _sub
3293 902 3416 985 'quo
3444 918 3524 971 ita

1948 926 2277 970 uenenum,
2318 926 2412 961 seu
2454 926 2760 963 {Libertum
2812 926 2938 966 accc
2976 926 3106 977 isse,
3154 926 3256 969 sun
3309 931 3416 985 quo
3444 926 3524 971 ita

1947 974 2250 1055 eruditione
2276 972 2523 1055 profecit,
2554 984 2613 1030 ut
2638 978 2878 1047 reliquos
2921 926 3213 1052 discipulos
3262 984 3527 1053 sapientia

1948 1056 2012 1096 ac
2039 1045 2237 1122 virtute
2280 1045 2637 1122 prazcelieret;
2669 1045 2902 1122 quorum
2941 1045 3121 1105 tamen
3148 1045 3435 1122 propterea
3470 1058 3525 1111 in

1948 1126 2007 1193 se
2029 1114 2352 1193 concitatam
2394 1115 2650 1170 invidiam
2686 1114 3000 1193 humilitate
3022 1135 3087 1193 ac
3113 1114 3528 1193 mansuetudine

1948 1181 2025 1235 ita
2049 1181 2229 1255 fregit,
2253 1191 2314 1238 ut
2338 1200 2461 1255 eum
2482 1195 2667 1255 postea
2688 1188 2854 1242 etiam
2880 1189 3166 1243 secundum
3187 1191 3253 1246 ab
3279 1181 3525 1251 Elberto

1948 1253 2272 1325 magistrum
2289 1253 2499 1325 habere
2517 1256 2832 1325 gauderent.

2064 1339 2097 1376 x
2124 1323 2226 1402 his
2260 1323 2424 1392 igitur
2463 1323 2795 1395 argumentis
2817 1327 2952 1402 adeo
2990 1328 3132 1402 mihi
3181 1333 3525 1402 perspicuum

1947 1404 2067 1471 esse
2087 1392 2318 1457 videtur,
2344 1392 2550 1471 poema'
2576 1410 2813 1471 pnesens
2832 1395 3064 1471 _Alcuini
3093 1392 3382 1467 genuinum
3406 1418 3530 1471 par-

1948 1467 2062 1537 tum
2082 1476 2230 1537 esse,
2258 1470 2320 1517 ut
2338 1463 2498 1537 etiam
2527 1464 2795 1537 neminem
2826 1465 3067 1522 futurum
3093 1463 3213 1524 esse
3233 1463 3520 1537 confidam,

1947 1530 2055 1603 cui_
2066 1531 2218 1603 deea
2244 1547 2303 1603 re
2326 1531 2927 1603 dubiumrclinquatur.

2015 1597 2414 1655 Celeberrimus
2464 1597 2805 1659 Mabillonius
2854 1605 2997 1661 hanc
3049 1605 3115 1659 de
3174 1606 3531 1666 Pontificibus

1948 1666 2705 1743 Eboraciensibusihistoriam
2756 1672 3015 1743 scriptam
3047 1673 3215 1730 fuisse
3241 1678 3387 1733 circa
3435 1695 3533 1733 an-

261 1744 430 1810 1515,
473 1758 644 1814 usque
679 1743 747 1798 ad
787 1756 1004 1797 versum
1043 1738 1197 1797 1595.
1249 1761 1267 1793 ι
1314 1741 1390 1795 Ita
1429 1739 1599 1796 solide
1638 1740 1702 1794 D.
1753 1741 1846 1795 Ri-
1873 1748 1922 1809 Β
1948 1752 2077 1814 num
2107 1738 2210 1814 7_85
2254 1739 2602 1814 existimabat
2627 1742 2734 1814 Li):
2773 1738 2932 1814 Iiiv'et
2974 1759 3125 1814 vero,
3170 1744 3308 1801 Hist.
3356 1748 3526 1804 littcr.

260 1822 448 1869 vetus.

339 1884 413 1938 Et
439 1892 584 1939 certe
606 1893 890 1954 postquam
915 1883 987 1938 ibi
1008 1891 1167 1954 poeta
1192 1891 1375 1954 noster
1402 1889 1696 1954 narrasset,
1714 1881 1847 1954 duos

261 1954 442 2009 fuisse
468 1951 695 2009 Elbérti
748 1951 988 2024 episcopi
1010 1951 1385 2009 Eboracensis
1412 1952 1724 2021 discipulos,
1753 1951 1847 2020 qui

262 2024 585 2090 aedilicium,
613 2024 756 2079 illius
802 2025 1055 2079 mundam
1088 2031 1347 2092 coeptum,
1374 2030 1651 2085 curarunt,
1680 2036 1846 2092 unum

264 2094 604 2149 Eanbaldum
621 2104 678 2150 et
701 2094 930 2149 alterum
953 2091 1261 2161 Alcuinum,
1283 2091 1509 2147 ulterius
1524 2092 1689 2146 refert
1705 2091 1848 2161 quod

261 2164 461 2233 priori,
493 2164 748 2218 nimirum
775 2163 1072 2229 Eanbaldo,
1106 2159 1389 2233 tradiderit
1430 2159 1735 2230 pontiﬁcale
1756 2161 1848 2233 de-

262 2230 397 2299 cus;
428 2234 586 2289 alteri
612 2249 760 2300 vero,
784 2233 971 2302 utique
996 2232 1246 2302 Alcuiuo,
1269 2232 1463 2286 charas
1483 2245 1646 2300 super
1664 2230 1847 2302 omnia

263 2318 433 2372 gazas
454 2304 734 2370 ﬁbrarum,
761 2318 857 2358 seu
878 2301 1065 2357 curam
1109 2301 1450 2358 bibliotheca:
1475 2320 1487 2355 :
1514 2310 1679 2371 atque
1703 2301 1847 2355 hunc

264 2373 445 2456 ipsum
471 2382 641 2456 semet
658 2389 797 2456 esse,
812 2373 909 2456 qui
935 2373 1213 2456 proprium
1237 2388 1391 2456 suum
1412 2386 1628 2456 nomen,
1650 2377 1711 2456 tit
1723 2378 1849 2456 pote

186 2478 192 2485 -
263 2438 383 2515 veri
396 2444 655 2507 auctoris,
682 2438 1305 2515 frontihuiuspoematis
1321 2440 1633 2515 prreﬁirerit.
1656 2438 1842 2515 Qujus,

264 2513 444 2584 inquit
466 2530 626 2569 versu
657 2514 795 2569 1529
817 2510 1086 2584 (discipuii
1106 2510 1380 2584 nimirum,
1409 2512 1497 2567 cui
1523 2518 1653 2568 cora
1680 2510 1848 2565 libro-

268 2582 388 2638 rum
420 2585 489 2640 ab
516 2584 763 2641 Allberto
788 2582 1161 2640 cumméndata
1189 2582 1407 2654 fuerat),

391 2694 541 2758 Qujus
563 2695 606 2744 sl
625 2708 770 2745 curas
791 2696 1043 2758 proprium
1074 2706 1376 2757 cognoscere
1400 2706 1598 2755 nomen,

388 2755 579 2808 Frbnte
599 2769 687 2809 sua
707 2755 869 2809 statim
887 2755 1156 2822 praesentia
1178 2758 1390 2808 carmina
1412 2758 1641 2819 prodent.

336 2862 407 2917 Et
429 2864 549 2919 haec
573 2864 786 2935 quidem
812 2865 924 2921 sola
945 2865 1078 2920 adeo
1097 2865 1381 2935 perspicua
1403 2874 1547 2930 sunt,
1573 2873 1634 2918 ut
1651 2863 1844 2919 iisdem

270 2932 407 2987 bene
419 2932 701 3005 perpensis
714 2936 892 2991 nullus
912 2932 1189 2990 dubitandi
1211 2932 1363 2990 locus
1377 2935 1632 3005 supersit,
1652 2948 1844 3004 poema

269 3018 510 3073 praesens
540 3005 608 3060 ad
628 3005 847 3061 beatum
872 3006 1155 3060 Alcuinum
1175 3012 1428 3075 tanquam
1449 3019 1637 3059 verum
1660 3011 1846 3075 aucto—

268 3087 384 3155 rem
412 3076 683 3156 pertinere
707 3094 725 3156 ε
747 3091 867 3156 quae
911 3075 1260 3156 nihilominus
1286 3073 1405 3156 hoc
1428 3088 1643 3156 quoque
1675 3073 1842 3156 ratio-
1870 3092 1917 3156 α

263 3143 434 3216 cinio',
460 3159 535 3216 ex,
560 3144 679 3200 aliis
707 3143 867 3215 hujus
890 3144 1157 3216 poematis
1200 3143 1627 3216 narrationibus,
1650 3158 1724 3216 ex
1742 3143 1839 3216 Αιτ

260 3213 414 3268 cuini
456 3215 698 3283 epistolis
740 3213 796 3271 et
830 3213 1067 3283 ejusdem
1091 3214 1214 3269 Vita
1253 3215 1503 3280 deducto,
1532 3213 1844 3269 confirmari

254 3292 512 3356 possunt.
541 3285 753 3341 Etenim
779 3294 968 3341 auctor
990 3285 1252 3356 poematis
1264 3300 1335 3356 se
1362 3284 1593 3356 Eboraci
1630 3293 1842 3350 natum,

253 3355 529 3409 nutritum
549 3362 607 3411 et
627 3357 911 3412 educatum
931 3353 1233 3427 profitetur.
1261 3354 1418 3411 Vers.
1446 3353 1512 3409 l6
1534 3363 1589 3411 et
1610 3369 1762 3425 seqq.
1789 3373 1801 3408 ε

391 3502 452 3528 εί.
478 3500 493 3514 .
521 3466 702 3517 Patriae
728 3466 953 3528 quoniam
975 3478 1115 3514 mens
1135 3465 1307 3528 dicere
1332 3464 1504 3515 laudes
1525 3502 1542 3527 ,

389 3527 452 3578 Et
476 3537 677 3590 veteres
701 3527 850 3577 cunas
875 3533 1102 3590 properat
1126 3527 1345 3588 proferre
1372 3537 1651 3590 parumper,

393 3589 647 3642 Euboricw
669 3592 821 3653 gratis
841 3588 1086 3653 praeclarae
1109 3589 1330 3638 versibus
1349 3588 1501 3639 urbis.

257 3710 422 3767 Vers.
450 3710 585 3767 1648
607 3720 663 3766 et
683 3727 858 3783 seqq.:

392 3826 510 3890 Hec
532 3840 628 3890 ego
649 3835 793 3878 nauta
817 3826 951 3877 rudis
984 3828 1173 3890 teneris
1195 3830 1428 3888 congesta
1449 3827 1644 3890 carinis.

393 3888 494 3952 Per
519 3888 679 3952 pelagi
701 3891 879 3939 fluctus
897 3896 950 3939 et
973 3902 1064 3951 per
1087 3889 1202 3938 vada
1227 3900 1355 3952 crepa
1380 3888 1683 3952 gubernans,

398 3948 649 4013 Ευῡόήειε
682 3952 741 3999 ad
768 3957 958 4013 portum
974 3948 1265 4000 commercia
1285 3948 1402 4013 jure
1420 3950 1597 4013 reduxi
1622 3985 1637 4009 ,

398 4012 461 4075 iit
489 4021 603 4073 pote
626 4026 737 4074 quae
760 4008 1003 4075 proprium
1024 4013 1121 4063 sibi
1146 4023 1227 4060 me
1250 4012 1456 4075 nutrivit
1478 4008 1748 4075 alumnum,

392 4071 573 4125 lmbuit
596 4071 839 4137 et'primis
852 4071 1107 4138 utcunque
1131 4080 1364 4124 verenter
1390 4073 1450 4121 ab
1476 4071 1637 4135 annis,
1662 4079 1756 4122 etc.

338 4177 399 4232 1d
419 4177 594 4258 ipsum
614 4181 692 4258 _de
720 4195 779 4235 se
800 4179 1082 4258 profitetur
1130 4177 1398 4258 alcuinus
1434 4177 1489 4231 in
1534 4176 1761 4258 epistola
1785 4175 1840 4258 ti,

251 4264 391 4319 qua:
412 4249 582 4319 estad
609 4247 1185 4305 fratres'Eboracensis
1207 4247 1472 4313 ecclesiae,
1495 4247 1587 4302 ubi
1603 4247 1678 4302 ita
1706 4247 1841 4319 scri-

251 4316 351 4391 bit
380 4336 393 4391 ς
426 4337 443 4368 ‹
474 4318 578 4391 Vos
605 4320 821 4391 fragiles
858 4319 1101 4391 infantiae
1138 4332 1271 4391 meae
1291 4333 1460 4372 annos
1481 4324 1727 4391 materno
1756 4316 1839 4391 fo-

1948 1806 2342 1881 Francjin‘tom.
2368 1808 2460 1875 IV,
2484 1825 2606 1881 pag.
2631 1809 2757 1876 555,
2790 1811 2935 1867 illam
2963 1806 3169 1868 differri
3198 1816 3309 1869 vult
3335 1818 3401 1871 ad
3427 1834 3528 1872 an~

1948 1892 2077 1931 num
2105 1877 2224 1955 796,
2244 1893 2351 1955 quo
2371 1877 2729 1955 nem—pe'obiit
2746 1881 3053 1955 Eanbaldus
3078 1882 3363 1955 episcopus
3385 1888 3527 1943 Ebo-

1948 1948 2211 2032 racensis,
2236 1949 2303 2004 de
2332 1963 2440 2017 quo
2465 1948 2657 2032 ultimo
2679 1950 2767 2032 hic
2791 1952 3032 2032 agitari.
3044 1948 3531 2032 e‘t___quatuor_annis

1946 2024 2232 2099 postquam
2280 2032 2422 2099 anno
2467 2020 2666 2099 792.“
2691 2020 2880 2099 Anglia
2912 2022 2966 2076 in
2992 2020 3223 2099 Galliam
3256 2026 3417 2099 rediit
3436 2028 3530 2081 Al-

1948 2088 2139 2157 cuinus
2164 2106 2176 2140 :
2205 2089 2349 2157 quod
2372 2089 2545 2157 ipsum
2580 2088 2627 2145 is
2653 2088 2963 2147 viro'docto
3005 2092 3281 2151 insinuare
3319 2096 3530 2154 videtur

1948 2155 2055 2211 illis
2078 2155 2257 2214 verbis
2284 2155 2429 2214 vers.
2459 2157 2597 2215 1592
2620 2166 2674 2213 et
2702 2173 2817 2230 seq.

2195 2308 2207 2319 .
2237 2309 2248 2320 .
2273 2308 2286 2320 .
2311 2244 2438 2321 Dum
2455 2277 2684 2331 quattuor
2707 2285 2860 2324 annus

2189 2332 2435 2384 Dividitur
2453 2335 2694 2386 vicibus...

1948 2434 2288 2517 Sedfallitur
2307 2438 2408 2517 vir
2426 2439 2689 2517 optimus,
2743 2444 3108 2517 n_eque_enim
3153 2444 3412 2517 alcuinus
3452 2449 3528 2505 ibi

1945 2507 2218 2577 quidpiam
2248 2509 2437 2564 scribit
2462 2507 2530 2565 de
2555 2510 2701 2564 obitu
2752 2507 3036 2577 Eanbaldi,
3085 2514 3179 2569 sed
3225 2516 3399 2572 solum
3457 2519 3527 2574 de

1944 2576 2094 2656 obitu
2138 2584 2194 2632 et
2234 2578 2509 2656 sepultura
2549 2579 2778 2656 Atilberii
2833 2576 3079 2652 magistri
3125 2585 3234 2649 sui,
3260 2601 3421 2656 quem
3450 2590 3526 2644 ibi

1944 2646 2210 2728 deplorat,
2252 2646 2311 2703 et
2344 2648 2498 2719 cujus
2534 2650 2796 2706 memoria
2834 2646 3113 2722 nunquam
3157 2646 3394 2724 ex'cidet,
3449 2658 3528 2712 in-

1882 2790 1885 2793 _
1944 2725 2095 2785 quit,

2066 2828 2289 2901 Quinam
2313 2840 2513 2901 nosque
2535 2830 2632 2881 sibi
2650 2830 2834 2882 cedunt
2857 2844 2878 2901 ε
2897 2832 3011 2882 dum
3036 2839 3270 2901 quattuor
3286 2847 3442 2901 annus

2067 2889 2311 2942 Dividitur
2352 2889 2561 2954 vicibus,
2599 2900 2830 2946 crescunt
2845 2893 2961 2946 dum
2980 2889 3206 2958 germina
3231 2900 3399 2962 terris,
3425 2908 3527 2950 etc.

2522 3029 2918 3109 'POEMA.

1945 3181 2160 3240 Christe
2187 3183 2349 3253 Deus,
2377 3185 2575 3243 summi
2596 3186 2792 3253 virtus,
2819 3186 3081 3257 sapientia
3107 3186 3309 3254 Patris,

1945 3273 2091 3341 Vita,
2121 3275 2294 3342 salus,
2319 3277 2598 3333 hominum
2624 3275 2822 3345 factor,
2845 3286 3159 3345 renovator,
3185 3287 3417 3345 amator,

1947 3365 2121 3423 Unica
2144 3366 2325 3440 lingua
2348 3368 2467 3435 Dei,
2497 3371 2761 3435 donorum
2784 3379 2840 3426 tu
2869 3370 3025 3426 dator
3051 3370 3221 3438 alme;

1945 3456 2168 3515 Munera
2199 3460 2266 3516 da
2294 3460 2516 3528 mentis,
2541 3461 2724 3534 fragili
2743 3462 2811 3518 da
2832 3463 2995 3519 verba
3021 3472 3230 3534 poetae;

1942 3547 2189 3606 lrrorans
2217 3551 2470 3608 stolidum
2500 3553 2673 3609 vivaci
2703 3553 2921 3610 flumine
2948 3562 3160 3625 pectus,

1946 3638 2016 3695 Ut
2041 3656 2164 3697 mea
2188 3642 2367 3716 lingua
2390 3652 2554 3715 queat
2578 3645 2645 3701 de
2674 3655 2729 3702 te
2751 3654 2843 3701 tua
2870 3647 3049 3703 dicere
3076 3647 3238 3702 dona.

1943 3729 2020 3785 Te
2046 3731 2163 3788 sine
2182 3732 2330 3789 nulla
2354 3734 2498 3789 valet
2523 3734 2739 3806 dignum
2764 3734 2894 3805 quid
2914 3735 3096 3791 dicere
3116 3734 3321 3805 lingua.

1944 3820 2054 3877 Vos
2081 3837 2297 3892 quoque
2317 3824 2634 3893 suppliciter
2654 3824 2802 3880 cives
2826 3834 3103 3881 contestor
3129 3825 3362 3896 Olympi,

1918 3912 1988 3967 Ὀ
2017 3912 2224 3980 Sancti,
2255 3914 2484 3984 populus
2514 3914 2696 3979 fortis,
2725 3930 2858 3986 gens
2885 3917 3005 3972 diva
3033 3917 3316 3984 Tonantis,
3353 3951 3359 3957 ν

1942 4004 2207 4061 Victrices
2226 4004 2435 4075 aquilas
2461 4004 2585 4060 εαξιί
2614 4004 2707 4074 qui
2734 4003 2888 4059 fertis
2916 4004 2969 4058 in
2999 4019 3203 4073 arcem,

1942 4096 2209 4153 Ethereo
2229 4098 2343 4169 regi
2373 4096 2576 4168 regalia
2602 4096 2741 4152 dona
2770 4095 3026 4163 ferentes,

1943 4190 2045 4257 Qui
2071 4190 2239 4245 vestri
2260 4204 2423 4245 causa
2446 4197 2719 4245 sacratum
2749 4198 2938 4259 sponte
2968 4180 3236 4248 cruorem.

1942 4280 2178 4337 Fuderat
2203 4282 2259 4337 in
2288 4282 2472 4349 terris,
2497 4291 2558 4338 ut
2580 4297 2677 4338 vos
2695 4281 2926 4338 salvaret
2951 4282 3020 4338 ab
3039 4284 3272 4350 umbris,

250 4370 425 4443 {risus
448 4370 1303 4458 θσέὲιίὶξὲίῙςῖείὲἰίἕιῐὲἑῖῥὶιεισίὶίω⁷
1319 4370 1531 4458 tempus
1596 4370 1836 4443 usus-
1942 4373 2109 4442 Inque
2133 4370 2228 4429 Dei
2254 4373 2434 4429 Patris
2454 4388 2639 4430 secum
2666 4373 2958 4429 deduceret
2975 4373 3184 4440 aulam;

251 4458 466 4513 nuistis
488 4461 762 4513 patientia.
788 4470 844 4513 et
861 4468 1098 4513 paternae
1148 4458 1518 4513 castigationis
1543 4403 1840 4513 disciplinis
1861 4433 1920 4495 D
1945 4466 2149 4513 Mecum
2184 4466 2320 4513 ferte
2344 4469 2510 4513 mdes
2532 4465 2737 4513 [βοτη-
2752 4467 2966 4513 timorm]
2997 4467 3184 4513 Vpstris

251 4458 466 4531 nuistis
486 4461 762 4531 patientia,
788 4470 844 4515 et
861 4468 1116 4531 paternae
1148 4458 1518 4527 castigationis

251 4529 335 4583 ad
376 4528 668 4597 perfectam
710 4532 813 4585 viri
860 4528 1151 4585 edocuistis
1192 4538 1425 4593 aetatem,
1456 4537 1509 4583 et
1559 4541 1838 4583 sacrarum

250 4600 570 4672 eruditione
598 4601 1001 4672 disciplinarum
1031 4600 1346 4672 roborastis.
1396 4620 1414 4652 ι

536 4666 803 4752 Praeterea
829 4679 1037 4752 auctor
1087 4671 1351 4752 poematis
1397 4666 1844 4752 discipulusufuit

251 4738 785 4866 Etheriisggpiscopi
829 4738 1207 4805 Eboracensis,
1242 4743 1336 4811 qui
1375 4738 1551 4795 eidem
1600 4739 1841 4804 tradidit,

251 4824 414 4864 vers.
616 4831 629 4865 :

251 4824 414 4864 vers.
448 4824 585 4865 1525
616 4831 629 4865 ζ

394 4955 414 4989 ._
436 4958 463 4989 ,Α
477 4958 492 4973 .
519 4960 531 4972 .
557 4958 572 4974 .
599 4923 779 4976 Cbaras
798 4936 949 4989 super
966 4924 1122 4975 omnia
1142 4935 1286 4986 gazas

393 4982 665 5036 Librorum.

255 5090 340 5145 Et
368 5106 509 5146 vers.
538 5092 676 5148 1552
701 5103 715 5141 ε

394 5201 521 5267 Huic
548 5205 734 5265 sophia:
751 5206 1021 5267 specimen,
1039 5205 1270 5267 studium,
1284 5203 1574 5267 sedemque,
1599 5201 1848 5266 librosque

400 5262 623 5329 Undique
647 5278 769 5330 quos
780 5262 954 5316 clarus
977 5262 1385 5328 cellegcratante
1407 5262 1665 5327 magister.

349 5366 456 5423 Has
478 5369 735 5426 librorum
758 5386 920 5440 gazas
936 5372 1037 5427 sibi
1067 5372 1133 5426 ab
1175 5371 1366 5426 eodem
1413 5370 1658 5426 Elberto
1704 5385 1850 5425 com-

261 5438 471 5511 missas
518 5440 684 5497 fuisse
735 5438 997 5498 Alcuinus
1038 5442 1239 5511 apertis
1276 5442 1457 5496 verbis
1505 5440 1848 5511 declaratiiu

262 5510 437 5582 epist.
453 5511 561 5582 _56,
585 5512 653 5567 ad
678 5512 1012 5568 Eanbaldum
1043 5533 1054 5566 :
1084 5510 1125 5582 'r
1145 5510 1303 5575 Laus,
1336 5512 1431 5577 ait,
1474 5518 1529 5566 et
1555 5511 1729 5582 gloria
1746 5510 1850 5564 Do-

261 5580 426 5653 prino
450 5580 562 5636 Deo
581 5582 953 5653 omnipotenti,
980 5583 1075 5653 qui
1092 5581 1215 5653 dies
1236 5596 1385 5653 meos
1413 5582 1468 5653 in
1490 5580 1860 5653 prosperitate

262 5651 417 5706 bona
455 5650 816 5719 conservavit,
866 5661 925 5708 ut
970 5650 1022 5708 in
1055 5652 1147 5705 filii
1173 5652 1277 5705 mei
1309 5652 1616 5707 charissimi
1644 5650 1850 5705 exalta-

264 5721 423 5775 tionc
445 5724 802 5792 gauderem...
853 5724 944 5794 qui
974 5724 1166 5793 dignus
1195 5721 1484 5777 haberetur
1514 5722 1850 5792 dispensator

1581 4456 1840 4528 isciplinis
1861 4433 1920 4495 Β
1942 4466 2151 4523 Mecum
2181 4466 2320 4523 ferte
2344 4469 2510 4538 pedes
2532 4465 2737 4539 [Forte,
2752 4467 2967 4542 preces]
2997 4467 3194 4524 vestris
3220 4468 3526 4539 componite

3201 4557 3448 4632 [carmen

1942 4648 2055 4703 lloc
2082 4651 2334 4720 precibus
2365 4669 2378 4705 ;
2411 4652 2600 4722 patria:
2627 4652 2883 4721 quoniam
2904 4667 3059 4708 mens
3079 4653 3262 4709 dicere
3283 4654 3490 4722 laudes,

1944 4740 2012 4795 Et
2038 4751 2248 4798 veteres
2273 4759 2441 4809 cunas
2468 4752 2726 4813 properat
2750 4742 3001 4813 proferre
3019 4760 3335 4816 parumper,

1946 4831 2226 4888 Euboricae
2252 4833 2421 4903 gratis
2447 4832 2721 4903 praeclara:
2743 4832 2993 4889 versibus
3010 4836 3183 4892 urbis.

1946 4922 2097 4977 Hanc
2120 4922 2362 4977 Romana
2391 4937 2585 4978 manus
2611 4923 2784 4978 muris
2801 4930 2856 4978 et
2885 4925 3126 4980 turribus
3154 4925 3318 4982 altam

1946 5012 2216 5068 Fundavit
2242 5013 2443 5083 primo,
2474 5012 2703 5069 comites
2724 5015 3010 5086 sociosque
3028 5016 3271 5072 laborum

1948 5104 2231 5175 Indigenas
2260 5113 2470 5159 tantum
2494 5113 2683 5176 gentes
2711 5105 3018 5162 adhibendo
3047 5107 3353 5163 Britannas.

1950 5192 2105 5264 (Nam
2130 5203 2259 5249 tunc
2286 5193 2556 5249 Romanos
2577 5193 2804 5250 fecunda
2826 5195 3105 5251 Britannia
3128 5210 3283 5269 reges

1950 5287 2218 5344 Sustinuit
2244 5287 2464 5351 merito,
2485 5288 2670 5342 mundi
2701 5288 2794 5358 qui
2821 5297 3035 5359 sceptra
3060 5290 3351 5361 regebant)

1950 5376 2023 5432 Ut
2042 5376 2179 5432 foret
2202 5376 2504 5447 emporium
2534 5385 2695 5431 terra:
2714 5392 3000 5432 commune
3025 5378 3329 5449 marisque;

1950 5467 2015 5522 Et
2041 5467 2194 5521 ﬁeret
2218 5465 2443 5522 ducibus
2465 5479 2655 5519 secura
2684 5465 2921 5534 potentia
2945 5466 3117 5535 regni,

1952 5559 2016 5613 Et
2042 5559 2204 5613 decus
2235 5555 2467 5626 imperii,
2498 5562 2781 5625 terrorque
2809 5555 3096 5612 hostilibus
3116 5557 3315 5623 armis;

3165 5712 3319 5769 Yers.
3360 5713 3449 5771 $6.
