3866 6170
345 319 450 377 815

344 435 500 490 Esset
519 428 588 485 ab
603 432 845 483 extremo
866 417 1208 477 venientibus
1231 414 1444 484 hospita
1470 418 1656 482 portus

346 524 584 583 Navibus
603 508 829 582 oceano,
860 513 1022 584 longo
1046 525 1141 566 sua
1168 522 1327 579 prora
1349 503 1589 561 remulco

318 680 321 681 ν
345 621 536 679 Navita
563 628 668 687 qua
691 623 1008 684 preperans,
1031 613 1092 660 ut
1118 602 1276 659 sistat
1301 600 1368 654 ab
1394 609 1610 668 aequore
1635 595 1831 648 fessus.

349 713 500 768 Hanc
527 679 738 778 piscosa
757 679 870 758 suis
893 698 1052 755 undis
1078 690 1323 750 interluit
1350 688 1461 745 Usa
1490 684 1694 758 [Angl.,
1723 679 1928 753 Owse],

352 801 656 870 Florigeros
677 794 811 863 ripis
831 787 1171 862 praetendens
1195 780 1435 850 undique
1464 790 1701 846 campos.

350 893 588 952 Collibus
616 896 671 945 et
698 885 849 941 silvis
872 880 1027 937 tellus
1052 878 1180 933 hinc
1205 873 1330 928 inde
1356 872 1573 933 decora,

348 982 733 1049 Nobilibusque
758 973 891 1030 locis
919 965 1181 1025 habitatio
1209 961 1451 1035 pulchra,
1480 956 1731 1021 salubris,

347 1073 651 1133 Fertilitate
680 1066 763 1122 sui
788 1063 985 1119 multos
1009 1056 1262 1112 habitura
1286 1052 1525 1108 colonos.

349 1167 467 1235 Quo
495 1161 660 1217 variis
679 1153 890 1226 populis
908 1159 963 1206 et
992 1148 1174 1219 regnis
1195 1144 1430 1212 undique
1453 1139 1576 1194 lecti

296 1239 318 1264 ’
350 1223 458 1328 gpe
487 1252 623 1310 lucri
647 1223 843 1322 [λιάὺη
873 1237 1144 1311 certatim]
1166 1236 1408 1299 veniunt,
1433 1238 1735 1301 quzerentes
1768 1223 1931 1281 divite

1696 1323 1864 1396 [terra

349 1441 598 1504 Divitias,
627 1435 809 1492 sedem
835 1430 1073 1492 sibimet,
1104 1424 1443 1492 lucrumque,
1466 1420 1764 1486 laremque.

350 1533 490 1589 Hinc
512 1530 751 1584 Romana
768 1535 978 1582 manus,
1011 1515 1247 1572 turbatis
1266 1512 1505 1581 undique
1526 1506 1777 1576 sceptris,

348 1624 643 1691 Postquam
673 1614 921 1677 secessit,
951 1609 1173 1680 cupiens
1198 1603 1465 1675 depellere
1493 1614 1663 1655 smvos

354 1715 572 1777 Hostes,
598 1707 871 1779 Hesperia:
899 1716 1123 1775 regnum
1152 1699 1441 1766 sedemque
1464 1692 1635 1756 tueri;

355 1805 518 1863 Urbis
547 1810 675 1856 tunc
703 1797 875 1854 tenuit
896 1802 1169 1864 sceptrum
1192 1804 1322 1862 gens
1341 1788 1493 1858 pigra
1520 1783 1823 1839 Britonum.

355 1898 486 1964 Quae
513 1894 625 1949 fere
642 1890 915 1947 continuis
944 1886 1221 1941 Pictorum
1247 1894 1437 1951 pressa
1464 1875 1674 1939 duellis,

355 1985 574 2042 Servitii
602 1981 811 2054 pondus
842 1977 1057 2033 tandem
1085 1980 1297 2029 vastata
1327 1969 1552 2033 subivit;

353 2079 465 2136 Nec
492 2075 662 2134 valuit
687 2070 923 2145 propriis
949 2066 1180 2139 patriam
1208 2062 1494 2120 defendere
1530 2059 1717 2121 scutis,

354 2174 451 2229 Vel
480 2172 783 2227 libertatem
806 2163 998 2238 gladiis
1026 2172 1285 2216 revocare
1313 2164 1620 2228 paternam.

355 2263 455 2318 Est
479 2261 719 2330 antiqua,
747 2265 964 2337 potens,
984 2250 1140 2307 bellis
1161 2258 1217 2305 et
1242 2260 1466 2319 corpore
1485 2251 1767 2314 praestans,

355 2352 659 2410 Germaniae
687 2347 911 2419 populos
934 2359 1064 2415 gens
1092 2343 1235 2396 inter
1257 2347 1311 2394 et
1330 2345 1516 2392 extera
1541 2348 1729 2404 regna,

353 2443 617 2501 Duritiam
646 2447 865 2510 propter
893 2433 1022 2489 dicti
1049 2429 1367 2503 cognomine
1388 2426 1537 2481 Sari.

355 2534 508 2590 Hanc
524 2530 729 2603 placuit
754 2526 980 2582 ducibus
1010 2521 1161 2592 regni
1186 2519 1490 2574 conducere
1510 2515 1689 2577 donis,

356 2623 433 2678 Ut
458 2621 595 2676 foret
614 2616 815 2673 auxilio
841 2613 1053 2683 patriae,
1076 2622 1244 2679 pavor
1266 2605 1511 2660 hostibus
1536 2611 1718 2672 atque.

358 2711 466 2768 Ore
488 2710 631 2765 favet
658 2708 849 2777 vulgus
874 2704 1112 2759 clamoso
1128 2698 1327 2753 mobile
1349 2696 1555 2761 statim,

362 2803 431 2859 Et
455 2801 596 2855 bona
622 2795 890 2852 collaudat
909 2802 1124 2862 patrum
1151 2787 1397 2845 consulta
1424 2799 1668 2851 suorum,

355 2890 507 2948 Atria
531 2902 785 2962 gazarum
809 2890 1064 2954 rumpunt
1083 2880 1307 2953 regalia,
1336 2878 1481 2951 genti

361 2979 575 3036 Mittere
600 2976 737 3031 dona
759 2977 952 3045 parant
976 2969 1190 3041 ignotae,
1224 2982 1329 3038 quo
1358 2966 1534 3038 magis
1555 2963 1647 3020 illa

353 3077 593 3138 Annuat,
621 3078 683 3126 ut
707 3068 917 3139 placitae
936 3064 1133 3120 feriant
1156 3061 1259 3117 sibi
1287 3059 1491 3115 foedera
1517 3056 1688 3127 pacis.

353 3169 455 3223 Ast
475 3165 691 3237 indigna
717 3161 899 3215 vident
919 3155 1085 3211 tantis
1105 3153 1298 3209 exenia
1324 3151 1485 3207 votis.

355 3256 516 3330 243
539 3254 767 3325 Legatos
792 3250 941 3305 exire
959 3245 1167 3315 Jubent,
1190 3243 1327 3297 vada
1354 3240 1495 3297 salsa
1523 3238 1725 3295 carinis

355 3349 476 3404 Jam
504 3346 715 3402 sulcare
736 3343 879 3407 citis,
912 3337 1054 3394 dulci
1081 3333 1372 3392 formidine
1403 3341 1527 3388 vota

354 3437 695 3509 Ingeminant
727 3429 981 3502 lacrymis
1009 3446 1022 3481 :
1048 3426 1302 3497 quoniam
1331 3424 1412 3478 sic
1438 3424 1552 3492 ipse
1575 3419 1831 3476 monebat

357 3527 651 3588 Libertatis
673 3538 844 3589 amor,
872 3520 1063 3593 patria:
1088 3530 1210 3589 spes
1239 3531 1302 3571 ac
1326 3510 1673 3570 redimendae.

359 3621 499 3691 Quid
519 3618 633 3689 jam
661 3613 814 3689 [Cod.
841 3610 1024 3667 Rhem.
1056 3609 1186 3680 quid
1213 3604 1335 3679 tibi]
1360 3605 1512 3676 plura
1539 3602 1762 3659 canam?
1805 3598 1938 3657 Pro—

1177 3697 1394 3771 [perans
1421 3695 1715 3760 exercitus,
1741 3707 1869 3749 ecce

357 3804 598 3862 Venerat
616 3799 810 3857 undosi
835 3806 1023 3854 vectus
1052 3803 1201 3849 trans
1230 3804 1443 3862 aequora
1471 3789 1650 3861 ponti,

360 3895 670 3952 Subsidium
698 3878 859 3947 sociis
885 3885 1129 3943 referens
1148 3925 1163 3950 ,
1190 3883 1508 3949 hostemque
1536 3874 1830 3934 nefandum

359 3987 607 4059 Expulit,
637 3991 692 4039 et
718 3981 849 4036 vicit
877 3977 1065 4034 multis
1089 3986 1187 4045 per
1209 3968 1351 4029 bella
1378 3967 1685 4040 triumphis,

359 4080 541 4136 Donec
568 4075 719 4131 Picto
745 4072 896 4127 ferox
922 4067 1115 4124 timido
1135 4063 1295 4121 simul
1324 4062 1538 4133 agmine
1566 4058 1725 4133 fugit,

360 4172 658 4227 Contentus
680 4160 915 4234 propriis
943 4172 1064 4215 sese
1090 4150 1379 4213 defendere
1403 4153 1458 4208 in
1479 4152 1619 4218 oris;

362 4260 487 4316 Ilaec
513 4260 656 4313 inter
684 4250 887 4323 majora
915 4248 1032 4306 dari
1060 4243 1324 4317 stipendia
1350 4243 1527 4314 poscit

362 4351 630 4408 Externus
664 4344 881 4401 sibimet
905 4338 1095 4394 miles:
1121 4337 1236 4392 hmo
1266 4349 1428 4390 causa
1457 4328 1616 4387 duelli

360 4444 420 4499 in
443 4440 646 4496 sociam
672 4434 848 4490 fuerat
876 4438 1092 4503 gentem
1117 4433 1433 4484 convertere
1461 4423 1691 4487 ferrum,

364 4533 430 4587 Et
462 4543 681 4601 segnem
704 4523 954 4597 populum
982 4519 1160 4591 patrio
1185 4514 1452 4587 depellere
1479 4529 1666 4583 regno.

360 4624 476 4693 Hoc
500 4622 696 4692 pietate
725 4617 821 4672 Dei
847 4612 1044 4680 visum,
1073 4611 1215 4682 quod
1242 4623 1374 4681 gens
1394 4605 1655 4663 scelerata

363 4712 444 4768 0h
474 4726 572 4767 sua
597 4709 662 4764 de
685 4706 846 4761 terris
869 4710 1082 4775 patrum
1110 4705 1332 4771 peccata
1354 4697 1580 4768 periret,

362 4803 703 4870 Intraretque
729 4812 858 4853 suas
883 4793 1110 4866 populus
1136 4790 1344 4847 felicior
1363 4789 1558 4854 urbes;

365 4893 468 4963 Qui
497 4899 811 4949 servaturus
834 4885 1049 4941 Domini
1073 4891 1343 4954 praecepta
1366 4880 1578 4938 fuisset.

365 4985 519 5054 Quod
548 4983 649 5041 fuit
675 4981 880 5037 affatim
906 4978 1129 5044 factum,
1159 4977 1394 5033 donante
1425 4975 1698 5031 Tonante.

364 5074 484 5131 Jam
514 5087 650 5130 nova
678 5072 803 5128 dum
836 5069 1044 5125 crebris
1070 5067 1357 5139 viguerunt
1387 5071 1598 5136 sceptra
1627 5062 1940 5134 triumphis,

365 5167 434 5223 Et
459 5182 611 5239 reges
635 5178 702 5221 ex
732 5178 791 5220 se
810 5162 923 5232 jam
950 5162 1114 5231 coepit
1144 5159 1346 5215 habere
1372 5166 1621 5227 potentes

365 5258 512 5313 Gens
541 5262 762 5311 ventura
792 5255 907 5309 Dei.
942 5251 1101 5307 Rexit
1133 5259 1258 5306 tunc
1290 5248 1547 5319 temporis
1573 5246 1751 5301 almus

440 5366 593 5424 Vers.
635 5365 720 5422 78.

437 5510 467 5582 ξ
502 5500 695 5582 Εῴιίμι,
720 5501 855 5582 alias
884 5501 1155 5582 Edyigus,
1184 5498 1500 5582 Allas_filius,
1524 5511 1621 5552 rex
1647 5494 1941 5551 Northum-

368 5570 519 5627 brim.
557 5571 762 5625 Allord.
800 5587 941 5627 anno
969 5572 1093 5635 6l7,
1125 5588 1273 5626 num.
1306 5571 1336 5622 7
1362 5577 1415 5623 et
1442 5583 1557 5635 seq.

443 5584 519 5624 Im.
557 5583 762 5625 Altora.
800 5587 941 5627 anno
969 5583 1093 5635 on,
1125 5588 1273 5626 num.
1307 5583 1334 5622 7
1362 5583 1415 5623 et
1442 5584 1500 5622 se
1543 5607 1557 5620 .

443 5640 478 5723 b_
508 5583 1564 5723 P'nisnshinfacilium“ab_E_thelfrigo
1608 5651 1755 5723 rege.
1804 5634 1939 5689 Ven.

369 5709 515 5767 Beda
541 5708 680 5766 Hist.
712 5710 856 5766 Eccl.
887 5709 1076 5766 Gentis
1115 5712 1271 5780 Angl.
1305 5711 1396 5764 lib.
1431 5726 1489 5774 ιι,
1522 5726 1638 5784 crp.
1680 5706 1764 5760 12.

1162 305 1223 360 Β.
1264 304 1325 358 F.
1369 298 1592 357 ALBINI
1629 296 1759 352 SEU
1801 289 2079 347 ALCUINI
2118 286 2399 346 OPERUM
2438 281 2616 340 PARS
2656 279 2741 335 Vl.

1949 405 1999 464 Δ
2026 402 2319 473 Gregorius
2341 398 2557 472 praesul,
2590 404 2705 451 toto
2732 387 3056 447 venerabilis
3081 386 3219 449 orbi,

3494 260 3597 317 816

2027 495 2280 550 Ecclesiae
2302 493 2485 549 sedem
2506 489 2786 551 Romamn,
2816 482 3082 539 maximus
3100 486 3263 549 atque

2026 587 2293 659 Agrorum
2319 582 2521 640 Christi
2548 579 2744 643 cultor,
2778 578 3004 631 devotus
3027 573 3248 642 ubique,

2026 675 2266 731 Plurima
2291 680 2563 743 perpetuae
2596 665 2849 738 dispersit
2878 663 3085 720 semina
3112 661 3259 717 vitat.

2028 767 2259 824 Vomere
2286 779 2388 820 nec
2411 763 2586 819 solum
2609 760 2794 816 Latios
2816 756 3161 827 confregerat
3185 766 3367 825 agros,

2031 857 2138 914 Sed
2163 858 2335 912 bonus
2361 863 2523 925 atque
2549 854 2673 925 pius
2700 848 2974 922 peregrini
2995 846 3172 903 cultor
3192 844 3376 917 agelli,

2029 948 2228 1005 Oceani
2254 946 2489 1002 tumidos
2512 944 2654 999 ultra
2687 941 2918 998 suleavit
2943 944 3149 1005 aratro,

2029 1042 2256 1099 Pectora
2281 1040 2447 1096 divini
2470 1037 2633 1093 fluctu
2660 1033 2881 1108 gentilia
2904 1033 3060 1088 verbi

2029 1135 2195 1191 Arida
2228 1130 2497 1189 melliiluis
2521 1128 2852 1202 perfundens
2879 1141 3011 1180 arva
3039 1122 3256 1179 liuentis
3281 1140 3295 1176 :

2031 1231 2107 1285 De
2135 1228 2331 1299 quibus
2354 1224 2591 1295 aequorei
2616 1230 2775 1292 potus
2801 1220 3036 1275 hausere
3065 1213 3309 1270 Britanni

2031 1319 2151 1375 Jam
2174 1319 2274 1376 sibi
2305 1325 2595 1388 perpetuae,
2617 1313 2835 1371 Christo
2865 1311 3120 1373 donante,
3151 1306 3363 1363 salutis.

2032 1410 2203 1465 Eduin
2231 1420 2256 1449 ι
2291 1408 2497 1462 interea
2527 1412 2771 1460 veterum
2799 1400 2865 1456 de
2887 1399 3129 1472 germine
3157 1410 3366 1467 regum,

2032 1501 2298 1557 Euborica
2328 1499 2567 1571 genitus,
2600 1495 2849 1552 dominus
2877 1507 2976 1564 per
3002 1498 3197 1546 cuncta
3232 1487 3468 1552 futurus,

2033 1595 2224 1650 Pulsus
2254 1593 2307 1649 in
2334 1592 2584 1648 exsilium
2615 1591 2644 1631 ι»
2676 1588 2812 1659 fugit
2841 1602 2974 1657 puer
3000 1583 3183 1639 invida
3208 1597 3393 1654 regna.

2036 1689 2233 1743 Orama
2264 1698 2286 1726 ε
2313 1685 2529 1757 gentilis
2551 1698 2659 1753 qua
2695 1681 2908 1736 viderat
2934 1679 3048 1748 ipse
3076 1690 3388 1745 supernum,

1961 1749 2009 1809 Β
2040 1780 2206 1835 Nocte
2233 1749 2502 1848 soporata,
2533 1749 2681 1830 solus
2708 1772 2835 1827 dum
2860 1777 3106 1838 tempore
3131 1765 3365 1838 quodam

2035 1870 2209 1927 Anxia
2237 1868 2398 1925 corda
2429 1881 2621 1938 gerens
2648 1863 2811 1928 curis,
2838 1861 2957 1916 loca
2978 1872 3217 1930 congrua
3243 1856 3434 1921 adivit,

2036 1966 2105 2019 Et
2133 1962 2332 2018 tacitus
2358 1959 2499 2015 sedit
2524 1955 2785 2012 subluStri
2811 1953 3015 2008 lumine
3041 1951 3216 2005 lunae:

2038 2056 2132 2112 Vir
2160 2052 2309 2110 stetit
2334 2052 2547 2123 ignotus
2572 2048 2783 2113 habitu,
2808 2045 3066 2115 vultuque
3086 2048 3306 2111 repente

2036 2146 2176 2200 Ante
2204 2142 2390 2199 oculos
2410 2138 2647 2210 juvenis,
2674 2136 2966 2206 verbisque
2992 2131 3187 2188 affatur
3212 2127 3442 2185 amicis:

2044 2258 2064 2290 ς
2094 2237 2223 2305 Quae
2252 2244 2305 2291 te
2333 2234 2467 2289 dura
2494 2231 2696 2302 coquit,
2721 2227 2978 2298 iuvenum
3006 2222 3320 2286 fortissime,
3349 2216 3518 2276 cura?

2038 2329 2154 2385 Rex
2177 2328 2320 2383 Deus
2344 2333 2580 2381 aeternus
2608 2320 2731 2377 caeli
2756 2320 2845 2390 qui
2875 2318 3054 2373 sidera
3076 2315 3225 2380 fecit,

2041 2420 2171 2487 Quae
2195 2426 2252 2474 tu
2279 2415 2502 2486 pulchra
2530 2412 2681 2467 vides
2705 2408 2896 2465 solatia
2919 2408 3011 2462 dat
3038 2405 3135 2461 tibi
3167 2411 3335 2460 certa.

2039 2511 2179 2565 Ecce
2203 2516 2353 2563 tuam
2380 2504 2549 2558 vitam
2581 2499 2844 2571 quaerenti
2875 2505 3053 2554 servat
3077 2496 3146 2551 ab
3180 2495 3367 2558 hoste;

2040 2602 2263 2670 Insuper
2286 2597 2573 2667 imperium
2594 2594 2761 2648 latum
2793 2591 2891 2647 tibi
2915 2590 3174 2646 terminat
3196 2587 3376 2643 undis.

2041 2696 2156 2752 Rex
2180 2694 2326 2749 Deus
2362 2690 2454 2746 ille
2481 2689 2579 2745 tibi
2605 2696 2776 2743 totum
2804 2685 2877 2741 sit
2903 2697 3117 2754 semper
3145 2683 3200 2737 in
3225 2694 3399 2736 revum
3423 2697 3436 2731 :

2038 2789 2431 2857 lmponensque
2455 2790 2547 2836 tuo
2571 2779 2733 2849 capiti
2762 2791 2862 2847 pro
2892 2774 3095 2830 fmdcre
3121 2772 3405 2828 dextram:

2042 2877 2167 2932 Haec
2189 2875 2305 2940 tibi,
2339 2872 2494 2939 dixit,
2519 2877 2679 2926 erunt
2705 2868 2876 2923 nostri
2905 2863 3182 2935 signacula
3207 2862 3373 2934 pacti.
3398 2881 3417 2914 ι

2041 2969 2270 3024 Nuntius
2298 2966 2385 3021 his
2411 2964 2569 3021 dictis
2589 2960 2769 3019 subito
2801 2959 3049 3015 discessit
3075 2958 3144 3013 ab
3173 2956 3287 3023 illo,

2042 3058 2141 3115 Cui
2171 3058 2324 3127 vigor
2353 3053 2556 3109 affatim
2584 3066 2751 3107 venas
2781 3048 3021 3106 decurrit
3049 3047 3103 3102 in
3129 3061 3340 3112 omnes,

2042 3149 2202 3205 Pulsa
2232 3145 2421 3218 procul
2454 3144 2664 3216 fugiens
2689 3149 2745 3197 et
2770 3139 3076 3210 desperatio
3104 3137 3270 3194 ﬁbras

2038 3238 2314 3309 Liquerat.
2343 3236 2583 3290 Eventus
2614 3231 2880 3287 venientis
2905 3230 3048 3286 dicta
3074 3228 3323 3299 probavit

2038 3326 2277 3398 Hospitis
2300 3323 2584 3381 :occubuit
2609 3323 2793 3378 statim
2824 3335 2923 3377 rex
2950 3335 3078 3377 ense
3102 3317 3335 3375 nefando

2036 3419 2256 3476 invidus
2278 3416 2491 3490 imperii
2518 3416 2642 3471 vitae
2667 3413 2831 3471 simul
2854 3414 2999 3470 illius
3022 3419 3207 3484 atque.

2040 3509 2193 3565 Tunc
2208 3507 2425 3580 juvenis
2448 3507 2664 3564 rediens
2691 3506 2916 3564 intravit
2942 3503 3191 3561 amabilis
3216 3503 3383 3558 nrbes

2040 3601 2158 3658 Jam
2187 3601 2415 3673 patrias,
2437 3599 2619 3672 populi
2643 3613 3037 3670 procerumque
3060 3598 3245 3654 favore
3268 3606 3541 3667 receptus.

2040 3692 2143 3761 Qui
2173 3708 2298 3748 mox
2324 3691 2598 3762 accipiens
2622 3691 2821 3762 sceptri
2848 3691 3046 3763 regalis
3071 3690 3353 3756 honorem,

2041 3784 2297 3852 Quaesivit
2323 3784 2555 3854 propria:
2586 3784 2730 3855 genti
2755 3783 2914 3847 bona,
2943 3782 3125 3854 largus
3148 3782 3203 3837 in
3234 3797 3455 3846 omnes,

2041 3875 2154 3931 Nec
2182 3891 2282 3945 per
2302 3884 2513 3946 sceptra
2539 3873 2714 3941 ferox,
2743 3874 2840 3930 sed
2867 3874 2936 3930 de
2967 3875 3168 3945 pietate
3193 3873 3479 3944 benignus,

2040 3964 2238 4021 Factus
2258 3979 2411 4020 amor
2433 3963 2637 4034 populi,
2664 3964 2854 4034 patria:
2874 3971 3051 4034 pater,
3082 3971 3136 4020 et
3166 3964 3331 4020 decus
3357 3963 3511 4019 aulae.

2038 4053 2286 4111 Assiduis
2311 4070 2570 4126 superans
2597 4053 2813 4110 hostilia
2842 4063 3021 4110 castra
3060 4053 3372 4125 triumphis,

2038 4147 2374 4217 Imperioque
2402 4161 2499 4201 suo
2530 4153 2717 4218 gentes
2741 4144 3114 4216 superaddidit
3141 4159 3352 4210 omnes,

2038 4237 2267 4293 Finibus
2294 4246 2455 4309 atque
2482 4237 2676 4309 plagis,
2707 4252 2814 4309 qua
2842 4236 3084 4292 tenditur
3113 4235 3287 4291 insula
3313 4235 3487 4306 longe.

2039 4329 2269 4402 Jamque
2291 4330 2479 4402 iugum
2508 4331 2654 4401 regis
2676 4344 2849 4399 prona
2881 4329 3094 4384 cervice
3124 4327 3380 4383 subibant

1963 4444 2019 4507 ι)
2042 4422 2316 4507 Saxonum
2340 4421 2588 4493 populus,
2614 4419 2819 4488 Pictns,
2847 4419 3169 4490 Scotusque,
3197 4417 3510 4474 Britannus.

2042 4515 2253 4571 Interea
2275 4512 2484 4585 placida
2510 4512 2660 4584 regni
2686 4511 2811 4567 dum
2836 4526 2967 4583 pace
2996 4511 3229 4567 tribunal

2043 4604 2280 4661 Rexerat
2303 4604 2654 4674 armipotens,
2684 4604 2873 4674 sopitis
2904 4603 3137 4674 undique
3162 4602 3338 4669 bellis,

2042 4697 2275 4756 Justitize
2300 4696 2490 4752 validis
2512 4696 2741 4767 populos
2764 4694 3014 4752 frenabat
3043 4695 3294 4759 habenis,

2044 4790 2157 4847 Nec
2182 4790 2323 4860 rapit
2345 4804 2495 4845 arma
2524 4789 2695 4856 furor,
2715 4789 2895 4860 legum
2919 4790 3020 4845 sub
3042 4790 3280 4859 pondere
3305 4803 3544 4859 pressus,

2046 4878 2487 4940 Ultricestimuit
2516 4881 2708 4951 capitis
2736 4881 2862 4949 quia
2887 4879 3114 4950 quisque
3143 4895 3382 4945 secures,

2046 4971 2276 5027 Provida
2309 4970 2364 5024 ni
2388 4977 2503 5024 toto
2528 4978 2768 5025 servaret
2790 4977 3008 5039 pectore
3036 4969 3194 5035 scita,

2048 5063 2178 5131 Quae
2203 5061 2383 5131 posuit
2405 5060 2616 5131 populis
2641 5068 2824 5114 rector
2851 5059 3117 5114 servanda
3144 5059 3406 5116 subactis.

2047 5151 2259 5223 Accipit
2292 5165 2515 5206 uxorem
2542 5149 2766 5204 australi
2794 5150 2860 5204 de
2886 5157 3042 5220 parte
3072 5149 3287 5206 ﬁdelem
3313 5150 3365 5216 ιι,

2051 5244 2288 5301 Moribus
2315 5244 2614 5316 egregiam,
2642 5251 2965 5313 patrumque
2994 5241 3063 5297 ab
3087 5239 3297 5314 origine
3325 5242 3547 5306 claram,

3247 5353 3399 5409 Vers.
3426 5350 3547 5408 133.

2119 5505 2140 5533 ε
2180 5491 2405 5576 ᾯραμα,
2443 5493 2497 5547 id
2523 5500 2625 5561 est,
2656 5492 2854 5561 visum,
2884 5501 2944 5548 ut
2989 5493 3045 5550 in
3089 5493 3212 5550 Vita
3245 5493 3421 5551 sancti
3446 5484 3616 5550 Willi-

2044 5565 2252 5634 brordl,
2276 5580 2397 5634 cap.
2425 5562 2479 5616 2.
2570 5632 2605 5634 υ
2852 5633 2857 5634 γ
3118 5632 3131 5634 Α
3328 5633 3335 5634 7
3548 5629 3557 5634 _
3580 5628 3591 5634 Δ

2118 5632 2144 5673 ἀ
2186 5628 2538 5704 Εάειὸανσαηι
2568 5632 2865 5689 Ethelberti
2911 5634 3056 5704 regis
3095 5632 3272 5689 Cantii
3314 5628 3617 5704 filiam.iAi.

2048 5705 2186 5761 ford.
2221 5720 2360 5759 anno
2382 5703 2507 5769 616,
2535 5718 2683 5757 num.
2714 5705 2746 5759 9
2773 5712 2825 5758 et
2852 5704 3000 5759 alibi.
3028 5704 3172 5762 Beda
3202 5704 3295 5759 lib.
3332 5721 3394 5771 ιι,
3423 5718 3471 5757 c.
3501 5703 3555 5757 9.
