3866 6170
289 312 392 368 817
1071 303 1398 360 CARMINA.
1436 332 1506 341 —
1542 299 1631 354 DE
1669 295 1937 354 PONTIF.
1981 296 2070 351 ET
2111 296 2209 352 SS.
2254 296 2446 352 ECCL.
2490 297 2784 354 EBORAC.
3437 301 3542 358 8l8

1885 411 1932 468 Α
1962 407 2157 465 Polluit
2181 419 2304 466 ante
2330 411 2484 478 alios,
2514 430 2645 480 quas
2673 412 2782 484 ipse
2807 423 3106 469 sacraverat
3131 433 3274 470 aras.

1960 501 2125 556 Plena
2152 501 2286 558 fides
2315 503 2517 574 patuit,
2544 520 2647 560 nec
2672 506 2846 561 adhuc
2872 507 2925 561 in
2959 506 3106 563 fonte
3130 507 3363 574 lavatus,

1960 591 2208 661 Explevit
2234 593 2450 648 virtutis
2470 609 2605 665 opus
2631 595 2830 666 pietate
2859 596 3021 652 fideli.

1961 679 2138 734 Turba
2162 680 2498 737 salutiferum
2527 686 2772 754 sequitur
2795 702 2918 741 mox
2949 695 3060 742 tota
3086 688 3400 758 magistrum
3417 730 3432 752 ,

1961 768 2177 825 Viribus
2207 773 2480 828 unanimis
2510 782 2759 830 sternunt
2785 778 3102 849 caeduntque
3137 780 3391 836 sacellum
3418 799 3430 834 :

1961 861 2113 915 Tunc
2138 875 2317 917 erecta
2357 865 2466 919 ruit
2495 865 2605 920 fani
2638 876 2907 923 structura
2937 870 3168 940 profani,

1959 951 2224 1009 Funditus
2256 955 2309 1009 in
2349 957 2558 1014 cineres
2583 961 2743 1014 etiam
2772 963 3038 1018 distructa
3066 965 3287 1020 fatiscit.

1956 1041 2142 1098 Adfuit
2173 1043 2379 1101 interea
2411 1057 2622 1119 tempus
2650 1050 2908 1106 Paschale
2933 1069 3030 1121 per
3059 1055 3265 1119 orbem,

1957 1136 2072 1203 Quo
2101 1153 2196 1192 rex
2225 1154 2347 1192 cum
2380 1141 2574 1209 populo
2602 1144 2792 1197 statuit
2821 1144 3084 1212 baptisma
3118 1145 3320 1210 subire,

1956 1226 2234 1282 Euboricae
2265 1229 2423 1284 celsis
2457 1231 2620 1285 etiam
2649 1232 2749 1287 sub
2771 1234 3039 1288 moenibus
3073 1235 3252 1300 urbis;

1956 1318 2010 1372 In
2036 1335 2140 1388 qua
2174 1328 2314 1376 tecta
2345 1322 2455 1377 Deo
2484 1321 2648 1390 jussit
2675 1324 2782 1377 cito
2809 1339 2974 1395 parva
3000 1324 3190 1389 locari,

1957 1409 2204 1465 Sumeret
2233 1420 2292 1466 ut
2317 1413 2416 1468 sub
2445 1413 2525 1469 eis
2550 1428 2762 1468 sacram
2788 1415 3128 1484 baptismatis
3155 1414 3375 1469 undam.

1959 1506 2096 1560 Dum
2127 1506 2318 1562 festiva
2343 1508 2455 1564 dies
2492 1508 2667 1563 illuxit
2692 1510 2950 1580 temporis
2979 1510 3126 1575 almi,

1955 1597 2088 1651 Cum
2120 1598 2284 1664 natis,
2310 1598 2644 1669 ducibusque
2670 1601 2847 1666 simul,
2879 1618 3000 1656 cum
3028 1602 3180 1670 plebe
3210 1603 3480 1672 sequenti,

285 427 549 484 Omnibus
574 431 624 478 et
656 430 856 478 sanctae
885 421 1012 476 fidei
1041 422 1329 476 virtutibus
1356 419 1573 474 almam.

282 517 380 572 Cui
406 516 566 571 datur
594 513 822 568 antistes
845 512 970 566 vitze
994 519 1238 567 servator
1262 513 1518 573 honestae,

282 605 510 660 Nomine
538 603 819 667 Paulinus,
845 603 980 656 civis
1011 602 1343 657 clarissimus
1370 601 1519 656 urbis

283 694 562 759 Romanae,
590 708 787 762 magno
818 693 1139 748 meritorum
1176 691 1346 746 fretus
1375 693 1598 755 honore,

280 783 383 850 Qui
413 781 515 838 fuit
542 798 638 837 ore
661 782 821 836 simul
848 797 1012 836 verax
1043 789 1096 836 et
1122 790 1340 851 pectore
1365 781 1620 850 prudens,

284 872 510 930 Iustitia:
537 873 741 937 cultor,
770 887 930 926 verus
955 871 1173 940 pietatis
1201 880 1431 936 amator,

280 964 593 1020 Catholicus
618 964 826 1028 doctor,
852 962 1088 1017 coelestia
1119 963 1261 1017 dona
1294 963 1610 1016 ministrans

277 1056 544 1113 Gentibus
575 1056 860 1126 aquoreis,
887 1055 1016 1110 solis
1040 1070 1138 1110 ceu
1165 1053 1357 1109 lucifer
1395 1064 1575 1109 ortum

277 1147 648 1210 Prmcurrens,
685 1154 853 1201 tetras
881 1147 1227 1200 tenebrarum
1255 1146 1472 1200 discutit
1505 1147 1750 1209 umbras,

280 1237 456 1307 Atque
481 1237 624 1291 diem
647 1244 916 1291 monstrat
943 1237 1143 1291 mundo
1174 1237 1388 1291 venisse
1420 1251 1690 1291 serenum.

281 1327 372 1382 Sic
398 1335 556 1397 pater
583 1326 673 1380 ille
699 1326 838 1396 pius,
874 1327 1054 1381 divino
1082 1326 1286 1380 lumine
1312 1326 1484 1392 verbi,

279 1417 494 1488 Expulit
522 1418 774 1472 humanis
800 1418 1021 1472 tetricas
1055 1417 1120 1473 de
1151 1417 1406 1474 cordibus
1432 1420 1673 1472 umbras.

280 1509 488 1580 Quique
514 1510 601 1565 die
627 1511 858 1580 quadam
885 1512 1153 1566 constanti
1178 1520 1396 1581 pectore
1425 1526 1606 1581 regem

278 1601 578 1674 Aggressus
614 1602 800 1656 retulit
826 1603 1060 1672 signum,
1090 1604 1233 1672 quod
1264 1603 1499 1657 diximus
1526 1601 1654 1657 olim
1687 1616 1711 1643 ιι

278 1693 446 1749 Nocte
474 1696 575 1750 sub
599 1695 829 1750 obscura
857 1695 1109 1763 juvenem
1137 1695 1337 1750 vidisse
1362 1694 1606 1764 paternis

276 1787 499 1842 Finibus
525 1788 826 1856 expulsum,
853 1789 1136 1858 posuitque
1167 1789 1220 1842 in
1248 1787 1451 1842 vertice
1479 1787 1738 1842 dextram.

275 1875 522 1931 Territus
550 1891 843 1947 agnoscens
873 1877 1144 1946 praedictae
1171 1877 1321 1948 signa
1351 1876 1544 1931 salutis

273 1968 415 2033 Rex,
449 1970 579 2024 solio
608 1970 830 2040 supplex
859 1971 1043 2026 statim
1069 1970 1348 2026 descendit
1374 1970 1441 2023 ab
1467 1969 1596 2033 alto,

272 2057 342 2111 Et
373 2059 480 2113 ruit
508 2067 632 2114 ante
658 2061 822 2129 pedes
842 2061 1134 2115 venerandi
1161 2059 1444 2124 antistitis,
1474 2067 1636 2128 atque

270 2146 464 2202 Omnia
493 2163 636 2202 nunc
665 2147 883 2211 faciam,
910 2149 1068 2212 dixit,
1095 2163 1428 2218 quascunque
1457 2149 1744 2218 spopondi,

269 2235 449 2306 Atque
478 2236 646 2292 Deum
677 2238 801 2292 cmli
837 2238 1064 2294 credens
1092 2240 1392 2294 venerabor
1415 2240 1633 2308 ubique,

271 2325 374 2393 Qui
399 2326 533 2380 mihi
557 2327 827 2382 concessit
854 2329 1042 2394 vitam,
1073 2329 1331 2401 regnique
1354 2345 1642 2396 coronam;

269 2415 516 2485 Namque
543 2418 647 2472 erit
676 2418 764 2473 ille
790 2419 921 2474 mihi
965 2419 1108 2477 solus
1157 2421 1298 2476 Deus
1340 2438 1500 2478 omne
1528 2438 1626 2493 per
1653 2439 1848 2479 aevum.

271 2506 378 2562 Sed
405 2509 566 2564 modo
595 2510 682 2566 dic
709 2512 863 2566 nobis
893 2511 963 2566 sit
988 2513 1222 2582 qualiter
1250 2514 1338 2569 ille
1363 2515 1655 2570 colendus?

268 2597 369 2652 Cui
405 2607 654 2668 prompto
683 2600 923 2670 gaudens
951 2603 1226 2671 respondit
1255 2605 1544 2674 episcopus
1573 2620 1668 2659 ore
1694 2623 1709 2658 :

275 2707 293 2741 ‹
332 2689 500 2744 Fmda
526 2691 713 2760 procul
737 2691 906 2763 fugiat
932 2694 1164 2763 primum
1195 2696 1406 2751 cultura
1435 2696 1679 2762 deorum,

266 2780 380 2836 Nec
403 2797 662 2851 pecorum
688 2785 907 2855 sanguis
932 2784 1082 2840 falsis
1108 2787 1230 2856 plus
1259 2787 1429 2843 fumet
1456 2787 1510 2841 in
1535 2788 1664 2852 aris,

1960 1686 2253 1742 Undecimo
2281 1689 2431 1759 regni
2466 1699 2488 1727 α
2522 1689 2738 1744 Christo
2767 1700 3016 1746 sacratus
3043 1691 3097 1744 in
3130 1706 3271 1746 anno
3299 1699 3385 1747 est

1958 1777 2125 1831 Fonte
2161 1779 2460 1844 salutifero,
2490 1779 2724 1849 praefata;
2753 1782 2805 1835 in
2834 1783 3104 1838 moenibus
3129 1785 3300 1849 urbis,

1955 1865 2119 1934 Cujus
2148 1868 2343 1922 abhinc
2366 1870 2580 1924 culmen
2616 1871 2898 1926 sublimius
2921 1873 3119 1927 extulit
3145 1873 3256 1938 ille,

1958 1959 2400 2031 Metropolimque
2430 1962 2510 2016 sui
2543 1964 2734 2018 statuit
2758 1965 3057 2020 consistere
3083 1966 3254 2036 regni.

1957 2052 2046 2105 Sic
2076 2066 2290 2122 quoque
2314 2051 2607 2120 Gregorius
2633 2055 2831 2122 praesul
2861 2057 3174 2112 decreverat
3202 2056 3352 2122 olim,

1957 2144 2175 2199 Semina
2203 2145 2329 2198 dum
2355 2145 2480 2200 vitae
2511 2145 2749 2202 Romana
2779 2148 2929 2202 misit
2965 2150 3032 2204 ab
3066 2165 3190 2204 arce

1955 2234 2214 2290 Gentibus
2241 2235 2556 2306 Anglorum,
2583 2238 2866 2294 confestim
2897 2240 3145 2311 praecipit
3171 2243 3358 2296 urbem

1957 2330 2104 2385 Hanc
2139 2339 2298 2400 caput
2335 2332 2590 2387 Ecclesiis
2617 2341 2671 2387 et
2697 2334 2908 2389 culmen
2941 2336 3162 2390 honoris
3189 2335 3398 2401 haberi,

1954 2420 2120 2474 Pallia
2160 2422 2552 2493 pontificesque
2582 2425 2636 2478 in
2666 2441 2730 2480 ea
2759 2427 2959 2481 vestire
2995 2436 3256 2482 sacratos.

1957 2509 2046 2565 Sic
2072 2512 2191 2580 pius
2219 2513 2433 2568 antistis
2458 2515 2690 2584 primum
2715 2515 2972 2571 Paulinus
3006 2517 3261 2584 habebat,

1953 2598 2055 2666 Qui
2085 2600 2298 2655 Domini
2328 2601 2499 2670 legem
2527 2603 2792 2659 meditans
2821 2605 2874 2658 in
2905 2613 3065 2662 nocte
3096 2607 3288 2676 dieque
3308 2647 3324 2672 ,

1956 2691 2186 2748 Sedulus
2215 2693 2266 2746 in
2291 2693 2514 2763 populos
2550 2694 2749 2765 sparsit
2777 2705 3045 2766 praecepta
3089 2697 3279 2752 salutis
3309 2717 3322 2751 ς

1953 2782 2190 2838 Plurima
2217 2791 2544 2854 quapropter
2568 2785 2836 2839 convertit
2860 2785 3027 2841 millia
3071 2784 3325 2852 Christo;

1952 2873 2019 2928 Et
2045 2873 2166 2928 fidei
2200 2872 2431 2930 ﬂammis
2456 2875 2672 2931 virtutis
2703 2885 2758 2930 et
2783 2877 2906 2947 igne
2931 2893 3252 2945 coruscans,

1951 2967 2172 3038 Frigora
2200 2967 2283 3022 bis
2309 2968 2480 3022 ternis
2507 2968 2754 3023 borealca
2783 2970 2985 3038 depulit
3009 2971 3188 3038 annis,

1873 3085 1921 3150 ο
1952 3056 2067 3111 Rex
2092 3057 2287 3127 quibus
2320 3058 2569 3129 egregius
2597 3068 2919 3130 regnaverat
2947 3060 3202 3115 Edwinus
3229 3059 3394 3126 idem,

1952 3147 2328 3218 Disposuitquc
2358 3165 2484 3203 suas
2503 3150 2652 3220 justo
2682 3149 3049 3205 moderamine
3077 3150 3247 3220 leges,

266 2869 377 2927 Nec
402 2873 594 2928 calidis
621 2889 778 2930 omen
807 2875 958 2931 fibris
980 2878 1258 2946 perquirat
1286 2894 1540 2948 aruspex,

265 2963 378 3020 Nec
405 2974 600 3022 cantus
626 2967 902 3024 volucrum
933 2979 1112 3025 servet
1143 2971 1465 3028 vanissimus
1491 2989 1684 3044 augur,

265 3052 459 3110 Omnia
485 3065 796 3113 sternantur
825 3059 990 3115 fundo
1018 3061 1309 3117 simulacra
1337 3062 1578 3118 deorum.
1607 3085 1624 3117 ι

265 3140 552 3216 Ηίηάρίυε
580 3149 806 3204 antistes
834 3149 956 3204 fidei
987 3151 1242 3221 mysteria
1273 3153 1436 3221 cmpit

266 3234 431 3313 244
458 3237 770 3293 Testiﬁcare
789 3239 968 3308 palam
999 3249 1307 3296 constanter
1325 3243 1376 3296 in
1403 3243 1594 3300 ordine
1618 3247 1849 3312 cunctis,
1948 3241 2206 3295 Illicitans
2234 3239 2259 3279 ἀ
2289 3256 2510 3296 servare
2538 3241 2698 3296 fidem
2721 3242 2984 3312 donisque
3009 3243 3297 3313 minisque.

266 3311 449 3380 anec
481 3327 595 3396 ipse
619 3327 779 3383 fidem
807 3331 1055 3401 concepit
1081 3341 1301 3402 pectore
1329 3342 1440 3389 toto

266 3417 381 3472 Rex
412 3420 552 3489 pius,
579 3427 633 3475 et
660 3423 857 3491 populo
881 3426 1153 3493 persuasit
1187 3427 1412 3482 credere
1440 3427 1738 3484 Christum.

265 3507 404 3564 Ecce
429 3512 766 3566 sacerdotum
799 3512 925 3569 Caeli
954 3515 982 3555 ιι
1014 3523 1142 3571 tunc
1177 3519 1434 3587 temporis
1463 3527 1674 3583 auctor,

263 3598 629 3671 Errorumque
657 3612 818 3672 caput
846 3603 1043 3671 fuerat,
1076 3607 1164 3661 cui
1192 3624 1287 3662 rex
1319 3609 1431 3663 ait:
1463 3628 1479 3659 ι
1513 3610 1608 3664 Eia

266 3689 462 3759 Arripe
493 3691 596 3746 tela
626 3693 721 3747 tibi
748 3695 900 3763 prius
935 3695 1255 3750 inconsueta
1286 3699 1541 3753 sacerdos

263 3780 334 3834 Et
350 3779 533 3848 jaculo
562 3783 764 3838 celsum
793 3785 1002 3853 primus
1033 3793 1088 3838 tu
1114 3786 1293 3855 pollue
1321 3787 1538 3853 fanum;

266 3871 366 3938 Qui
395 3871 576 3928 fueras
605 3875 870 3931 scelerum
899 3876 1107 3942 doctor,
1132 3894 1273 3933 nunc
1291 3888 1408 3934 esto
1435 3881 1646 3936 salutis.
1683 3904 1700 3934 ι

262 3961 468 4016 Annuit
493 3963 577 4019 his
607 3964 764 4019 dictis
795 3965 994 4031 senior,
1026 3969 1320 4037 paucisque
1351 3971 1626 4039 respondit
1654 3990 1665 4024 :

270 4071 288 4103 ‹
323 4054 595 4112 Hactenus
623 4057 832 4113 incerto
858 4072 975 4112 mea
1007 4061 1237 4114 stamine
1269 4061 1380 4115 vita
1404 4063 1682 4131 pependit,

264 4143 457 4199 Obruit
483 4154 536 4200 et
561 4147 736 4202 dubiis
756 4147 996 4203 animum
1023 4150 1197 4221 caligo
1231 4152 1489 4215 tenebris,

265 4239 475 4294 Exhinc
502 4248 651 4295 certa
680 4256 894 4311 sequar,
924 4243 1149 4312 cupiens
1174 4259 1466 4313 agnoscere
1495 4262 1704 4322 verum,

265 4329 662 4401 .‘Eternumque
690 4333 890 4400 Deum;
922 4335 1007 4390 vel
1037 4336 1178 4390 sistit
1207 4337 1316 4390 vita
1350 4336 1563 4403 futura;

264 4423 346 4475 An
377 4430 643 4478 tormenta
671 4425 846 4490 malis,
878 4434 1134 4480 maneant
1159 4442 1226 4481 an
1252 4430 1472 4496 praemia
1501 4428 1685 4499 justis.
1713 4453 1731 4485 ι

264 4511 362 4568 Ῑ-Ιὶδ
392 4515 569 4584 rapuit
601 4515 790 4571 dextra
818 4516 980 4573 dictis
1005 4518 1198 4573 hastile
1229 4520 1448 4588 minaci,

263 4603 443 4674 Atque
479 4620 683 4661 marem
714 4607 1030 4662 conscendit
1057 4623 1253 4679 equum
1281 4628 1387 4667 non
1420 4629 1570 4670 more
1596 4623 1769 4681 sueto,

264 4694 359 4749 Cui
392 4710 490 4765 per
510 4695 646 4750 colla
667 4695 812 4763 juba:
835 4698 1094 4764 volitant,
1125 4708 1295 4757 tumet
1323 4705 1489 4759 ardua
1521 4706 1735 4772 cervix;

269 4784 490 4841 Pectore
521 4785 730 4843 sublato
758 4789 915 4844 velox
939 4789 1073 4847 fodit
1101 4795 1299 4864 ungula
1330 4803 1556 4863 terram,

265 4874 659 4949 Impatiensque
685 4897 848 4938 mora:
878 4885 1155 4952 quatiebat
1181 4889 1450 4944 morsibus
1481 4907 1696 4958 aurum,

267 4967 547 5025 Terribilis
575 4971 749 5039 qualis
773 4987 939 5029 curvo
965 4973 1024 5028 fit
1050 4975 1283 5032 Parthus
1312 4978 1367 5032 in
1394 4994 1522 5034 arcu

267 5056 361 5111 Vel
390 5059 434 5113 si
463 5058 619 5131 longa
648 5061 793 5119 leves
820 5065 996 5120 vibrat
1017 5067 1230 5122 hastilia
1259 5069 1312 5124 in
1339 5085 1523 5138 auras,

268 5146 416 5204 Talis
439 5158 495 5204 et
522 5151 635 5220 ipse
661 5155 795 5223 petit
823 5156 1002 5226 jaculo
1029 5156 1242 5229 fastigia
1271 5161 1415 5226 fani;

267 5236 312 5293 O
335 5240 561 5296 nimium
585 5243 719 5298 tanti
749 5243 876 5300 felix
902 5247 1125 5302 audacia
1157 5247 1312 5304 facti!

341 5350 492 5407 Vers.
534 5352 656 5410 186.

337 5497 362 5561 f
405 5484 747 5561 Supra_vcrs.
780 5489 852 5561 94f
872 5500 926 5544 et
950 5505 1063 5561 seq.

340 5556 367 5594 ι»
402 5556 562 5625 Apud
586 5557 947 5641 BedamCoi/i
983 5556 1227 5642 vocatur,
1260 5563 1294 5615 l.
1329 5564 1420 5617 cit.
1455 5580 1574 5683 cap.
1611 5569 1695 5622 l3.

331 5633 361 5665 ιε
409 5629 558 5680 Anno
589 5645 641 5683 xi
675 5645 839 5683 ream.
870 5630 949 5683 Ita
975 5639 1138 5683 etiam
1165 5632 1303 5683 Beda
1332 5650 1450 5683 can-
1479 5636 1500 5683 l
1574 5639 1664 5683 nhi

331 5633 361 5665 ιε
409 5630 558 5680 Anno
589 5645 641 5683 xi
675 5631 839 5752 regni.
870 5630 949 5684 Ita
975 5631 1138 5686 etiam
1165 5632 1303 5686 Beda
1332 5650 1450 5703 cap.
1479 5630 1544 5690 14
1574 5639 1665 5692 ubi
1694 5641 1842 5696 addit

321 5697 435 5751 isse
460 5714 662 5752 annum
688 5699 720 5752 6
759 5700 808 5752 7.
834 5701 973 5752 Ergo
997 5718 1215 5752 regnum
1244 5705 1529 5752 canessivif
1553 5723 1692 5752 minn
1715 5711 1833 5752 mn

267 5699 435 5754 [uisse
460 5714 662 5759 annum
688 5699 808 5754 627.
834 5701 973 5772 Ergo
997 5718 1215 5773 regnum
1244 5699 1529 5775 capessivit
1553 5723 1692 5764 anno
1715 5711 1837 5767 616.

1952 3330 2329 3400 Ecclesiasque
2357 3332 2469 3386 suis
2500 3331 2743 3386 fundavit
2767 3333 2821 3386 in
2852 3333 3079 3388 urbibus
3108 3334 3315 3402 amplas
3343 3354 3354 3388 :

1950 3421 2029 3475 Ex
2058 3422 2254 3490 quibus
2281 3422 2562 3477 Euboricce
2597 3423 2786 3478 solidis
2815 3422 3031 3477 suffulta
3055 3423 3321 3479 columnis

1949 3511 2154 3567 Nobilis
2185 3513 2271 3567 illa
2299 3523 2480 3568 manet
2505 3514 2648 3569 celso
2685 3514 2927 3585 speciosa
2963 3515 3178 3582 decore,

1951 3602 2065 3670 Qua
2093 3605 2322 3660 statione
2351 3621 2506 3660 sacra
2537 3605 2636 3660 fuit
2673 3606 2761 3662 ille
2789 3607 3002 3662 lavatus
3032 3608 3087 3662 in
3118 3609 3282 3674 unda,

1951 3693 2229 3764 Quamque
2257 3697 2347 3751 diu
2372 3697 2528 3763 vixit,
2555 3698 2756 3754 Christi
2785 3708 3055 3769 praecepta
3090 3701 3328 3756 tenebat.

1948 3783 2028 3837 Illi
2055 3792 2382 3853 quapropter
2403 3786 2638 3840 clemens
2668 3786 2889 3841 meliora
2919 3789 3145 3856 parabat

1951 3872 2188 3927 Tradere
2221 3887 2385 3943 regna
2414 3873 2586 3936 Deus,
2615 3873 2720 3927 luci
2752 3875 2956 3928 sociata
2985 3877 3242 3944 perenni;

1949 3961 2085 4015 Nam
2113 3963 2212 4017 sibi
2242 3963 2572 4032 praescripta:
2598 3964 2789 4017 mortis
2817 3965 2942 4018 dum
2966 3974 3191 4020 venerat
3217 3967 3372 4034 hora,

1949 4050 2179 4122 Belliger
2203 4053 2455 4106 occubuit
2480 4052 2661 4106 subito
2691 4054 2980 4108 socialibus
3008 4057 3200 4122 armis,

1949 4140 1993 4196 Ο
2023 4157 2109 4196 res
2139 4157 2281 4196 caeca
2312 4143 2473 4198 nimis
2497 4152 2715 4199 terreno
2742 4145 2909 4200 fidere
2936 4161 3123 4218 regno,

1949 4231 2102 4298 Quod
2130 4247 2370 4302 praeceps
2408 4231 2621 4288 fortuna
2651 4243 2815 4301 rotat,
2848 4233 3079 4306 fatisque
3107 4239 3356 4310 malignis

1947 4322 2210 4389 Vertitur,
2237 4331 2291 4379 et
2318 4324 2488 4380 variis
2515 4342 2729 4398 semper
2753 4337 2990 4384 motatur
3011 4331 3065 4384 in
3093 4331 3260 4386 horis.

1867 4457 1924 4518 Β
1949 4415 2087 4472 Ecce
2118 4416 2304 4472 decem
2332 4424 2388 4472 et
2419 4427 2625 4490 septem
2662 4428 2947 4491 postquam
2997 4432 3316 4494 regnaverat
3347 4425 3524 4490 annis,

1948 4503 2202 4562 Edwinus
2225 4509 2476 4563 occubuit
2501 4520 2524 4548 ο
2548 4525 2732 4581 regum
2759 4511 3091 4567 clarissimus
3118 4513 3224 4568 ille.

1946 4596 2076 4653 Post
2099 4615 2260 4670 quem
2287 4616 2393 4656 non
2425 4601 2612 4656 habuit
2634 4603 2891 4672 praeclara
2921 4603 3198 4659 Britannia
3229 4605 3411 4662 talem.

1947 4687 2060 4745 Hoc
2084 4699 2266 4746 tamen
2295 4692 2635 4762 omnipotens
2662 4691 2778 4746 fieri
2807 4707 2915 4747 non
2942 4707 3134 4762 passus
3164 4695 3391 4751 inultum
3416 4706 3524 4762 est,

1947 4781 2055 4836 Sed
2083 4781 2230 4836 dedit
2257 4781 2562 4838 Oswaldum
2589 4783 2730 4852 regis
2765 4797 2991 4853 regnare
3014 4795 3263 4857 nepotem
3299 4786 3345 4840 ί.

1946 4871 2047 4938 Qui
2079 4873 2256 4927 subito
2285 4871 2509 4926 veniens
2535 4874 2777 4928 externis
2805 4874 2958 4929 exsul
2981 4875 3050 4931 ab
3071 4877 3201 4942 oris,

1945 4959 2198 5016 Firmiter
2220 4962 2432 5017 invicta:
2459 4962 2584 5017 fidei
2608 4962 2846 5019 conlisus
2874 4965 2930 5019 in
2962 4968 3144 5032 armis,

1945 5053 2172 5124 Agmina
2206 5068 2372 5123 parva
2402 5053 2569 5108 trahit
2590 5069 2887 5125 properans
2921 5066 2977 5113 et
3005 5061 3179 5131 pergit
3221 5061 3276 5116 in
3315 5061 3522 5120 hostem

1949 5143 2261 5199 Vastantem
2285 5145 2537 5214 patriam,
2571 5145 2716 5201 ferro
2740 5146 3077 5217 flammisque
3093 5161 3446 5219 cremantem,

1947 5235 2176 5291 Millibus
2202 5237 2529 5304 innumeris,
2553 5238 2740 5308 spoliis
2773 5239 3106 5311 nimiumque
3133 5246 3441 5314 superbum.

3139 5373 3290 5433 Vers.
3325 5379 3447 5434 240.

2016 5497 2038 5535 ι’
2083 5498 2263 5564 Forte,
2292 5501 2582 5556 inculcans.

2019 5579 2042 5607 θ
2080 5567 2327 5691 ggwinus
2356 5570 2592 5624 occubuit
2637 5587 2691 5627 Iv
2719 5571 2795 5626 Id.
2839 5571 2958 5629 Oct.
2989 5573 3091 5630 653
3120 5577 3280 5643 Beda,
3311 5577 3349 5632 I.
3396 5581 3518 5647 cit.,

1979 5653 2061 5691 an.
2169 5680 2179 5691 .

1945 5653 2061 5707 cap.
2091 5653 2179 5691 zu.

2025 5710 2040 5747 τ
2085 5709 2224 5764 Beda
2254 5711 2342 5766 lib.
2379 5729 2459 5778 Ill,
2490 5727 2606 5781 cap.
2639 5714 2657 5768 l
2692 5730 2844 5784 seqq.
