3866 6170
352 443 458 497 Sed
489 442 611 510 pius
637 435 918 495 Oswaldus
948 448 1174 490 numero
1201 446 1310 487 non
1346 427 1565 487 territus
1589 425 1717 490 ullo,

350 533 657 602 Alloquitur
698 527 969 600 propriam
998 522 1269 582 constanti
1299 529 1517 592 pectore
1547 527 1779 572 turmam
1805 533 1818 568 :

360 644 379 676 ι
413 624 457 681 0
481 623 676 695 quibus
699 628 785 676 est
811 634 1024 689 semper
1043 616 1304 677 bellorum
1329 612 1504 668 vivida
1526 611 1717 673 virtus,

354 716 531 779 Nune,
554 728 770 787 precor.
794 710 1023 766 invictas
1044 706 1237 761 animis
1264 703 1524 760 assumitc
1554 702 1717 765 vires,

355 806 737 874 Auxiliumque
763 801 859 857 Dei
886 798 1097 859 cunctis
1120 795 1465 866 praestantius
1492 792 1657 847 armis

357 904 571 962 Poscite
595 898 757 956 corde
792 894 902 966 pio,
929 890 1198 961 precibus,
1226 885 1555 943 substernite
1582 889 1792 939 vestros

358 997 550 1052 Vultus
581 1001 707 1050 ante
738 1001 975 1051 crucem,
1003 998 1165 1054 quam
1191 982 1394 1037 vertice
1413 976 1613 1034 montis
1643 975 1696 1029 in
1725 974 1828 1027 isto

360 1086 544 1150 E-rexi,
560 1082 747 1138 rutilat
766 1075 969 1134 Christi
991 1088 1111 1143 qure
1138 1072 1286 1127 clara
1317 1080 1539 1139 tropaeo,

360 1178 491 1245 Quae
530 1185 741 1245 quoque
767 1183 912 1225 nunc
947 1166 1101 1222 nobis
1134 1162 1412 1234 praestabit
1451 1160 1519 1214 ab
1554 1161 1709 1218 hoste
1752 1154 1938 1215 trium-

1606 1250 1815 1322 [phum.
1838 1266 1857 1298 ι

360 1358 516 1413 Tunc
540 1355 745 1412 clamor
768 1351 949 1423 populi
977 1349 1147 1405 fertur
1181 1360 1341 1416 super
1364 1352 1510 1399 astra
1536 1339 1828 1412 precantis.

364 1448 433 1504 Et
466 1462 626 1503 cruce
664 1445 744 1501 sic
787 1456 991 1509 coram,
1019 1438 1413 1506 Dominumque
1442 1435 1717 1502 Deumque
1751 1437 1940 1500 poten-

1714 1519 1866 1592 [tem,

364 1625 662 1701 Popiitibus
685 1625 858 1691 ﬂexis,
887 1620 1158 1680 exercitus
1178 1620 1355 1676 omnis
1378 1617 1586 1672 adorat.

365 1719 464 1777 His
485 1720 652 1774 etiam
678 1717 842 1789 gestis
879 1723 1159 1786 promptus
1183 1710 1451 1784 processit
1478 1708 1533 1761 in
1561 1707 1793 1769 hostem,

365 1811 614 1867 Caedibus
642 1808 946 1877 irrumpens
978 1804 1195 1864 hostilia
1222 1809 1401 1858 castra
1431 1790 1691 1854 eruentis.

371 1902 441 1959 Ut
468 1901 555 1958 leo
576 1915 698 1956 cum
727 1898 920 1960 catulis
943 1896 1178 1953 crudelis
1205 1893 1365 1955 ovilia
1389 1898 1588 1956 vastat,

368 1993 438 2050 Et
464 2006 631 2065 pecus
658 2006 817 2049 omne
854 1989 1001 2045 ferus
1028 1995 1248 2052 mactat,
1293 1984 1605 2054 manditque
1636 1980 1937 2050 trahitque;

368 2085 524 2141 Haud
558 2098 715 2141 secus
753 2081 1035 2140 Oswaldus
1073 2095 1167 2135 rex
1196 2079 1392 2135 stravit
1423 2077 1624 2147 ubique
1649 2073 1943 2145 phalanges

368 2175 686 2237 Barbaricas
711 2174 884 2229 victor
906 2171 1160 2243 gradiens
1188 2185 1285 2241 per
1317 2168 1444 2234 tela,
1471 2182 1569 2237 per
1597 2166 1802 2229 hostes,

368 2267 538 2324 Cadit
568 2276 626 2322 et
654 2266 910 2331 inculcat,
942 2264 1211 2335 fugientes
1240 2262 1426 2318 atterit
1457 2260 1592 2315 alas.

373 2363 639 2419 Prtevenit
663 2361 897 2420 Oswaldi
926 2359 1216 2416 sternendo
1240 2356 1514 2412 exercitus
1544 2355 1748 2418 hostes,

372 2454 707 2525 Sanguineos
733 2450 939 2521 campis
976 2450 1123 2504 rivos
1153 2456 1278 2517 post
1300 2456 1451 2515 terga
1473 2444 1801 2512 relinquens,

371 2547 552 2600 Donec
579 2544 695 2616 ipse
715 2543 872 2598 luens
898 2540 1094 2597 cecidit
1116 2537 1364 2594 Cadwala
1403 2533 1664 2590 nefandus

370 2635 619 2690 l’erﬁdiaa
644 2648 853 2705 poenas,
881 2630 1120 2686 moriens
1142 2631 1196 2684 in
1226 2635 1408 2696 strage
1436 2639 1677 2688 suorum,

372 2723 641 2793 Claraque
664 2721 953 2794 magniﬁco
980 2721 1148 2777 cessit
1167 2719 1393 2775 victoria
1421 2718 1554 2790 regi.

374 2815 634 2871 Hostibus
659 2813 855 2871 occisis
879 2827 1102 2884 regnum
1129 2811 1503 2869 sanctissimus
1531 2807 1745 2865 Oswald

373 2907 698 2979 ingreditur,
726 2906 888 2963 heros
916 2912 1155 2961 veterum
1180 2903 1476 2975 condignus
1501 2916 1744 2958 avorum.

375 3003 472 3061 Vir
504 3003 705 3060 virtute
732 3010 925 3074 potens
951 3000 1141 3072 patriae
1168 3007 1405 3064 tutator,
1431 3005 1643 3052 amator

374 3097 615 3156 Moribus
639 3096 890 3168 egregius
918 3094 1116 3153 Christi
1148 3093 1401 3149 mandata
1426 3099 1667 3154 secutus,

375 3189 713 3262 Pauperibus
740 3188 941 3263 largus,
963 3202 1162 3258 parcus
1190 3185 1315 3251 sibi,
1340 3185 1490 3241 dives
1512 3184 1567 3239 in
1602 3197 1811 3243 omnes,

376 3279 604 3335 Iudiciis
624 3292 810 3343 verax,
841 3277 1007 3332 animi
1033 3276 1236 3345 pietate
1257 3275 1546 3343 benignus,

378 3368 539 3441 255
578 3365 836 3423 Excelsus
877 3366 1109 3432 meritis,
1150 3365 1449 3421 submissus
1484 3373 1664 3418 mente
1698 3363 1792 3419 sed
1817 3363 1953 3432 ipsa,

379 3457 637 3514 Hostibus
670 3455 948 3512 horribilis
976 3455 1187 3510 cunctis
1214 3454 1487 3523 iucundus
1529 3454 1741 3513 amicis,

379 3549 453 3605 Ut
496 3548 639 3619 bello
664 3547 974 3613 indomitus,
1005 3548 1085 3604 sic
1117 3555 1277 3617 pacta
1304 3548 1359 3601 in
1396 3561 1530 3616 pace
1554 3546 1749 3601 ﬁdelis.

378 3637 609 3700 lnvaluit
633 3646 920 3709 postquam
948 3639 1178 3708 sceptris
1201 3645 1256 3694 et
1277 3637 1511 3693 culmine
1540 3638 1713 3708 regni,

379 3728 624 3786 Exstruit
642 3729 896 3786 ecclesias
922 3729 1184 3799 donisque
1209 3738 1436 3787 exornat
1460 3729 1673 3799 opimis,

380 3819 522 3874 Vasa
549 3818 863 3875 ministeriis
893 3829 1154 3889 praestans
1182 3821 1419 3891 pretiosa
1446 3820 1674 3875 sacratis

377 3910 637 3982 Argento,
664 3913 892 3983 gemmis
918 3929 1043 3969 aras
1069 3913 1287 3969 vestivit
1309 3921 1365 3968 et
1391 3927 1543 3976 auro,

380 4003 566 4060 Serica
592 4004 887 4075 parietibus
912 4005 1135 4061 tendens
1155 4004 1422 4059 velamina
1452 4002 1643 4066 sacris,

376 4094 512 4149 Auri
546 4094 794 4150 blateolis
821 4094 1044 4166 pulchre
1073 4095 1325 4151 distincta
1355 4093 1594 4159 coronis,

379 4186 688 4258 Sanctaque
723 4186 1000 4257 suSpendit
1028 4185 1207 4242 varias
1232 4200 1328 4257 per
1354 4193 1496 4242 tecta
1525 4185 1790 4251 lucernas,

378 4275 534 4332 Esset
558 4284 618 4332 ut
645 4278 700 4332 in
724 4277 935 4347 templis
960 4277 1083 4332 cceli
1111 4276 1375 4332 stellantis
1399 4276 1596 4348 imago,

377 4370 831 4441 Christicolasque
854 4385 1042 4442 greges
1069 4370 1221 4425 duxit
1243 4370 1466 4425 devotus
1492 4370 1546 4424 in
1574 4369 1715 4433 illas,

379 4461 452 4517 Ut
473 4460 663 4516 ﬁerent
688 4458 916 4515 Domino
936 4458 1121 4514 laudes
1149 4458 1266 4514 sine
1292 4457 1398 4512 ﬁne
1426 4466 1736 4514 canentum.

378 4554 423 4609 O
449 4554 644 4623 pietas,
672 4567 706 4608 ο
731 4551 875 4608 celsa
901 4550 1069 4607 ﬁdes!
1101 4549 1236 4605 Nam
1263 4548 1524 4621 quidquid
1555 4548 1806 4611 habebat,

380 4645 641 4715 Prodigus
669 4647 723 4700 in
748 4644 959 4701 Domini
984 4658 1241 4715 gazarum
1268 4642 1468 4712 sparsit
1492 4641 1751 4695 honorem
1778 4657 1790 4691 :

378 4738 717 4807 Quapropter
742 4737 911 4792 titulis
944 4736 1204 4791 virtutum
1228 4734 1443 4798 claruit,
1476 4740 1637 4801 atque

378 4830 667 4901 Signorum
688 4828 887 4886 celebri
916 4827 1056 4883 fama
1088 4835 1172 4883 est
1208 4826 1456 4897 vulgatus
1483 4825 1703 4895 ubique,

376 4923 507 4992 Quae
531 4923 692 4978 modo
715 4936 814 4991 per
832 4919 1089 4975 mundum
1123 4920 1329 4974 chartis
1357 4918 1611 4987 inscripta
1638 4917 1888 4987 leguntur
1920 4934 1925 4937 ι

376 5014 616 5081 Quarum
638 5026 812 5084 pauca
838 5010 968 5066 libet
990 5009 1157 5080 lyrico
1180 5025 1320 5064 nunc
1343 5017 1561 5079 tangere
1581 5008 1807 5078 plectro,

382 5109 447 5164 Et
473 5115 656 5179 partes
681 5113 874 5162 cantus
894 5103 1105 5160 calamo
1131 5109 1384 5157 currente
1406 5103 1628 5157 referre.

378 5198 643 5279 Tempore
672 5212 795 5252 nam
826 5195 1055 5266 quodam
1069 5193 1261 5263 praesul
1284 5191 1869 5263 sanctissimusLEdaﬂ
1900 5192 1950 5262 ³³]

449 5311 603 5372 Vcrs.
645 5315 770 5372 291.

454 5509 475 5535 ιι
512 5496 727 5619 Ρὲιαῗιξ
762 5510 852 5549 seu
891 5493 1151 5555 Aidanus,
1202 5492 1267 5546 de
1292 5504 1397 5560 quo
1425 5488 1576 5558 plura
1608 5485 1749 5541 Beda
1779 5485 1814 5538 l.
1856 5483 1947 5537 cit.

454 5582 499 5619 ο.
598 5579 629 5618 e
722 5604 734 5617 .

381 5581 499 5635 cap.
530 5575 563 5619 5
598 5575 654 5618 et
681 5575 734 5618 ϋ.

454 5638 479 5673 b
527 5633 665 5687 Oswi
714 5649 807 5687 seu
848 5632 1104 5694 Oswinus,
1162 5645 1438 5687 successor
1492 5626 1742 5683 Oswaldi.
1821 5624 1952 5677 Vide

385 5718 601 5762 carmen
632 5703 950 5757 antecedens
978 5705 1042 5757 ad
1072 5700 1552 5757 Lindisfarnenses.
1580 5698 1718 5752 Beda
1757 5710 1873 5763 cap.
1895 5694 1946 5747 In.

1163 312 1226 368 Β.
1269 309 1330 365 ιτ.
1373 304 1597 369 ΑιΒιΝι
1634 304 1764 361 SEU
1806 298 2084 357 ALCUINI
2124 294 2408 352 OPERUM
2448 292 2627 350 PARS
2665 290 2752 348 Vl.

1959 420 2006 474 Α
2037 411 2170 467 Cum
2197 426 2321 483 rege
2342 421 2397 467 et
2423 410 2620 481 populo
2643 406 2925 463 Paschalia
2952 405 3086 461 festa
3112 403 3339 476 peregit,

3505 283 3599 338 820

2032 498 2184 572 (Ejus
2230 516 2324 555 rex
2371 499 2594 554 monitis
2627 513 2754 552 nam
2782 496 2928 552 omni
2959 496 3183 551 servivit
3209 495 3263 549 in
3294 491 3446 562 actu)

2030 592 2268 646 Plurima
2296 605 2393 660 per
2419 589 2625 660 plateas
2650 588 2868 658 inopum
2896 594 3029 641 tunc
3055 586 3214 640 turba
3234 583 3473 655 jacebat,

2030 683 2075 736 A
2098 696 2223 756 rege
2243 681 2438 751 stipem
2465 678 2707 750 rogitans
2731 677 2967 733 clamore
2999 676 3295 745 frequenti.

2030 772 2341 843 Ingrediens
2367 770 2590 825 recubat
2620 768 2730 840 jam
2754 776 2809 824 et
2838 783 2931 822 rex
2960 766 3123 822 simul
3148 774 3316 835 atque
3345 763 3615 831 sacerdos,

2030 862 2365 932 Argentique
2400 861 2554 931 prius
2578 868 2898 932 pensantem
2928 859 3163 929 plurima
3193 858 3409 913 discum

2034 953 2302 1019 Pondere,
2330 966 2454 1007 cum
2482 951 2709 1021 dapibus
2730 950 2916 1005 statim
2944 948 3145 1005 direxit
3172 948 3399 1019 egenis;

2036 1043 2185 1097 Vidit
2211 1050 2271 1097 ut
2294 1042 2399 1097 hoc
2417 1041 2634 1111 prarsul,
2661 1042 2909 1097 dextram
2923 1039 3356 1109 comprehendit,
3380 1047 3438 1094 et
3467 1038 3579 1095 inﬁt
3603 1054 3617 1092 ι

2035 1133 2369 1204 incorrupta,
2399 1146 2612 1203 precor,
2638 1138 2856 1186 maneat
2885 1144 3080 1185 manus
3109 1130 3213 1184 ista
3229 1144 3330 1199 per
3348 1143 3523 1183 aavum

2036 1222 2189 1289 Quod
2227 1221 2327 1276 fuit
2360 1229 2417 1277 et
2445 1220 2646 1276 factum
2674 1237 2688 1285 ;
2723 1227 2913 1275 sancto
2937 1233 3064 1273 nam
3100 1233 3228 1289 rege
3256 1224 3565 1289 perempto,

2038 1312 2236 1367 Gentili
2264 1311 2442 1382 gladio
2479 1310 2763 1381 prmcisam
2792 1324 2822 1364 a
2849 1322 3079 1379 corpore
3108 1309 3361 1363 dextram

2040 1403 2235 1475 Stipite
2261 1402 2597 1473 suspendunt
2622 1420 2634 1453 :
2667 1400 2892 1456 veniens
2920 1414 3020 1455 rex
3054 1398 3201 1454 illius
3227 1400 3410 1454 haeres

2039 1495 2186 1551 Oswi
2212 1495 2241 1535 δ
2267 1508 2556 1566 germanus
2579 1492 2820 1565 germani
2851 1499 2907 1546 et
2943 1490 3224 1560 sanguinis
3242 1488 3411 1553 ultor,

2040 1585 2282 1657 Arripuit
2312 1585 2581 1650 dextram,
2619 1582 2962 1651 Bebhamque
2988 1580 3197 1636 ferebat
3226 1580 3281 1636 in
3311 1579 3522 1644 urbem,

2044 1676 2265 1748 Argenti
2290 1674 2530 1731 condens
2550 1673 2725 1730 loculo
2753 1674 2855 1729 sub
2884 1672 3119 1728 culmine
3144 1671 3349 1741 templi,

1969 1754 2019 1815 Β
2044 1768 2198 1836 Quod
2222 1768 2374 1839 prius
2397 1767 2512 1839 ipse
2543 1766 2653 1822 Deo
2675 1765 2869 1821 statuit
2893 1765 2994 1821 sub
3020 1764 3239 1819 nomine
3259 1764 3430 1819 Petri.

2041 1857 2315 1914 Hactenus
2339 1857 2605 1927 integram
2626 1854 2743 1911 fore
2768 1855 2923 1926 signo
2948 1862 3034 1910 est
3056 1854 3253 1925 ungula
3275 1868 3554 1917 crescens,

2040 1949 2264 2006 Flexilis
2289 1957 2346 2003 et
2370 1963 2590 2013 nervus,
2628 1947 2821 2003 viridis
2850 1962 3001 2013 caro,
3037 1946 3208 2002 forma
3233 1955 3486 2003 venusta.

2042 2039 2207 2110 Cujus
2233 2046 2435 2110 quanta
2463 2038 2597 2095 ﬁdes
2628 2037 2808 2094 fuerat
2840 2037 2927 2093 vel
2959 2038 3043 2092 vis
3068 2039 3417 2104 meritorum,

2043 2130 2172 2185 Post
2196 2137 2427 2185 mortem
2452 2129 2613 2184 nituit
2641 2129 2817 2201 magis
2841 2144 2906 2185 ac
2925 2129 3098 2199 magis
3123 2128 3363 2199 undique
3393 2129 3563 2200 signis

2045 2220 2286 2292 Namque
2312 2221 2402 2277 ubi
2423 2235 2522 2291 pro
2550 2220 2724 2290 patria
2750 2235 2999 2291 pugnans
3026 2234 3055 2273 a
3078 2228 3240 2289 gente
3253 2228 3566 2290 peremptus

2044 2312 2257 2382 Pagana
2287 2311 2497 2377 cecidit,
2523 2310 2661 2365 ﬁunt
2684 2310 2754 2365 de
2776 2309 2996 2380 pulvere
3026 2308 3194 2364 multa

2047 2404 2209 2474 Signa
2228 2401 2508 2459 salutifero
2531 2413 2578 2456 ο.
2608 2401 2837 2469 Quidam
2859 2400 2986 2456 dum
3012 2399 3152 2456 forte
3179 2400 3356 2457 viator

2045 2496 2168 2567 Egit
2195 2495 2298 2549 iter
2318 2494 2473 2565 juxta
2500 2494 2678 2550 fuerat
2703 2509 2810 2564 qua
2839 2508 3077 2550 scamma
3100 2492 3126 2531 ἀ
3151 2494 3335 2553 duelli.

2054 2587 2221 2658 Cujus
2248 2601 2419 2657 equus
2448 2586 2628 2641 subito
2659 2586 2789 2641 totis
2818 2586 3115 2642 lassescere
3144 2587 3404 2641 membris

2048 2674 2299 2746 Creperat
2330 2682 2381 2730 et
2404 2673 2657 2730 frendens
2678 2689 2774 2729 ore
2801 2689 3053 2744 spumare
3073 2681 3321 2737 cruento,

2053 2766 2233 2837 Atque
2258 2782 2422 2823 ruens
2447 2782 2639 2837 campo
2664 2766 2806 2822 volvi
2832 2765 3128 2821 moriturus
3156 2766 3211 2819 in
3239 2764 3352 2829 illo,

2050 2856 2217 2928 Inque
2244 2857 2421 2913 locum
2441 2872 2664 2913 versans
2686 2858 2853 2922 venit,
2879 2872 2984 2928 qua
3010 2873 3104 2913 rex
3143 2857 3265 2929 pius
3293 2855 3505 2913 Oswald

2054 2948 2317 3005 Occubuit
2341 2948 2634 3018 quondam,
2666 2957 2795 3003 tunc
2820 2948 3001 3003 statim
3027 2961 3254 3018 corpore
3288 2961 3418 3003 sano

2054 3037 2360 3109 Exsurgens
2382 3038 2539 3093 avide
2567 3038 2822 3109 carpebat
2844 3046 3058 3092 amoena
3096 3038 3292 3092 vireta.

1979 3092 2026 3155 Ο
2060 3092 2330 3185 intellexit
2355 3144 2523 3200 eques
2544 3092 2833 3198 quidquam
2873 3128 3218 3199 prmstantius
3249 3126 3338 3182 illo

2056 3221 2190 3277 Esse
2209 3220 2350 3286 loco,
2379 3220 2596 3275 titulum
2625 3235 2830 3291 ponens
2856 3219 3137 3290 equitabat
3164 3220 3233 3274 ab
3259 3219 3383 3273 inde

2059 3312 2361 3382 [inSpitium
2387 3311 2612 3367 veniens
2649 3327 2757 3382 quo
2790 3313 3074 3377 tenderat;
3105 3326 3233 3367 ecce
3253 3311 3435 3382 puella

2059 3400 2261 3455 Tabida
2298 3400 2567 3471 paralysis
2605 3401 2783 3472 gelido
2813 3402 3071 3473 languore
3094 3403 3331 3473 jacebat,

2059 3486 2257 3543 Ultima
2281 3489 2666 3559 congeminans
2692 3491 2904 3546 misera:
2926 3492 3159 3562 suspiria
3189 3492 3351 3557 vitm;

2057 3578 2298 3648 Cumque
2318 3579 2509 3635 domus
2535 3581 2738 3651 neptim
2763 3582 2943 3651 patris
2966 3583 3183 3636 turbata
3212 3582 3484 3653 gemebat,

2060 3666 2307 3739 Suggerit
2328 3669 2524 3739 hospes
2547 3684 2668 3725 eam
2692 3670 2813 3726 duci
2839 3686 2947 3740 quo
2978 3670 3118 3726 forte
3140 3670 3381 3725 caballus

2060 3758 2293 3812 Sanatus
2319 3758 2531 3825 fuerat;
2562 3775 2825 3830 carroque
2848 3762 3077 3831 imposta
3107 3761 3284 3832 puclla

2058 3846 2299 3912 Ducitur,
2322 3856 2380 3902 ut
2411 3848 2592 3919 jussit,
2628 3858 2936 3904 monstrans
2957 3850 3073 3905 loca
3098 3860 3285 3905 saneta
3307 3851 3505 3913 viator,

2057 3939 2124 3993 Et
2154 3940 2259 3995 sita
2293 3955 2487 4009 corpus
2517 3941 2665 3995 humi
2695 3941 2914 4011 paulum
2952 3942 3209 3997 dormivit
3238 3942 3460 4007 ibidem,

2057 4035 2433 4105 Evigilansque
2460 4049 2611 4090 suam
2633 4036 2903 4106 persensit
2932 4037 3123 4093 adesse
3152 4036 3402 4092 salutem.

2058 4126 2181 4181 Inde
2215 4127 2406 4196 petivit
2435 4141 2654 4196 aquam,
2686 4126 2876 4182 faciem
2912 4124 3015 4183 sibi
3051 4128 3199 4195 lavit,
3228 4136 3283 4183 et
3314 4128 3462 4198 ipsos

2056 4217 2371 4288 Composuit
2396 4219 2593 4283 crines,
2624 4227 2785 4289 caput
2811 4226 2866 4274 et
2894 4220 3159 4274 velamine
3196 4220 3348 4285 texit,

2056 4307 2422 4379 Ductoresque
2448 4326 2575 4365 suos
2611 4310 2808 4365 alacris
2834 4309 3027 4365 deinde
3054 4316 3238 4365 secuta
3266 4317 3370 4364 est.

1977 4438 2032 4498 Β
2061 4411 2083 4438 ε
2110 4398 2263 4454 Alter
2300 4400 2405 4454 iter
2434 4400 2640 4456 faciens
2668 4399 2906 4470 praefata:
2926 4414 3024 4470 per
3045 4401 3161 4454 loca
3184 4413 3395 4470 pugnat,

2054 4490 2191 4545 Ecce
2215 4490 2317 4544 loci
2340 4490 2571 4559 spatium
2594 4505 2785 4560 eampo
2815 4489 3104 4560 jucundius
3132 4489 3277 4543 omni

2054 4582 2227 4639 Unius
2258 4581 2513 4650 inspexit,
2545 4582 2811 4651 viridique
2850 4582 3128 4635 venustius
3156 4572 3346 4635 herba.

2053 4672 2179 4727 llaec
2192 4679 2404 4742 reputat
2430 4686 2615 4727 secum
2641 4690 2653 4725 :
2678 4672 2874 4728 cecidit
2897 4673 2983 4726 vir
3007 4672 3247 4727 sanctior
3271 4671 3418 4734 istic,

2051 4766 2299 4821 Arbitror
2324 4765 2527 4820 idcirco
2552 4764 2772 4836 prodest
2799 4765 2914 4820 hmo
2943 4773 3086 4821 terra
3127 4766 3309 4820 saluti.

2050 4856 2225 4926 Atque
2246 4855 2418 4926 ligans
2443 4870 2621 4926 panno
2654 4856 2854 4910 tulerat
2884 4856 2950 4911 de
2978 4856 3198 4924 pulvere
3225 4870 3437 4918 secum,

2052 4948 2283 5002 Venitet
2303 4948 2370 5003 ad
2407 4948 2695 5017 quamdam
2733 4946 3031 5001 lassescens
3054 4961 3280 5016 vespere
3296 4945 3497 5001 villam‘

2051 5035 2208 5091 Plebs
2227 5036 2443 5107 epulare
2466 5053 2481 5101 ;
2506 5051 2689 5092 casam
2727 5036 2864 5089 villm
2910 5044 3041 5091 tunc
3079 5034 3227 5089 venit
3257 5037 3310 5090 in
3337 5051 3523 5098 unam,

2052 5127 2166 5195 Qua
2186 5143 2398 5199 quoque
2426 5136 2708 5198 susceptus
2728 5129 2950 5183 veniens
2973 5129 3271 5182 intraverat
3298 5129 3517 5197 hospes,

2050 5219 2291 5275 Pulveris
2329 5235 2392 5276 ac
2424 5235 2660 5289 pannum
2690 5226 2844 5288 posta
2874 5218 3154 5289 suspendit
3187 5220 3241 5273 in
3268 5218 3395 5273 alta.

3234 5349 3391 5407 Vers.
3430 5349 3560 5408 545.

2123 5498 2145 5524 θ
2191 5498 2325 5524 lh‘uln
2377 5505 2423 5524 tl"

2123 5498 2145 5524 ο
2231 5488 2328 5542 cla
2410 5506 2436 5542 τι
2483 5529 2495 5541 .
2582 5528 2596 5541 .

2121 5558 2146 5597 ά
2178 5488 2671 5631 gcdtanrca.p63nce
2693 5560 2925 5631 nugalia,
2972 5572 3143 5631 arena
3161 5556 3271 5631 ubi
3307 5554 3528 5631 athletae
3553 5554 3627 5610 lu.

2053 5636 2282 5682 etaritur.
2313 5627 2571 5683 Ismenus.
2613 5629 2730 5684 Vid.
2765 5627 2936 5685 Cless.
2962 5627 3167 5698 Cangii,
3194 5628 3293 5684 sub
3314 5627 3418 5682 hac
3440 5640 3594 5685 voce.

2126 5711 2148 5737 ο
2179 5698 2319 5753 Beda
2342 5712 2456 5769 cap.
2489 5699 2571 5753 10.
