3866 6170
285 333 384 389 821
1038 332 1366 389 CARMINA.
1401 362 1471 373 —-
1507 332 1598 387 DE
1635 332 1907 388 PONTIF.
1950 333 2040 389 ET
2086 333 2186 389 SS.
2229 333 2423 389 ECCL.
2467 332 2762 389 EBOBAC.
3445 334 3551 390 8‘22

283 446 524 519 Contigit
549 452 609 502 ut
638 446 817 503 subito
841 445 1072 502 flammis
1099 447 1445 504 volitantibus
1469 447 1638 502 altum

280 540 424 612 Ignis
450 538 588 594 edax
614 537 829 593 culmen
868 547 1099 608 raperet,
1128 554 1228 594 nec
1254 538 1463 593 viribus
1486 537 1610 592 ullis

282 629 572 702 Exstingui
598 629 794 695 valuit,
819 628 993 685 donec
1028 630 1279 686 incendia
1314 638 1485 685 totam

1887 454 1934 509 Α
1968 447 2164 502 Vexari
2193 446 2383 502 solitus
2407 461 2419 500 :
2449 446 2800 510 clamoribus,
2826 460 2954 501 ecce
2990 455 3211 516 repente

1975 538 2227 608 Coeperat
2253 536 2538 592 horrendis
2568 537 2821 592 frendens
2856 537 2975 592 loca
3005 538 3115 593 lata
3146 540 3378 609 replere,

1976 629 2239 686 Morsibus
2266 637 2319 684 et
2346 628 2535 683 furens
2562 636 2735 684 semet
2763 629 3004 685 lacerare
3033 628 3302 687 nefandis.

283 722 682 791 Consumpsere
716 721 957 787 domum,
993 721 1220 776 nimium
1247 737 1340 777 res
1362 722 1503 776 mira
1532 720 1624 777 sed
1653 727 1772 776 acta
1788 729 1873 776 est
1972 721 2042 775 Et
2060 736 2185 776 cum
2208 720 2384 775 nullus
2411 735 2536 774 eum
2556 721 2733 791 potuit
2769 723 3146 793 constringere
3171 724 3382 791 vinclis,

283 812 510 869 Pulvere
530 818 802 867 sacratam
822 818 1034 881 postam
1061 812 1220 867 timet
1246 813 1436 882 igneus
1467 813 1628 868 ardor

285 902 553 973 Tangere,
592 900 688 956 sed
712 898 930 970 penitus
956 898 1193 955 flammis
1216 902 1419 956 intacta
1447 904 1724 957 remansit.

285 993 403 1061 Qua
443 991 645 1047 virtute
668 990 887 1060 quidem
910 989 1028 1045 visa
1054 999 1243 1060 stupor
1271 992 1521 1048 omnibus
1551 992 1738 1064 ingens

283 1085 533 1142 Incubuit
566 1087 774 1152 statim,
805 1093 933 1140 tunc
961 1099 1284 1156 cognovere,
1323 1086 1467 1156 quod
1496 1085 1583 1142 ille

284 1175 467 1231 Pulvis
491 1182 612 1231 erat
638 1191 798 1232 sacro
825 1176 973 1247 regis
1001 1191 1125 1231 cum
1156 1177 1424 1249 sanguine
1453 1178 1657 1232 mixtus

284 1265 543 1331 Oswaldi,
572 1266 759 1322 multis
787 1265 966 1322 fuerat
994 1266 1088 1337 qui
1110 1282 1275 1324 causa
1297 1268 1509 1324 salutis.

286 1367 311 1395 ιι
342 1354 551 1411 Claruit
576 1355 663 1410 his
689 1354 857 1426 signis
877 1362 1168 1426 postquam
1194 1356 1346 1412 locus
1369 1356 1472 1412 iste
1490 1356 1750 1426 peractis,

284 1448 545 1504 Ecclesiis
570 1446 774 1503 Christi
794 1446 1034 1517 jucunda
1068 1456 1125 1504 et
1152 1449 1363 1505 reddita
1389 1465 1542 1521 pace,

283 1538 451 1610 Regis
463 1538 712 1594 Edelredi
738 1538 925 1610 regina
947 1536 1225 1596 Osthfrida
1248 1540 1441 1605 ﬁdelis,

282 1632 413 1702 Quae
438 1632 539 1687 fuit
559 1632 796 1689 Oswaldi
828 1634 1004 1689 sancti
1026 1632 1142 1702 jam
1169 1632 1277 1688 ﬁlia
1300 1632 1509 1699 fratris,

282 1723 507 1780 Curavit
533 1722 707 1780 sancti
731 1723 906 1778 sacris
934 1723 1193 1780 inducere
1230 1724 1386 1780 tectis

282 1815 577 1885 Relliquias
597 1814 799 1885 patrui,
823 1814 1092 1886 dignoque
1113 1816 1409 1872 recondere
1426 1815 1651 1875 honore.

283 1905 509 1961 Ossibus
538 1904 738 1972 allatis,
766 1906 974 1975 stupuit
998 1906 1261 1963 miracula
1275 1907 1382 1963 late

280 1995 477 2052 Accola
503 1995 786 2062 Lindissae,
820 2011 1052 2052 cernens
1079 2013 1245 2069 super
1272 1999 1363 2054 illa
1398 2000 1714 2056 columnaru-

281 2088 419 2145 Ossa
444 2088 547 2144 viri
577 2088 752 2143 sancti
791 2087 985 2143 lumini
1011 2089 1078 2144 ad
1108 2088 1325 2162 fastigia
1350 2090 1473 2146 coeli

279 2181 527 2237 Luminis
547 2180 768 2236 aetherei
789 2187 903 2236 tota
919 2178 1221 2252 fulgescere
1241 2189 1418 2237 nocte.

281 2271 451 2341 Major
481 2271 755 2341 relliquias
780 2287 916 2341 quas
943 2279 1075 2327 tunc
1094 2272 1264 2327 aulaea
1291 2274 1509 2344 tegebat
1533 2291 1548 2335 ;

284 2361 419 2417 Nam
448 2362 647 2432 priscis
676 2363 816 2418 odiis
838 2378 1121 2419 assumere
1148 2363 1402 2434 primitus
1435 2379 1559 2419 ossa

278 2458 445 2528 Inque
473 2458 865 2514 monasterium
887 2458 1016 2514 saevi
1046 2456 1260 2514 deferre
1286 2467 1568 2531 negantes,

282 2550 452 2606 Nocte
479 2565 701 2607 manere
733 2550 881 2606 foras
907 2550 999 2605 illa
1021 2549 1200 2606 fecere
1221 2551 1401 2607 coloni
1429 2568 1449 2618 ;

280 2643 391 2698 Sed
416 2643 544 2697 dum
572 2641 741 2698 divini
765 2641 1019 2696 viderunt
1045 2640 1264 2696 luminis
1295 2640 1495 2712 ignem,

278 2734 410 2802 Qua:
433 2734 585 2805 prius
611 2734 937 2798 abnuerant,
973 2747 1160 2788 secum
1189 2732 1429 2787 retinere
1460 2731 1735 2804 rogabant
1763 2748 1780 2799 ;

281 2826 547 2896 Maneque
570 2825 915 2895 sarcophago
943 2823 1243 2879 condentes
1270 2823 1384 2877 Iota
1410 2831 1625 2892 parato,

279 2916 538 2973 Ecclesia:
567 2916 806 2971 tulerant
827 2929 1025 2987 magno
1051 2913 1153 2969 sub
1188 2914 1405 2969 culmen
1428 2914 1660 2979 honore,

281 3009 447 3083 246
461 3010 689 3067 Divitias
713 3009 875 3067 terris
888 3018 1142 3066 curantes
1164 3009 1401 3065 condere
1419 3009 1593 3064 vivas.

280 3102 340 3157 In
367 3119 476 3174 quo
496 3104 665 3160 multa
693 3104 816 3160 loco
842 3104 981 3158 ﬁunt
1010 3119 1157 3159 nunc
1185 3116 1357 3172 usque
1382 3102 1601 3173 patroni

284 3193 365 3250 Ob
386 3196 643 3251 meritum
670 3196 805 3251 tanti
829 3196 885 3250 in
908 3195 1231 3266 languentes
1266 3194 1408 3249 dona
1433 3192 1645 3257 salutis,

286 3285 503 3344 Sanctae
536 3290 582 3345 si
611 3287 738 3344 ﬁdei
765 3288 939 3343 virtus
960 3287 1254 3342 comitatur
1282 3287 1524 3342 eosdem.

287 3379 336 3437 E
367 3379 563 3449 quibus
585 3379 692 3434 hoc
728 3393 898 3433 unum
932 3378 1246 3449 properanti
1277 3386 1500 3448 tangere
1523 3376 1731 3447 plectro

289 3474 515 3539 Sufﬁcit,
543 3479 606 3526 ut
630 3468 825 3526 credas
850 3469 1078 3524 devotus
1107 3476 1330 3533 caetera,
1361 3468 1568 3532 lector;

288 3566 317 3606 ιι
339 3565 514 3621 Febre
538 3576 677 3635 puer
699 3560 919 3630 quidam
935 3558 1107 3628 jacuit
1130 3575 1229 3629 per
1258 3568 1500 3629 tempora
1516 3560 1697 3632 longa,

288 3654 546 3712 C(enobin
578 3653 840 3724 languens
868 3651 1031 3706 citius
1067 3650 1368 3705 moriturus
1395 3650 1450 3704 in
1475 3651 1588 3705 illo.

291 3747 431 3802 Ecce
451 3745 541 3799 die
567 3742 806 3814 quadam
841 3740 1008 3795 miser
1039 3740 1108 3794 ad
1137 3738 1256 3793 loca
1293 3745 1482 3793 sancta
1511 3740 1744 3808 sepulcri

292 3835 539 3900 Ducitur,
572 3831 809 3889 Oswaldi
847 3828 1062 3885 meritis
1089 3843 1158 3884 ne
1186 3836 1434 3900 tangeret
1470 3828 1618 3883 illum

290 3921 478 3978 Febris
499 3920 719 3988 acerba,
747 3917 881 3973 ﬁdes
896 3931 1023 3971 nam
1034 3916 1283 3987 praecipit
1303 3930 1465 3971 omne
1488 3916 1631 3984 quod
1654 3924 1804 3970 orat:

291 4012 533 4069 Credidit
556 4019 616 4065 ut
639 4009 902 4079 languens
924 4007 993 4061 ad
1019 4022 1117 4062 sua
1152 4013 1296 4061 tecta
1320 4004 1563 4061 cucurrit

292 4103 529 4173 Corpore
565 4107 758 4156 sanato
790 4112 1094 4168 properans
1121 4103 1178 4152 et
1202 4105 1426 4166 pectore
1450 4095 1597 4160 laeto,

293 4192 535 4249 Morbida
563 4204 667 4246 nec
692 4188 858 4244 audet
879 4187 1002 4258 plus
1027 4187 1177 4242 illum
1210 4194 1431 4257 tangere
1460 4185 1647 4242 febris.

291 4284 487 4340 Postea
524 4297 623 4338 rex
652 4280 783 4337 felix
816 4284 1111 4335 ornaverat
1139 4276 1257 4333 Offa
1296 4277 1604 4348 sepulcrum

291 4378 556 4448 Argento,
585 4372 841 4445 gemmis,
869 4385 1025 4434 auro,
1053 4367 1333 4438 multoque
1356 4368 1576 4431 decore,

297 4462 370 4519 Ut
396 4462 565 4517 decus
590 4466 649 4517 et
674 4456 952 4529 specimen
980 4452 1180 4508 tumba:
1207 4467 1307 4523 per
1331 4452 1490 4508 saecla
1520 4460 1786 4515 maneret,

291 4553 527 4610 Praemia
550 4566 652 4625 pro
679 4549 893 4606 modico
920 4552 1234 4616 sumpturus
1254 4559 1450 4615 magna
1476 4542 1682 4600 labore.

289 4645 402 4702 Nec
432 4659 540 4699 non
564 4650 712 4698 terra
737 4640 906 4696 micat
929 4634 1244 4693 cmlestibus
1265 4634 1464 4706 inclyta
1494 4634 1685 4706 signis,

250 4734 255 4735 ί
292 4736 571 4807 Corporis,
602 4742 665 4788 ut
708 4732 844 4798 dixi,
874 4745 995 4800 qua:
1016 4727 1192 4785 sancti
1217 4728 1329 4783 lota
1360 4726 1582 4781 lavacro
1608 4734 1711 4791 est,

293 4826 540 4897 Sumpsit
562 4831 618 4879 et
641 4821 895 4879 effectum
914 4818 1164 4875 vincendi
1184 4817 1293 4872 tela
1315 4816 1537 4886 maligni

290 4917 569 4975 Dzemonis
596 4922 652 4972 et
671 4928 836 4970 sanos
860 4911 1072 4967 vexatis
1098 4909 1325 4965 reddere
1346 4922 1559 4963 sensus.

295 5023 317 5052 ε
349 5009 637 5066 Abbatissa
664 5005 884 5078 quidem
903 5001 1150 5073 qumdam
1178 4998 1297 5056 loca
1323 5006 1511 5054 saneta
1540 4995 1720 5053 videre

294 5101 550 5167 Advenit,
576 5112 696 5155 sese
722 5103 780 5151 et
806 5093 1017 5151 meritis
1042 5090 1387 5147 committere
1416 5088 1611 5143 sancti.

294 5194 525 5266 Jamque
546 5192 764 5248 domum
793 5188 1009 5245 rediens
1037 5186 1235 5241 tulerat
1261 5183 1329 5239 de
1354 5181 1576 5252 pulvere
1607 5189 1764 5237 terrae
1829 5236 1844 5250 δ

294 5286 508 5343 Ablutis
531 5297 747 5341 sacram
772 5295 893 5352 quze
918 5294 988 5334 ex
1013 5277 1229 5332 ossibus
1257 5274 1516 5328 hauserat
1552 5273 1748 5328 undam
1775 5290 1789 5332 ;

296 5381 566 5451 Tempore
590 5385 869 5434 transacto
897 5372 1152 5430 veniebat
1177 5371 1374 5440 hospes
1403 5369 1471 5424 ad
1500 5368 1669 5434 illam,

299 5472 554 5528 Daemone
578 5469 673 5541 qui
702 5466 880 5523 fuerat
900 5463 1182 5521 nocturnis
1212 5459 1410 5531 srepius
1432 5458 1582 5515 horis

365 5562 524 5618 Vers.
564 5560 691 5616 401.

367 5687 395 5715 ει
424 5676 567 5731 Beda
588 5688 711 5742 cap.
761 5674 840 5726 II.

372 5747 399 5785 ι’
431 5746 569 5801 Beda
599 5757 719 5813 cap.
754 5743 837 5795 19..

376 5827 395 5854 ε
431 5815 572 5872 Beda
600 5829 717 5884 cap.
746 5813 828 5867 II.

1965 805 2070 867 Vel
2093 812 2275 867 miseri
2306 826 2480 867 saevos
2509 810 2695 882 ﬂagris
2721 827 3069 883 compescere
3099 823 3300 880 motus,

1973 902 2099 958 Ilaec
2126 902 2410 959 abbatissae
2438 904 2656 974 quidam
2686 919 2914 960 narrare
2940 908 3201 962 cucurrit.

1973 992 2065 1046 Illa
2096 993 2288 1051 videns
2315 994 2545 1049 miseros
2567 1002 2766 1060 motus,
2794 1010 3064 1065 vocesque
3091 997 3341 1064 furentis,

1973 1083 2215 1140 Jusscrat
2240 1084 2422 1139 aﬁ'erri
2451 1101 2608 1142 sacro
2631 1101 2753 1141 cum
2782 1086 3002 1156 pulvere
3031 1103 3271 1158 capsam.

1973 1176 2041 1230 Et
2068 1191 2190 1230 cum
2216 1177 2371 1248 virgo
2396 1176 2577 1233 ferens
2601 1178 2873 1246 veniebat,
2903 1188 2959 1234 et
2983 1180 3123 1234 atria
3156 1182 3284 1235 tecti

1974 1267 2221 1332 Intraret,
2252 1267 2433 1322 subito
2462 1268 2631 1323 tacuit
2651 1267 2909 1335 furiosus,
2932 1279 2987 1325 et
3015 1285 3205 1325 omnes

1972 1356 2283 1427 Composuit
2303 1365 2499 1425 motus,
2528 1374 2718 1414 somno
2744 1360 2899 1430 quasi
2927 1362 3170 1415 membra
3199 1362 3453 1418 dedisset.

1973 1448 2211 1518 Quisque
2245 1449 2323 1504 rei
2357 1456 2600 1504 astantes
2626 1452 2946 1520 spectabant
2971 1451 3147 1507 exitus
3175 1462 3340 1507 esset.

1972 1537 2103 1594 Post
2123 1538 2272 1594 hora:
2310 1539 2546 1609 spatium
2577 1548 2824 1606 vexatus,
2851 1548 2906 1595 et
2934 1540 3047 1609 ipse
3070 1541 3288 1606 resedit,

1975 1628 2266 1699 Suspirans
2293 1631 2556 1701 graviter,
2586 1646 2752 1686 sanus
2778 1639 2891 1685 tum
2919 1633 3190 1696 sensibus,
3216 1633 3412 1701 inquit,

1973 1720 2259 1788 Redditus,
2286 1727 2344 1776 et
2366 1737 2569 1792 vaguas
2598 1721 2735 1794 fugit
2753 1739 2921 1795 vagus
2956 1725 3129 1779 hostis
3156 1724 3209 1777 in
3237 1739 3415 1779 auras.

1897 1829 1945 1887 Β
1973 1810 2239 1867 Mirantur
2255 1813 2438 1870 cuncti
2462 1813 2693 1882 stupidis
2722 1814 2851 1869 hinc
2878 1814 3003 1870 inde
3033 1815 3283 1885 loquelis,

1976 1900 2304 1959 Incolumem
2317 1904 2496 1960 subito
2515 1913 2802 1962 cernentes
2826 1922 3054 1977 corpore
3081 1916 3216 1973 toto,

1978 1993 2203 2052 Ossibus
2223 2005 2280 2052 et
2306 1997 2512 2064 nervis,
2540 2014 2643 2055 nec
2665 2015 2772 2055 non
2793 2007 2849 2055 et
2872 2008 3056 2057 mente
3080 2002 3350 2073 vigentem
3377 2019 3392 2066 ;

1976 2084 2264 2156 Inquirunt
2288 2087 2478 2143 subitae
2510 2104 2732 2145 causam
2763 2090 3012 2147 mirando
3046 2093 3259 2158 salutis,

1978 2174 2081 2242 Qui
2113 2179 2391 2247 respondit
2423 2195 2626 2235 ovans:
2658 2198 2677 2232 ¢
2705 2179 2779 2235 Ut
2806 2182 2954 2236 venit
2982 2182 3137 2253 virgo
3174 2182 3423 2238 locellum

1978 2267 2228 2335 Portans,
2259 2278 2316 2325 et
2338 2271 2569 2341 pedibus
2606 2272 2784 2343 tetigit
2809 2273 2925 2327 hmo
2949 2276 3108 2340 atria,
3138 2274 3323 2329 statim

1980 2358 2291 2415 Discessere
2318 2361 2525 2431 procul,
2563 2363 2656 2434 qui
2691 2378 2780 2418 me
2815 2370 3069 2433 torquere
3103 2364 3353 2420 solebant

1978 2447 2281 2515 Daemones,
2307 2459 2368 2506 ut
2390 2451 2605 2522 fugiunt
2631 2455 2883 2510 veniente
2915 2454 3037 2510 luce
3070 2456 3329 2510 tenebrae.
3365 2476 3383 2507 ι

1979 2538 2078 2594 Cui
2103 2543 2370 2611 portanda
2394 2543 2521 2598 data
2548 2552 2632 2599 est
2659 2560 2845 2599 secum
2868 2560 2998 2614 pars
3019 2545 3260 2614 pulveris
3285 2545 3412 2599 almi
3439 2564 3453 2612 ;

1979 2630 2058 2685 Ac
2080 2641 2202 2701 post
2232 2634 2356 2688 talis
2379 2634 2431 2690 ei
2456 2634 2634 2691 fuerat
2663 2636 2883 2690 vexatio
2914 2651 3212 2705 nunquam.

1978 2723 2005 2764 ἀ
2033 2725 2109 2781 Te
2137 2742 2352 2797 quoque
2369 2736 2577 2795 sancta,
2603 2736 2794 2801 potens
2820 2728 3130 2794 virtutibus,
3161 2729 3360 2799 inclyta
3385 2729 3569 2784 multis

1979 2816 2125 2873 Crux
2154 2820 2458 2876 veneranda
2480 2837 2697 2888 canam,
2728 2836 2997 2893 nequeam
3026 2822 3073 2877 si
3097 2835 3350 2891 promere
3378 2820 3568 2891 dignos

1980 2908 2162 2965 Laude
2199 2918 2290 2966 tua
2316 2928 2528 2968 versus.
2563 2912 2847 2983 Reparasti
2876 2913 3088 2983 perdita
3118 2912 3350 2982 pridem,

1981 2997 2134 3054 Nunc
2151 3000 2351 3057 iterum
2377 3018 2476 3072 per
2505 3011 2559 3058 te
2586 3004 2729 3059 cedit
2756 3004 2981 3059 victoria
3006 3003 3122 3074 regi

1982 3090 2252 3156 Oswaldo,
2290 3101 2351 3147 nt
2379 3094 2652 3163 quondam
2679 3103 2866 3165 paucae
2895 3096 3149 3151 cecinere
3185 3108 3444 3149 camenae.

1888 3188 1936 3252 (ι
1968 3181 2103 3237 Exin
2121 3181 2364 3240 miriﬁcis
2381 3184 2532 3240 fulsit
2554 3194 2645 3240 tua
2668 3187 2836 3257 gloria
2865 3188 3068 3260 signis;

1979 3274 2062 3329 Ad
2093 3283 2145 3331 te
2171 3283 2284 3331 tota
2309 3276 2416 3334 ﬁde
2435 3277 2644 3335 famosa
2673 3278 2955 3335 Britannia
2976 3282 3172 3348 currit,

1981 3366 2236 3432 Quzerere
2258 3384 2358 3438 pro
2377 3369 2547 3425 variis
2571 3371 2790 3427 sibimet
2823 3371 3182 3428 medicamina
3214 3374 3441 3431 morbis.

1983 3459 2048 3513 Et
2080 3474 2175 3530 spe
2204 3459 2270 3515 ad
2297 3468 2350 3514 te
2372 3461 2535 3516 etiam
2560 3461 2868 3518 venientem
2888 3462 3081 3520 fallere
3106 3465 3289 3520 nescis
3313 3481 3328 3531 ;

1982 3548 2224 3620 Namque
2251 3552 2441 3607 salutis
2460 3568 2591 3623 opes
2623 3553 2917 3611 redeuntes
2945 3571 3088 3627 saepe
3114 3564 3414 3627 reportant.

1980 3640 2099 3697 Non
2132 3657 2233 3713 ego
2253 3643 2489 3699 ruricula
2515 3660 2735 3714 possum
2756 3661 3079 3715 percurrere
3113 3646 3321 3716 plectro

1982 3732 2194 3800 Omnia,
2227 3734 2503 3790 multoties
2530 3752 2651 3805 qua:
2678 3752 2776 3806 per
2812 3745 2867 3791 te
2894 3737 3045 3806 signa
3069 3746 3349 3807 geruntur,

1981 3826 2050 3881 Et
2072 3840 2268 3896 pecora
2292 3834 2456 3895 atque
2486 3827 2755 3891 homines,
2809 3827 2972 3881 etiam
3007 3826 3342 3896 iuvenesque
3384 3839 3570 3883 senes-

3323 3915 3486 3988 [que;

1982 4008 2224 4077 Denique
2250 4006 2490 4078 praecisae
2521 4007 2587 4062 de
2616 4014 2668 4061 te
2694 4006 2966 4060 ducuntur
2994 4006 3194 4075 ubique

1981 4098 2287 4165 Particulze,
2315 4115 2419 4170 per
2441 4114 2577 4169 quas
2596 4099 2731 4154 ﬁunt
2758 4098 2848 4168 pia
2874 4099 3013 4153 dona
3052 4098 3260 4153 salutis.

1985 4187 2197 4244 Sufﬁcit
2221 4205 2253 4246 e
2281 4190 2491 4246 cunctis
2520 4192 2624 4246 hoc
2647 4188 2821 4245 solum
2846 4189 3031 4244 dicere
3061 4188 3312 4260 signum:

1981 4279 2178 4337 Frater
2205 4288 2325 4337 erat
2357 4282 2574 4353 quidam
2605 4296 2735 4337 casu
2763 4281 3074 4337 confractus
3096 4280 3310 4345 acerbo,

1983 4371 2314 4444 lnfractique
2333 4373 2520 4429 dolens
2544 4371 2761 4442 penitus
2795 4372 2964 4444 gemit
2989 4387 3114 4427 ossa
3135 4371 3347 4428 lacerti.

1987 4462 2232 4533 Cumque
2258 4463 2412 4520 dolor
2436 4464 2637 4520 nimius
2657 4471 3004 4520 succreverat
3029 4472 3084 4519 et
3104 4471 3284 4519 tumor
3305 4463 3505 4519 ardens

1910 4552 1960 4611 D
1985 4555 2228 4611 Pectoris
2252 4556 2546 4625 ingeminat
2572 4555 2877 4625 lacrymans
2914 4554 3147 4624 suspiria
3174 4553 3322 4619 fessi,

1986 4645 2062 4701 De
2074 4661 2235 4703 cruce
2258 4648 2351 4702 cui
2368 4647 2590 4717 quidam
2608 4654 2822 4701 veteres
2843 4643 2958 4713 jam
2987 4657 3213 4713 vespere
3236 4659 3451 4700 muscos

1986 4736 2197 4801 Attulit,
2241 4738 2294 4792 in
2324 4736 2590 4808 gremium
2613 4734 2833 4791 sibimet
2865 4749 3002 4802 quos
3027 4731 3246 4804 proiicit
3269 4750 3413 4805 aeger
3437 4750 3457 4787 ε’

1986 4830 2229 4900 Cumque
2253 4829 2359 4883 iret
2393 4827 2632 4885 cubitum
2653 4825 2855 4881 oblitus
2880 4825 3154 4895 deponere
3193 4840 3458 4891 muscum,

1989 4920 2213 4975 Nescius
2247 4919 2304 4983 in
2334 4918 2542 4989 gremio
2566 4932 2759 4972 somno
2778 4926 3087 4988 praeventus
3114 4917 3387 4982 habebat;

1992 5012 2264 5083 Evigilans
2287 5010 2467 5066 medio
2493 5011 2781 5067 morbosus
2805 5017 3048 5079 tempore
3074 5010 3275 5072 noctis,

1993 5103 2135 5159 Ecce
2155 5102 2356 5173 aliquid
2385 5101 2548 5172 gelidi
2567 5101 2723 5157 lateri
2750 5101 2854 5157 sibi
2876 5102 3049 5157 sensit
3069 5100 3285 5165 adesse,

1991 5192 2328 5261 Admotaque
2350 5205 2512 5245 manu
2534 5205 2725 5247 sanum
2743 5205 2806 5248 se
2835 5188 2976 5245 forte
3001 5188 3168 5245 fuisse

1993 5280 2271 5351 Repperit,
2309 5288 2472 5349 atque
2496 5278 2631 5334 nihil
2652 5277 2891 5335 fractura
2920 5279 3092 5335 sensit
3129 5279 3200 5333 ah
3224 5279 3342 5334 illa.

1998 5385 2021 5413 ε
2050 5372 2251 5442 Inclyta
2275 5369 2419 5426 fama
2447 5371 2568 5435 viri,
2598 5385 2701 5426 nec
2728 5370 2903 5427 solum
2919 5369 3046 5439 jure
3080 5371 3371 5428 Britannos

1992 5464 2233 5520 Illustrat
2249 5464 2492 5534 populos,
2528 5470 2678 5518 trans
2706 5463 2931 5535 insuper
2956 5479 3176 5535 aequora
3198 5466 3375 5535 ponti,

3176 5556 3326 5612 Vcrs.
3369 5556 3495 5613 456.

2068 5668 2093 5708 ἀ
2120 5667 2261 5723 Beda
2295 5681 2411 5736 cap.
2457 5665 2512 5736 2,
2541 5666 2663 5723 libr.
2714 5684 2797 5723 III.

2070 5751 2091 5778 ε
2118 5737 2260 5793 Beda
2289 5752 2407 5807 cap.
2441 5735 2524 5790 15.
