3866 6170
347 298 452 356 893
1161 302 1221 358 Β.
1256 302 1316 357 I".
1353 304 1579 359 ALBINI
1621 305 1750 360 SE1}-
1786 305 2064 362 ALCUNI
2103 306 2385 364 OPEItL‘M
2425 305 2604 361 PARS
2644 304 2730 361 Vl.
3501 306 3613 362 89.5

344 412 591 481 Aspersit
614 414 814 480 radios,
846 415 1042 485 quibus
1066 425 1119 471 et
1140 416 1431 472 Germania
1454 415 1604 472 fulsit
1629 434 1642 469 :

346 501 388 557 Ε
412 504 606 574 quibus
633 513 689 560 et
713 506 958 576 quaedam
988 508 1246 579 populosa
1274 508 1533 563 Hibernia
1561 508 1753 564 sensit.

346 595 454 649 Sed
482 596 639 650 nobis
663 596 880 667 signum
904 614 1035 654 vero
1060 600 1203 654 inter
1224 600 1392 654 multa
1423 602 1596 657 relatu

347 684 459 740 liae
488 701 715 742 narrare
741 688 955 758 placet;
990 689 1122 744 dirae
1151 691 1278 743 dum
1304 698 1546 760 tempore
1574 696 1763 761 pestis,

345 779 652 852 .liquoreos
676 784 902 853 populos
929 784 1035 839 lata
1065 800 1184 855 qua:
1212 785 1365 842 clade
1388 790 1643 856 peremit.

347 871 632 926 Scotorum
663 889 861 944 genere
884 876 1240 932 scholasticus
1260 888 1386 934 acer
1412 878 1467 934 in
1498 889 1634 945 arte,

346 959 461 1015 iloe
486 960 661 1017 fuerat
685 966 873 1020 morbo
898 966 1076 1034 patria
1105 982 1395 1035 percussus
1427 970 1481 1025 iu
1521 971 1634 1037 illa,

344 1051 630 1106 Librorum
653 1054 833 1108 studio
860 1054 1067 1120 doctus,
1092 1058 1187 1112 sed
1212 1058 1354 1115 nulla
1381 1059 1574 1118 futura:

344 1144 484 1198 Cura
511 1142 610 1198 fuit
626 1145 823 1200 misero
844 1146 992 1213 vita),
1015 1148 1117 1204 sibi
1139 1166 1370 1221 cumque
1393 1153 1601 1209 videret

344 1235 533 1291 Mortis
560 1238 751 1294 adesse
775 1240 936 1308 diem,
964 1257 1160 1315 magno
1191 1246 1463 1317 trepidare
1494 1249 1689 1305 timore

344 1324 615 1397 (Imperat,
647 1329 717 1384 ob
748 1332 944 1387 merita
974 1334 1261 1402 scelerum,
1294 1354 1362 1394 ne
1389 1339 1458 1393 ad
1491 1348 1694 1397 tartara
1727 1343 1845 1399 dira

341 1414 586 1473 Mortuus
611 1417 807 1475 inferni
840 1433 1143 1493 raperetur,
1168 1442 1299 1483 voce
1325 1431 1563 1498 gementi

337 1509 646 1580 Alloquitur
671 1513 878 1568 socium
903 1532 916 1568 :
952 1533 970 1566 ι
999 1514 1210 1584 Frater,
1236 1520 1371 1575 mihi
1396 1522 1589 1578 mortis
1611 1537 1810 1579 amarae

338 1599 618 1657 Articulus
643 1614 920 1677 properat,
952 1607 1222 1678 citiusque
1253 1611 1322 1665 ad
1349 1620 1555 1668 tartara
1583 1616 1772 1682 ducar,

339 1694 618 1765 Perpetua:
645 1697 856 1763 mortis,
889 1698 1014 1768 quia
1036 1698 1149 1768 jam
1178 1715 1285 1757 non
1312 1712 1556 1775 tempore
1580 1721 1749 1776 parvo

339 1784 669 1843 Criminibus
694 1795 904 1843 tantum
929 1790 1142 1860 penitus
1175 1794 1380 1850 servire
1407 1797 1668 1853 solebam.

339 1877 484 1934 Proh
510 1880 694 1936 dolor!
720 1882 836 1938 haec
859 1892 1080 1954 propter
1103 1887 1228 1941 novi
1259 1887 1447 1945 feralia
1474 1890 1707 1949 flammis

336 1969 570 2026 Tartara
593 1979 747 2042 parta
778 1974 928 2029 mihi.
960 1976 1112 2032 Totis
1148 1979 1279 2034 mihi
1309 1982 1560 2037 sensibus
1587 1992 1670 2038 est
1698 1983 1843 2049 hinc,

341 2059 399 2114 Si
434 2061 563 2115 velit
590 2059 942 2133 Omnipotens
970 2066 1169 2123 misero
1195 2070 1492 2128 concedere
1514 2075 1701 2141 vitam,

341 2150 562 2205 Viribus
589 2152 795 2208 annisis
826 2169 1003 2212 mores
1039 2166 1250 2215 mutare
1280 2162 1562 2234 malignos.

340 2240 453 2297 Nec
480 2251 656 2297 tamen
687 2257 806 2299 esse
840 2248 947 2302 mei
973 2250 1150 2306 meriti
1173 2254 1286 2309 seio
1314 2256 1496 2311 vivere
1522 2266 1749 2324 tantum,

338 2332 403 2387 Ni
430 2336 561 2390 mihi
589 2340 852 2394 concedat
874 2341 999 2398 vitae
1033 2344 1193 2401 modo
1221 2361 1419 2401 munus
1441 2358 1633 2403 amata:

340 2426 669 2482 Sanctorum
691 2431 904 2488 meritis
934 2434 1248 2491 miserantis
1274 2439 1450 2506 gratia
1478 2439 1699 2494 Christi.

336 2519 531 2576 Audivi
555 2524 825 2593 quondam
850 2524 1048 2581 celebri
1079 2543 1296 2583 rumore
1327 2528 1521 2584 referri

338 2609 574 2666 Oswaldi
600 2613 744 2684 regis
772 2614 958 2671 laudes
987 2616 1279 2673 virtutibus
1314 2620 1540 2689 amplas.

337 2699 417 2755 Tu
444 2701 572 2769 quia
601 2703 668 2759 de
693 2718 889 2774 genere
909 2719 970 2762 es
994 2705 1270 2764 Saxonum
1300 2711 1505 2785 collega
1533 2721 1712 2781 natus,

336 2789 543 2848 Forsan
579 2791 746 2848 babes
774 2791 890 2860 eius
912 2796 1208 2868 quidquam
1236 2800 1396 2856 modo
1417 2802 1825 2874 relliquiarum?
1848 2824 1868 2858 ι

338 2882 437 2940 Cui
460 2884 641 2941 socius
660 2886 847 2943 statim
872 2886 1032 2945 fidam
1054 2891 1300 2961 profatur
1324 2895 1379 2950 in
1404 2910 1592 2952 aurem
1619 2916 1630 2951 :

337 2974 499 3050 247
527 2994 545 3028 α
572 2976 707 3035 Pars
728 2978 945 3036 inventa
969 2984 1108 3039 sacri
1130 2993 1216 3040 est
1235 3000 1446 3042 mecum
1467 2988 1535 3044 de
1555 2989 1735 3060 stipite
1756 2990 1908 3062 ligni,

334 3068 563 3125 Infixum
587 3069 765 3128 fuerat
791 3082 952 3145 caput
972 3076 1137 3132 occisi
1160 3076 1302 3133 illius
1330 3078 1385 3133 in
1411 3094 1550 3150 quo;

332 3160 468 3217 Etsi
498 3162 654 3219 firma
679 3173 834 3221 tenes
858 3165 981 3223 fidei
1012 3176 1067 3223 tu
1096 3179 1335 3241 pectora,
1366 3173 1594 3229 credens

329 3252 435 3307 Per
464 3256 597 3309 tanti
617 3256 794 3327 pietas
823 3259 1075 3315 meritum
1098 3262 1277 3316 divina
1304 3265 1515 3334 patroni

330 3342 501 3413 Ilujus
523 3345 701 3402 adhuc
728 3348 853 3403 vitae
872 3349 1035 3404 donat
1061 3350 1157 3407 tibi
1186 3360 1429 3423 tempora
1462 3353 1616 3425 longa
1640 3374 1655 3422 ;

330 3433 555 3505 Insuper
577 3445 795 3493 :eternre
821 3441 1100 3521 prmatabit
1122 3446 1316 3514 gaudia
1345 3445 1546 3501 forsan.
1579 3467 1600 3501 ›

402 3526 510 3583 Nec
537 3543 710 3595 mora,
736 3531 866 3600 quin
889 3538 1002 3588 toto
1030 3533 1168 3588 dixit
1189 3550 1247 3590 sc
1279 3538 1504 3594 credere
1532 3541 1714 3596 corde.

331 3617 468 3675 Tum
496 3620 773 3677 benedixit
798 3638 996 3695 aquam
1021 3626 1223 3694 socius,
1257 3637 1576 3699 partemque
1600 3635 1798 3689 sacrati

329 3711 563 3769 Roboris
587 3714 882 3772 immittens
914 3732 1060 3789 aegro
1077 3719 1227 3775 dedit
1253 3729 1413 3791 atque
1438 3722 1745 3781 bibendam.

327 3800 433 3870 Qui
454 3818 580 3862 mox
608 3806 902 3872 convaluit,
934 3809 1204 3880 mortique
1229 3820 1449 3882 ereptus
1475 3815 1544 3871 ab
1574 3815 1662 3871 illa
1688 3824 1790 3873 est.

328 3892 407 3948 Ex
434 3893 561 3949 hinc
585 3894 870 3952 incolumis
898 3898 1067 3954 multo
1087 3900 1201 3971 jam
1237 3911 1480 3974 tempore
1504 3906 1660 3973 vixit,

322 3983 410 4039 Ad
434 3985 826 4058 Dominumque
849 4004 1002 4045 suam
1024 3992 1193 4048 vitam
1215 4004 1556 4053 converterat
1581 4010 1797 4058 omnem

326 4071 747 4148 llagniilcasque
774 4076 884 4136 Deo
912 4079 1099 4138 laudes
1124 4082 1395 4142 referebat
1425 4089 1645 4160 ubique,

325 4163 395 4221 Et
429 4164 641 4223 Domini
668 4167 928 4226 famulum
959 4186 1156 4245 magno
1182 4176 1490 4235 celebrabat
1514 4182 1741 4239 honore.

396 4271 423 4299 ι
455 4258 688 4317 Sanctus
717 4269 800 4317 ter
830 4265 997 4319 ternis
1016 4264 1232 4324 Oswald
1258 4269 1490 4328 feliciter
1511 4277 1668 4331 annis

325 4347 557 4420 Imperio
584 4358 867 4422 postquam
898 4368 1190 4426 regnorum
1212 4361 1352 4415 rexit
1378 4362 1634 4431 habenas,

325 4439 443 4511 Ipse
470 4440 588 4515 (sic)
617 4458 753 4514 quas
775 4445 974 4502 retinet
1000 4448 1206 4505 famosa
1234 4450 1513 4510 Britannia
1534 4468 1720 4526 gentes
1735 4501 1749 4523 ,

325 4534 523 4591 Divisis
545 4536 759 4608 linguis,
788 4539 997 4611 populis
1022 4554 1122 4610 per
1144 4543 1363 4599 nomina
1388 4554 1601 4617 patrum
1627 4566 1641 4615 ;

326 4630 501 4700 Atque
525 4644 697 4685 annos
717 4638 1001 4701 postquam
1030 4639 1112 4688 ter
1137 4633 1306 4691 denos
1331 4636 1468 4693 vixit
1495 4646 1552 4694 et
1577 4649 1720 4708 octo,

324 4718 590 4788 Augustas
617 4732 774 4775 sacra
797 4719 978 4778 Nonas
997 4723 1109 4794 jam
1138 4734 1315 4782 morte
1341 4728 1579 4797 dicavit;

321 4808 579 4863 Ascendit
607 4809 818 4866 meritis
846 4812 1086 4871 caelestia
1114 4829 1281 4889 regna
1302 4822 1546 4879 coruscis
1564 4863 1580 4888 ,

321 4897 468 4953 Oswi
489 4909 747 4970 germano
775 4905 1057 4960 terrestria
1085 4920 1248 4979 regna
1276 4912 1609 4985 relinquens.

321 4992 351 5033 ιι
376 4992 587 5052 Interea
610 4993 847 5051 obtinuit
870 4995 1042 5053 multo
1060 4997 1173 5068 jam
1198 5012 1412 5075 sceptra
1430 5002 1618 5065 labore

324 5084 612 5160 Principio,
641 5086 874 5160 propria
896 5096 1077 5145 rector
1099 5104 1271 5149 nom
1298 5090 1427 5153 Osui
1456 5102 1669 5171 gentis;

325 5174 669 5248 [inpugnatus
689 5177 838 5234 enim
865 5177 1042 5235 fuerat
1063 5181 1192 5238 hinc
1209 5182 1338 5240 inde
1364 5186 1604 5244 vicissim

317 5266 532 5340 Sarpius
546 5271 789 5328 externis
813 5270 1179 5342 [initiantibus
1193 5272 1434 5347 undique
1462 5277 1618 5336 ﬁnes.

323 5363 542 5437 Insuper
562 5379 596 5420 ι
616 5366 857 5439 propriis
876 5376 1163 5439 perpessus
1188 5369 1328 5428 bella
1350 5373 1687 5445 propinquis,

322 5452 422 5521 Qui
453 5454 667 5516 αωὐὰ
685 5470 849 5517 manu
874 5457 1180 5517 lacerabant
1205 5462 1411 5519 viscera
1437 5464 1609 5536 regni,

391 5565 543 5623 Vers.
578 5566 703 5624 ille.

392 5692 413 5718 ο
443 5677 580 5748 Beda
610 5675 728 5748 libr.
763 5695 843 5737 Ill,
873 5697 987 5748 cap.
1019 5684 1069 5733 9.

394 5752 417 5788 it
447 5747 589 5804 Beda
621 5746 655 5798 i.
688 5749 807 5807 cit.,
835 5746 950 5807 cap.
983 5750 1061 5802 Η.

1942 423 1995 477 Δ
2021 418 2261 489 Cognato
2290 418 2572 488 implentes
2597 415 2892 472 sceleratas
2915 417 3180 487 sanguine
3208 413 3462 481 dextras;

2024 507 2134 564 Nec
2162 515 2408 564 metuunt
2433 508 2639 576 patrias
2666 505 2885 575 gentilia
2913 515 3092 562 castra
3118 518 3218 577 per
3239 509 3425 572 urbes.

2022 601 2226 657 Invidia
2256 607 2483 671 cogente
2508 598 2641 662 fera,
2671 598 2974 662 deducere;
3013 598 3097 653 vel
3133 599 3214 653 sic

2024 694 2242 749 Viribus
2268 691 2513 748 externis
2532 680 2798 746 conantes
2825 699 3071 746 sternere
3098 706 3304 762 regem.

2024 794 2044 821 ο
2076 781 2173 837 Cui
2206 783 2307 837 fuit
2334 788 2461 836 ante
2486 781 2622 836 alios
2642 781 2833 850 primis
2858 779 3085 837 infestus
3112 782 3181 837 ab
3207 783 3366 838 annis

2021 873 2205 927 lIostis
2232 888 2326 926 rex
2355 870 2598 937 Pendan,
2630 870 2788 926 fortis
2814 871 3014 925 virtute
3041 871 3293 941 doloque,

2019 962 2243 1018 Occisor
2270 960 2471 1026 fratris,
2504 961 2655 1033 regni
2678 970 2734 1016 et
2757 968 3000 1016 vastator
3022 962 3289 1027 acerbus;

2019 1055 2121 1122 Qui
2145 1062 2228 1109 ter
2254 1054 2394 1110 dena
2423 1053 2525 1109 sibi
2548 1053 2807 1109 conduxit
2834 1053 3001 1108 millia
3029 1052 3193 1119 bella,

2020 1146 2127 1201 Ter
2151 1146 2427 1214 denosque
2457 1144 2622 1200 duces
2652 1144 2877 1200 totidem
2906 1144 3174 1200 deducere
3203 1154 3410 1204 turmas

2017 1236 2308 1307 Disposuit,
2341 1248 2572 1307 quorum
2600 1244 2784 1292 certus
2812 1235 2915 1291 fuit
2938 1252 3070 1292 usus
3098 1237 3153 1291 in
3179 1240 3369 1295 armis.

2016 1328 2131 1385 Ilac
2157 1336 2370 1385 vastare
2399 1342 2563 1382 manu
2586 1327 2916 1397 veniensque
2939 1336 3187 1384 evertere
3212 1345 3465 1400 regnum,

2017 1420 2212 1477 Moenia
2233 1419 2526 1483 destruxit,
2557 1419 2805 1475 homines
2829 1434 3093 1477 mucrone
3125 1422 3381 1492 peremit.

2015 1512 2282 1570 Imbribus
2303 1514 2586 1569 exundans
2617 1521 2828 1569 torrens
2852 1529 2954 1569 ceu
2976 1515 3253 1573 montibus
3280 1518 3407 1573 altis

2017 1605 2226 1661 Sternit
2246 1619 2423 1677 agros,
2451 1616 2770 1675 segetesque
2797 1608 2941 1676 rapit
2972 1609 3260 1680 sylvasque
3290 1613 3534 1679 recidit;

2017 1697 2108 1753 Sic
2136 1697 2243 1753 dux
2269 1699 2385 1767 ipse
2410 1696 2563 1751 ferox
2588 1698 2879 1753 devastans
2901 1701 3083 1755 omnia
3106 1705 3337 1773 pressit,

1944 1766 1985 1825 Β
2019 1788 2162 1844 Dans
2191 1766 2352 1845 simul
2381 1789 2435 1844 in
2459 1804 2680 1858 pessum
2706 1804 2925 1859 pueros,
2951 1766 3286 1863 iuvenesque
3312 1766 3610 1869 senesque.

2019 1876 2206 1933 Nullus
2237 1892 2360 1932 eum
2387 1893 2571 1943 sexus,
2600 1878 2684 1933 vel
2720 1879 2867 1934 nulla
2894 1889 3197 1937 retraxerat
3224 1893 3360 1940 aetas

2016 1970 2098 2024 Ad
2119 1970 2336 2039 pietatis
2358 1982 2532 2040 Opus;
2572 1970 2718 2025 nullo
2744 1972 2872 2041 quia
2891 1971 3016 2041 jure
3041 1976 3301 2044 pepercit.

2019 2060 2126 2115 Sed
2155 2070 2355 2125 rector,
2384 2061 2472 2115 cui
2498 2075 2627 2116 cura
2656 2060 2756 2115 fuit
2786 2061 3075 2119 defendere
3109 2074 3346 2134 gentem,

2019 2151 2197 2221 Seque
2223 2167 2459 2224 suosque
2483 2152 2645 2208 simul
2668 2151 2869 2209 Christi
2898 2158 3123 2211 tutarier
3145 2161 3345 2225 armis,

2017 2242 2172 2313 Legit
2199 2250 2255 2298 et
2278 2243 2392 2312 ipse
2417 2243 2565 2299 viros
2594 2243 2786 2310 fortes,
2819 2256 2981 2316 atque
3002 2249 3218 2319 agmina
3246 2257 3391 2306 tanta
3408 2293 3427 2317 ,

2017 2335 2253 2390 Venerat
2278 2335 2423 2390 haud
2446 2336 2656 2406 trepido
2681 2344 2871 2392 contra
2902 2352 2998 2393 rex
3024 2349 3244 2410 pectore
3271 2354 3563 2416 promptus
3587 2388 3605 2415 ,

2017 2426 2183 2481 Milite
2204 2442 2327 2482 eum
2355 2442 2503 2494 raro,
2533 2429 2712 2499 primo
2737 2429 2835 2484 sed
2857 2445 3053 2486 nomen
3079 2432 3293 2505 Olympi

2018 2520 2253 2577 Fletibus
2276 2529 2332 2575 et
2357 2522 2498 2578 votis
2526 2522 2801 2578 constanti
2829 2524 2993 2579 corde
3012 2527 3280 2596 poposcit.

2016 2612 2110 2667 llis
2131 2612 2273 2667 actis
2295 2612 2460 2668 etiam
2490 2612 2716 2668 hostiles
2739 2618 2799 2667 ut
2825 2614 2960 2670 vidit
2986 2616 3188 2686 ubique

2013 2701 2329 2758 Innumeras
2355 2702 2499 2758 acies
2528 2702 2653 2759 latis
2680 2703 2987 2761 discurrere
3011 2707 3239 2777 campis,

2012 2790 2122 2848 llas
2144 2801 2333 2848 contra
2360 2794 2611 2864 opposuit
2630 2808 2856 2865 parvum
2885 2795 3011 2851 licet
3031 2797 3265 2870 impiger
3290 2815 3489 2873 agmen
3507 2844 3526 2869 ,

2013 2879 2177 2935 Millia
2204 2882 2344 2936 trina
2371 2884 2522 2938 ciens
2543 2891 2777 2951 tantum,
2803 2886 2896 2941 sed
2920 2896 3170 2958 prompta
3195 2889 3375 2947 duello

2010 2973 2121 3029 Nec
2148 2990 2317 3039 mora,
2343 2975 2475 3045 quin
2502 2976 2698 3032 mediis
2717 2992 2777 3033 se
2802 2977 3104 3035 immiserat
3126 2981 3370 3039 hostibus
3387 2984 3597 3055 audax,

2012 3066 2344 3122 l’roturbans
2372 3067 2539 3133 acies,
2566 3067 2768 3124 Christi
2798 3070 3069 3127 testudine
3092 3071 3284 3129 fretus.

2015 3156 2135 3211 Mox
2167 3155 2331 3213 timor
2354 3157 2617 3227 impactas
2639 3158 2957 3228 populorum
2987 3161 3210 3233 dispulit
3238 3164 3374 3230 alas,

2010 3248 2112 3316 Qui
2137 3265 2329 3321 pugnae
2356 3249 2720 3316 immemores,
2751 3251 2921 3308 armis
2942 3252 3166 3324 telisque
3191 3254 3415 3322 relictis,

2010 3343 2148 3397 Tuta
2177 3341 2316 3412 fugae
2335 3340 2540 3410 petiere
2565 3341 2703 3407 loca,
2743 3350 2800 3397 et
2824 3357 2920 3398 sua
2950 3343 3103 3415 signa
3127 3345 3411 3403 revellunt.

2009 3434 2312 3491 Pallantum
2342 3447 2543 3489 cuneos
2569 3435 2746 3490 victor
2769 3450 2869 3491 rex
2895 3434 3054 3491 caedit
3081 3437 3310 3508 ubique,

2008 3525 2305 3583 Ilorrisona
2331 3522 2665 3595 increpitans
2693 3522 2963 3595 fugientes
2989 3540 3121 3581 voce
3145 3528 3465 3600 phalangas.

2006 3618 2170 3673 Arma
2196 3630 2390 3673 cruore
2411 3624 2621 3684 natant,
2648 3625 2930 3673 mutantur
2955 3619 3217 3690 sanguine
3247 3619 3466 3690 fontes;

2006 3710 2167 3781 Fugit
2193 3717 2250 3766 et
2274 3710 2387 3781 ipse
2415 3708 2597 3775 simul,
2628 3715 2779 3767 tanta
2804 3708 2896 3763 vix
2924 3708 3076 3765 clade
3097 3719 3318 3766 coactus

2006 3806 2124 3862 Dux
2151 3805 2390 3871 Pendan,
2418 3819 2648 3861 cernens
2671 3802 2847 3859 cades
2875 3792 3192 3875 stragesque
3218 3818 3480 3861 suorum:

2004 3899 2114 3956 Nec
2136 3910 2317 3956 tamen
2344 3898 2546 3954 evaluit
2570 3896 2781 3966 fugiens
2805 3897 3038 3952 evadere
3063 3906 3291 3952 mortem
3310 3938 3329 3964 ,

2005 3992 2111 4048 Sed
2136 3992 2315 4064 gladio
2336 3990 2531 4046 cecidit
2558 3988 2767 4043 victrici
2789 3988 3004 4044 occisus
3032 3996 3089 4044 et
3115 3989 3224 4045 ille.

2003 4085 2255 4141 Curritur
2277 4085 2345 4141 ad
2371 4084 2608 4156 praedam
2635 4081 2861 4153 passim,
2892 4092 2947 4138 et
2976 4083 3095 4139 laus
3116 4082 3275 4152 digna
3305 4082 3545 4141 Tonanti

2003 4176 2266 4231 Redditur
2294 4182 2521 4238 aetemo,
2554 4184 2767 4242 semper
2787 4173 2881 4242 qui
2911 4172 3104 4228 liberat
3131 4184 3323 4228 omnes

2001 4265 2059 4320 In
2083 4281 2142 4321 se
2168 4272 2448 4336 sperantes
2466 4264 2725 4329 clemens,
2759 4271 2815 4318 et
2838 4263 3012 4319 salvat
3038 4265 3261 4334 ubique.

2004 4356 2117 4413 lioc
2142 4364 2261 4411 erat
2284 4358 2389 4412 hoc
2413 4355 2578 4411 etiam
2609 4354 2792 4409 multis
2821 4354 2953 4410 satis
2976 4355 3109 4409 utile
3136 4355 3337 4410 bellum
3364 4373 3379 4409 :

1921 4465 1970 4526 ι)
2006 4451 2247 4521 Namque
2272 4465 2423 4506 suam
2452 4457 2669 4521 gentem
2694 4465 2792 4505 rex
2819 4448 3065 4505 hostibus
3088 4451 3232 4505 eruit
3249 4451 3414 4518 aeris,

2003 4544 2321 4600 Merciorum
2351 4539 2472 4597 ﬁdei
2498 4540 2729 4612 sceptris
2755 4549 2813 4597 et
2836 4541 3075 4597 subdidit
3101 4542 3291 4609 almis,

2001 4634 2229 4691 Sacrate
2258 4632 2466 4689 faciens
2489 4633 2834 4704 baptismatis
2860 4647 3020 4687 amne
3044 4633 3211 4688 lavari
3235 4651 3249 4699 ;

1998 4727 2211 4799 Perque
2234 4724 2405 4791 illum,
2434 4722 2669 4780 donante
2689 4720 2821 4793 Deo,
2852 4722 3057 4781 ditatur
3082 4734 3312 4796 uterque

1998 4819 2278 4893 Magnifico
2297 4816 2524 4889 populus
2552 4816 2788 4874 caelestis
2814 4831 3039 4873 munere
3064 4818 3190 4874 doni
3218 4835 3233 4884 ;

1998 4913 2090 4971 Ille
2110 4914 2284 4970 haeres
2306 4909 2499 4983 pattize
2528 4904 2724 4973 factus,
2756 4910 2845 4965 hic
2872 4911 3008 4966 civis
3030 4908 3262 4984 Olympi.

1998 5004 2171 5059 Ambo
2197 5000 2426 5076 gentiles
2456 4999 2671 5073 gemino
2698 5001 2936 5057 micuere
2965 5000 3259 5071 triumpho,

1998 5093 2268 5151 Damonis
2294 5091 2385 5147 ille
2404 5089 2559 5163 iugo,
2587 5097 2807 5147 terreno
2832 5090 2922 5147 hic
2953 5091 3109 5147 hoste
3126 5091 3359 5148 solutus.

2067 5182 2307 5238 Plurima
2330 5180 2602 5237 continuis
2624 5180 2836 5237 domuit
2853 5191 2978 5252 post
3003 5197 3166 5254 regna
3188 5183 3481 5255 triumphis

1995 5274 2161 5340 Oswi,
2191 5272 2448 5329 nobiliter
2468 5271 2678 5342 patrias
2702 5279 2759 5327 et
2783 5272 2926 5327 rexit
2952 5273 3211 5339 habenas,

1996 5365 2407 5438 Aiquoreasque
2430 5362 2537 5419 sibi
2564 5370 2754 5433 gentes
2779 5363 2908 5421 hinc
2930 5363 3054 5421 inde
3072 5365 3304 5438 subegit,

1995 5458 2104 5514 llas
2132 5467 2342 5513 terrore
2365 5468 2601 5526 premes,
2635 5454 2757 5510 illas
2784 5468 3046 5512 mucrone
3074 5472 3355 5524 coercens,

3182 5571 3335 5629 Vers.
3376 5571 3497 5628 568.

2065 5695 2085 5717 θ
2119 5683 2257 5737 Beda
2284 5680 2318 5734 l.
2350 5680 2463 5744 cit.,
2496 5696 2613 5749 cap.
2641 5680 2732 5734 Ἡ.
