3866 6170
223 293 348 351 825

221 407 506 466 Victrices
527 401 736 473 aquilas
761 417 859 472 per
885 417 1052 473 regna
1082 402 1289 458 ferebat
1311 402 1527 470 ubique.

221 499 474 569 Legibus
498 496 588 550 ille
617 495 781 549 etiam
807 492 982 549 fuerat
1002 494 1336 563 iustissimus
1368 493 1536 562 aequis
1553 533 1567 558 ,

221 590 477 645 Invictus
503 587 682 653 bellis,
713 601 813 641 nec
836 601 944 640 non
975 586 1028 640 in
1059 600 1192 655 pace
1216 584 1408 640 fidelis.

224 682 514 745 Donorum
539 679 722 749 largus
750 677 982 739 miseris,
1019 678 1158 746 pius,
1185 678 1436 732 omnibus
1459 691 1677 746 aequus;

224 784 260 814 ει
297 772 588 841 Imperium
614 771 850 824 retinens
880 779 1132 839 septenos
1167 785 1293 823 nam
1319 778 1514 839 quater
1536 783 1726 832 annos,

226 862 569 932 Compositis
595 861 758 915 rebus
784 858 910 914 felix
936 860 991 913 in
1021 874 1155 929 pace
1185 861 1422 929 quievit,

229 956 478 1028 ngredo
506 955 724 1010 tradens
747 954 966 1024 proprio
994 954 1297 1009 diademata
1327 963 1453 1009 nato
1470 995 1485 1017 ,

231 1048 476 1119 ngredo
503 1046 740 1101 moriens
768 1046 970 1116 regalia
1000 1052 1213 1114 sceptra
1243 1045 1572 1114 relinquens.

318 1139 579 1208 Tempore
603 1153 725 1192 nam
751 1137 940 1192 micuit
962 1136 1246 1192 Wilfridus
1277 1138 1562 1207 episcopus
1591 1137 1620 1176 δ
1648 1135 1739 1191 illo
1756 1177 1771 1202 ,

238 1230 419 1297 Quem
444 1228 586 1283 Deus
614 1229 952 1296 omnipotens
980 1226 1174 1283 infudit
1198 1228 1319 1283 luce
1343 1243 1575 1298 superna
1595 1268 1609 1292 ,

234 1323 506 1379 Errorum
533 1321 754 1376 tetricas
784 1321 944 1376 terris
969 1329 1029 1374 ut
1054 1320 1279 1391 pelleret
1305 1320 1559 1386 umbras,

235 1415 354 1471 Per
379 1415 494 1470 loca
522 1423 796 1484 perpetuae
821 1423 1150 1484 quapmpter
1173 1416 1342 1470 multa
1365 1415 1558 1470 salutis

239 1503 510 1558 Gentibus
531 1510 587 1556 et
611 1502 822 1572 populis
853 1503 1112 1558 doctrinae
1135 1503 1337 1558 lumina
1369 1503 1586 1572 sparsit.

238 1593 396 1649 Illius
421 1592 670 1648 australis
699 1592 878 1647 studio
906 1591 1141 1647 Saxonia
1166 1593 1444 1648 Christum

243 1684 510 1750 Credidit,
543 1692 596 1738 et
621 1683 769 1739 claro
799 1684 1015 1754 perfusa
1046 1694 1131 1740 est
1158 1685 1403 1754 lampade
1433 1685 1574 1740 vitae.

249 1774 367 1830 Nec
397 1775 565 1830 solum
592 1775 817 1845 pepulos
848 1776 1041 1830 animae
1071 1777 1137 1831 de
1163 1785 1334 1830 morte
1362 1775 1595 1846 maligna

244 1865 380 1922 Illos
407 1867 627 1922 antistes
652 1867 914 1922 doctrinis
939 1869 1083 1923 eruit
1105 1868 1261 1923 almis
1280 1908 1295 1934 ,

250 1960 365 2015 Sed
390 1975 518 2015 nece
545 1962 609 2015 de
632 1969 899 2029 praesente
935 1961 1095 2016 simul
1125 1961 1353 2016 salvavit
1377 1961 1614 2017 eosdem.

253 2051 523 2123 Tempore
552 2053 818 2123 contiguis
844 2053 936 2107 illo
961 2069 1087 2108 nam
1114 2055 1214 2109 sub
1244 2055 1415 2109 tribus
1441 2055 1599 2108 annis

252 2141 372 2196 Non
401 2157 511 2207 ros,
542 2159 648 2196 non
675 2143 850 2198 imber
877 2144 1124 2198 sitientes
1152 2143 1344 2214 irrigat
1369 2158 1546 2212 agros.

253 2231 419 2286 Arida
445 2231 791 2303 flammigeris
822 2234 1051 2289 tabescit
1081 2242 1224 2290 terra
1255 2235 1356 2289 sub
1377 2235 1562 2298 astris,

260 2335 282 2362 ε
316 2324 380 2377 Ει
411 2323 614 2378 victum
640 2325 846 2394 pariter
871 2326 1183 2394 hominique
1212 2325 1447 2396 ferasque
1477 2328 1727 2396 negabat.

255 2416 433 2485 Atque
462 2414 658 2470 famem
683 2416 925 2486 sequitur
950 2418 1276 2473 morientum
1302 2417 1472 2473 cladis
1498 2432 1724 2474 acervus
1743 2459 1758 2482 ,

259 2505 422 2577 248
447 2505 864 2577 Ρηερίρίιεείιιιθ
892 2517 1057 2564 ruunt
1085 2511 1239 2564 multi
1263 2511 1329 2566 de
1354 2512 1578 2582 rupibus
1603 2511 1747 2566 altis.

258 2596 358 2649 Ast
386 2596 476 2650 alii
505 2597 709 2666 rapidis
731 2613 850 2654 sese
879 2614 1120 2656 mersere
1149 2602 1249 2656 sub
1274 2603 1466 2667 undis,

267 2688 333 2742 Ut
364 2687 466 2743 sibi
489 2689 804 2758 praeriperet
825 2690 1044 2763 longum
1073 2694 1180 2749 cita
1211 2709 1357 2749 mors
1383 2695 1706 2748 cruciatum.

261 2781 378 2852 Ipsa
412 2797 646 2851 namque
673 2783 780 2848 die,
811 2799 917 2854 quo
943 2801 1074 2857 gens
1100 2795 1414 2857 susceperat
1439 2788 1548 2851 illa,

263 2875 532 2930 Doctrinis
559 2876 762 2932 imbuta
785 2878 976 2943 sacris,
998 2880 1343 2950 baptismatis
1373 2880 1596 2945 undam,

262 2966 550 3022 Descendit
575 2967 777 3037 pluvia,
805 2978 861 3024 et
887 2969 1170 3027 telluribus
1195 2987 1326 3026 aura
1356 2986 1544 3026 serena
1563 3012 1575 3036 ,

262 3059 329 3114 Et
360 3068 520 3115 terrai
546 3061 706 3116 rediit
732 3063 1006 3132 specimen
1034 3063 1392 3119 viridantibus
1417 3063 1593 3127 arvis,

259 3149 540 3221 Florigero
565 3151 740 3222 campi
765 3160 1083 3224 montesque
1106 3164 1368 3211 ornantur
1393 3156 1594 3210 amictu
1621 3173 1634 3209 ε

260 3238 514 3311 Frugifer
542 3241 790 3311 agricolis
815 3242 1122 3300 lmtantibus
1145 3245 1350 3300 inditur
1374 3260 1550 3300 annus
1571 3285 1586 3311 ,

260 3331 430 3400 Inque
456 3331 624 3386 Deum
650 3347 842 3388 carnes
868 3342 1190 3389 cunctorum
1217 3337 1490 3406 cordaque
1517 3337 1700 3392 vivum

262 3423 703 3489 Exsultaverunt,
735 3423 955 3496 (cecinit
981 3425 1121 3480 sicut
1149 3435 1305 3483 antea
1335 3426 1527 3498 David)

263 3512 480 3566 Certius
505 3514 722 3568 aeternis
744 3513 1010 3569 inhiantes
1028 3522 1247 3583 pectore
1275 3515 1431 3571 donis
1447 3556 1462 3582 ,

264 3603 387 3670 Quo
415 3619 692 3674 sumpsere
721 3605 872 3675 prius
901 3605 1120 3662 sibimet
1149 3614 1362 3662 terrena
1388 3623 1486 3678 per
1514 3607 1685 3662 illum.

340 3693 440 3748 Hic
460 3709 673 3764 quoque
697 3695 1007 3765 compulsus
1033 3696 1262 3751 Romam
1288 3699 1618 3766 properabat
1641 3697 1790 3752 adire
1807 3735 1824 3762 ,

267 3783 379 3838 Sed
405 3785 556 3854 prius
578 3792 663 3839 est
687 3785 864 3839 ventis
891 3785 1188 3840 Fresonum
1215 3792 1404 3840 vectus
1430 3786 1484 3839 in
1512 3801 1666 3852 oras,

266 3875 292 3915 δ
321 3877 498 3946 Atque
525 3876 598 3930 ibi
622 3891 747 3931 mox
775 3876 957 3947 pepuli
983 3877 1252 3932 convertit
1278 3875 1445 3931 millia
1474 3875 1723 3942 Christo,

266 3967 511 4023 Plurima
539 3976 814 4038 perpetuae
840 3967 1220 4023 demonstrans
1246 3968 1386 4023 dona
1419 3967 1628 4022 salutis.

269 4062 343 4115 Et
367 4076 688 4130 quocunque
712 4061 905 4131 pedem
933 4061 1121 4126 movit,
1151 4061 1238 4130 pia
1267 4059 1474 4115 semina
1503 4059 1674 4126 sevit,

273 4151 500 4206 Pectora
528 4151 854 4220 perfundens
881 4151 1090 4205 arentia
1121 4165 1244 4206 rore
1273 4165 1508 4221 superno
1529 4189 1544 4216 ,

271 4243 476 4314 Inclyta
504 4245 710 4299 caelesti
735 4244 1021 4312 complevit
1043 4252 1098 4298 et
1120 4244 1315 4298 horrea
1352 4242 1529 4298 fructu
1551 4281 1568 4307 ,

276 4338 346 4393 Et
371 4337 570 4392 celebri
595 4335 735 4391 fama
766 4336 888 4391 lteto
916 4335 1170 4390 laudatur
1202 4335 1255 4389 in
1280 4335 1432 4390 orbe.

276 4429 414 4482 Dum
443 4429 564 4498 pius
589 4427 718 4482 illud
747 4428 848 4482 iter
871 4428 1031 4498 gestit
1060 4426 1331 4497 complere
1361 4427 1614 4483 sacerdos
1636 4466 1651 4492 ,

278 4519 417 4573 Ecce
448 4525 668 4588 repente
702 4516 801 4572 fuit
823 4518 1011 4572 morbo
1039 4517 1318 4586 perculsus
1343 4517 1566 4582 acerbo,

279 4609 490 4679 Perque
514 4609 631 4663 dies
654 4609 852 4664 multos
876 4609 1054 4664 valido
1079 4617 1357 4664 crescente
1383 4609 1568 4665 dolore
1585 4649 1600 4674 ,

281 4700 442 4754 Venit
461 4700 528 4755 ad
556 4707 855 4754 extremum
883 4699 1130 4755 confecto
1155 4713 1381 4770 corpore
1405 4699 1564 4754 finem
1590 4738 1604 4765 ,

279 4791 370 4846 Bis
394 4791 657 4861 binosque
680 4790 796 4845 dies
819 4804 980 4845 sensu
1002 4790 1119 4845 sine
1146 4789 1390 4860 corporis
1417 4787 1564 4843 omni

281 4883 560 4940 Exanimis
587 4883 758 4954 iacuit
785 4899 942 4955 pene,
981 4891 1037 4938 et
1064 4883 1378 4954 spiraminis
1400 4890 1608 4946 extors,

283 4975 426 5030 Voce
450 4989 666 5040 carens,
689 4973 1054 5042 membrisque
1076 4980 1318 5043 stupens,
1337 4972 1392 5026 in
1410 4979 1629 5042 pectore
1653 4978 1858 5026 tantum

283 5066 501 5138 Frigida
523 5065 616 5120 vix
645 5067 793 5120 tenui
817 5067 971 5121 duxit
995 5065 1228 5136 suspiria
1256 5063 1405 5118 ﬂatu.

283 5157 539 5228 Discipuli
569 5158 702 5214 socii
728 5157 945 5213 stabant
966 5157 1096 5213 hinc
1120 5155 1244 5212 inde
1273 5162 1546 5228 gementes
1561 5196 1575 5218 ,

353 5292 509 5349 V'ers.
547 5290 674 5348 621.

358 5441 384 5471 ι
409 5430 555 5486 Beda
578 5429 704 5486 libr.
731 5447 807 5494 iv,
837 5443 956 5555 θεὲ).
982 5429 1034 5483 5.

358 5500 387 5542 ι)
411 5499 695 5555 Wilfridus
741 5499 840 5555 En.
932 5499 1034 5555 uiua

327 5499 695 5570 ‘bWilfridus
741 5499 840 5570 Ep.
887 5495 1053 5568 Cujus
1099 5497 1265 5551 vitam
1314 5496 1440 5570 vide
1474 5495 1614 5570 apud
1658 5495 1855 5570 illabi".

287 5569 404 5626 Act.
436 5565 538 5626 SS.
565 5571 764 5626 Bened.
788 5565 926 5626 saec.
965 5565 1030 5624 in
1050 5611 1063 5635 ,
1101 5575 1241 5638 part.
1277 5583 1314 5621 I.
1344 5565 1462 5619 V’id.
1490 5565 1632 5619 Beda
1661 5566 1696 5618 1.
1725 5567 1814 5620 cit.
1844 5607 1856 5631 ,

286 5656 404 5710 cap.
439 5643 492 5695 5.

356 5724 378 5748 τ
406 5711 547 5767 Beda
584 5709 704 5763 libr.
742 5726 815 5774 tv,
843 5725 958 5778 cap.
998 5709 1078 5761 I2.

994 288 1322 344 CABMINA.
1358 318 1429 327 —
1469 286 1558 342 DE
1595 281 1864 342 PONTIF.
1909 282 1997 337 ET
2040 280 2142 338 SS.
2181 281 2375 339 ECCL.
2420 286 2712 343 EBOBAC.

3395 289 3500 345 8‘26

1837 401 1889 458 Α
1916 396 2291 473 Lugentesque
2315 403 2398 458 sui
2423 401 2586 458 funus
2611 365 2962 474 lacrymabile
2989 396 3188 462 Patris.

1926 496 2092 551 Ecce!
2131 495 2220 551 die
2248 495 2435 564 quinta
2461 494 2640 550 subito
2669 492 2830 550 Pater
2859 497 2974 566 ipse
3001 497 3228 564 resedit,

1923 589 2100 658 Atque
2125 588 2312 642 levans
2344 586 2545 651 oculos,
2579 587 2755 644 socios
2783 590 3061 656 conspexit
3087 599 3141 644 et
3163 588 3318 645 infit:

1931 701 1950 734 ε
1984 682 2122 750 Quid
2143 682 2296 752 juvat
2320 682 2491 738 atroci
2529 690 2738 736 tantum
2767 682 3046 752 indulgere
3073 683 3283 750 dolori;

1926 771 2024 827 Cui
2049 772 2162 826 vult
2184 772 2524 843 omnipotens
2550 773 2751 842 poterit
2780 775 3064 831 mitescere
3085 773 3248 844 iudex
3268 817 3284 842 ,

1927 864 2347 934 Extremamque
2376 879 2574 919 novum
2597 865 2764 920 vitam
2790 877 3104 923 convertere
3129 869 3185 922 in
3208 875 3410 924 ortum.

1926 957 2170 1027 Namque
2199 971 2356 1012 suum
2385 956 2622 1013 clemens
2643 958 2879 1028 legatum
2906 961 3054 1015 misit
3080 961 3147 1015 ab
3170 961 3360 1028 astris,

1927 1048 2030 1116 Qui
2061 1057 2289 1104 steterat
2315 1048 2473 1104 niveo
2497 1049 2724 1103 nimium
2749 1051 3043 1121 praeclarus
3068 1054 3268 1108 amictu
3287 1094 3302 1121 ,

1927 1140 2144 1195 Etmihi
2167 1139 2502 1210 ﬂammigero
2531 1140 2781 1210 praedixit
2807 1141 2935 1196 talia
2965 1141 3145 1197 vultu:

1927 1229 2011 1284 Me
2038 1230 2160 1299 pius
2186 1227 2526 1285 Altithronus
2557 1227 3043 1288 Michaelcm'misit
3073 1232 3301 1304 Olympo
3323 1273 3339 1298 ,

1929 1322 2140 1388 Dicere,
2165 1322 2308 1392 quod
2337 1321 2526 1376 morbo
2552 1337 2696 1377 nunc
2725 1322 3118 1378 confortaberis
3147 1324 3282 1390 isto,

1928 1413 2035 1469 Pro
2061 1413 2270 1469 meritis
2291 1421 2492 1469 sanctm
2514 1414 2702 1470 Matris
2727 1417 3088 1486 precibusque
3115 1417 3298 1471 Mariaa
3313 1459 3328 1483 ,

1927 1503 2058 1572 Qum
2086 1505 2349 1574 gemitus,
2379 1503 2663 1576 lacrymas,
2695 1507 2961 1562 sociorum
2994 1516 3049 1562 et
3071 1518 3194 1563 vota
3225 1517 3436 1564 tuorum

1929 1595 2163 1650 Auribus
2197 1611 2227 1650 e
2259 1596 2394 1650 solio
2421 1597 2628 1651 cmlesti
2660 1598 2865 1652 audivit
2895 1600 3132 1668 apertis,

1930 1685 2236 1754 Deposceus
2262 1683 2475 1738 tibimet
2502 1685 2669 1738 vitam
2701 1686 2859 1740 simul
2888 1696 3050 1757 atque
3077 1689 3326 1744 salutem.

1855 1749 1904 1814 Β
1931 1775 2060 1830 Esto
2087 1782 2266 1828 tamen
2295 1781 2492 1844 quarto
2517 1773 2768 1830 veniente
2791 1784 3014 1845 paratus
3038 1778 3092 1832 in
3124 1795 3265 1834 anno
3283 1822 3297 1845 ,

1928 1867 2046 1936 Ipse
2071 1881 2171 1935 ego
2200 1875 2329 1921 tunc
2350 1866 2547 1920 iterum
2575 1867 2788 1920 veniam
2821 1874 2874 1922 te
2899 1869 3095 1934 visere,
3129 1886 3252 1924 nam
3292 1879 3350 1926 tu

1929 1963 2195 2032 Tempore
2220 1962 2512 2032 tranquillo
2540 1962 2731 2029 patria‘.
2757 1964 3006 2019 morieris
3029 1966 3085 2018 in
3108 1967 3242 2019 oris.
3282 1984 3302 2018 ι

1929 2056 2218 2127 Angelicos
2252 2055 2498 2124 sequitur
2527 2060 2762 2112 monitus
2787 2073 2913 2112 mox
2946 2059 3059 2113 vita
3089 2061 3376 2130 salusque,

1929 2147 2041 2202 Nec
2065 2163 2173 2202 non
2200 2146 2443 2216 expletos
2467 2157 2591 2217 post
2620 2157 2877 2218 quattuor
2901 2149 3081 2204 exitus
3111 2166 3300 2218 annos,

1931 2238 2182 2293 Praesulis
2208 2239 2408 2309 egregii
2434 2240 2692 2308 prmdicto
2719 2249 2803 2295 est
2830 2238 2936 2295 fine
2964 2249 3204 2297 secutus.

1934 2329 2027 2385 Sic
2049 2337 2103 2383 et
2134 2329 2188 2382 in
2217 2328 2466 2393 ecclesia,
2498 2344 2662 2399 quam
2693 2329 2840 2384 Petri
2869 2331 3042 2386 erexit
3067 2331 3302 2398 honore,

1935 2422 2185 2492 Ilripensi
2211 2428 2294 2478 est
2322 2423 2554 2492 positus,
2585 2421 2711 2477 felix
2743 2423 2796 2476 in
2825 2438 2958 2493 pace
2989 2425 3247 2494 sepultus.

1936 2515 2031 2570 Vir
2059 2527 2272 2584 quoque
2296 2513 2630 2582 temporibus
2651 2521 2874 2569 sanctus
2905 2512 3143 2585 fulgebat
3172 2516 3225 2569 in
3249 2515 3376 2581 illis,

1935 2607 2245 2678 Angelicam
2271 2604 2600 2661 Cuthbertus
2632 2616 2656 2645 ο
2687 2620 2853 2676 agens
2883 2606 3192 2676 incorpore
3212 2609 3411 2674 vitam,

1937 2700 2040 2766 Qui
2071 2699 2171 2753 fuit
2201 2714 2231 2753 a
2255 2712 2426 2769 puero
2449 2698 2618 2770 signis
2653 2698 2880 2769 insignis
2903 2698 3104 2768 apertis
3125 2740 3140 2765 ,

1941 2790 2180 2846 Moribus
2208 2797 2262 2856 et
2291 2790 2501 2844 meritis
2524 2789 2707 2843 statim
2733 2789 3002 2844 succrevit
3029 2789 3306 2852 honestis;

1939 2884 2115 2952 Atque
2141 2895 2366 2935 manens
2394 2881 2690 2936 monachus
2717 2881 2978 2950 primaevo
3007 2889 3247 2950 tempore
3279 2879 3455 2935 clarus

1941 2972 2142 3028 Doctor
2171 2970 2501 3039 apostolicus
2531 2968 2652 3036 fuit,
2676 2970 2805 3024 hinc
2830 2978 2885 3025 et
2913 2969 3198 3040 presbyter
3223 2969 3415 3034 almus,

1866 3097 1917 3163 ο
1943 3066 2012 3120 Et
2035 3065 2153 3119 loca
2183 3063 2479 3118 fructiferis
2504 3063 2720 3133 replens
2746 3062 2948 3117 inculta
2975 3061 3189 3127 viretis,

1945 3152 2208 3210 Fontibus
2232 3151 2450 3206 aeternis
2478 3149 2717 3205 sitientia
2743 3157 2900 3219 prata
2927 3149 3173 3218 rigabat;

1943 3245 2134 3299 Divina
2161 3250 2215 3298 ct
2238 3250 2463 3298 cunctos
2491 3240 2728 3297 formans
2755 3240 2955 3295 virtute
2983 3251 3244 3310 sequaces
3260 3246 3284 3305 ,'

1943 3334 2220 3406 Dogmatis
2249 3333 2472 3389 mtherei
2497 3332 2680 3388 radios
2701 3333 2990 3402 spargebat
3009 3330 3209 3400 ubique
3226 3369 3243 3396 ,

1945 3426 2252 3482 Discutiens
2275 3423 2533 3480 tenebras
2560 3438 2829 3486 errorum,
2860 3422 2979 3477 luce
3005 3436 3218 3476 serena.

1944 3517 2041 3572 Est
2070 3517 2218 3574 locus
2243 3515 2458 3573 Oceano
2486 3515 2665 3570 dictus
2693 3515 3014 3584 cognomine
3039 3515 3248 3580 Farne,

1943 3611 2119 3666 Insula
2145 3609 2309 3668 fontis
2333 3611 2506 3680 inops,
2542 3609 2713 3679 frugis
2735 3615 2792 3663 et
2819 3609 3031 3662 arboris
3057 3621 3284 3675 expers;

1945 3702 2098 3757 lianc
2130 3703 2269 3770 petit
2294 3702 2591 3770 intrepidus
2610 3700 2810 3755 Christi
2845 3699 3075 3753 bellator
3101 3698 3313 3766 cpimus
3332 3736 3349 3763 ,

1945 3791 2405 3860 Contemplativos
2425 3791 2730 3864 cupiensvet
2755 3804 2980 3856 carpere
3007 3788 3207 3850 ﬂores;

1948 3883 2067 3951 Ipse
2091 3880 2203 3934 Deo
2229 3879 2328 3934 soli
2351 3879 2499 3934 solus
2527 3879 2732 3933 servire
2761 3878 2957 3947 sategit
2974 3918 2987 3941 ,

1951 3973 2028 4026 Nc
2057 3972 2360 4026 mundanus
2387 3970 2562 4024 honor
2584 3975 2819 4022 mentem
2850 3974 3088 4020 mutaret
3117 3965 3373 4021 alacrem.

1952 4061 2052 4116 I-Iic
2080 4061 2318 4115 Eremita
2348 4075 2503 4115 sacer
2527 4074 2634 4113 non
2660 4072 2827 4126 parvo
2860 4065 3108 4126 tempore
3136 4057 3303 4122 vixit,

1955 4151 2164 4220 Szepius
2185 4149 2440 4220 angelicis
2476 4149 2604 4203 felix
2631 4145 2882 4202 affatibus
2909 4161 3042 4200 usus
3061 4187 3076 4210 ,

1957 4241 2158 4297 Toxica
2189 4237 2454 4295 mortiferi
2483 4239 2732 4294 vincebat
2765 4237 2870 4293 tela
2907 4236 3176 4293 draconis.

1954 4332 2212 4388 Attamen
2238 4331 2545 4386 abstractus
2572 4330 2757 4386 multis
2791 4327 3151 4401 rogitantibus
3175 4326 3319 4392 inde,

1880 4448 1935 4510 ι)
1959 4423 2198 4479 Tandem
2224 4421 2500 4478 consensit
2529 4428 2791 4476 secretam
2815 4421 3058 4491 linquere
3084 4420 3264 4476 sedem
3284 4458 3298 4483 ,

1957 4516 2344 4586 Pontificisque
2372 4516 2620 4588 gradum,
2647 4515 2860 4586 pepulis
2878 4523 2934 4569 et
2956 4530 3082 4584 rege
3109 4521 3330 4568 coactus
3347 4552 3362 4576 ,

1956 4609 2289 4679 Quandoque
2311 4608 2552 4678 suscepit
2577 4607 2788 4662 cunctis
2814 4605 3096 4660 orantibus
3123 4605 3274 4658 illum
3300 4619 3317 4671 ;

1957 4703 2223 4761 Nobiliter
2254 4702 2397 4758 binis
2423 4701 2581 4770 digne
2607 4713 2767 4767 quem
2795 4698 2936 4752 rexit
2957 4697 3010 4752 in
3037 4698 3193 4752 annis
3212 4737 3227 4762 ,

1958 4797 2198 4852 Plurima
2227 4791 2553 4862 conquirens
2588 4789 2891 4843 animarum
2912 4788 3062 4844 lucra
3092 4787 3358 4853 Tonanti,

1957 4889 2027 4943 Et
2050 4887 2188 4942 bene
2213 4882 2562 4940 commissum
2588 4879 2804 4936 sibimet
2834 4879 3070 4935 servavit
3093 4878 3232 4934 ovile
3249 4918 3267 4946 ,

1958 4976 2037 5032 Ne
2061 4976 2220 5045 lupus
2241 4972 2504 5027 insidians
2529 4969 2731 5026 Christi
2753 4969 3038 5025 deroderct
3064 4981 3251 5039 agnos.

1961 5067 2068 5123 Sed
2095 5081 2224 5122 mox
2248 5063 2505 5118 mundani
2533 5062 2746 5118 culmen
2775 5061 2964 5116 vitavit
2989 5061 3211 5116 honoris
3227 5101 3242 5126 ,

1958 5159 2077 5230 Ipse
2098 5165 2291 5230 petens
2323 5156 2523 5214 iterum
2544 5153 2688 5210 soliti
2710 5161 2917 5210 secreta
2943 5153 3164 5218 cubitis;

3137 5285 3294 5343 Vers.
3333 5287 3458 5342 674.

2029 5428 2055 5468 ἀ
2087 5428 2229 5483 Beda
2258 5426 2381 5481 libr.
2411 5441 2464 5489 v,
2494 5441 2613 5495 cap.
2643 5425 2733 5480 ΞΟ.

2035 5511 2058 5538 ο
2090 5496 2403 5551 Cuthberms
2442 5495 2543 5566 Ep.
2561 5492 2699 5566 'Vita
2737 5502 2804 5566 et
2834 5492 3088 5566 miracula
3123 5493 3280 5566 illius
3310 5505 3376 5566 ex
3405 5506 3528 5566 ven.

1959 5569 2120 5632 Beda,
2144 5573 2275 5621 tom.
2295 5567 2339 5621 ν
2355 5559 2610 5635 Oper-um,
2630 5563 2946 5634 Patrologite
2969 5572 3095 5618 tom.
3123 5563 3301 5619 XCIV.
3330 5559 3529 5618 Mabill.

1960 5654 2084 5693 smn.
2117 5655 2152 5692 ιι
2181 5637 2379 5692 Bcned.
2403 5643 2549 5703 part.
2579 5651 2616 5689 I.
