3866 6170
310 324 412 383 827

308 435 487 506 Atque
514 432 587 488 ibi
616 433 899 503 praesentis
919 420 1258 503 spectaverat
1280 430 1471 485 ultima
1500 432 1654 495 vitm,

310 525 548 597 Quaeque
572 524 668 581 Dei
694 524 881 579 famuli
908 530 1122 580 sacrata
1147 530 1232 578 est
1255 520 1429 578 insula
1462 530 1654 576 morte.

311 615 449 670 Nam
476 615 628 673 locus
654 617 745 671 ille
773 616 911 671 nitet
937 616 1106 688 signis
1132 616 1410 683 hucusque
1438 614 1679 670 coruscis
1696 654 1711 680 ,

311 707 392 761 Ex
419 720 526 776 quo
550 705 823 776 pontificis
846 706 1097 776 linquens
1122 703 1395 774 ergastula
1422 703 1606 759 carnis

314 797 548 868 Spiritus
574 798 685 853 alta
702 807 893 869 petens
922 796 1132 853 scandit
1162 810 1322 865 super
1350 804 1495 852 astra
1523 796 1767 865 polorum

311 887 422 944 Nec
446 903 555 944 non
585 896 641 945 et
667 890 831 945 claris
857 889 990 943 fiunt
1017 886 1279 943 miracula
1303 887 1466 943 rebus
1485 927 1500 953 ,

311 977 479 1034 Facta
508 978 627 1035 loco
659 993 871 1034 sacrum
898 983 1092 1047 pausat
1117 991 1226 1047 quo
1253 990 1451 1046 corpus
1476 977 1754 1033 humatum
1771 1018 1787 1043 ,

313 1069 480 1141 Cujus
504 1078 617 1126 tota
643 1069 747 1124 fuit
771 1069 1083 1125 cmlestibus
1110 1069 1309 1140 inclyta
1337 1069 1507 1140 signis
1525 1112 1540 1137 ,

319 1160 501 1232 Usque
523 1161 665 1216 diem
695 1162 902 1226 mortis,
934 1160 1194 1232 primzevo
1219 1169 1459 1231 tempore
1486 1162 1614 1217 vita.

311 1251 504 1307 Omnia
528 1266 649 1321 qua:
678 1250 879 1306 dudum
900 1252 1197 1322 praeclarus
1219 1252 1365 1308 Beda
1390 1254 1643 1310 sacerdos

311 1344 564 1401 Prosaiee
587 1345 823 1415 primum
847 1346 1068 1418 scripsit
1092 1360 1343 1403 sermone
1366 1347 1623 1419 magister
1641 1388 1654 1413 ,

311 1436 379 1491 Et
404 1445 529 1508 post
552 1436 772 1494 heroico
802 1438 1000 1494 cecinit
1034 1437 1297 1494 miracula
1318 1452 1480 1494 versu
1510 1450 1559 1491 ιι.

317 1532 562 1599 Qualiter
587 1532 860 1604 angelicos
886 1532 1126 1588 monitus
1151 1532 1416 1588 medicina
1445 1539 1629 1588 secuta
1660 1540 1741 1589 est
1758 1574 1774 1599 ,

314 1625 450 1679 Dum
490 1632 669 1680 tumor
698 1625 752 1680 in
774 1633 964 1681 tenero
990 1624 1261 1681 succrevit
1285 1638 1513 1694 corpore
1538 1623 1772 1680 fervens.

312 1714 419 1769 Aut
442 1717 710 1785 quomodo
732 1716 848 1786 ipse
867 1730 1004 1785 puer
1030 1714 1208 1770 ventis
1233 1728 1332 1784 per
1360 1714 1555 1769 caerula
1583 1729 1789 1785 puppes

310 1805 551 1863 Jactatas
570 1808 823 1879 precibus
845 1808 1137 1863 revocabat
1162 1806 1232 1861 ab
1254 1822 1473 1876 aequore
1497 1808 1712 1877 quinas.

313 1896 557 1964 Qualiter
582 1906 678 1952 aut
701 1897 939 1952 animam
959 1895 1091 1953 ferri
1115 1885 1278 1966 super
1299 1902 1446 1952 astra
1470 1896 1689 1951 videbat

314 1989 568 2046 Praesulis
596 1988 819 2057 Aidani,
851 1999 1068 2046 teneros
1098 1990 1224 2045 dum
1251 1996 1504 2060 pasceret
1529 2005 1715 2061 agnos.

313 2082 628 2139 Coelicolam
650 2082 922 2154 quomodo
950 2090 1169 2139 terreno
1195 2097 1335 2153 pane
1361 2081 1547 2138 fovere

315 2179 452 2234 Dum
487 2187 727 2251 cuperet,
758 2179 960 2235 meruit
982 2179 1234 2236 caalestes
1262 2195 1479 2236 sumere
1500 2179 1570 2235 ab
1596 2179 1707 2235 illo.

320 2270 393 2327 Ut
415 2271 606 2327 bellua:
629 2272 864 2345 gelidum
886 2271 1013 2328 villo
1043 2269 1279 2342 ﬂatuque
1310 2270 1600 2337 fovebant,

315 2364 641 2421 Cernentem
664 2363 889 2423 fratrem
919 2364 1111 2423 morbo
1134 2364 1398 2435 culpaque
1419 2364 1649 2420 relaxat.

319 2454 497 2526 thue
521 2454 795 2525 precando
824 2454 1022 2509 famem
1050 2454 1326 2525 projectus
1351 2454 1420 2509 ab
1448 2468 1665 2523 aequore
1694 2453 1874 2507 nautis

316 2546 576 2614 Abstulit,
603 2557 659 2603 et
683 2554 894 2603 certum
917 2546 1172 2619 praedixit
1195 2547 1387 2601 adesse
1412 2560 1682 2601 serenum.

318 2637 427 2693 Aut
453 2638 724 2709 quomodo
750 2653 819 2693 ex
850 2636 1029 2708 aquila
1059 2636 1237 2692 delato
1260 2636 1408 2705 pisce
1431 2635 1720 2691 cibandum

320 2730 391 2787 Se
420 2732 735 2802 sociumque
762 2746 918 2786 suum
946 2728 1218 2799 przedixit,
1245 2736 1301 2783 et
1330 2736 1415 2783 est
1437 2728 1513 2782 ita
1543 2726 1765 2783 factum.

316 2822 482 2895 249
501 2821 611 2877 Aut
626 2822 900 2892 quomodo
919 2818 1171 2895 ardentes
1198 2818 1395 2874 avertit
1413 2819 1482 2874 ab
1501 2816 1706 2874 adibus
1728 2817 1901 2888 ignes,

318 2916 639 2972 Incumbens
660 2915 933 2986 precibus,
956 2912 1214 2983 juvenum
1240 2926 1376 2981 quos
1405 2911 1598 2965 dextra
1621 2909 1898 2980 nequibat.

321 3003 658 3062 Dmmoniaca
689 3004 907 3076 quidem
932 3000 1017 3057 vel
1040 3000 1273 3072 qualiter
1297 3015 1435 3054 uxor
1461 2999 1529 3054 ab
1558 2998 1650 3053 illo

320 3098 406 3154 Sit
429 3105 638 3165 sanata,
659 3097 811 3168 prius
834 3110 994 3166 quam
1026 3101 1168 3149 tecta
1199 3092 1439 3164 rogantis
1464 3092 1669 3147 inisset.

320 3194 601 3249 Dmmones
624 3200 718 3248 aut
742 3191 1014 3262 quomodo
1042 3196 1262 3246 sanctus
1285 3188 1352 3244 de
1378 3188 1558 3243 Farne
1582 3187 1847 3259 malignos

321 3283 618 3355 Expulerit,
642 3283 799 3353 juxta
826 3283 1033 3339 faciens
1057 3282 1159 3337 sibi
1180 3288 1321 3337 tecta
1341 3279 1616 3335 manendi.

321 3373 397 3427 Ex
423 3374 575 3429 sicco
603 3382 664 3427 ut
696 3373 957 3441 liquidam
979 3371 1207 3439 poduxit
1233 3369 1439 3439 cespite
1463 3366 1759 3437 lympham,

320 3464 451 3532 Qua:
479 3465 549 3519 ad
574 3472 761 3519 votum
780 3462 960 3517 Patris
987 3463 1283 3531 przestabat
1307 3462 1361 3515 in
1394 3475 1489 3517 ore
1513 3474 1782 3530 saporem.

320 3555 565 3624 Qualiter
588 3554 703 3625 ipse
730 3554 831 3609 sibi
855 3566 1083 3608 messem
1107 3552 1337 3606 sevisset
1362 3552 1415 3606 in
1450 3566 1603 3621 agro,

324 3649 389 3703 Et
413 3646 662 3703 volucres
686 3645 853 3700 verbo
883 3650 1091 3698 tantum
1121 3641 1420 3711 pepulisset
1449 3643 1518 3696 ab
1549 3640 1667 3697 illa-

326 3740 399 3797 Ut
424 3753 576 3794 mare
606 3752 729 3794 cum
754 3736 929 3793 belvis
957 3742 1150 3792 sancto
1170 3735 1378 3791 servire
1402 3733 1627 3817 solebat.

330 3830 572 3886 Plurima
596 3828 836 3884 veridico
855 3828 1107 3899 przedixit
1131 3836 1186 3883 et
1208 3843 1304 3883 ore
1332 3826 1535 3892 futura,

330 3922 406 3975 De
429 3934 506 3985 se,
532 3919 705 3989 deque
727 3918 867 3983 aliis,
900 3933 1021 3987 quae
1048 3917 1310 3989 praescius
1337 3924 1464 3973 ante
1497 3916 1738 3973 videbat.

326 4010 571 4079 Qualiter
594 4009 746 4065 uxori
775 4009 1014 4074 comitis,
1041 4009 1129 4066 cui
1158 4009 1385 4065 miserat
1412 4009 1612 4065 undam

327 4103 576 4169 Sacram,
610 4101 850 4157 restituit
875 4099 1096 4171 depulsa
1117 4108 1266 4171 peste
1287 4101 1534 4156 salutem.

323 4191 631 4249 Chrismate
659 4190 738 4246 sic
758 4190 1047 4260 quamdam
1077 4198 1366 4248 sanaverat
1393 4189 1507 4259 ipse
1533 4195 1852 4259 perunctam

322 4280 366 4337 A
393 4279 581 4337 morbo
604 4280 791 4335 lateris
820 4279 1121 4350 capitisque
1145 4279 1331 4335 dolore
1356 4278 1609 4349 puellam.

333 4375 407 4432 Ut
438 4374 759 4431 benedictus
788 4372 918 4427 item
943 4370 1154 4426 delatus
1176 4371 1333 4441 panis
1360 4371 1428 4425 ab
1457 4370 1550 4425 illo

327 4464 593 4521 Immissis
618 4462 855 4534 lymphis
882 4461 1171 4531 quemdam
1196 4467 1485 4515 sanaverat
1503 4475 1725 4530 aegrum.

327 4556 571 4626 Qualiter
598 4563 694 4612 aut
708 4552 965 4624 juvenem
993 4550 1316 4604 moriturum
1345 4548 1484 4604 forte
1511 4546 1687 4602 viato'r

328 4645 611 4718 Repperit,
636 4642 840 4700 orando
861 4639 949 4697 cui
974 4638 1213 4694 reddidit
1233 4637 1349 4709 ipse
1378 4636 1627 4693 salutem.

328 4738 402 4795 Ut
424 4739 547 4809 pius
570 4744 732 4808 atque
759 4734 940 4799 Pater,
974 4731 1166 4788 morbo
1186 4738 1436 4787 vastante
1459 4730 1768 4796 Britannos,

328 4828 587 4884 Prredixit
613 4825 776 4881 matri
802 4824 1021 4893 natique
1052 4822 1353 4893 domusque
1377 4820 1627 4877 salutem.

329 4918 574 4986 Qualiter
595 4925 690 4971 aut
711 4914 950 4969 animam
971 4911 1205 4983 pastoris
1225 4913 1294 4969 ab
1322 4912 1515 4969 arbore
1540 4911 1673 4983 lapsi

335 5008 624 5081 Angelicos
647 5005 785 5062 emlo
811 5014 984 5060 cattus
1005 5002 1208 5058 inferre
1234 5003 1445 5059 videret

332 5098 512 5169 Atque
537 5112 696 5155 suum
726 5103 1002 5167 :egrotans
1030 5100 1319 5148 curaverat
1342 5092 1455 5162 ipse
1479 5092 1809 5158 ministrum,

329 5188 589 5246 Profluvii
615 5186 825 5242 ventris
850 5182 1031 5239 fuerat
1060 5182 1153 5253 qui
1185 5182 1305 5237 tabe
1330 5191 1602 5253 gravatus.

333 5279 579 5348 Qualiter
605 5276 890 5333 undecimo
914 5282 1036 5346 post
1060 5280 1288 5329 mortem
1313 5288 1509 5343 corpus
1539 5273 1592 5328 in
1618 5289 1758 5328 anno

330 5370 607 5444 lntegrum
633 5368 812 5426 fuerat
837 5375 946 5425 tota
969 5382 1092 5424 cum
1120 5374 1271 5423 veste
1297 5373 1593 5435 repertum.

404 5480 556 5540 Vers.
598 5480 723 5537 729.

409 5609 434 5637 ιι
460 5598 594 5653 Ven.
615 5597 781 5664 Beda,
803 5598 1021 5654 ibidem.
1046 5595 1245 5651 Mabill.
1268 5611 1392 5651 sec.
1420 5612 1457 5650 ιι
1482 5594 1680 5649 Bencd.
1704 5600 1841 5664 part.
1869 5612 1905 5649 ι.

412 5666 439 5705 ι’
479 5663 773 5721 Adiltruda'
793 5669 933 5737 apud
963 5666 1159 5721 Bedam
1189 5665 1491 5732 Edildrida,
1522 5682 1638 5736 cap.
1674 5663 1755 5731 19,
1786 5663 1902 5719 libr.

345 5754 393 5794 ιγ
424 5736 561 5792 llist.
592 5736 797 5791 Ecclcs.

1128 318 1188 373 B.
1232 319 1292 373 F.
1334 317 1560 374 ALBINI
1598 316 1729 374 SEU
1769 315 2050 373 ALCUINI
2086 315 2369 372 OPERUM
2407 315 2587 371 PARS
2625 316 2711 372 Vl.

3463 316 3564 373 823

1911 435 1963 493 Α
1988 429 2359 487 Dmmoniacns
2379 431 2565 498 homo,
2591 446 2755 501 supra
2787 445 2947 500 quem
2979 430 3222 486 funditur
3253 431 3418 496 unda,

1991 519 2242 588 Sanatur,
2271 536 2456 577 sacros
2480 522 2660 577 Patris
2686 537 2808 592 qum
2834 522 3042 577 laverat
3065 530 3237 578 artus.

1986 610 2156 682 JEgra
2181 612 2406 667 trahens
2426 612 2646 681 quidam
2668 612 2901 682 suspiria
2927 612 3161 682 qualiter
3186 627 3354 669 orans

1985 702 2131 759 Illius
2154 704 2218 758 ad
2241 703 2507 758 tumulum
2532 702 2722 759 morbo
2748 710 2969 758 sanatus
2998 704 3067 758 ab
3099 702 3192 758 illo
3219 712 3327 758 est.

1986 793 2296 866 Languidus
2318 802 2487 865 utque
2514 794 2686 850 oculis
2716 803 2945 865 tangens
2972 794 3154 849 oraria
3180 794 3346 860 vasis,

1986 887 2131 943 Illius
2158 904 2227 945 ex
2254 889 2372 944 visu
2394 889 2547 945 dolor
2569 898 2626 946 et
2647 890 2821 961 caligo
2845 890 3094 946 recessit.

1986 978 2361 1036 Calceamenta
2391 981 2569 1037 Patris
2596 982 2833 1038 resoluto
2856 998 3082 1053 corpore
3108 984 3329 1053 quidam

1985 1071 2183 1138 Induit,
2210 1082 2264 1128 et
2289 1074 2436 1129 sanis
2456 1074 2698 1145 perrexit
2715 1075 2987 1144 gressibus
3012 1075 3155 1130 inde.

1990 1162 2234 1230 Qualiter
2261 1163 2459 1220 infirmi
2482 1175 2746 1223 curentur
2773 1168 3029 1239 tegmine,
3058 1168 3160 1224 sub
3178 1186 3288 1240 quo

1993 1253 2229 1323 Spiritus
2248 1263 2395 1311 astra
2421 1258 2557 1327 petit
2585 1260 2758 1315 sancti
2793 1266 3010 1315 terrena
3036 1260 3370 1332 relinquens.

2063 1364 2190 1421 Haec
2213 1367 2453 1423 breviter
2481 1369 2653 1440 tetigi,
2685 1385 2753 1425 ne
2781 1377 2889 1425 tota
2921 1379 3107 1428 tacere
3130 1372 3348 1429 viderer

1992 1454 2196 1526 Inclyta
2237 1456 2407 1512 rurali
2435 1460 2810 1530 perstringens
2834 1462 3075 1518 carmine
3099 1472 3269 1531 gesta.

1992 1542 2119 1599 Haec
2147 1546 2400 1615 quoniam
2429 1548 2628 1604 cecinit
2649 1549 2823 1618 plenis
2841 1565 2965 1606 cum
2990 1553 3238 1610 versibus
3257 1554 3387 1610 olim

1992 1635 2296 1693 Prteclarus
2327 1639 2501 1695 nitido
2527 1640 2671 1695 Beda
2701 1657 2950 1698 sermone
2970 1645 3262 1715 magister;

1997 1726 2060 1782 Ni
2092 1731 2444 1801 praevenisset
2463 1741 2681 1789 nostras
2704 1736 2858 1803 prius
2886 1737 3001 1806 ipse
3029 1753 3287 1794 camenas
3303 1780 3318 1803 ,

2000 1817 2296 1889 lnciperem
2318 1819 2516 1892 lyricus
2536 1838 2727 1879 omnes
2751 1824 3042 1880 extendere
3070 1826 3253 1883 fibras.

1997 1909 2115 1966 Non
2141 1910 2289 1966 Pana
2315 1912 2577 1983 rogitans,
2607 1913 2798 1971 Pbmbi
2828 1931 2929 1971 nec
2954 1908 3152 1971 numen
3178 1918 3361 1985 inane,

2000 1998 2109 2057 Sed
2133 2009 2226 2056 tua
2252 2016 2377 2057 cum
2403 2012 2516 2059 toto
2543 2001 2800 2075 suffragia
2824 2006 2989 2061 corde
3007 2022 3280 2077 precarer,

2000 2093 2073 2150 Ut
2098 2094 2232 2149 mihi
2259 2094 2535 2151 roriﬂuam
2568 2097 2819 2163 donares,
2849 2098 3087 2165 Christe,
3110 2100 3406 2172 loquelam,

1998 2185 2081 2241 Ad
2104 2187 2374 2243 narranda
2399 2188 2475 2257 pii
2508 2189 2668 2260 digne
2694 2191 2965 2260 pmconia
2988 2191 3187 2247 Patris.

2069 2275 2303 2347 Belliger
2330 2276 2584 2347 ngridus
2606 2286 2892 2349 postquam
2920 2280 3048 2336 hinc
3070 2281 3194 2336 inde
3213 2284 3523 2354 triumphos

2000 2365 2281 2433 Cesserat,
2310 2375 2366 2423 et
2390 2376 2577 2438 gentes
2605 2370 2816 2424 domuit
2839 2371 2940 2426 sub
2967 2380 3142 2426 marte
3163 2370 3397 2435 feroces,

1998 2454 2223 2527 Accepit
2241 2472 2492 2527 sponsam
2513 2458 2852 2516 Adiltrudam
2885 2462 2915 2502 ι»
2942 2462 3162 2518 nomine
3181 2464 3402 2526 dictam.

2001 2542 2271 2600 Nobilium
2294 2548 2530 2616 genitam
2561 2549 2731 2620 regali
2756 2550 2923 2622 stirpe
2950 2560 3258 2622 parentum,

2001 2633 2243 2691 Nobilior
2262 2636 2421 2709 longe
2439 2646 2591 2695 casta
2617 2655 2739 2710 qua:
2760 2649 2941 2697 mente
2971 2643 3247 2698 manebat.

2002 2723 2135 2780 Nam
2152 2725 2288 2782 licet
2311 2728 2401 2783 illa
2426 2728 2569 2785 foret
2590 2731 2829 2787 thalamo
2853 2731 3138 2802 conjuncta
3158 2735 3412 2805 superbo.

2002 2815 2170 2889 Regia
2198 2818 2446 2876 bissenos
2469 2822 2675 2891 pariter
2687 2822 2801 2893 jam
2831 2838 3025 2893 sponsa
3056 2839 3155 2894 per
3176 2841 3366 2891 annos,

2000 2906 2327 2964 lntemerata
2355 2918 2536 2966 tamen
2558 2913 2858 2981 permansit
2884 2914 3035 2985 virgo
3058 2930 3155 2984 per
3177 2931 3371 2979 :evnnt,

2001 3000 2147 3056 Inter
2164 3000 2289 3069 jura
2315 3003 2459 3057 thori
2484 3003 2709 3060 vincens
2730 3004 2979 3061 incendia
3006 3007 3209 3062 carnis.

2004 3090 2240 3162 Virginis
2266 3091 2406 3147 alma
2432 3092 2585 3160 fides,
2614 3095 2759 3167 regis
2780 3097 3041 3166 patientia
3067 3099 3236 3152 mira!

2007 3181 2254 3237 Vincitur
2277 3182 2368 3238 hic
2393 3184 2663 3253 precibus,
2694 3186 2789 3241 sed
2810 3202 2995 3243 amore
3017 3188 3279 3244 Tonantis
3301 3197 3355 3244 et
3385 3188 3469 3243 illa
3490 3205 3505 3252 ;

2004 3272 2177 3329 Ambo
2203 3274 2373 3330 sacris
2402 3274 2527 3331 fidei
2553 3275 2822 3334 ferventes
2845 3278 3059 3351 ignibus
3084 3282 3252 3345 intus,

2004 3364 2357 3422 Permansere
2385 3368 2548 3423 simul
2573 3368 2775 3438 coniux
2797 3386 2925 3426 cum
2957 3370 3183 3441 conjuge
3205 3374 3364 3428 casti.

2007 3456 2287 3528 Quamque
2315 3458 2523 3530 integra
2547 3458 2688 3516 foret
2712 3463 2899 3517 vivens
2920 3461 2975 3517 in
2997 3477 3224 3532 corpore
3253 3464 3427 3533 virgo,

2007 3548 2139 3604 Post
2160 3557 2390 3604 mortem
2410 3548 2671 3608 Dominus
2697 3553 2868 3624 signis
2886 3553 3140 3624 patefecit
3165 3556 3403 3626 apertis;

2006 3637 2144 3693 Nam
2177 3653 2306 3694 caro
2329 3654 2425 3695 sex
2447 3640 2617 3697 denos
2637 3641 2803 3697 etiam
2830 3643 3095 3698 tumulata
3117 3659 3214 3714 per
3240 3659 3411 3699 annos
3428 3685 3444 3709 ,

2006 3726 2324 3797 lncorrupta
2353 3728 2570 3798 quidem
2597 3738 2711 3787 tota
2735 3746 2859 3786 cum
2885 3740 3034 3786 veste
3058 3740 3275 3802 reperta
3305 3741 3408 3789 est.

2008 3819 2215 3890 Corpus
2238 3827 2359 3875 crat
2390 3829 2636 3892 vegetum
2659 3823 2844 3878 nervis
2869 3830 2923 3877 et
2943 3822 3118 3879 ﬂexile
3144 3832 3336 3889 totum,

2009 3909 2077 3964 Et
2095 3909 2261 3967 facies
2288 3911 2451 3966 rutilo
2482 3913 2718 3983 fulgebat
2745 3922 2931 3969 sancta
2960 3916 3172 3970 decore.

2003 4002 2077 4072 Et
2105 4003 2248 4073 quod
2271 4003 2394 4074 jure
2424 4004 2598 4075 magis
2628 4005 2856 4059 multum
2887 4005 3137 4062 mirabile
3161 4007 3309 4063 dictu
3338 4015 3425 4063 est

2007 4095 2148 4151 Ante
2175 4096 2292 4152 dies
2315 4096 2507 4151 mortis
2531 4096 2690 4151 binos
2717 4097 2772 4151 in
2799 4112 3029 4167 corpore
3056 4098 3275 4163 vulnus,

2010 4185 2160 4255 Quod
2194 4187 2437 4243 medicus
2458 4186 2586 4244 fecit
2611 4187 2779 4242 nimio
2805 4196 3031 4259 cogente
3058 4189 3272 4254 timore,

2008 4277 2247 4348 Apparet
2269 4296 2481 4346 sanum,
2507 4281 2826 4336 tenuissima
2851 4282 2969 4337 visa
2998 4281 3248 4347 cicatrix,

2011 4368 2219 4427 Ulceris
2245 4372 2550 4429 obtendens
2578 4373 2778 4428 veteris
2801 4372 3028 4443 vestigia
3059 4382 3290 4427 tantum.

2011 4460 2190 4517 Vestis
2215 4460 2369 4529 item,
2399 4477 2585 4518 sacros
2611 4478 2733 4532 qua:
2761 4462 2898 4518 texit
2921 4463 3146 4534 virginis
3182 4471 3356 4529 artus,

2011 4550 2231 4620 Expulit
2252 4558 2492 4606 atrocem
2518 4551 2586 4607 de
2609 4552 2850 4608 obsessis
2876 4567 3018 4623 smpe
3043 4551 3382 4623 cbelydrum.

2010 4639 2121 4696 Nec
2145 4656 2251 4696 non
2278 4629 2462 4696 tumba
2482 4642 2652 4713 prior,
2686 4644 2858 4699 tenuit
2880 4660 3001 4714 qua:
3028 4644 3256 4716 virginis
3277 4644 3435 4699 alma:

2012 4731 2370 4789 Sacrosancta
2396 4734 2519 4789 sinu
2547 4736 2647 4791 sub
2674 4734 2838 4791 terris
2857 4736 3107 4792 membra
3129 4745 3377 4807 recepta,

2012 4825 2311 4881 Exstiterat
2339 4826 2523 4882 multis
2549 4834 2748 4897 optatae
2775 4843 2939 4884 causa
2965 4828 3178 4893 salutis,

2016 4916 2193 4985 Atque
2212 4916 2371 4987 aegris
2398 4916 2572 4973 oculis
2595 4926 2949 4988 prrestaverat
2976 4919 3091 4989 ipsa
3118 4918 3403 4974 medelam.

2012 5005 2175 5062 Istius
2199 5022 2329 5077 ergo
2353 5022 2525 5064 saera:
2552 5008 2847 5079 praedictus
2873 5009 3019 5065 Beda
3045 5010 3235 5080 puella:

2012 5098 2069 5153 In
2099 5099 2313 5155 laudem
2340 5099 2468 5157 fecit
2495 5100 2769 5172 praeclaris
2789 5103 3038 5158 versibus
3064 5103 3323 5175 hymnum
3347 5114 3395 5167 ο,

2012 5190 2352 5262 Quapropter
2379 5192 2531 5264 tetigi
2551 5193 2732 5264 parcis
2758 5193 2875 5249 bmc
2903 5209 3078 5264 pauca
3107 5194 3324 5259 libellis,

2017 5280 2088 5335 Ut
2107 5290 2231 5351 pote
2252 5296 2681 5338 commemorans
2704 5283 2906 5339 veteris
2932 5284 3221 5354 proverbia
3254 5282 3406 5349 dicti,

2021 5373 2102 5428 Tu
2127 5389 2193 5430 ne
2220 5374 2356 5430 forte
2385 5374 2528 5431 feras
2557 5375 2610 5429 in
2633 5376 2823 5431 silvam
2853 5376 3001 5448 ligna
3029 5377 3224 5433 viator.

3202 5486 3359 5542 Vcrs.
3400 5486 3525 5541 785.

2093 5608 2114 5635 ο
2160 5595 2622 5672 flynznutn._Beda
2653 5614 2771 5672 cap.
2802 5600 2881 5672 720
2911 5602 3067 5672 cujus
3114 5600 3376 5655 Alruinus
3422 5598 3598 5653 etiam

2018 5669 2345 5723 mentionem
2372 5669 2495 5724 facit
2520 5670 2572 5724 in
2599 5669 2752 5740 epist.
2794 5670 2910 5725 155.
