3866 6170
374 315 472 370 851

371 424 498 480 Plus
524 423 618 480 sed
646 437 828 478 amore
857 423 1044 492 vigens
1066 419 1262 488 conjux
1288 418 1361 473 ibi
1392 417 1506 472 sola
1536 417 1818 482 remansit,

375 516 547 583 Quam
577 515 802 569 nimium
833 513 1085 583 pavidam
1109 512 1326 566 rediens
1351 525 1381 562 a
1405 517 1579 563 morte
1603 509 1834 565 maritus

375 608 628 678 Creperat
647 608 876 671 hortari,
907 606 1131 674 reliquis
1158 602 1487 671 fugientibus
1515 601 1662 656 illinc
1688 619 1700 654 :

383 715 404 748 ι
437 697 566 763 Quae
593 696 723 750 mihi
749 697 853 750 fida
883 696 1015 749 satis
1042 707 1288 746 remanes
1315 706 1379 744 ex
1401 691 1667 752 omnibus,
1703 691 1898 759 inquit,

378 787 455 842 Te
483 802 630 858 rogo,
665 802 732 840 ne
762 794 969 841 metuas
995 799 1136 837 nunc
1160 798 1269 845 me,
1294 780 1602 834 dulcissima
1629 780 1846 850 conjux,

378 875 514 931 Viro
537 877 806 944 equidem,
833 892 959 930 vere
983 873 1192 927 surrexi
1229 888 1259 925 a
1285 880 1459 926 morte
1489 870 1768 937 remissus,

381 965 488 1021 Sed
510 968 638 1021 mihi
668 967 822 1035 longe
847 966 1002 1018 aliter
1037 978 1178 1016 nunc
1219 961 1387 1015 altera
1419 961 1528 1015 vita
1554 961 1825 1031 sequenda
1846 969 1951 1028 est,

380 1055 585 1111 Gaudia
613 1057 694 1110 vel
715 1056 872 1108 luxus
893 1068 1070 1107 meme
1099 1053 1356 1106 damnare
1385 1067 1610 1106 necesse
1631 1060 1736 1106 est.
1767 1071 1787 1105 ι

380 1142 491 1197 Nec
523 1156 688 1204 mora,
723 1141 926 1194 divitiis
955 1153 1078 1192 mox
1100 1138 1349 1192 omnibus
1378 1136 1465 1190 ille
1491 1137 1720 1204 relictis,

378 1231 508 1287 Jura
537 1230 850 1284 monasterii
879 1229 1070 1283 devoto
1095 1237 1178 1283 est
1204 1227 1364 1281 corde
1385 1234 1600 1281 secutus
1619 1266 1632 1290 ,

378 1321 553 1391 Atque
580 1321 652 1374 ibi
684 1329 794 1374 tam
814 1320 948 1374 duro
977 1318 1182 1373 domuit
1206 1319 1305 1373 sub
1332 1317 1570 1386 pondere
1595 1332 1815 1386 corpus,

381 1414 450 1469 Ut
476 1413 632 1468 facile
660 1429 728 1467 ex
755 1413 865 1466 vita
885 1419 1104 1480 possent
1129 1425 1454 1480 cognoscere
1474 1409 1675 1475 cuncti,

381 1505 511 1571 Qua:
539 1503 623 1557 vel
652 1511 849 1572 quanta
873 1503 1023 1571 prius
1052 1502 1242 1556 ductus
1269 1500 1334 1554 de
1360 1515 1589 1569 corpore
1611 1499 1801 1554 crevit.

383 1595 491 1648 Isto
522 1608 755 1664 namque
775 1595 935 1648 modo
963 1608 1083 1662 qua:
1119 1591 1253 1645 vidit
1287 1589 1430 1644 ferre
1461 1590 1685 1645 solebat.

391 1703 410 1735 ε
447 1683 768 1754 Splendidus
797 1723 812 1749 ,
841 1683 1034 1752 inquit,
1060 1689 1200 1746 erat,
1225 1681 1314 1750 qui
1337 1696 1423 1734 me
1449 1681 1513 1735 de
1533 1695 1760 1750 corpore
1783 1679 1954 1745 duxit,

382 1777 449 1831 Et
479 1785 668 1830 contra
693 1775 938 1830 aestivum
967 1773 1094 1828 solis
1119 1771 1480 1842 processimus
1506 1778 1706 1836 ortum,

382 1867 498 1932 Quo
527 1866 593 1920 ad
618 1865 780 1918 latam
801 1863 992 1919 vallem
1020 1862 1333 1918 devenimus
1358 1870 1521 1930 atque
1549 1859 1892 1931 profundam,

382 1953 546 2022 Cujus
576 1955 628 2008 in
659 1953 948 2024 oblongum
976 1960 1199 2006 extensa
1226 1959 1309 2006 est
1333 1952 1450 2005 sine
1471 1949 1576 2005 ﬁne
1601 1965 1825 2020 vorago,

384 2049 512 2116 Quae
532 2046 672 2101 latus
695 2044 1025 2099 horrendum
1050 2041 1280 2096 ﬂammis
1303 2041 1634 2097 ferventibus
1655 2050 1848 2106 urunt,

383 2138 562 2206 Atque
591 2133 731 2189 aliud
752 2134 935 2188 habuit
960 2133 1165 2204 glaciali
1195 2132 1456 2203 grandine
1483 2131 1731 2201 plenum;

386 2227 512 2282 Haec
535 2224 818 2280 animabus
838 2231 956 2279 erat
982 2224 1258 2278 hominum
1280 2223 1406 2277 hinc
1433 2222 1556 2276 inde
1581 2222 1802 2291 repleta,

384 2325 515 2393 Quae
538 2324 698 2379 nimis
723 2332 928 2379 exustae
956 2323 1084 2377 dum
1109 2321 1366 2376 ﬂammas
1393 2319 1535 2376 ferre
1561 2320 1873 2391 nequibant,

383 2416 624 2486 Frigoris
650 2416 703 2470 in
731 2415 967 2470 medium
995 2414 1197 2469 misere
1221 2429 1343 2467 mox
1373 2413 1745 2483 prosiliebant,

454 2509 610 2579 25],
642 2507 885 2574 Cumque
915 2506 988 2560 ibi
1016 2521 1115 2560 nec
1140 2512 1392 2576 poterant
1418 2505 1659 2573 requiem
1701 2505 1960 2574 reperire,

1607 2595 1869 2667 [vicissim

385 2676 834 2747 Flammivomum
861 2689 1050 2743 fientes
1081 2688 1278 2742 iterum
1303 2688 1614 2744 ferebantur
1644 2691 1697 2744 in
1725 2691 1924 2759 ignem.

386 2781 514 2835 Haec
538 2794 768 2835 cernens
791 2793 1004 2834 mecum
1024 2779 1346 2845 meditabar,
1377 2778 1520 2835 forte
1545 2781 1687 2849 quod
1707 2790 1852 2838 esset

385 2871 552 2927 Pmna
580 2868 880 2935 infernalis,
917 2885 1077 2940 quam
1106 2886 1248 2940 sazpe
1277 2870 1464 2925 audire
1492 2867 1748 2927 solebam.

386 2962 589 3017 Ductor
615 2966 672 3015 et
695 2958 785 3014 ille
807 2960 938 3014 mihi
965 2960 1247 3015 meditanti
1279 2960 1407 3014 talia
1433 2961 1604 3016 dixit:

385 3055 524 3121 Non,
548 3061 608 3109 ut
634 3051 749 3125 ipse
771 3060 945 3123 putas,
972 3053 1132 3108 isthic
1161 3051 1408 3108 infernus
1432 3053 1682 3108 habetur.

1184 307 1242 361 Β.
1285 308 1345 362 F.
1386 305 1610 361 ALBINI
1648 305 1778 361 SEU
1817 306 2093 363 ALCUINI
2127 306 2409 363 OPERUM
2446 304 2624 360 PARS
2661 303 2746 358 Vl.

1965 423 2014 480 Α
2039 417 2304 473 Prendere
2334 413 2660 484 forcipibus;
2691 428 2794 468 nec
2829 410 3248 480 meeontingere
3271 417 3478 466 tantum

3520 301 3616 357 832

2047 508 2164 563 Jam
2193 516 2462 578 poterant,
2493 503 2740 574 quamvis
2769 502 2998 557 multum
3019 510 3224 557 terrere
3247 501 3514 560 valerent.

2050 601 2199 657 Tunc
2222 616 2322 672 ego
2350 599 2634 655 conclusus
2663 597 2900 652 tenebris
2927 603 2984 651 et
3009 595 3077 650 ab
3115 597 3273 651 hoste
3299 605 3541 664 coactus,

2041 691 2421 760 Circumspexi
2449 688 2641 753 oculis,
2668 687 2870 756 aliquid
2897 687 2943 741 si
2973 686 3111 741 forte
3137 687 3349 742 veniret

2049 781 2270 844 Auxilii,
2303 795 2409 848 quo
2429 776 2544 845 jam
2572 777 2813 832 salvarer
2837 777 2905 831 ab
2935 777 3093 831 hoste
3119 784 3364 832 cruento.

2052 872 2204 926 Tunc
2225 869 2353 924 mihi
2375 875 2495 939 post
2522 877 2730 938 tergum
2753 867 2901 922 fulsit
2921 867 3075 936 quasi
3097 867 3253 922 stella
3273 883 3372 937 per
3390 870 3626 936 umbras,

2051 961 2181 1028 Qua:
2199 959 2370 1030 magis
2384 975 2700 1015 accrescens
2717 973 3120 1028 properansque
3139 957 3417 1029 fugaverat
3425 961 3627 1026 hostes,

2053 1053 2172 1108 Dux
2197 1057 2316 1106 erat
2342 1049 2429 1104 ille
2456 1065 2609 1105 mens
2635 1051 2859 1106 veniens
2885 1064 3008 1106 cum
3037 1050 3156 1106 luce
3185 1058 3428 1119 repente,

2053 1139 2216 1210 Cujus
2240 1140 2295 1194 in
2328 1140 2560 1194 adventu
2581 1139 2834 1211 fugerunt
2865 1141 3136 1195 demones
3159 1141 3284 1195 atri.

2056 1230 2194 1284 Hinc
2214 1229 2480 1284 convertit
2507 1229 2611 1284 iter
2633 1229 2935 1285 brumalem
2962 1229 3092 1284 solis
3116 1229 3184 1284 ad
3207 1237 3412 1298 ortum,

2057 1301 2322 1389 Noctique
2344 1327 2591 1388 ereptum
2619 1320 2818 1374 nitidas
2845 1334 2932 1374 me
2959 1319 3112 1374 duxit
3132 1321 3188 1374 in
3215 1335 3398 1376 auras.

2055 1414 2194 1468 Ante
2227 1413 2318 1469 ubi
2343 1428 2441 1469 nos
2466 1428 2654 1467 murus
2681 1413 2858 1468 subito
2885 1414 3188 1483 comparuit
3214 1414 3427 1485 ingens,

2057 1502 2160 1570 Qui
2188 1504 2304 1558 sine
2325 1503 2430 1558 fine
2450 1504 2534 1559 sui
2572 1503 2650 1558 sic
2676 1503 2825 1558 visus
2849 1503 3040 1574 longus
3064 1512 3120 1558 et
3144 1504 3306 1570 altus,

2057 1589 2245 1645 Nullus
2273 1600 2334 1646 ut
2353 1599 2580 1647 extenso
2608 1592 2884 1647 videretur
2911 1594 3175 1649 terminus
3202 1595 3298 1650 illi.

2060 1680 2166 1736 Sed
2191 1696 2356 1751 prope
2382 1682 2508 1736 dum
2537 1682 2803 1747 venimus,
2825 1698 2954 1752 quo,
2977 1685 3123 1752 quali
3143 1687 3327 1741 nescio
3352 1696 3505 1744 certe

1987 1773 2034 1833 Β
2061 1773 2284 1839 Ordine,
2310 1790 2408 1829 nos
2435 1774 2634 1830 fuimus
2660 1783 2866 1831 stantes
2891 1777 2946 1830 in
2973 1777 3203 1834 culmine
3226 1780 3391 1836 muri.

2061 1865 2200 1919 Ecce
2233 1863 2306 1918 ibi
2331 1880 2552 1934 campus
2574 1873 2694 1919 erat
2718 1882 2946 1937 magnus
2969 1868 3366 1936 pulcherrimus
3387 1878 3568 1940 atque,

2059 1954 2223 2024 Cujus
2253 1962 2432 2010 tantus
2459 1965 2577 2010 erat
2603 1955 2894 2027 fragrantis
2918 1960 3060 2014 nitor
3087 1961 3287 2024 odoris,

2059 2042 2104 2095 A
2134 2058 2218 2096 me
2255 2041 2480 2098 fetorem
2510 2059 2635 2097 mox
2658 2052 2720 2098 ut
2753 2043 3044 2115 depelleret
3065 2063 3280 2102 omnem
3309 2067 3321 2101 :

2061 2133 2128 2186 Et
2151 2133 2238 2186 lux
2273 2141 2422 2188 tanta
2452 2150 2664 2189 sacrum
2688 2135 3001 2206 perfuderat
3033 2139 3268 2210 undique
3295 2155 3568 2210 campum.

2059 2220 2314 2278 Yinceret
2343 2235 2401 2278 ut
2428 2224 2602 2280 lucem
2639 2225 2766 2281 solis
2787 2227 2947 2282 simul
2977 2236 3138 2298 atque
3165 2230 3290 2285 diei.

2061 2316 2118 2370 In
2144 2317 2230 2371 his
2258 2333 2386 2387 ergo
2414 2318 2548 2372 locis
2574 2317 2722 2372 laetas
2751 2319 2994 2374 habitare
3015 2311 3269 2376 videbantv

2064 2405 2388 2460 Sanctorum
2414 2415 2643 2473 turmas,
2677 2406 2938 2479 sedesque
2970 2416 3153 2465 tenere
3179 2412 3386 2466 beatas.

2064 2498 2189 2552 llmc
2209 2514 2307 2567 ego
2333 2500 2673 2570 conSpiciens
2699 2516 2911 2556 mecum
2940 2501 3257 2569 meditabar,
3289 2521 3358 2560 an
3385 2515 3562 2562 essent

2062 2588 2250 2660 Regna
2277 2604 2509 2658 superna
2535 2589 2642 2659 poli
2669 2591 2880 2646 cunctis
2909 2593 3174 2660 promissa
3201 2595 3392 2650 beatis.

2065 2677 2192 2734 Haec
2220 2679 2353 2734 mihi
2379 2679 2616 2734 volventi
2642 2683 2924 2751 respondit
2951 2684 3159 2749 ductor,
3187 2694 3244 2740 et
3269 2686 3424 2740 infit:

2065 2767 2204 2835 Non,
2235 2769 2372 2824 sicut
2401 2772 2515 2840 ipse
2545 2779 2726 2841 putas,
2752 2772 2912 2828 isthic
2939 2781 3064 2828 sunt
3087 2790 3252 2845 regna
3276 2777 3543 2846 polorum.

2065 2859 2256 2931 Fulget
2281 2860 2334 2915 in
2359 2869 2483 2916 ante
2508 2877 2661 2917 novae
2686 2861 2861 2931 major
2886 2865 3018 2920 mihi
3049 2868 3220 2936 gratia
3246 2867 3404 2935 lucis,

2067 2949 2198 3016 Quae
2224 2949 2390 3004 nimio
2417 2959 2638 3021 superat
2664 2952 2838 3007 lucem
2864 2953 3067 3025 fulgore
3091 2957 3348 3025 priorem,

2065 3041 2204 3096 Nam
2232 3051 2359 3098 tunc
2385 3043 2475 3098 illa
2505 3044 2655 3113 prior
2677 3059 2805 3100 vere
2837 3047 3149 3101 tenuissima
3180 3049 3294 3103 visa
3316 3056 3416 3104 est.

385 3149 626 3218 Cumque
654 3147 771 3202 haec
793 3149 1105 3218 aSpicerem,
1147 3147 1400 3216 pavidum
1431 3162 1517 3201 me
1547 3146 1700 3200 duxit
1726 3143 1782 3200 in
1817 3155 1960 3201 ante.
1991 3133 2038 3196 (ἶ
2069 3133 2184 3187 Vox
2213 3150 2426 3205 quoque
2465 3145 2780 3190 cantantum
2801 3147 3023 3193 resonat
3050 3138 3361 3196 dulcissima
3394 3141 3609 3205 ibidem,

387 3241 537 3296 Tunc
565 3241 743 3297 subito
770 3241 881 3294 vidi
913 3239 1150 3295 tenebris
1172 3239 1286 3294 loca
1311 3249 1504 3294 cuncta
1535 3239 1752 3308 repleri,

383 3332 760 3399 lntrantesque
789 3331 907 3385 illas
936 3333 1170 3386 densata:
1197 3331 1371 3386 noctis
1397 3332 1576 3401 imago

385 3421 494 3475 Nos
523 3421 667 3474 circa
695 3421 954 3483 incubuit,
989 3435 1088 3474 nec
1117 3420 1407 3489 quidquam
1435 3435 1659 3475 cernere
1686 3428 1885 3490 praeter

386 3510 634 3565 Ductoris
655 3509 888 3579 speciem
918 3509 1068 3578 potui
1096 3517 1380 3578 vestesque
1408 3510 1660 3565 nitentes.

388 3601 456 3654 Et
489 3600 566 3654 sic
589 3600 818 3668 ingressi
845 3599 955 3654 sola
987 3599 1086 3654 sub
1115 3608 1270 3654 nocte
1294 3615 1391 3668 per
1417 3601 1658 3667 umbras,

388 3689 528 3743 Ecce
556 3697 777 3758 repente
798 3688 940 3760 globi
966 3687 1300 3743 ﬂammarum
1320 3690 1472 3745 valde
1495 3700 1757 3747 tetrarum

390 3781 561 3835 Sicuti
590 3780 655 3834 de
677 3788 839 3850 puteo
866 3787 1092 3851 surgunt
1121 3781 1424 3850 iterumque
1451 3782 1693 3838 residunt
1718 3801 1731 3848 ;

389 3869 540 3925 Tunc
572 3871 763 3924 aberat
791 3869 969 3924 subito
1005 3872 1196 3925 ductor
1225 3871 1476 3941 solusque
1503 3875 1762 3939 remansi,

385 3959 443 4012 In
475 3959 666 4013 mediis
692 3959 899 4029 positus
925 3961 1164 4029 trepidus
1189 3962 1537 4032 stupidusque
1567 3965 1822 4020 tenebris.

387 4049 627 4118 Cumque
651 4049 794 4120 globi
825 4049 1055 4104 flamma:
1083 4058 1328 4120 peterent
1352 4050 1480 4116 alta,
1507 4060 1668 4122 atque
1694 4054 1931 4110 vicissim

387 4137 618 4193 Motibus
649 4139 868 4194 alternis
901 4141 1214 4209 repetebant
1237 4141 1343 4195 ima
1372 4143 1634 4208 barathri,

387 4228 579 4284 Omnia
606 4227 942 4282 flammarum
970 4227 1179 4300 fastigia
1208 4245 1367 4286 cerno
1395 4233 1588 4302 repleri

389 4321 682 4393 Spiritibus
708 4321 987 4376 hominum
1016 4322 1248 4387 miseris,
1276 4324 1367 4390 qui
1390 4339 1539 4379 more
1560 4323 1754 4380 favilla:

390 4415 526 4470 Cum
561 4413 791 4469 flammis
819 4412 1021 4482 pariter
1049 4411 1396 4477 scandebant,
1426 4423 1588 4483 atque
1614 4417 1895 4484 cadebant,

385 4507 492 4561 Sed
520 4505 716 4560 nimius
746 4504 886 4558 fetor
911 4503 1020 4558 late
1043 4503 1160 4558 loca
1189 4511 1380 4557 cuncta
1411 4505 1668 4573 replebat.

388 4600 625 4671 Longius
652 4599 768 4653 haec
799 4611 1028 4652 cernens
1053 4596 1405 4651 circumstetit
1430 4596 1666 4667 undique
1703 4607 1891 4664 terror,

384 4690 457 4746 Ut
481 4698 603 4760 pote
632 4688 762 4758 quid
791 4687 1052 4751 facerem,
1080 4699 1291 4757 possem
1321 4701 1427 4756 quo
1452 4695 1660 4742 vertere
1685 4703 1928 4759 gressum

382 4780 610 4844 Inscius,
639 4787 733 4833 aut
758 4779 958 4833 misero
984 4779 1074 4848 qui
1102 4778 1223 4832 finis
1248 4778 1385 4833 forte
1419 4787 1680 4834 maneret.

381 4872 558 4928 Audio
598 4880 710 4926 tum
738 4873 916 4927 subito
954 4871 1190 4926 sonitum
1214 4879 1335 4941 post
1363 4879 1510 4941 terga
1535 4879 1862 4942 gementum,

389 4967 501 5024 Nec
526 4984 632 5022 non
667 4983 766 5023 ceu
792 4967 936 5037 vulgi
965 4973 1122 5036 capto
1152 4981 1312 5036 super
1338 4966 1491 5021 hoste
1516 4966 1876 5031 cachinnum;

384 5060 486 5129 Qui
510 5072 678 5129 prope
698 5057 824 5113 dum
848 5055 1071 5111 veniunt
1094 5055 1278 5109 hostes
1301 5070 1535 5125 agnosco
1561 5055 1845 5125 malignos,

380 5151 465 5206 Ad
492 5164 682 5220 poenas
705 5148 910 5202 animas
938 5145 1206 5200 ululantes
1230 5145 1466 5215 quinque
1508 5147 1806 5211 trahentes,

382 5235 517 5293 Cum
539 5237 735 5307 quibus
771 5236 825 5290 in
856 5235 1018 5291 medii
1043 5234 1375 5289 descendunt
1408 5235 1515 5289 ima
1545 5235 1806 5290 barathri.

381 5330 772 5384 Flammivomo
797 5343 829 5384 e
852 5336 1015 5398 puteo
1043 5327 1261 5397 quidam
1281 5326 1472 5382 deinde
1498 5325 1716 5396 maligni

383 5424 664 5478 Daemones
687 5423 999 5485 ascendunt,
1035 5421 1206 5476 oculis
1232 5418 1652 5481 ﬂammantibus,
1683 5425 1844 5487 atque

386 5514 468 5569 Me
492 5514 981 5582 circumsteterant,-
1009 5515 1255 5586 putidtun
1278 5514 1344 5569 dc
1368 5514 1588 5568 naribus
1617 5513 1794 5584 ignem

387 5603 599 5668 Oreque
625 5605 893 5672 spirantes
921 5606 1122 5676 ignitis,
1153 5619 1343 5672 meque
1375 5604 1646 5659 minantur

467 5709 619 5763 Vcrs.
661 5713 781 5765 9.1-7.

2071 3226 2139 3280 Et
2164 3243 2285 3281 cum
2310 3227 2430 3283 luce
2463 3228 2563 3282 fuit
2593 3229 2716 3284 miri
2753 3229 3047 3302 fragrantia
3073 3234 3277 3301 odoris,

2072 3317 2143 3373 Ut
2167 3318 2298 3372 mihi
2331 3328 2550 3389 propter
2569 3337 2688 3374 eam
2715 3323 3038 3392 parvissima
3061 3326 3233 3394 prima
3264 3335 3448 3396 putata
3477 3337 3574 3384 est.

2071 3408 2190 3474 Quo
2216 3424 2313 3462 nos
2337 3410 2461 3462 dum
2487 3409 2643 3464 laetus
2669 3427 2945 3482 sperarem
2975 3414 3192 3478 intrare,
3222 3427 3444 3486 repente

2073 3497 2322 3552 Substitit
2345 3498 2458 3568 ipse
2483 3515 2636 3554 meus
2660 3501 2852 3556 ductor
2873 3520 3224 3575 gressumque
3250 3515 3541 3579 retorquet,

2071 3590 2259 3660 Meque
2284 3592 2390 3655 via,
2421 3607 2517 3662 per
2553 3609 2714 3664 quam
2743 3612 2843 3652 nos
2868 3599 3133 3664 venimus,
3159 3601 3282 3656 inde
3310 3601 3537 3665 reduxit,

2071 3679 2440 3751 lntrantesque
2467 3685 2661 3739 iterum
2688 3689 2866 3758 campi
2891 3689 3007 3746 loca
3035 3692 3259 3761 pulchra
3285 3693 3503 3763 prioris,

2072 3773 2262 3827 Omnia
2295 3790 2414 3843 quae
2437 3777 2568 3843 vidi,
2600 3778 2646 3832 si
2667 3779 2863 3835 scirem
2883 3781 3042 3850 forte,
3071 3785 3337 3854 requirit:

2072 3864 2263 3920 Nescio
2285 3867 2373 3920 cui
2394 3867 2530 3934 dixi,
2558 3871 2849 3941 statimque
2872 3873 2986 3930 hare
3016 3875 3220 3932 addidit
3243 3877 3329 3933 ille
3355 3896 3368 3932 :

2072 3958 2263 4013 Vidisti
2287 3959 2478 4014 vallem
2501 3960 2729 4019 flammis
2753 3973 2810 4020 et
2834 3965 3034 4037 frigore
3062 3969 3297 4038 plenam,

2069 4048 2128 4103 In
2158 4066 2260 4120 qua
2286 4067 2429 4108 nunc
2453 4053 2646 4108 animae
2671 4049 2849 4124 panis
2873 4068 3175 4130 purgantur
3196 4062 3426 4128 acerbis,

2070 4141 2150 4198 Ac
2170 4142 2394 4199 redeunt
2421 4145 2616 4200 iterum
2636 4155 2879 4217 purgata:
2908 4150 2976 4204 ad
2997 4153 3217 4219 prmmia
3244 4153 3389 4209 vitae.

2070 4233 2139 4286 At
2161 4250 2288 4291 vero
2312 4243 2505 4305 puteus
2532 4239 2778 4307 putidum
2801 4241 2894 4309 qui
2925 4251 3174 4298 eructuat
3200 4245 3402 4315 ignem,

2071 4325 2166 4379 Est
2188 4340 2249 4381 os
2275 4325 2491 4394 inferni,
2517 4330 2686 4384 ruerit
2709 4345 2835 4385 nam
2863 4333 3108 4402 quisquis
3137 4335 3191 4388 in
3220 4335 3371 4390 illum

2071 4414 2233 4470 Forte
2260 4426 2449 4484 semet,
2477 4434 2748 4489 nunquam
2778 4430 2899 4492 post
2931 4425 3046 4478 haec
3070 4425 3366 4480 salvabitur
3394 4425 3529 4480 inde.

1993 4483 2046 4541 Β
2072 4511 2313 4583 Floriger
2335 4512 2434 4567 iste
2457 4483 2626 4578 locus,
2651 4483 2812 4584 quem
2827 4518 3064 4586 possidet
3086 4519 3206 4574 alba
3227 4518 3497 4586 juventus,

2071 4600 2168 4655 Est
2199 4601 2413 4670 requies
2435 4602 2488 4656 in
2511 4618 2618 4673 qua
2644 4614 2891 4674 spectant
2911 4607 3149 4662 coelestia
3177 4623 3362 4677 regna,

2068 4692 2170 4759 Qui
2181 4693 2319 4747 bona
2332 4703 2634 4764 gesserunt,
2653 4699 2900 4766 quamvis
2914 4713 2978 4752 ex
2994 4706 3146 4768 parte
3163 4700 3363 4764 minus,
3377 4715 3529 4769 quam

2067 4781 2304 4837 Postulat.
2329 4783 2471 4838 alma
2495 4784 2659 4842 fides:
2686 4803 2812 4842 nam
2823 4789 2916 4857 qui
2941 4788 3212 4858 perfectus
3225 4792 3420 4861 ubique
3431 4797 3526 4854 est,

2066 4871 2137 4928 Ut
2161 4873 2408 4940 moritur,
2439 4877 2620 4930 statim
2643 4877 2765 4933 εαξη
2789 4880 3095 4948 penetrabit
3119 4880 3175 4933 in
3197 4880 3399 4936 aulam.

2071 4963 2306 5018 Pertinet
2332 4966 2400 5020 ad
2422 4967 2576 5036 cujus
2599 4968 2794 5023 vicinia
2820 4968 3052 5040 fulgidus
3072 4970 3162 5026 ille

2071 5051 2213 5107 Luce
2232 5053 2382 5110 locus
2407 5056 2595 5125 nimia,
2621 5058 2742 5113 miri
2771 5073 2984 5129 quoque
3011 5060 3203 5129 plenus
3227 5062 3428 5126 odoris,

2071 5144 2146 5198 De
2168 5160 2275 5214 quo
2297 5155 2608 5202 cantantum
2630 5149 2951 5205 suavissima
2969 5166 3074 5206 vox
3096 5153 3403 5208 resonabat.

2073 5235 2151 5290 Tu
2179 5238 2306 5305 quia
2330 5254 2472 5293 nunc
2493 5241 2684 5294 iterum
2707 5242 2870 5296 debes
2890 5257 3169 5298 assumere
3189 5260 3404 5314 corpus,

2072 5323 2249 5394 Atque
2274 5327 2517 5383 homines
2549 5330 2708 5395 inter,
2737 5331 2996 5385 moritura
3016 5334 3199 5390 vivere
3221 5335 3349 5400 vita,

2073 5417 2314 5488 Corrige,
2343 5435 2542 5488 quaeso,
2567 5431 2687 5476 tuos
2716 5439 2896 5479 mores
2923 5433 2980 5479 et
3004 5427 3169 5481 verba
3190 5425 3274 5481 vel
3292 5435 3464 5490 actus,

2076 5507 2145 5561 Ut
2169 5515 2256 5562 tua
2283 5510 2337 5563 in
2358 5511 2442 5565 his
2463 5521 2645 5566 sancta
2670 5522 2950 5582 reputetur
2975 5517 3184 5572 mansio
3208 5518 3419 5572 turmis.

2074 5595 2198 5652 Haec
2225 5598 2315 5653 ubi
2345 5599 2577 5666 dicebat,
2605 5605 2872 5670 quomodo
2899 5607 2991 5662 sed
3019 5607 3156 5662 scire
3177 5608 3412 5676 nequivi,

3226 5719 3373 5774 Vet‘s.
3418 5715 3559 5772 1005.
