3866 6170
189 307 299 359 855

188 417 440 472 Indutum
471 409 689 482 proprio
710 409 892 462 statim
917 425 1002 464 me
1023 425 1248 478 corpore
1271 408 1397 463 vidi.
1424 428 1443 459 ι

259 506 366 561 Nec
401 518 536 573 gens
560 500 834 554 clarorum
877 501 1111 570 genitrix
1140 500 1256 554 haec
1299 506 1482 553 nostra
1514 497 1774 562 virorum,

188 596 336 663 Quos
359 592 568 664 genuit,
598 589 697 644 soli
719 589 937 643 sibimet
967 598 1096 643 tunc
1120 588 1236 658 ipsa
1267 587 1485 642 tenebat

185 691 333 745 Intra
363 686 504 741 forte
533 683 618 738 sui
648 681 977 739 concludens
1005 681 1215 734 viscera
1238 680 1413 749 regni,

188 780 295 835 Sed
319 776 506 848 procul
539 791 606 830 ex
641 773 748 827 illis
778 772 978 826 multos
1012 779 1157 825 trans
1185 786 1403 841 mquora
1437 769 1602 832 misit,

187 871 454 927 Gentibus
479 875 537 921 ut
559 865 784 934 reliquis
809 861 1131 933 praeferrent
1160 861 1366 917 semina
1397 862 1540 916 vitae.

187 963 229 1020 E
255 961 454 1031 quibus
483 958 572 1012 ille
601 955 705 1010 fuit
728 956 903 1009 dictus
932 953 1251 1025 cognomine
1277 951 1510 1008 Sanctus

191 1053 355 1124 252
395 1050 633 1120 Egberet
655 1059 680 1087 ε
711 1046 959 1109 antistes,
988 1045 1178 1116 primis
1197 1045 1373 1100 :etatis
1402 1045 1455 1098 in
1483 1044 1640 1098 annis

188 1144 287 1212 Qui
315 1143 552 1211 liquerat
570 1137 806 1209 patriam
826 1137 1016 1206 patriae
1047 1136 1286 1191 caelestis
1309 1151 1516 1202 amore,

189 1237 252 1290 Et
279 1233 568 1305 peregrina
592 1238 781 1301 petens
811 1228 988 1283 Scotis
1008 1226 1120 1296 jam
1154 1228 1388 1282 maxima
1411 1227 1536 1281 vitae

190 1325 343 1379 Tunc
378 1321 626 1392 exempla
655 1321 814 1374 dabat
839 1317 1101 1372 doctrina:
1123 1317 1368 1386 lampade
1395 1315 1619 1387 fulgens,

186 1415 413 1470 Actibus
434 1413 740 1475 instituens,
766 1410 948 1464 verbis
975 1423 1323 1478 quoscunque
1349 1408 1594 1473 docebat,

187 1507 524 1578 Pauperibus
551 1505 752 1574 largus,
793 1503 1010 1558 sibimet
1030 1503 1123 1557 sed
1153 1517 1366 1571 semper
1392 1516 1610 1571 egenus.

189 1597 280 1653 Sic
307 1599 484 1652 bonus
510 1594 738 1665 egregia:
764 1593 918 1647 duxit
946 1593 1312 1648 moderamina
1351 1590 1492 1656 vitae,

191 1691 380 1760 Usque
405 1691 546 1745 diem
575 1690 764 1744 mortis
784 1688 928 1742 clara
954 1688 1153 1758 pietate
1181 1702 1489 1742 coruscans.

187 1782 286 1837 Cui
318 1781 498 1836 fuerat
527 1780 703 1835 socius
731 1779 943 1833 meritis
970 1786 1025 1831 et
1053 1777 1294 1832 moribus
1321 1784 1494 1846 aptus,

186 1875 254 1929 Et
287 1888 476 1928 comes
497 1872 668 1927 exsilii
697 1870 908 1926 Wibert
939 1870 968 1909 ι)
993 1868 1284 1939 praeclarus
1314 1868 1367 1921 in
1395 1865 1541 1922 omni

187 1967 495 2037 Belligione
521 1966 670 2032 satis,
701 1965 795 2020 sed
823 1971 945 2035 post
968 1964 1171 2017 divisus
1199 1962 1266 2015 ab
1301 1961 1394 2015 illo

188 2055 515 2110 Theoricam
543 2054 688 2109 solus
714 2054 881 2107 vitam
904 2052 1180 2107 districtus
1202 2048 1410 2120 agebat.

186 2150 316 2204 Inde
343 2163 457 2203 sure
484 2148 658 2218 gentis
688 2145 971 2201 monachis
998 2142 1301 2198 construxit
1327 2140 1469 2195 ovile

189 2241 503 2312 Egregium,
539 2240 662 2293 vitae
687 2238 896 2293 meritis
922 2244 975 2292 et
1013 2235 1255 2290 moribus
1287 2232 1414 2286 illud

189 2335 481 2388 Exornans
513 2331 702 2385 ovibus
732 2327 934 2383 Christi
967 2325 1238 2380 studiosus
1263 2320 1485 2385 alendis,

190 2427 306 2495 Ipse
328 2440 430 2494 per
454 2429 739 2492 angustam
766 2433 900 2488 quas
929 2424 1080 2471 recto
1102 2413 1317 2468 tramite
1338 2410 1526 2466 callem

192 2518 357 2572 Duxit
391 2517 459 2570 ad
481 2513 702 2568 aetherei
729 2512 952 2565 devotus
979 2521 1176 2578 pascua
1203 2503 1372 2574 regni.

191 2607 402 2664 Claruit
431 2605 633 2659 idcirco
660 2602 849 2673 signis,
873 2607 927 2655 et
951 2613 1100 2654 more
1124 2595 1419 2666 prophetm,

191 2701 357 2756 Multa
383 2698 564 2751 futura
586 2696 772 2751 videns
799 2694 997 2748 mansit
1029 2689 1321 2760 praeclarus
1359 2687 1579 2756 ubique.

191 2791 387 2846 Postea
419 2787 655 2862 cmlestis
683 2785 986 2854 penetravit
1016 2781 1209 2854 gaudia
1237 2779 1378 2833 vitae.

249 2881 356 2934 Ast
393 2877 486 2932 alii
525 2877 731 2932 ratibus
756 2876 898 2930 vecti
922 2883 1073 2928 trans
1097 2886 1281 2941 aequor
1305 2869 1477 2924 Eoum

191 2969 471 3042 Paganum
497 2969 699 3038 petiere
727 2966 924 3031 solum,
954 2979 1061 3034 qua
1087 2962 1254 3018 verba
1281 2959 1472 3015 salutis

194 3061 472 3132 Spargere
494 3059 772 3114 tentabant
801 3059 856 3112 in
885 3055 1118 3127 agrestia
1142 3053 1305 3108 corda
1333 3050 1581 3106 serendo.

194 3153 262 3209 Ut
290 3153 398 3207 fuit
424 3151 671 3222 egregius
696 3149 1040 3204 Wilbrordus
1065 3146 1350 3215 episcopus
1375 3153 1396 3181 ε
1439 3141 1548 3202 ille,

193 3243 441 3299 Plurima
475 3241 566 3312 qui
592 3239 770 3311 populi
801 3237 1101 3294 Fresonum
1129 3234 1299 3290 millia
1326 3232 1546 3288 Christo

194 3339 218 3379 ά
246 3339 522 3394 Lucralus
546 3333 767 3390 monitis
788 3331 965 3387 fuerat
988 3327 1314 3392 caelestibus,
1343 3333 1505 3395 atque

195 3428 514 3486 Pontificale
540 3427 705 3483 decus
732 3424 917 3480 multis
951 3422 1165 3479 ornavit
1193 3422 1248 3476 in
1276 3421 1456 3482 annis,

198 3522 578 3589 Ecclesiasque
609 3517 719 3573 Deo
741 3516 924 3587 plures
957 3513 1262 3570 construxit
1287 3511 1508 3576 ibidem,

198 3613 555 3682 Presbyteros
582 3611 633 3664 in
664 3609 744 3664 eis
767 3615 1030 3673 statuens,
1052 3605 1307 3672 verbique
1333 3602 1630 3664 ministros,

198 3706 392 3761 Omnia
421 3702 704 3773 perﬁciens
752 3698 879 3753 felix
906 3699 959 3752 in
984 3711 1118 3768 pace
1147 3695 1367 3766 quievit.

197 3802 351 3857 Illius
375 3815 504 3854 ecce
527 3797 632 3853 duo
659 3795 876 3850 fuerant
899 3789 1146 3858 exempla
1181 3787 1351 3844 secuti

197 3891 538 3963 Presbyteri,
567 3889 735 3944 nimio
765 3885 978 3942 accensi
1007 3883 1220 3937 fervore
1243 3879 1368 3935 ﬁdei
1393 3898 1410 3944 ;

199 3983 451 4038 Nominis
483 3982 644 4036 unius
668 3975 985 4033 ﬂerwaldus
1016 3985 1038 4012 ο
1062 3981 1289 4041 uterque
1315 3976 1559 4024 vocatus.

197 4077 312 4131 Par
333 4089 469 4145 opus
497 4070 758 4127 ambobus
783 4067 908 4122 vita:
934 4065 1028 4121 sed
1049 4073 1103 4118 et
1129 4064 1308 4118 exitus
1334 4075 1494 4115 unus.

196 4169 375 4222 Albus
401 4164 509 4228 hic,
541 4162 627 4216 ille
649 4160 826 4232 niger,
853 4156 1104 4213 distantia
1121 4153 1233 4208 sola
1259 4149 1503 4222 capillis;

197 4258 272 4311 At
315 4256 468 4325 niger
491 4254 545 4307 in
583 4251 737 4306 libris
761 4249 938 4304 fuerat
972 4244 1266 4301 studiosior
1293 4242 1432 4297 albo.

197 4349 351 4417 Ergo
373 4346 428 4400 hi
457 4343 728 4398 Saronum
755 4354 979 4412 paganze
1009 4336 1241 4406 compita
1269 4334 1442 4404 plebis

198 4439 510 4501 Intrabant,
541 4434 750 4504 aliquos
780 4432 824 4486 si
852 4431 1069 4486 Christo
1097 4427 1379 4498 acquirere
1405 4433 1663 4495 possent;

202 4531 318 4586 Sed
345 4530 476 4584 dum
499 4525 638 4581 forte
667 4539 835 4580 novos
856 4537 1036 4579 mores
1062 4519 1382 4588 habitusque
1412 4517 1535 4573 fidei

201 4625 527 4696 Agnoscunt
550 4617 754 4685 miseri,
780 4624 1026 4673 metuunt
1046 4629 1114 4670 ne
1143 4613 1383 4668 funditus
1409 4611 1584 4667 omnis

203 4714 330 4770 Jam
359 4715 576 4769 caderet
598 4712 760 4767 citius
789 4717 1030 4763 veterum
1058 4705 1265 4761 cultura
1300 4703 1545 4758 deorum.

205 4806 323 4862 Hos
340 4807 524 4861 subito
549 4812 730 4875 raptos
755 4800 957 4857 crudeli
977 4807 1151 4854 morte
1176 4803 1439 4853 necarunt
1461 4813 1474 4848 :

205 4899 410 4954 Album
439 4895 535 4951 sed
557 4894 828 4950 trucidant
846 4891 1028 4947 statim
1054 4903 1311 4944 mucrone
1335 4892 1579 4948 cruento,

209 4990 399 5060 Longa
425 4987 520 5043 sed
540 4987 834 5056 exquirunt
861 4985 995 5038 duro
1019 4985 1283 5036 tormenta
1313 4974 1528 5043 nigello,

209 5081 394 5151 Atque
419 5085 818 5149 peremptorum
845 5074 1018 5129 Rheni
1055 5072 1154 5127 sub
1181 5069 1416 5124 fluminis
1435 5066 1604 5146 undas

289 5195 448 5250 Vers.
489 5192 652 5251 1057.

292 5323 318 5350 ι
350 5309 409 5364 S.
437 5309 709 5379 Egbertus
729 5303 1026 5379 ep.__Beda,
1057 5300 1178 5379 libr.
1223 5309 1439 5379 vkncap.
1473 5291 1797 5379 IOHetcap.

215 5381 311 5434 25.
349 5365 662 5434 Vidvetiam
694 5365 1057 5430 Miibillonium
1083 5371 1203 5424 Act.
1238 5365 1336 5421 SS.
1388 5378 1512 5417 saec.
1540 5377 1624 5427 ιιι,
1658 5368 1799 5430 part.

218 5469 261 5514 ιν
291 5467 413 5521 988-
441 5449 546 5505 487
573 5457 628 5504 et
653 5463 804 5521 δίψει·
836 5446 910 5521 ηιξ
936 5442 997 5521 3-.
1020 5442 1332 5521 Εειιβτιρέῖι
1355 5434 1804 5521 Ἒίοέςιξξιιξιετξτ

220 5500 427 5574 ίῖοῗιῖἷιι
451 5500 673 5590 quoque
689 5500 819 5572 facit
849 5500 1106 5570 Alcuiuuvs
1135 5511 1191 5563 in
1221 5507 1344 5562 Vita
1383 5504 1440 5560 S.
1471 5500 1804 5557 Willibrordi

218 5591 573 5724 ωῇνῖίὶὺενε,
607 5659 771 5732 [επ-ις
789 5657 1037 5732 ῑῩξρὸερ.
1069 5645 1553 5732 Υξρ.“Βθςξίι,Δ1ἰξ)ῐδ.
1581 5661 1652 5732 v,
1664 5641 1802 5732 Hist.

225 5747 346 5802 cap.
385 5732 469 5798 10,
499 5718 570 5785 ρι’
598 5729 795 5784 Mabill.
827 5728 947 5782 Vita
978 5726 1035 5779 S.
1085 5719 1346 5792 Wigberti
1391 5718 1509 5770 Act.
1553 5731 1676 5771 saec.
1722 5729 1802 5778 Ill,

1817 4461 1870 4522 Ι)

931 295 1255 351 CARMINA.
1295 325 1363 334 —-
1393 295 1480 347 DE
1519 291 1790 349 PONTIF.
1831 291 1918 346 ET
1961 290 2060 345 SS.
2103 289 2301 345 ECCL.
2347 286 2639 345 EBORAC.
3359 290 3465 346 ετδι

1791 412 1839 469 Α
1868 404 2104 474 Corpora
2133 403 2442 474 projiciunt,
2471 416 2589 470 qum
2617 401 2711 455 sed
2737 415 2858 455 mox
2891 399 3080 454 ordine
3107 400 3244 454 miro

1879 493 2077 548 Contra
2112 491 2429 563 praevalidos
2453 490 2763 545 ferebantur
2790 488 3026 543 ﬂuminis
3053 489 3210 553 ictus,

1879 582 2042 636 Millia
2066 591 2120 636 et
2148 597 2320 651 usque
2348 596 2476 635 suos
2500 580 2677 635 socios
2701 580 2918 635 undana
2944 580 3218 634 natabant.

1877 671 1977 726 Ast
2010 687 2330 741 quocunque
2353 671 2472 724 loco
2495 670 2785 725 veniebant
2811 685 3041 741 corpora
3070 678 3248 735 nocte,

1880 762 2145 816 Maximus
2174 762 2302 815 hinc
2328 761 2462 815 lucis
2491 759 2675 814 radius
2705 775 2868 830 super
2905 767 3052 815 astra
3081 758 3312 814 refulsit.

1878 853 2087 908 Lumen
2108 859 2162 907 et
2199 852 2302 906 hoc
2323 851 2418 918 illi,
2450 851 2543 920 qui
2569 859 2788 906 sanctos
2812 859 2938 906 ante
2967 851 3253 916 necabam,

1877 948 2162 1017 Aspiciunt
2185 946 2333 1001 omni
2360 962 2576 1016 semper
2604 944 2906 1016 fulgescere
2933 954 3108 1001 nocte.

1877 1037 2030 1092 Alter
2057 1039 2124 1093 ab
2147 1038 2234 1093 his
2264 1045 2428 1092 noctu
2451 1037 2720 1091 sociorum
2745 1036 2895 1091 visus
2921 1044 2978 1089 at
3001 1036 3094 1090 uni
3122 1043 3226 1104 est,

1879 1132 2136 1203 Corpora,
2168 1133 2254 1186 cui
2291 1131 2449 1196 dixit,
2481 1131 2664 1186 statim
2696 1130 2940 1199 reperire
2966 1130 3195 1199 potestis

1878 1221 2096 1290 Nostra,
2123 1223 2213 1278 ubi
2238 1223 2304 1277 de
2330 1221 2482 1277 cmlis
2505 1221 2682 1276 lucem
2711 1221 2926 1274 radiare
2957 1219 3182 1274 videtis.

1879 1317 2031 1371 Visio
2052 1326 2179 1371 tunc
2205 1316 2381 1370 socios
2409 1314 2530 1369 talis
2555 1329 2656 1368 nec
2680 1313 2770 1368 illa
2800 1311 3005 1380 fefellit,

1879 1407 2118 1477 Corpora
2146 1422 2378 1477 namque
2403 1405 2536 1460 locis
2568 1405 2647 1459 sic
2676 1411 2803 1459 sunt
2830 1403 3050 1458 inventa
3077 1402 3176 1458 sub
3206 1401 3397 1468 isdem,

1880 1501 2308 1573 Martyribusque
2326 1500 2430 1570 piis
2451 1499 2612 1568 digno
2636 1496 2938 1552 conduntur
2963 1495 3186 1548 honore.

1948 1591 2048 1646 Ast
2073 1591 2162 1644 alii
2195 1600 2359 1660 atque
2390 1589 2481 1642 alii
2504 1586 2728 1657 praefata
2759 1602 2822 1639 ex
2853 1594 3010 1655 gente
3036 1583 3270 1638 ministri

1881 1684 2158 1741 Sermonis
2178 1683 2392 1737 fuerant
2416 1681 2527 1736 illis
2565 1680 2618 1733 in
2642 1677 2884 1748 partibus
2912 1676 3080 1731 orbis.

1806 1758 1856 1821 Β
1882 1779 1925 1833 Ε
1955 1777 2151 1848 quibus
2176 1774 2376 1846 egregii
2408 1772 2667 1827 Sa’ilbert
2698 1770 2929 1839 Viraque
2957 1767 3210 1822 sacerdos

1884 1869 2239 1939 Temporibus
2267 1865 2465 1919 fulsere
2494 1862 2629 1928 suis,
2662 1860 2753 1932 qui
2778 1857 3010 1916 culmine
3044 1858 3179 1912 clari

1883 1965 2157 2021 Virtutum
2189 1961 2419 2026 fuerant,
2454 1967 2640 2011 nostro
2668 1971 2804 2025 quos
2826 1954 3065 2010 carmine
3091 1959 3316 2007 cunctos

1884 2055 2127 2124 Tangere
2153 2067 2259 2105 non
2295 2047 2474 2102 libuit.
2503 2045 2655 2099 Nunc
2679 2056 2913 2113 namque
2937 2050 3210 2096 revertere
3232 2040 3434 2094 Musam

1883 2145 2045 2201 Urbis
2079 2143 2144 2197 ad
2174 2140 2454 2195 Euboricae
2481 2137 2562 2190 fas
2587 2142 2689 2201 est,
2717 2133 2905 2204 procul
2934 2132 3075 2186 unde
3105 2130 3352 2195 recessit,

1881 2239 2172 2297 Pontiﬁces
2202 2249 2442 2291 summos
2469 2250 2483 2298 ;
2515 2231 2820 2298 seriemque
2848 2225 3151 2295 relinquere
3179 2239 3389 2293 regum,

1884 2333 1984 2401 Qui
2013 2338 2132 2401 post
2161 2326 2464 2382 Aldfridum
2499 2323 2519 2361 τ
2551 2321 2829 2376 variarunt
2859 2325 3098 2385 tempora
3131 2314 3302 2384 regni,

1881 2421 2111 2492 Imperio
2134 2418 2377 2472 functum
2407 2413 2562 2469 denis
2591 2408 2751 2466 simul
2780 2415 2940 2476 atque
2966 2403 3191 2459 novenis

1883 2514 2117 2570 Orbibus
2144 2522 2431 2571 annorum,
2461 2505 2553 2575 qui
2580 2508 2703 2574 post
2732 2500 2831 2555 sub
2858 2506 3102 2568 tempore
3129 2495 3280 2566 pacis

1881 2603 2171 2675 Appositus
2201 2595 2446 2670 patribus
2481 2608 2733 2664 suprema
2763 2599 2910 2645 sorte
2939 2587 3162 2657 quievit.

1951 2695 2159 2749 Interea
2186 2691 2322 2744 Bosa
2351 2685 2527 2741 felicia
2556 2697 2724 2754 regna
2757 2687 2976 2750 petente

1882 2785 2091 2854 Accipit
2117 2780 2373 2837 Ecclesia
2399 2777 2639 2847 regimen
2670 2773 3003 2828 clarissimus
3029 2769 3118 2825 ille

1885 2881 1980 2935 Vir
2007 2880 2224 2949 pietate,
2257 2874 2382 2940 fide,
2412 2869 2619 2926 meritis
2647 2875 2700 2924 et
2724 2875 2904 2922 mente
2933 2864 3193 2932 Joannes,

1882 2967 2211 3026 Pontificalis
2239 2980 2396 3036 apex,
2427 2962 2728 3032 priscorum
2761 2956 2991 3012 formula
3019 2955 3261 3010 Patrum.

1887 3059 2136 3116 Flumina
2175 3055 2433 3112 doctrina:
2463 3051 2694 3105 fundens
2722 3062 2752 3103 e
2781 3055 3001 3117 pectore
3024 3060 3184 3115 puro,

1812 3109 1856 3174 Ο
1890 3153 1932 3206 Ε
1955 3150 2149 3220 quibus
2175 3147 2378 3200 intente
2403 3139 2609 3196 vivacia
2634 3109 3045 3209 prata-rigavit;

1888 3246 2057 3312 Quem
2088 3239 2305 3295 virtutis
2333 3236 2507 3291 honor
2537 3231 2710 3303 signis
2749 3228 3041 3284 comitatur
3071 3223 3296 3297 apertis,

1888 3338 2130 3406 Quorum
2156 3343 2328 3402 pauca
2355 3327 2489 3381 libet
2517 3321 2718 3378 nostris
2745 3331 3050 3375 memorare
3088 3312 3349 3371 camenis.

1893 3404 1930 3466 ³-
1946 3422 2085 3477 Dum
2113 3418 2274 3474 Pater
2309 3416 2424 3485 ipse
2446 3413 2567 3484 pius
2593 3409 2796 3479 jejunia
2821 3413 3008 3463 sancta
3032 3404 3274 3476 gerebat,

1890 3513 2118 3570 Parvula
2142 3521 2292 3583 septa
2318 3509 2451 3564 viris
2480 3507 2674 3578 repetit
2706 3504 2996 3561 comitatus
3015 3500 3289 3564 honestis;

1889 3605 2079 3662 Posset
2100 3614 2158 3662 ut
2185 3605 2448 3659 aethereos
2473 3601 2654 3655 animo
2685 3598 2977 3666 decerpere
3002 3592 3185 3659 ﬂores,

1891 3700 1960 3754 Et
1987 3697 2214 3752 Domino
2240 3693 2471 3765 propria:
2498 3693 2740 3747 decimas
2765 3687 3073 3758 persolvere
3093 3686 3238 3749 vitae,

1892 3791 1936 3846 E
1961 3789 2113 3859 queis
2141 3787 2355 3840 divitias
2381 3783 2516 3839 cozlo
2547 3781 2811 3852 reperiret
2831 3781 3056 3848 opimas.

1891 3881 2105 3936 Intrans
2134 3891 2263 3947 ergo
2291 3874 2468 3928 locum
2497 3870 2760 3926 districtis
2792 3869 2979 3922 usibus
3010 3873 3215 3934 aptum,

1895 3973 2045 4028 Tunc
2072 3972 2258 4038 inopes
2278 3965 2437 4037 jussit
2459 3978 2555 4033 per
2579 3960 2821 4031 proxima
2845 3956 3080 4025 compita
3109 3951 3301 4024 quaeri,

1892 4063 1999 4119 Per
2025 4076 2084 4115 se
2111 4057 2438 4129 pauperibus
2461 4053 2659 4107 victum
2684 4056 2744 4104 ut
2769 4046 3003 4104 deferret
3024 4043 3228 4116 egenis.

1893 4154 2045 4210 Tunc
2067 4167 2211 4222 aeger
2234 4147 2444 4218 juvenis
2476 4150 2764 4211 mutasque
2808 4138 3092 4193 adducitur
3119 4135 3217 4200 illi,

1893 4245 2148 4300 Promere
2174 4239 2266 4310 qui
2294 4236 2456 4292 nullis
2477 4239 2689 4305 poterat
2709 4229 2821 4299 jam
2841 4227 3006 4284 verba
3030 4225 3276 4296 loquelis,

1896 4334 1994 4391 Cui
2016 4339 2179 4403 caput
2205 4325 2451 4384 horribili
2474 4324 2650 4379 fuerat
2672 4320 2976 4391 scabrigine
2999 4325 3223 4383 tectum,

1894 4425 1963 4480 Et
1988 4439 2088 4494 pro
2116 4422 2265 4476 crine
2287 4418 2426 4475 cutis
2450 4414 2677 4471 maculis
2703 4412 2897 4468 vestita
2925 4409 3206 4474 remansit,

1897 4515 2033 4570 Huic
2057 4513 2177 4586 pius
2201 4511 2424 4566 antistes
2449 4507 2689 4564 casulam
2717 4503 2982 4572 congessit
3012 4515 3198 4572 egeno,

1896 4609 1954 4664 In
1978 4623 2083 4678 qua
2105 4605 2404 4676 susciperet
2433 4602 2625 4671 stipem
2652 4597 2818 4652 miser
2843 4595 2932 4649 illo
2955 4601 3188 4648 suetam.

1898 4701 2134 4770 Postque
2161 4699 2275 4753 dies
2299 4703 2504 4765 septem
2532 4689 2792 4745 transacti
2817 4684 3072 4756 temporis
3095 4682 3246 4737 illum

1893 4791 2141 4847 Jusserat
2162 4786 2375 4851 adduci,
2401 4791 2711 4850 motamque
2738 4779 3022 4833 ostendere
3045 4775 3313 4846 linguam;

1898 4885 1997 4941 Cui
2023 4883 2200 4938 crucis
2225 4877 2498 4949 impressit
2522 4882 2721 4930 sanctae
2749 4873 3007 4944 signando
3029 4872 3278 4942 figuram,

1900 4978 2078 5047 Atque
2103 4975 2195 5029 diu
2217 4973 2436 5028 tacitam
2460 4970 2621 5038 jussit
2645 4967 2888 5040 proferre
2916 4964 3204 5036 loquelam.
3218 4969 3233 5031 ᾔ

1902 5067 2005 5136 Qui
2039 5066 2186 5122 dicto
2211 5063 2373 5120 citius
2398 5061 2578 5116 Patris
2599 5066 2868 5130 praecepta
2901 5065 3142 5121 secutus,

3045 5166 3202 5224 Vers.
3248 5164 3406 5222 1109.

1902 5297 2254 5360 ρειιιζινιιίιε.
2284 5287 2412 5360 _67~I.
2444 5286 2724 5360 Observat.
2755 5293 3096 5360 praay'._num.
3129 5279 3183 5336 1.

1977 5370 1999 5398 η
2031 5350 2365 5412 Wilbrordus
2389 5372 2474 5426 ep.
2506 5350 2775 5426 Alcuinus‘
2792 5352 2846 5406 in
2870 5350 2993 5406 Vita
3018 5364 3197 5420 supra.

1974 5429 1999 5468 ἀ
2031 5429 2194 5491 Beda,
2219 5427 2341 5481 libr.
2373 5425 2427 5491 v,
2453 5441 2571 5491 cap.
2599 5425 2685 5476 11.

1981 5512 2004 5539 ο
2035 5487 2304 5552 Ilervvaldi
2353 5487 2446 5551 seu
2497 5487 2773 5549 Heuwaldi
2821 5491 2942 5555 duo,
3007 5490 3159 5544 albus
3201 5498 3255 5544 et
3303 5487 3483 5559 niger,

1908 5561 2943 5691 ‘““«"ll§§°fllﬂaB‘iladl‘ilaV-io’i‘s:
2971 5561 3127 5686 Ἢ·
3158 5575 3276 5630 °“"'
3304 5559 3388 5612 “'

2387 5677 2399 5689 .
2433 5674 2444 5688 .
2863 5672 2876 5691 .
2941 5649 2971 5684 ll
3039 5672 3049 5684 .
3076 5651 3127 5685 ο.

2387 5677 2399 5689 .
2433 5649 2498 5688 ad
2521 5649 2719 5687 annum
2754 5649 2876 5695 Ἰυῖ),
2901 5649 3049 5686 num.
3076 5649 3127 5685 ἱ).

1984 5713 2008 5750 ε
2035 5707 2198 5774 Beda,
2220 5707 2340 5764 libr.
2373 5723 2402 5761 v
2434 5706 2570 5760 Ilist.
2605 5702 2757 5773 Angl.
2792 5717 2908 5772 cap.
2931 5702 2985 5755 2.
