3866 6170
408 285 512 343 855

394 402 515 459 .Ore
542 400 767 470 loquens
789 402 1043 469 prompto
1080 392 1346 447 taciturna
1374 387 1587 444 silentia
1614 385 1773 454 rupit,

407 493 475 548 Et
494 491 654 562 pleno
682 496 767 544 est
802 486 1019 557 penitus
1047 490 1227 537 mutus
1249 492 1497 535 sermone
1523 477 1756 531 locutus.

405 583 586 652 Atque
613 580 698 636 die
728 586 857 642 tota,
884 577 1092 647 pariter
1117 588 1239 628 cum
1264 577 1423 625 nocte
1442 566 1707 637 sequenti,

405 674 525 729 Non
549 672 785 728 cessavit
808 684 978 724 ovans
1004 665 1183 721 varias
1206 662 1451 735 proferre
1470 658 1732 730 loquelas,

406 763 583 832 Atque
609 776 719 816 suae.
744 758 941 814 mentis
963 763 1199 811 secretas
1222 751 1459 820 pandere
1487 763 1709 813 causas;

407 852 475 906 Et
498 867 621 906 cum
641 864 774 905 voce
794 848 934 911 cutis
960 844 1166 915 pariter
1188 840 1306 911 jam
1332 854 1460 894 sana
1488 853 1704 893 reversa
1729 844 1850 901 est;

406 940 840 1008 Reddunturque
864 934 990 990 novi
1018 934 1258 1002 crispato
1279 930 1429 986 crine
1457 928 1634 998 capilli
1658 944 1674 994 ;

410 1031 752 1100 Pulcherque
779 1034 863 1082 est
888 1024 1103 1093 juvenis
1126 1022 1319 1087 factus,
1344 1027 1730 1091 promptusque
1757 1013 1991 1084 loquela.

410 1124 608 1193 Sicque
642 1122 862 1176 domum
883 1115 1159 1187 propriam
1195 1112 1435 1184 gaudens
1463 1118 1683 1167 sanatus
1709 1108 1909 1163 adibat.

407 1213 569 1283 253
590 1224 616 1251 α
642 1209 751 1264 Nec
768 1206 1081 1261 meminisse
1101 1203 1244 1259 aliud
1268 1201 1448 1266 taedet,
1470 1196 1737 1253 laudabile
1758 1195 1993 1265 signum,

408 1305 545 1358 Dum
572 1302 763 1355 lustrat
789 1306 973 1368 pastor
998 1295 1144 1366 vigili
1176 1294 1438 1348 tutamine
1466 1288 1723 1344 mandras
1748 1288 1799 1355 δ,

409 1394 734 1450 Sanctarum
762 1389 911 1444 venit
940 1386 1265 1441 famularum
1292 1384 1470 1438 visere
1498 1380 1711 1445 cellam,

411 1486 485 1539 De
510 1498 742 1553 quarum
770 1493 997 1535 numero
1024 1476 1249 1532 recubat
1278 1470 1592 1543 virguncula
1621 1468 1866 1539 quaadam

408 1575 557 1628 Vena
587 1572 675 1626 cui
700 1585 873 1638 nuper
899 1568 1074 1622 medio
1102 1573 1187 1620 est
1216 1564 1386 1618 incisa
1414 1562 1641 1626 lacerto,

410 1666 479 1720 Et
504 1677 696 1717 manus
723 1658 983 1727 obstipuit
1012 1656 1177 1711 nimio
1206 1660 1486 1709 crassante
1513 1659 1743 1705 tumore.

409 1756 551 1826 Ergo
576 1752 859 1808 videbatur
884 1749 1045 1804 citius
1071 1746 1333 1802 moritura
1357 1743 1533 1814 puella
1548 1742 1580 1809 ;‘

408 1846 560 1901 lianc
587 1845 681 1900 sed
711 1840 949 1898 restituit
976 1839 1189 1894 Domini
1215 1837 1413 1891 virtute
1439 1833 1601 1890 saluti

413 1935 653 1989 Antistes
680 1939 918 1996 sanctus,
950 1929 1042 1999 qui
1072 1934 1234 1991 tecta,
1266 1941 1298 1980 a
1328 1932 1503 1980 matre
1533 1931 1777 1995 rogatus,

413 2026 646 2096 Virginis
678 2024 934 2088 intrabat,
966 2020 1331 2087 recubamque
1361 2032 1430 2072 ex
1457 2029 1609 2071 more
1637 2014 1855 2079 salutat,

409 2120 586 2185 Atque
611 2129 801 2184 preces
825 2112 1055 2166 fundens
1078 2109 1261 2164 manui
1290 2106 1639 2163 benedixerat
1663 2118 1840 2174 aegris.

408 2204 642 2261 lnvaluit
671 2203 854 2258 statim
880 2199 1117 2271 fugiente
1147 2197 1330 2253 dolore
1354 2194 1553 2267 puella,

409 2299 577 2368 Inque
603 2294 821 2352 modum
845 2293 1045 2349 mirum
1068 2299 1182 2347 toto
1209 2290 1275 2346 de
1300 2302 1525 2359 corpore
1552 2296 1665 2342 tota

411 2389 547 2445 Cum
574 2389 834 2444 redeunte
860 2385 1005 2442 foras
1031 2383 1257 2441 secessit
1282 2380 1511 2452 prcesule
1536 2379 1723 2449 pestis.

410 2483 668 2539 Protinus
693 2481 999 2536 Altithrono
1024 2478 1235 2548 magnis
1260 2482 1448 2545 erepta
1472 2473 1708 2543 periclis,

412 2572 579 2645 Virgo
605 2572 752 2629 canit
773 2571 959 2626 laudes
986 2567 1184 2624 multos
1205 2566 1415 2620 victura
1440 2578 1539 2634 per
1562 2578 1752 2618 annos.

489 2675 513 2703 ο
546 2663 685 2718 lluic
707 2661 850 2716 aliud
876 2658 1040 2715 simili
1068 2656 1329 2711 successit
1352 2655 1405 2708 in
1430 2653 1619 2710 ordine
1644 2653 1874 2723 signum.

412 2756 554 2811 Ecce
580 2767 763 2810 comes
787 2750 1003 2820 quidam
1030 2746 1398 2802 venerandum
1417 2743 1541 2814 jure
1565 2742 1827 2800 Joannem

411 2848 670 2911 Advocat,
699 2843 942 2899 ecclesia:
969 2840 1199 2896 Domino
1226 2838 1317 2910 qui
1348 2847 1488 2893 tecta
1517 2836 1742 2893 dicaret.

414 2939 563 2995 Uxor
585 2943 704 2992 erat
728 2936 880 3007 cujus
908 2933 1094 2990 multis
1122 2931 1335 2987 inﬁrma
1364 2930 1575 2996 diebus,

413 3029 778 3098 Quadraginta
797 3026 986 3098 jacens
1012 3030 1203 3081 noctes
1228 3023 1483 3094 depressa
1510 3019 1714 3086 dolore,

411 3120 624 3192 Algida,
651 3133 753 3174 nec
776 3116 942 3172 valuit
968 3131 1087 3172 sese
1112 3114 1352 3171 relevare
1376 3113 1573 3179 cubili;

410 3210 613 3267 Lurida
635 3210 721 3266 cui
745 3208 953 3280 gelidus
977 3206 1154 3278 pallor
1176 3212 1502 3277 praetexerat
1525 3219 1646 3271 ora,

410 3302 646 3359 Naribus
671 3301 895 3357 alternis
923 3300 1103 3355 tenuis
1129 3299 1217 3353 vix
1244 3297 1409 3353 flabat
1434 3297 1679 3353 anhelus.

411 3395 549 3449 lluic
571 3395 695 3464 pius
720 3393 950 3447 antistes
977 3391 1318 3446 benedictam
1344 3390 1569 3444 miserat
1592 3389 1815 3455 undam,

412 3482 529 3545 Oua
560 3480 710 3548 prius
740 3479 1023 3533 ecclesiam
1054 3477 1281 3531 Domino
1311 3484 1623 3532 sacraverat
1649 3476 1817 3541 illam,

413 3566 485 3621 Ut
508 3573 722 3634 potaret
748 3580 888 3630 eam,
920 3572 1081 3633 atque
1110 3563 1344 3618 dolentia
1372 3563 1614 3618 membra
1642 3563 1844 3620 liniret.

411 3646 565 3723 Quod
594 3658 720 3712 dum
750 3655 985 3720 fecisset,
1018 3654 1262 3723 sequitur
1287 3652 1555 3709 medicina
1581 3668 1679 3724 per
1702 3665 1873 3724 artus,

409 3747 587 3817 Atque
614 3743 897 3801 salutifero
922 3743 1097 3799 morbi
1123 3743 1335 3814 periere
1364 3741 1464 3797 sub
1488 3744 1705 3810 haustu,

411 3834 572 3890 Venit
594 3842 650 3889 et
673 3842 870 3904 optatae
894 3832 1069 3888 virtus
1094 3846 1349 3887 concessa
1374 3831 1582 3899 salutis,

412 3927 596 3997 Surgit
621 3934 676 3980 et
700 3940 729 3979 e
756 3932 924 3982 strato
950 3924 1136 3979 statim
1163 3933 1293 3979 tunc
1318 3924 1516 3979 femina
1542 3941 1747 3997 sospes,

409 4014 585 4085 Atque
615 4014 885 4070 sacerdoti
915 4013 1190 4072 renovatis
1216 4013 1423 4070 viribus
1452 4014 1594 4073 almo

411 4107 608 4164 Pocula
638 4107 908 4178 deportat,
941 4106 1256 4176 cunctisque
1284 4107 1513 4179 impigra
1543 4109 1833 4165 ministrat.

410 4199 664 4256 Reddidit
698 4207 859 4270 atque
889 4200 1000 4255 Deo
1034 4201 1253 4270 proprio
1288 4216 1411 4256 cum
1447 4199 1674 4273 conjuge
1708 4212 1908 4273 grates.

480 4291 506 4332 ά
538 4292 611 4347 At
641 4307 823 4349 comes
849 4293 993 4348 hunc
1021 4293 1159 4348 alius
1187 4294 1399 4350 diverso
1430 4304 1669 4366 tempore
1699 4296 1855 4351 scisci

409 4382 563 4439 Fecit
587 4383 655 4439 ad
677 4382 961 4439 ecclesiam
984 4382 1199 4438 Domini
1224 4384 1291 4438 de
1312 4399 1463 4439 more
1485 4385 1787 4451 dicandam,

410 4471 578 4542 Cujus
609 4470 749 4528 forte
780 4486 915 4543 puer
943 4472 1158 4527 mortali
1192 4481 1342 4542 peste
1376 4475 1678 4543 subactus,1

410 4563 654 4619 Mortuus
676 4578 743 4619 ex
771 4562 917 4619 omni
944 4564 1308 4619 membrorum
1333 4574 1487 4635 parte
1511 4568 1773 4622 remansit

411 4654 667 4725 Spiritus,
696 4664 921 4724 excepto
945 4656 1088 4725 quod
1111 4663 1331 4726 pectora
1358 4655 1497 4712 fessa
1526 4657 1795 4725 movebat,

407 4745 628 4818 Frigida
652 4747 742 4802 vix
771 4748 915 4803 tenui
941 4749 1220 4820 geminans
1245 4748 1476 4819 suspiria
1502 4747 1652 4815 ﬂatu,

410 4836 638 4894 Funeris
660 4840 944 4909 exsequias
969 4841 1056 4896 cui
1083 4848 1211 4895 tunc
1240 4856 1421 4896 comes
1448 4841 1560 4913 ipse
1584 4843 1830 4913 parabat,

409 4929 479 4985 Et
500 4928 706 4986 loculus
724 4929 879 5000 juxta
903 4932 1101 4997 stabat,
1129 4947 1236 5002 quo
1260 4948 1456 5003 corpus
1480 4933 1808 4990 humandum

409 5016 534 5075 Mox
560 5018 758 5086 fuerat,
787 5021 911 5075 vita:
936 5020 1190 5091 quoniam
1220 5036 1344 5090 spes
1372 5021 1516 5077 nulla
1545 5025 1794 5079 manebat
1822 5043 1834 5077 :

409 5107 518 5167 Pro
542 5126 651 5181 quo
673 5111 981 5182 pontiﬁcem
1007 5112 1310 5182 lacrymans
1334 5115 1441 5167 dux
1468 5113 1582 5182 ipse
1609 5116 1850 5185 rogabat,

412 5200 485 5258 Ut
510 5203 824 5276 dignaretur
851 5219 1019 5275 puero
1046 5204 1367 5260 benedicere
1395 5214 1614 5275 praesto,

488 5336 642 5395 Vers.
682 5340 841 5396 1165.

485 5462 509 5525 ξι
545 5453 688 5525 l_d_em
708 5454 844 5525 ibid.
878 5469 996 5525 cap.
1030 5455 1082 5510 ‘5.

484 5520 513 5558 ιι
549 5522 824 5595 ριαῃάταδ,
853 5525 905 5578 id
934 5520 1038 5592 ést,
1070 5523 1414 5582 monasteria.
1444 5523 1562 5580 Vid.
1591 5523 1869 5595 Cangium.

488 5600 509 5663 °_
549 5590 710 5663 Deda,
741 5610 858 5663 cap.
884 5594 937 5648 4.

485 5658 512 5696 ιι
553 5660 688 5719 lbld.
714 5658 831 5736 cap'.
861 5670 912 5723 5.

1225 276 1284 329 Β.
1326 275 1385 327 F.
1423 271 1647 328 ALBINI
1691 271 1821 327 SEL"
1862 269 2139 328 ALCUlNl
2177 268 2461 327 OPERUM
2502 268 2680 324 PARS
2724 269 2806 322 γι.

2020 390 2068 447 Α
2096 382 2269 450 Atque
2296 395 2483 451 preces
2509 380 2739 433 Domino
2766 394 2864 448 pro
2891 377 3051 446 hujus
3079 374 3303 430 fundere
3333 375 3458 429 vita.

2025 1710 2076 1787 Β

2019 4440 2076 4504 D

3574 268 3676 323 836

2096 472 2204 529 Nec
2233 473 2375 542 quod
2408 471 2565 541 plena
2599 469 2723 523 ﬁdei
2755 467 3042 538 rogitabat,
3066 464 3191 535 jure
3220 465 3471 536 negabat,

2096 564 2193 619 Vir
2220 564 2343 636 pius
2371 572 2425 618 et
2452 562 2711 627 clemens,
2740 561 2923 616 statim
2954 559 3049 614 sed
3073 559 3253 615 visitat
3280 574 3505 630 :cgruul,

2095 656 2163 711 Et
2190 656 2470 711 benedixit
2495 669 2644 720 eum,
2676 652 2890 708 rediens
2919 668 2986 707 ex
3018 665 3169 707 more
3198 650 3398 707 salutat
3428 670 3441 705 :

2098 748 2221 803 Mox
2251 746 2543 812 revalesce,
2575 761 2730 815 puer,
2759 744 2964 811 dicens,
2993 743 3247 813 viresque
3273 758 3511 798 resume.

2097 839 2227 895 Post
2253 841 2370 894 haec
2397 854 2521 894 cum
2550 837 2748 907 prazsul
2775 836 2858 891 vel
2885 836 2993 891 dux
3020 835 3288 905 prandere
3314 835 3600 903 sedebant,

2095 929 2341 986 Postulat
2366 929 2614 984 inﬁrmus
2639 928 2829 983 sitiens
2856 926 2957 981 sibi
2984 925 3177 995 pocula
3203 925 3357 992 ferri,

2096 1020 2194 1076 Cui
2221 1020 2479 1076 Dominus
2506 1018 2743 1088 gaudens
2768 1016 2909 1087 quod
2928 1014 3042 1085 jam
3069 1024 3259 1086 potare
3286 1014 3517 1080 valeret,

2097 1113 2219 1169 Mox
2250 1112 2474 1169 calicem
2502 1111 2615 1167 vini
2645 1109 2987 1166 benedictum
3017 1124 3048 1162 a
3075 1107 3308 1178 praesule
3333 1109 3513 1175 misit;

2099 1203 2171 1260 Ut
2193 1203 2331 1258 bibit
2351 1203 2516 1269 hunc,
2540 1201 2722 1257 statim
2747 1216 2910 1256 sanus
2932 1200 3186 1263 surrexit,
3217 1208 3271 1255 et
3296 1200 3427 1266 ibat,

2095 1295 2429 1364 Intravitque
2452 1294 2669 1350 domum
2695 1308 2802 1362 quo
2824 1291 2933 1347 dux
2958 1300 3013 1347 et
3036 1291 3233 1361 praesul
3259 1292 3511 1347 edebant.

2095 1383 2338 1455 Cumque
2362 1384 2467 1440 illis
2488 1384 2675 1440 bibere
2698 1391 2753 1437 et
2777 1382 2921 1439 vesci
2947 1397 3007 1438 se
3029 1382 3165 1438 velle
3189 1382 3455 1453 profatur,

2098 1474 2256 1530 Potat
2283 1474 2501 1544 editque
2526 1473 2719 1529 sedens
2743 1473 2897 1527 laetus
2923 1472 3234 1527 laetantibus
3263 1471 3390 1537 illis,

2100 1566 2228 1622 Post
2256 1567 2371 1621 haec
2399 1573 2454 1621 et
2481 1565 2668 1621 multis
2694 1564 2911 1619 vivebat
2940 1578 3125 1633 sospes
3154 1563 3208 1617 in
3239 1563 3415 1618 annis.

2179 1668 2201 1695 ε
2228 1655 2300 1710 At
2340 1671 2554 1727 quoque
2595 1654 2793 1726 praesul
2837 1654 2941 1710 iter
2980 1667 3078 1724 per
3113 1653 3402 1727 quamdam
3440 1654 3677 1710 cursibus

3413 1742 3613 1816 [aptam

2101 1860 2385 1915 Planitiem
2408 1858 2604 1929 campi,
2632 1873 2756 1914 cum
2782 1857 2928 1914 clero
2953 1856 3121 1928 gessit
3143 1865 3429 1926 equester;

2102 1951 2256 2006 Tunc
2271 1948 2498 2019 juvenes
2523 1949 2714 2004 ardent
2735 1963 2897 2004 cursu
2921 1947 3243 2002 contendere
3264 1961 3551 2016 equorum,

2105 2038 2214 2096 Sed
2241 2039 2363 2110 pius
2391 2039 2618 2094 antistes
2646 2037 2820 2093 vetuit
2845 2036 3153 2106 specialiter
3178 2051 3345 2092 unum

2103 2130 2185 2186 Ex
2215 2130 2398 2197 sociis,
2428 2130 2555 2186 ludo
2583 2144 2651 2185 ne
2683 2143 2743 2184 se
2769 2127 3021 2184 misceret
3049 2128 3238 2183 inaui.‘

2101 2219 2193 2275 llle
2223 2228 2405 2277 tamen
2434 2227 2621 2276 contra
2649 2218 2875 2274 vetitum
2904 2217 3208 2288 petulanter
3237 2218 3484 2274 habenas

2105 2312 2298 2379 Solvit,
2326 2325 2466 2382 equo
2489 2309 2684 2377 ﬁdens,
2715 2308 3058 2379 mediumque
3084 2309 3320 2380 erumpit
3346 2308 3403 2363 in
3426 2323 3634 2378 aequor;

2103 2403 2247 2476 Ergo
2271 2418 2464 2459 cavum
2488 2401 2756 2472 quoddam
2782 2400 2911 2457 dum
2939 2401 3180 2456 fervidus
3207 2399 3296 2455 ille
3319 2398 3563 2456 caballus

2104 2492 2381 2560 Transilit,
2406 2499 2463 2548 et
2483 2492 2661 2549 valido
2675 2490 2891 2561 juvenis
2916 2491 3198 2548 conamine
3221 2490 3406 2562 lapsus

2102 2582 2163 2639 in
2196 2582 2426 2653 lapidem
2455 2582 2672 2649 cecidit,
2707 2583 2797 2652 qui
2831 2581 2971 2638 forte
2998 2581 3223 2652 aequalis
3251 2596 3429 2638 arenzc

2103 2673 2160 2729 In
2191 2673 2369 2729 medio
2395 2673 2571 2743 campi
2599 2671 2756 2727 latuit
2788 2673 2889 2729 sub
2916 2671 3120 2742 cespite
3151 2680 3348 2737 tectus,

2103 2762 2214 2819 Nec
2241 2762 2378 2833 lapis
2406 2762 2542 2818 alter
2568 2770 2688 2818 erat
2715 2778 2907 2835 campo
2938 2770 3184 2833 repertus
3213 2763 3271 2817 in
3300 2762 3423 2829 illo;

2105 2856 2242 2914 Huic
2264 2865 2427 2929 caput
2450 2864 2615 2929 atque
2639 2869 2860 2911 manum
2884 2871 3015 2912 casu
3042 2855 3241 2911 collisit
3265 2855 3481 2921 acerbo,

2103 2947 2337 3004 Verticis
2361 2955 2416 3003 et
2439 2947 2595 3004 solvit
2616 2946 2916 3016 iuncturas,
2947 2953 3111 3016 atque
3135 2946 3362 3001 cerebro

2105 3039 2395 3108 Quassato,
2425 3040 2636 3096 cunctis
2656 3037 2829 3109 jacuit
2849 3038 2966 3109 jam
2990 3036 3238 3093 sensibus
3266 3052 3454 3108 expers
3485 3055 3499 3091 :

2103 3130 2173 3185 Et
2194 3130 2547 3187 moribundus
2573 3137 2692 3185 erat
2717 3137 2866 3185 motu
2896 3129 3012 3185 sine
3039 3128 3285 3198 corporis
3311 3127 3442 3182 ullo.

2104 3218 2344 3289 Septima
2372 3232 2565 3289 nempe
2591 3217 2695 3273 fuit
2720 3226 2850 3274 tunc
2877 3217 3092 3274 circiter
3121 3218 3257 3273 hora
3285 3217 3415 3282 diei,

2104 3306 2553 3378 Semianimisque
2581 3308 2799 3363 domum
2828 3308 2991 3364 sociis
3018 3306 3263 3363 defertur
3293 3307 3361 3366 ab
3388 3308 3537 3378 ipsis.

2101 3394 2172 3451 At
2193 3396 2325 3467 vigil
2349 3396 2405 3451 in
2429 3397 2682 3467 precibus
2708 3399 2987 3468 perstabat
3012 3405 3170 3453 nocte
3197 3397 3479 3462 sacerdos;

2102 3484 2261 3541 Venit
2283 3486 2351 3541 ad
2374 3485 2651 3542 inﬁrmum
2676 3488 2854 3557 primo
2879 3487 2975 3544 sed
2999 3502 3161 3543 mane
3186 3502 3457 3553 reversus,

2100 3573 2458 3646 lmpositaque
2482 3591 2646 3632 manu
2671 3578 2832 3647 capiti
2859 3577 3136 3635 benedixit
3159 3579 3427 3635 eumdem.

2100 3664 2276 3736 Atque
2301 3664 2450 3721 illum
2475 3667 2693 3738 proprio
2718 3669 3048 3740 compellans
3072 3670 3293 3727 nomine
3316 3671 3550 3739 clamat;

2099 3754 2243 3827 Ergo
2269 3757 2418 3828 gravi
2447 3757 2613 3812 veluti
2642 3759 2707 3814 de
2737 3773 2927 3816 somno
2953 3769 3201 3832 surgeret
3231 3760 3342 3827 ille,

2100 3845 2401 3904 Recludens
2427 3848 2611 3905 oculos
2639 3849 2789 3905 Patri
2816 3852 3094 3922 respondit
3122 3862 3324 3920 amato,

2100 3937 2489 4010 Convaluitque
2513 3940 2639 4006 cito,
2671 3943 2929 3998 recreatis
2955 3943 3182 4010 viribus,
3211 3952 3373 4015 atque

2099 4028 2232 4085 Cras
2257 4032 2520 4102 equitavit
2543 4049 2711 4089 ovans
2735 4049 2864 4090 caro
2892 4051 3013 4092 cum
3040 4038 3270 4108 praasule
3296 4055 3546 4112 pergens.

2090 4121 2264 4179 'Multa
2293 4124 2415 4192 alia,
2444 4133 2506 4180 ut
2536 4122 2799 4191 referunt,
2832 4127 2921 4182 hic
2951 4126 3078 4183 fecit
3108 4130 3261 4200 signa
3287 4128 3541 4193 Joannes,

2102 4212 2229 4279 Quae
2254 4214 2413 4270 modo
2443 4230 2550 4270 non
2576 4214 2734 4271 libuit
2758 4215 3044 4274 brevitatis
3064 4217 3189 4288 jure
3218 4220 3425 4275 referri.

2098 4300 2343 4359 Diximus
2371 4304 2460 4359 hic
2490 4311 2719 4370 tantum,
2748 4307 2928 4376 posuit
2956 4322 3075 4377 qua:
3103 4308 3247 4364 Beda
3275 4306 3526 4382 magister

2097 4391 2438 4450 lndubitante
2465 4394 2589 4462 ﬁde,
2618 4404 2808 4453 texens
2833 4396 2902 4452 ab
2927 4399 3136 4469 origine
3160 4400 3335 4471 prima

2102 4482 2368 4540 Historico
2392 4483 2686 4555 Anglorum
2711 4496 2898 4559 gentes
2922 4495 2977 4543 et
3001 4497 3152 4559 gesta
3176 4489 3368 4545 relatu.

2102 4575 2391 4631 Consenuit
2414 4585 2700 4649 postquam
2726 4578 2980 4651 praafatus
3005 4581 3288 4651 episcopus
3316 4580 3422 4645 ille,

2103 4667 2254 4722 Tunc
2281 4667 2372 4722 alii
2399 4668 2586 4725 vivens
2614 4671 2795 4727 sedem
2827 4671 3096 4727 concessit
3121 4672 3365 4739 honoris,

2099 4757 2279 4828 Atque
2302 4761 2689 4816 monasterium
2714 4762 2906 4818 devoto
2928 4761 3092 4818 corde
3114 4762 3323 4833 petivit,

2103 4846 2542 4921 Condignamque
2571 4850 2681 4907 Deo
2711 4853 2877 4907 vitam
2905 4853 3191 4924 complevit
3221 4852 3437 4910 ibidem.

2097 4938 2334 5010 Juraque
2360 4949 2488 4996 tunc
2519 4942 2731 4998 tandem
2762 4951 2920 4998 terrae
2947 4944 3234 5015 peregrina
3264 4943 3592 5013 relinquens,

2096 5030 2193 5087 Est
2215 5031 2403 5101 patriae
2426 5033 2675 5103 proprius
2702 5033 2905 5089 coalesti
2937 5034 3179 5091 redditus
3204 5036 3379 5091 hmres
3411 5035 3452 5089 τ.

2172 5124 2198 5162 8
2226 5121 2514 5194 Presbyter
2539 5123 2786 5195 egregius
2813 5126 3072 5180 successit
3097 5124 3223 5194 jure
3246 5124 3439 5182 Joanni

2096 5210 2400 5279 Wilfridus,
2429 5211 2605 5268 haeres
2631 5211 2778 5268 Patri
2805 5213 3151 5283 dignissimus
3180 5215 3344 5271 almo.

3255 5349 3408 5407 Vers.
3450 5348 3602 5405 1216.

2175 5466 2198 5526 έ
2232 5454 2364 5526 Ibid.
2396 5472 2512 5526 cap.
2539 5457 2592 5511 6.

2175 5524 2194 5563 ί
2232 5525 2386 5579 Anno
2410 5524 2534 5580 721.

2172 5597 2199 5634 8
2233 5595 2374 5669 Beda
2398 5595 2537 5651 llist.
2564 5598 2719 5669 Angl.
2744 5614 2861 5669 cap.
2886 5600 3179 5666 5;'Mabill.
3209 5603 3332 5657 libr.
3362 5621 3431 5658 xx
3462 5602 3677 5663 Annal.,

2098 5679 2247 5719 num.
2279 5665 2379 5734 22;
2413 5676 2468 5722 et
2494 5683 2617 5724 sa‘c.
2649 5665 2708 5723 ἱιι
2742 5665 2936 5726 Bened.
2970 5679 3110 5741 part.
3145 5689 3214 5739 ιι,
3242 5688 3365 5743 pag.
3398 5674 3517 5729 560.
3547 5671 3679 5726 lnde
