3866 6170
208 255 315 312 837

207 378 313 445 Qui
339 376 490 447 prius
518 375 797 432 Euburicae
823 376 1002 433 fuerat
1029 379 1410 434 vice-domnus
1435 388 1490 435 et
1518 380 1685 435 abbas
1714 398 1727 432 :

204 468 400 525 Postea
428 469 523 524 sed
552 483 747 539 magno
772 471 1087 526 meritorum
1114 472 1345 528 culmine
1373 472 1567 538 fretus,

202 559 480 616 Pontiﬁcis
502 560 699 614 summi
727 560 1025 632 condignus
1048 564 1279 634 sumpsit
1304 564 1584 629 honorem,

203 650 533 723 Ornavitque
555 654 784 723 gradum
806 655 1019 709 meritis
1040 664 1093 711 et
1117 656 1358 712 moribus
1380 656 1554 711 almis.

200 749 438 805 Plurima
465 764 593 804 nam
619 748 789 804 titulis
814 756 1014 805 sanctae
1039 758 1362 805 ornamenta
1388 749 1628 805 venustis

200 842 419 899 Addidit
441 842 706 907 ecclesiae,
732 842 896 897 rutilo
919 842 1013 912 qui
1040 857 1169 898 vasa
1195 844 1394 899 decore

198 933 336 1003 Apta
363 932 679 987 ministeriis
704 941 958 1003 argentea
975 930 1099 1000 jure
1127 933 1356 989 sacratis

199 1021 364 1095 254
391 1022 564 1090 Fecit,
593 1030 649 1078 et
678 1022 889 1094 argenti
918 1022 1133 1078 laminis
1161 1023 1354 1088 altare,
1384 1033 1682 1090 crucesque

198 1111 430 1166 Texerat
455 1112 661 1168 auratis
687 1128 700 1165 :
729 1109 1024 1181 nolensque
1047 1109 1379 1166 abscondere
1399 1123 1584 1180 gazas,

200 1201 443 1258 Prudens
467 1202 664 1273 praesul
690 1217 786 1257 eas
813 1201 996 1257 divino
1021 1202 1283 1272 impendit
1309 1201 1521 1257 honori.

197 1292 323 1349 Haec
347 1294 471 1364 pius
496 1294 763 1349 Euborica
790 1292 998 1349 faciens
1023 1293 1248 1349 antistes
1272 1293 1327 1347 in
1352 1292 1510 1359 urbe,

194 1388 472 1446 Ecclesias
496 1387 630 1443 alias
653 1386 809 1443 donis
829 1387 1043 1442 ornavit
1065 1387 1281 1456 opimis,

195 1479 305 1536 Nec
330 1480 514 1535 minus
536 1479 626 1534 ille
649 1479 739 1549 pio
766 1493 951 1534 curam
978 1478 1046 1534 de
1070 1478 1234 1534 corde
1258 1479 1497 1549 gerebat,

138 1595 147 1603 -
192 1569 554 1640 Multiplicare
582 1584 793 1641 greges,
823 1569 1038 1625 Domini
1067 1578 1338 1640 praecepta
1365 1576 1603 1635 secutus,

191 1661 467 1717 Doctrina:
489 1661 730 1726 monitis,
754 1659 1015 1730 exemplis
1039 1669 1201 1729 atque
1224 1660 1480 1716 coruscis.

192 1753 306 1808 llos
333 1753 535 1808 mentis
562 1752 807 1823 dapibus,
840 1751 1081 1808 illossed
1109 1753 1291 1808 carnis
1318 1753 1534 1809 alebat:

190 1843 307 1900 llos
336 1843 486 1900 fovet
508 1844 761 1909 aetheriis,
791 1844 914 1899 illos
941 1844 1249 1900 carnalibus
1277 1854 1455 1916 auget,

190 1934 300 1991 Ore
325 1948 597 2005 manuque
623 1934 803 2000 simul,
835 1934 1098 1990 donorum
1128 1934 1309 2005 largus
1334 1934 1599 2005 utrisque,

189 2025 329 2081 Rem
354 2025 573 2096 pietatis
596 2038 762 2095 agens
786 2024 987 2095 duplici
1012 2024 1378 2080 moderamine
1402 2033 1613 2091 rector;

190 2114 455 2172 Omnibus
484 2123 760 2187 acceptus,
790 2115 1148 2181 venerandus,
1184 2115 1462 2181 honestus,
1492 2123 1722 2171 amatus.

192 2222 217 2250 ι
243 2210 315 2263 At
340 2223 437 2265 sua
468 2208 610 2264 facta
634 2209 808 2263 bonus
830 2215 1121 2278 postquam
1147 2207 1506 2277 compleverat
1533 2208 1621 2263 ille

190 2301 384 2356 Pastor
408 2302 463 2355 in
490 2301 769 2366 Ecclesiis,
802 2298 1058 2370 specialia
1087 2307 1235 2369 septa
1263 2299 1473 2370 petivit,

191 2392 310 2460 Qno
337 2394 546 2449 servire
574 2393 688 2449 Deo
718 2400 831 2448 tota
853 2391 967 2461 jam
994 2399 1176 2447 mente
1205 2400 1425 2447 vacaret
1453 2413 1466 2444 :

189 2484 631 2555 Contemplativae
660 2499 887 2555 seseque
913 2498 1008 2555 per
1033 2484 1215 2539 omnia
1242 2484 1367 2540 vitae

189 2577 355 2642 Dans,
384 2577 568 2631 mundi
595 2576 774 2630 varias
798 2589 1067 2644 curasque
1092 2574 1313 2645 reliquit
1338 2575 1544 2631 inanes.

188 2667 252 2722 Et
276 2666 531 2738 quamvis
558 2667 677 2737 ipso
703 2664 967 2722 resideret
993 2680 1219 2736 corpore
1247 2667 1428 2732 terris,

188 2760 442 2815 Attamen
470 2774 537 2814 ex
564 2758 712 2814 omni
730 2755 847 2826 jam
874 2764 1057 2813 mente
1084 2758 1338 2812 manebat
1361 2756 1608 2833 Olympo,

187 2850 425 2922 Pervigil
449 2857 771 2921 exspectans
797 2848 1036 2905 caelestis
1059 2850 1277 2919 praemia
1301 2850 1447 2916 vitae,

188 2939 456 3012 Tempore
482 2955 603 3011 quae
628 2949 798 3005 certo,
826 2939 937 2994 vita
962 2946 1227 3009 praesente
1250 2947 1484 3010 peracta,

188 3031 511 3102 Sumpserat
536 3030 790 3102 angelicis
814 3029 953 3086 caelo
978 3036 1317 3085 transvectus
1342 3030 1398 3086 in
1420 3029 1580 3087 ulnis.

252 3122 359 3177 Hic
384 3120 671 3192 pastoralis
696 3121 877 3192 posuit
902 3121 1030 3175 dum
1054 3120 1296 3190 pondera
1322 3136 1486 3187 curae,

186 3211 438 3268 Tradidit
457 3211 725 3283 Ecgberto
748 3210 1070 3266 venerandae
1088 3210 1210 3281 jura
1235 3210 1524 3279 cathedrae,

188 3305 359 3371 Quem
386 3303 491 3359 sibi
518 3302 827 3373 pontificem
854 3301 984 3358 fecit
1011 3301 1300 3357 succedere
1327 3317 1613 3358 summum.

188 3393 281 3450 llic
316 3392 419 3448 fuit
445 3394 744 3466 Ecgbertus
772 3392 940 3465 regali
970 3394 1137 3463 stirpe
1165 3401 1379 3450 creatus
1405 3395 1463 3461 b;

186 3484 483 3550 Nobilium,
513 3500 700 3541 coram
727 3484 909 3551 saeclo,
939 3484 1122 3539 radice
1148 3493 1453 3555 parentum,

188 3575 298 3633 Sed
324 3576 554 3632 Domino
576 3591 763 3632 coram
785 3575 996 3632 meritis
1022 3574 1334 3645 praeclarior
1355 3576 1532 3633 almis.

185 3666 349 3723 Dives
373 3679 538 3736 apum
563 3674 748 3731 terrae,
774 3664 991 3720 miseris
1015 3678 1152 3733 quas
1176 3665 1380 3735 spargit
1404 3666 1610 3737 egenis,

185 3758 363 3814 Ditior
387 3768 449 3813 ut
473 3759 650 3826 ﬁeret,
679 3758 817 3814 caelo
845 3757 973 3813 dum
998 3756 1202 3828 colligit
1227 3756 1365 3812 illas.

184 3853 289 3922 Qui
319 3869 484 3910 curas
506 3855 727 3924 inopum
753 3854 978 3910 devotus
1000 3867 1215 3923 semper
1237 3853 1448 3924 agebat,

183 3941 523 4014 Pauperibus
552 3943 798 3998 tribuens
828 3944 1024 3997 devoto
1051 3949 1273 4012 pectore
1299 3956 1479 4013 gazas,

184 4034 338 4103 Quas
361 4034 524 4090 terris
546 4033 796 4105 perdens,
825 4033 1042 4088 sibimet
1066 4032 1329 4088 condebat
1353 4032 1598 4102 Olympo.

183 4125 291 4182 llic
315 4136 434 4181 erat
455 4124 710 4181 Ecclesiae
735 4132 915 4180 rector
936 4124 1288 4189 clarissimus,
1315 4131 1478 4193 atque

181 4216 454 4287 Egregius
482 4216 690 4281 doctor,
717 4214 916 4286 populo
942 4212 1268 4269 venerabilis
1294 4212 1461 4279 omni,

184 4307 432 4362 Moribus
449 4305 669 4372 electus,
688 4304 855 4373 justis
879 4302 1133 4369 affabilis,
1158 4310 1322 4372 atque

184 4396 402 4452 Eﬂ’erus
424 4396 478 4450 in
498 4410 716 4465 pravos,
737 4394 883 4449 mitis
903 4392 1063 4449 simul
1084 4400 1248 4462 atque
1270 4407 1511 4449 severus.

186 4486 376 4542 Sacris
398 4486 583 4541 divisit
600 4486 809 4541 vicibus
836 4490 1128 4553 noctesque
1150 4483 1393 4553 diesque,

183 4577 423 4649 Impiger
446 4577 660 4632 assidue
684 4574 937 4645 spatiosis
960 4572 1208 4630 noctibus
1234 4589 1417 4640 orans,

186 4669 480 4726 Missamm
502 4667 781 4724 celebrans
803 4664 1064 4723 solemnia
1088 4673 1275 4720 sancta
1298 4664 1506 4730 diebus,

255 4802 422 4859 Vers.
465 4800 620 4857 1264.

184 4914 450 4992 discimus
490 4915 571 4992 in_
603 4913 843 4970 Ecclesia
875 4911 1200 4992 Eboracensi
1238 4917 1438 4980 praeter
1465 4911 1774 4992 episcopum

184 4987 465 5042 exstitisse
488 4986 736 5041 abbatem
755 5025 771 5051 ,
803 4983 895 5054 qui
930 4981 1210 5038 monachis
1236 4995 1358 5036 eam
1388 4981 1776 5051 occupantibus

183 5065 440 5126 praeerat.
476 5055 701 5126 Μιιιιιι..

259 5138 289 5167 ι
325 5124 529 5180 Mabill.
555 5125 678 5180 libr.
704 5141 795 5180 xxi
817 5123 1036 5187 Annal.,
1062 5137 1212 5176 num.
1242 5121 1329 5175 17.

256 5196 289 5235 ι’
326 5194 432 5250 Hic
467 5195 777 5266 Ecgbertus,
815 5192 1085 5266 Αζάιιενιὶἱ
1120 5207 1279 5261 quem
1320 5190 1411 5266 alii
1451 5188 1772 5266 Εαέζζςζιμῃι

185 5266 506 5331 nominant,
548 5258 695 5335 regis
732 5258 1291 5335 Northanumbrorum
1329 5260 1497 5335 frater
1523 5258 1775 5335 Wilfrith

189 5329 819 5408 dignitatemabdicanti
867 5334 923 5408 in
969 5331 1097 5408 sede
1144 5329 1467 5408 Eboracensi
1482 5329 1771 5408 _successit

186 5398 334 5462 anvno
362 5405 485 5461 732.
517 5404 715 5460 Mabi-ll.
749 5403 942 5460 Annal.
972 5401 1094 5456 libr.
1127 5416 1239 5466 xxi,
1268 5414 1417 5454 num.
1446 5398 1540 5465 i7;
1573 5398 1765 5455 Alfort.

186 5477 257 5531 ad
288 5491 491 5531 annum
518 5475 640 5531 738.

265 5557 288 5583 ε
328 5544 475 5601 Obiit
496 5544 769 5600 anno766.
787 5542 987 5598 Mabill.
1005 5542 1125 5597 libr.
1143 5558 1269 5596 xxiv
1286 5539 1506 5605 Annal.,
1520 5555 1667 5594 num.
1685 5541 1768 5594 11.

260 5615 289 5654 ἀ
328 5615 484 5681 Anno
527 5615 648 5669 755.
692 5614 891 5669 Mahill.
930 5613 1053 5667 libr.
1100 5629 1190 5667 χχι
1232 5610 1447 5675 Annal.,
1491 5610 1769 5681 num.’29.

191 5696 320 5756 pag.
348 5680 417 5741 99
444 5686 497 5740 in
525 5685 652 5752 fine,
675 5693 729 5741 et
749 5700 871 5741 saec.
899 5700 960 5739 ιιι
988 5683 1210 5748 Bened.,
1236 5688 1376 5752 part.
1403 5697 1464 5746 ιι,
1498 5696 1621 5762 pag.
1650 5680 1772 5735 562.

954 259 1282 316 CARMINA.
1321 292 1391 302 -—
1428 264 1515 318 DE
1553 262 1819 319 PONTIF.
1862 262 1949 318 ΕΤ
1991 262 2091 318 SS.
2125 263 2318 319 ECCL.
2362 265 2652 322 EBORAC.

1818 385 1866 442 Α
1894 378 2060 449 Inque
2082 378 2179 434 Dei
2202 379 2450 437 domibus
2475 382 2644 437 multa
2667 394 2984 442 ornamenta
3005 390 3235 457 paravit.

3369 275 3472 330 853

1888 471 2016 527 Illas
2037 481 2280 543 argento,
2306 476 2535 543 gemmis
2556 476 2774 532 vestivit
2794 486 2850 533 et
2874 493 3028 548 auro,

1891 565 2075 622 Serica
2098 568 2430 637 suspendens
2449 571 2750 641 peregrinis
2770 573 2887 628 vela
2911 573 3117 646 ﬁguris.

1891 658 2246 729 Sacravitque
2270 661 2469 731 probos
2495 661 2756 719 altaribus
2780 664 2895 734 ipse
2921 666 3222 732 ministros,

1889 749 2181 807 Ordinibus
2200 751 2369 807 variis
2392 752 2667 809 celebrent
2689 755 2782 825 qui
2809 754 2946 811 festa
2972 756 3254 824 Tonantis,

1887 840 2215 910 DavidisQue
2238 840 2374 897 alios
2398 840 2526 897 fecit
2548 844 2834 900 concinere
2859 860 3049 901 canna.

1889 930 1992 997 Qui
2021 930 2249 987 Domino
2278 941 2532 988 resonent
2555 934 2842 990 modulatis
2865 936 3075 993 vicibus
3102 939 3350 1009 hymnos.

1886 1021 2052 1092 Cujus
2078 1021 2248 1079 frater
2272 1023 2414 1079 idem
2440 1024 2604 1094 Tyrio
2629 1026 2870 1081 nutritus
2897 1026 2951 1081 in
2974 1036 3144 1095 ostro,

1889 1115 2208 1185 Sumpserat
2230 1113 2525 1171 IEdbertus
2547 1116 2724 1187 gentis
2749 1118 2947 1187 regalia
2973 1128 3206 1189 sceptra.

1886 1207 1990 1276 Qui
2016 1207 2262 1263 dilatavit
2283 1208 2487 1279 pr0prii
2514 1208 2749 1265 confinia
2777 1212 2954 1283 regni,

1887 1297 2096 1368 Saepius
2120 1298 2344 1355 hostiles
2367 1299 2623 1371 subigens
2647 1307 2859 1357 terrore
2882 1301 3196 1373 phalangas.

1885 1387 2148 1458 Tempora
2177 1395 2307 1444 tunc
2332 1386 2491 1458 hujus
2518 1388 2734 1445 fuerant
2762 1389 2939 1446 felicia
2965 1393 3163 1462 gentis,

1883 1480 2057 1549 Quam
2085 1496 2181 1537 rex
2209 1489 2263 1537 et
2287 1481 2487 1552 praesul
2512 1482 2767 1537 concordi
2789 1482 2913 1553 jure
2942 1484 3232 1553 regebant;

1882 1569 1983 1626 Hic
2003 1569 2126 1639 jura
2158 1571 2435 1638 Ecclesiae,
2466 1585 2562 1625 rex
2591 1571 2682 1625 ille
2712 1572 2926 1643 negotia
2958 1573 3110 1644 regni
3141 1591 3155 1627 :

1883 1657 1985 1715 Hic
2013 1660 2082 1715 ab
2110 1660 2408 1731 apostolico
2435 1661 2677 1716 humeris
2704 1660 2812 1716 fert
2840 1662 3003 1731 pallia
3028 1662 3224 1729 missa;

1811 1731 1856 1793 Β
1884 1748 1979 1806 Ille
2004 1750 2147 1806 levat
2172 1751 2334 1821 capiti
2361 1759 2608 1807 veterum
2634 1752 2936 1808 diademata
2963 1761 3207 1822 patrum;

1880 1840 2066 1896 Fortis
2092 1840 2200 1907 hic,
2230 1840 2321 1896 ille
2343 1842 2495 1911 plus;
2527 1841 2618 1898 hic
2647 1849 2917 1908 strenuus,
2945 1842 3035 1898 ille
3060 1842 3343 1916 benignus,

1880 1930 2165 1987 Germanae
2193 1932 2344 2002 pacis
2370 1939 2652 1989 servantes
2674 1932 2801 2003 jura
2829 1932 3087 2002 vicissim,

1881 2023 1961 2077 Ex
1987 2023 2094 2078 alio
2118 2021 2286 2078 frater
2311 2022 2440 2078 felix
2467 2022 2682 2092 adjutus
2706 2031 2953 2095 uterque.

1880 2109 2042 2168 Re‘xit
2068 2112 2156 2167 hic
2181 2112 2482 2168 Ecclesiam
2508 2114 2731 2184 triginta
2760 2123 2814 2170 et
2839 2122 3072 2184 quatuor
3097 2115 3254 2171 annis
3278 2126 3328 2183 °,

1780 2244 1787 2251 .
1878 2201 1971 2256 llie
2000 2202 2158 2257 annis
2186 2202 2360 2257 tenuit
2387 2210 2471 2258 ter
2500 2211 2709 2273 septem
2736 2211 2951 2273 sceptra
2981 2211 3287 2274 parentum.

1879 2292 2055 2347 Ambo
2083 2290 2269 2348 felices
2298 2292 2509 2348 meritis
2541 2293 2594 2347 in
2625 2307 2759 2363 pace
2788 2293 3005 2363 sepulti.

1880 2382 1905 2421 ά
1936 2383 2292 2453 Temporibus
2313 2384 2505 2453 primis
2527 2382 2738 2454 praefati
2764 2383 3010 2455 praesulis
3035 2383 3214 2453 hujus,

1880 2474 2170 2547 Presbyter
2198 2477 2429 2536 eximius
2456 2475 2687 2541 meritis,
2718 2475 3037 2546 cognomine
3059 2475 3220 2539 Beda,

1878 2571 2041 2626 Astra
2065 2576 2274 2640 petens,
2300 2567 2496 2623 clausit
2518 2566 2800 2636 praesentis
2826 2565 3029 2620 lumina
3052 2566 3196 2622 vitae.

1879 2660 1982 2729 Qui
2008 2676 2133 2716 mox
2161 2674 2192 2714 a
2215 2672 2385 2730 puero
2407 2656 2563 2712 libris
2587 2655 2826 2711 intentus
2851 2656 3102 2722 adhaesit,

1878 2752 1946 2806 Et
1968 2758 2083 2808 toto
2105 2750 2297 2806 studiis
2319 2748 2541 2805 servivit
2563 2756 2783 2819 pectore
2805 2746 2995 2802 sacris.

1881 2846 1952 2901 Ut
1984 2855 2111 2915 pote
2132 2850 2449 2914 septennem
2471 2856 2633 2910 quem
2655 2838 2785 2896 fecit
2807 2855 2935 2895 cura
2958 2848 3244 2912 parentum

1878 2936 2042 2991 Arcta
2071 2934 2384 2991 monasterii
2414 2932 2692 2988 Girvensis
2719 2931 2955 2987 claustra
2983 2930 3185 2997 subire,

1880 3025 1978 3082 Cui
2004 3024 2118 3094 jam
2145 3023 2439 3094 praeclarus
2468 3019 2767 3077 Ceolfridus
2795 3030 2820 3059 υ
2848 3018 3064 3090 praefuit
3092 3019 3291 3085 abbas;

1806 3096 1852 3157 (ἶ
1884 3119 1988 3187 Qui
2009 3117 2295 3189 peregrina
2319 3123 2510 3187 petens
2533 3112 2738 3169 Christi
2764 3111 3024 3167 deductus
3048 3126 3256 3177 amore,

1881 3210 2125 3266 Mortuus
2149 3216 2235 3264 est
2260 3206 2414 3263 exsul
2440 3205 2734 3276 Linguanae
2763 3203 2819 3258 in
2845 3202 3043 3259 finibus
3067 3204 3238 3269 urbis,

1876 3303 2055 3373 Atque
2076 3303 2151 3358 ibi
2175 3300 2442 3373 condigno
2465 3298 2598 3356 felix
2621 3295 2916 3353 tumulatus
2939 3296 3144 3352 honore
3165 3304 3267 3352 est.

1876 3394 2043 3465 Cujus
2064 3408 2260 3464 corpus
2281 3398 2399 3447 erat
2420 3397 2541 3461 post
2564 3396 2807 3458 tempora
2829 3385 2998 3442 multa
3022 3393 3321 3456 repertum,

1875 3486 2147 3558 [ntegrum
2172 3486 2404 3555 penitus,
2432 3480 2773 3552 patriamque
2796 3478 2991 3535 exinde
3014 3478 3317 3534 reductum.

1875 3576 2019 3648 Ergo
2040 3575 2366 3631 monasterio
2387 3573 2530 3630 Beda
2552 3571 2790 3627 nutritus
2810 3570 2867 3626 in
2892 3569 3002 3636 illo,

1876 3667 2101 3724 Ornavit
2123 3674 2336 3723 teneros
2356 3663 2635 3735 praeclaris
2657 3662 2901 3718 moribus
2921 3675 3110 3716 annos.

1874 3758 2096 3815 Discere
2118 3772 2354 3826 namque
2379 3770 2543 3826 sagax
2562 3752 2800 3824 juvenis,
2827 3767 2924 3807 seu
2947 3752 3185 3807 scribere
3206 3765 3418 3820 semper

1875 3851 2137 3907 Fervidus
2164 3848 2421 3911 instabat,
2448 3862 2555 3901 non
2580 3844 2731 3915 segni
2756 3850 2937 3897 mente
2962 3842 3217 3897 laborans
3244 3858 3258 3893 :

1878 3941 1946 3995 Et
1974 3942 2052 3997 sic
2077 3937 2383 4010 proficiens,
2414 3942 2498 3990 est
2527 3934 2702 3988 factus
2724 3932 2848 4002 jure
2874 3930 3152 4000 magister.

1876 4040 2111 4095 Plurima
2135 4042 2463 4108 quapropter
2485 4031 2776 4104 praeclarus
2799 4026 3058 4100 opuscula
3083 4027 3275 4083 doctor

1876 4129 2079 4195 Edidit,
2101 4128 2396 4199 explanatis
2414 4125 2644 4180 obscura
2667 4120 2936 4177 volumina
2963 4126 3166 4175 sanctae

1877 4221 2194 4290 Scriptum,
2218 4232 2319 4274 nec
2340 4231 2450 4272 non
2476 4215 2769 4270 Metrorum
2792 4211 3030 4267 condidit
3054 4219 3259 4278 artem;

1875 4312 1954 4369 De
1980 4325 2191 4383 quoque
2219 4308 2573 4380 Temporibus
2600 4306 2738 4362 mira
2767 4304 2977 4361 ratione
3005 4304 3277 4369 volumen,

1878 4402 2033 4471 Quod
2060 4409 2206 4457 tenet
2230 4408 2503 4456 astrorum
2529 4412 2738 4463 cursus,
2764 4396 2902 4462 loca,
2932 4404 3195 4465 tempora,
3229 4393 3391 4465 leges.

1880 4493 2113 4565 Scripsit
2139 4500 2195 4548 et
2222 4490 2527 4547 Historicos
2553 4488 2699 4543 claro
2726 4502 2975 4544 sermone
3003 4485 3232 4550 libellos,

1878 4585 2119 4643 Plurima
2142 4582 2392 4640 versiﬁco
2420 4582 2617 4638 cecinit
2640 4594 2853 4649 quoque
2878 4576 3130 4633 Carmina
3153 4575 3378 4647 plectro.

1877 4678 2034 4743 Actu,
2065 4682 2269 4742 mente,
2297 4673 2403 4729 fide
2429 4680 2671 4728 veterum
2697 4668 2922 4739 vestigia
2947 4668 3171 4724 Palmm
3241 4678 3256 4697 κ

3035 4799 3193 4858 Vers.
3231 4800 3389 4857 1512.

1961 4930 1983 4957 ο
2019 4917 2163 4971 Beda
2199 4915 2265 4970 de
2305 4928 2400 4968 sex
2439 4910 2688 4967 mtatibus
2726 4910 2911 4966 mundi
2951 4910 3023 4969 ad
3061 4924 3262 4965 annum
3299 4906 3459 4966 4671.

1888 5007 1906 5040 ι
1940 4987 2035 5041 His
2057 4982 2529 5055 temporibustait,
2560 4979 3035 5055 multi_Anglorum
3057 4979 3231 5055 gentis
3257 4978 3465 5033 nobiles

1881 5067 1937 5112 et
1963 5051 2290 5127 ignobiles...
2320 5053 2386 5108 de
2406 5051 2681 5127 Britannia
2709 5051 3464 5127 Romamvenireconsueve-

1881 5119 2036 5189 rant,
2067 5127 2209 5181 inter
2230 5139 2366 5194 quos
2400 5124 2565 5178 etiam
2601 5121 3079 5194 reverendissimus
3109 5119 3276 5174 abbas
3306 5130 3461 5172 meus

1880 5195 2182 5253 Ceolfridus
2206 5192 2376 5250 annos
2401 5200 2562 5248 natus
2589 5192 2926 5263 septuaginta
2950 5199 3347 5263 quatuor,_cum
3377 5200 3466 5244 cs-

1880 5277 1963 5322 sct
1996 5266 2278 5331 presbvter
2315 5264 2472 5319 annis
2556 5258 2872 5331 uadraginta
2904 5258 3130 5331 septem,
3161 5258 3329 5312 abbas
3370 5271 3465 5311 au-

1880 5347 1986 5387 tem
2016 5325 2235 5387 triginta
2261 5278 2647 5387 ﬂuinOlle.quli
2675 5332 2943 5387 Lingonas
2973 5328 3236 5387 pervenit,
3270 5326 3343 5381 ibi
3370 5327 3463 5381 de-

1878 5347 1986 5407 tem
2002 5326 2235 5407 triginta
2261 5335 2516 5407 quinque.
2533 5326 2943 5407 IlhiLi'ngonas
2958 5326 3236 5407 pervenit,
3270 5326 3343 5381 i‘bi
3370 5327 3463 5381 de-

1877 5399 2119 5471 functus:
2136 5399 2297 5475 atque
2326 5406 2379 5459 in
2407 5399 3296 5475 cedesiabeatomm_ceminorpm
3320 5411 3465 5475 mar-

1878 5488 2055 5548 tyrum
2096 5466 2336 5546 sepultus
2377 5483 2479 5530 est.
2532 5472 2726 5548 i__\[ide
2767 5470 2997 5548 Μεώίιι.Δ
3028 5470 3149 5548 Act:
3328 5466 3458 5521 lien.

1879 5537 2003 5603 saec.
2041 5564 2101 5609 ιι,
2134 5537 2273 5616 part.
2314 5562 2362 5612 ι,
2395 5559 2515 5615 pag.
2547 5542 2684 5598 1009
2726 5551 2780 5598 et
2818 5556 2933 5613 seq.
2970 5537 3162 5596 Annal.
3200 5538 3323 5595 libr.
3362 5552 3458 5604 xx,

1881 5634 2027 5674 num.
2064 5618 2146 5671 ll.
