3866 6170
405 284 511 340 839

406 401 633 469 Semper
657 396 782 451 dum
811 392 966 458 vixit,
995 390 1200 447 directo
1224 396 1308 443 est
1332 384 1470 441 calle
1492 388 1729 469 secutus.

407 507 433 536 ι
466 466 636 563 Hujus
664 488 772 543 vita
801 485 1015 556 quidem
1044 480 1221 553 qualis
1252 478 1353 533 fuit
1381 481 1509 529 ante
1536 466 1801 563 magistri,

405 560 564 641 Claro
590 588 710 650 post
737 578 942 634 obitum
970 575 1122 645 signo
1147 579 1230 626 est
1254 566 1524 640 patefacta
1551 560 1755 650 salutis.

407 647 747 744 Egerenim
775 667 993 737 quidam
1020 661 1198 719 Patris
1227 660 1352 715 dum
1379 647 1767 744 cingituralmi

410 741 713 831 Reliiquiis,
740 759 955 828 penitus
977 760 1130 825 peste
1152 757 1235 808 est
1259 754 1481 804 sanatus
1504 745 1573 799 ab
1598 741 1708 797 illa.

481 828 798 921 Te—quoque
820 846 998 902 Pierio
1025 847 1324 913 tangentes,
1353 835 1603 891 Baltbere
1626 832 1677 896 ι),
1704 828 1930 901 plectro,

407 946 476 1001 Et
501 945 617 1010 tibi,
644 951 851 1006 sancte,
878 940 1054 993 locum
1081 933 1281 989 nostris
1308 930 1363 984 in
1388 926 1635 983 versibus
1661 923 1824 977 istum

410 1034 569 1105 255
608 1032 896 1103 Signantes
931 1026 1185 1097 petimus,
1211 1021 1426 1093 placida
1460 1024 1517 1072 tu
1541 1020 1721 1069 mente
1750 1016 1950 1105 teneto,

408 1102 501 1181 ᾖ.
516 1102 641 1193 rege
667 1102 810 1176 nunc
834 1124 1077 1172 nostram
1106 1112 1283 1184 pelagi
1305 1124 1402 1181 per
1428 1106 1627 1164 caerula
1653 1102 1902 1176 cymbam

416 1214 543 1269 inde
567 1219 808 1267 monstra
833 1207 1020 1271 maris,
1047 1202 1358 1274 scopulosas
1380 1201 1523 1254 inter
1547 1205 1604 1252 et
1629 1195 1819 1256 undas,

409 1303 482 1358 Ut
508 1302 677 1373 possit
705 1307 920 1372 portum
941 1307 1169 1367 portans
1197 1294 1466 1364 attingere
1491 1298 1684 1344 tutum.

480 1395 576 1447 Est
607 1393 760 1447 locus
805 1388 1018 1444 undoso
1042 1383 1409 1441 circumdatus
1437 1380 1673 1447 undique
1698 1381 1884 1445 ponto,

409 1487 659 1559 Rupibus
678 1484 967 1540 horrendis
990 1490 1265 1552 prmrupto
1291 1486 1344 1533 et
1376 1476 1619 1547 margine
1647 1480 1848 1541 septus,

409 1583 468 1638 In
498 1596 606 1650 quo
631 1579 957 1648 bellipotens
986 1584 1206 1629 terreno
1237 1573 1291 1626 in
1320 1584 1548 1639 corpore
1575 1566 1728 1619 miles

412 1674 621 1746 Saepius
641 1671 817 1725 aerias
843 1666 1096 1723 vincebat
1123 1658 1374 1719 Balthere
1402 1669 1633 1722 turmas,

412 1766 544 1833 Quae
567 1763 670 1819 sibi
697 1759 1032 1817 multimodis
1055 1756 1343 1811 variabant
1367 1752 1507 1809 bella
1540 1748 1744 1819 ﬁguris.

411 1855 513 1924 Qui
545 1862 724 1908 tamen
749 1849 1049 1920 intrepidus
1070 1846 1286 1902 hostilia
1311 1850 1488 1900 castra
1518 1839 1711 1903 relisit,

414 1946 542 2001 Tela
568 1944 950 2015 malignorum,
985 1953 1202 2009 semper
1229 1935 1407 1991 crucis
1433 1946 1585 1987 arma
1614 1931 1804 1986 beatus

411 2036 641 2105 Belliger
677 2047 972 2103 opponens,
1004 2030 1215 2099 galeam
1251 2031 1570 2093 scutumque
1596 2019 1741 2075 fidei.

413 2128 512 2183 Vir
537 2128 659 2198 pius
687 2125 778 2179 ille
811 2124 1030 2195 quidem
1056 2119 1293 2191 quodam
1321 2117 1450 2172 dum
1477 2122 1724 2183 tempore
1743 2109 1891 2165 solus

410 2220 659 2276 Incubuit
684 2217 957 2290 precibus,
980 2214 1249 2270 meditans
1276 2209 1521 2267 coelestia
1548 2216 1759 2261 tantum
1790 2222 1803 2257 :

412 2310 737 2366 llorribilem
765 2308 943 2363 subito
969 2305 1254 2375 strepitum
1283 2299 1443 2357 simul
1472 2294 1929 2368 atquefragorem

410 2405 651 2470 Audivit,
686 2403 852 2458 veluti
894 2399 1039 2471 vulgi
1078 2395 1415 2469 erumpentis
1464 2393 1523 2447 in
1555 2391 1758 2447 hostes.

414 2495 566 2550 Tunc
585 2494 765 2549 anima
795 2508 860 2547 ex
889 2490 1101 2560 superis
1141 2485 1419 2557 cujusdam
1451 2481 1686 2538 nubibus
1712 2478 1832 2549 ejus
1886 2496 1887 2499 ‘

411 2584 553 2640 Ante
571 2584 736 2654 pedes
760 2581 980 2647 cecidit,
1016 2577 1187 2632 nimio
1213 2573 1530 2629 tremefacta
1554 2572 1748 2625 timore
1774 2586 1789 2634 ;

413 2677 589 2745 Quam
626 2691 752 2730 mox
776 2673 935 2727 turba
960 2671 1147 2725 minax
1175 2666 1380 2738 ingenti
1409 2665 1636 2720 horrore
1674 2668 1861 2717 secuta
1890 2665 1999 2728 est,

412 2766 548 2822 Cum
572 2765 739 2819 variis
769 2763 1021 2817 miseram
1057 2759 1234 2830 pomis
1259 2766 1515 2827 torquere
1537 2753 1811 2809 volentnm
1839 2769 1855 2805 :

412 2855 485 2911 At
503 2855 666 2911 Pater
691 2853 780 2908 ille
801 2853 922 2923 pius
948 2850 1175 2922 placidis
1202 2847 1540 2919 amplexibus
1567 2844 1712 2900 illam

409 2948 656 3019 Arripuit
684 2946 913 3019 gremio,
944 2944 1235 3014 statimque
1264 2939 1488 3012 inquirit
1514 2940 1582 2994 ab
1602 2938 1716 3004 illa,

412 3040 543 3109 Quae
562 3045 726 3106 esset,
764 3052 863 3093 cur
887 3035 1121 3108 fugeret,
1170 3032 1376 3089 faceret
1417 3029 1501 3087 vel
1527 3044 1647 3101 quae
1682 3028 1866 3084 mala?
1899 3024 1997 3083 Cui

1775 3122 1929 3195 [tunc

411 3220 707 3291 Respondit
736 3234 752 3274 :
787 3237 806 3272 ι
842 3218 1030 3274 Levita
1058 3216 1153 3283 fui,
1181 3217 1276 3272 sed
1300 3224 1481 3272 mente
1507 3213 1741 3284 maligna

412 3311 670 3366 Feminea
700 3310 976 3380 amplexus
1004 3309 1255 3364 manibus
1285 3323 1406 3363 sum
1437 3314 1659 3377 pectora
1688 3312 1922 3370 tantum,

411 3399 482 3453 Et
510 3399 723 3467 culpam
745 3400 934 3452 erubui
959 3398 1146 3453 vivens
1172 3398 1227 3452 in
1259 3413 1424 3454 carne
1452 3397 1631 3453 fateri.

414 3487 570 3542 Nunc
599 3488 800 3543 idcirco
838 3488 939 3543 feri
973 3487 1124 3542 duris
1150 3490 1462 3545 incursibus
1488 3490 1672 3545 hostes

414 3576 519 3631 Per
544 3577 766 3647 triginta
789 3577 901 3633 dies
929 3593 1106 3633 meme
1134 3587 1385 3648 torquere
1407 3587 1725 3649 sequuntur.

416 3666 528 3722 Nec
551 3675 764 3737 captata
789 3666 888 3734 fni,
917 3668 1011 3725 sed
1049 3684 1150 3725 nec
1183 3684 1376 3725 secura
1401 3672 1658 3726 remansi.
1696 3692 1717 3724 ι

418 3756 570 3813 Tunc
595 3759 833 3813 terrebat
857 3774 982 3814 eum
1005 3759 1247 3816 clamans
1271 3776 1338 3816 ex
1370 3762 1617 3818 hostibus
1641 3778 1781 3818 unus
1804 3781 1818 3793 -

423 3870 443 3904 ι
478 3851 596 3907 Non
625 3852 785 3907 hodie
815 3851 1060 3925 effugies,
1087 3869 1189 3910 nec
1212 3855 1258 3909 si
1285 3855 1524 3911 tenearis
1554 3856 1608 3911 in
1632 3855 1776 3912 ulnis

415 3942 586 4009 Petri,
613 3946 707 4001 sed
735 3946 960 4001 meritas
984 3947 1227 4017 patieris,
1257 3948 1513 4018 pessime,
1542 3964 1753 4018 poenas.
1794 3969 1815 4001 ι

418 4036 653 4093 Sanctus
681 4036 991 4093 atirascens
1010 4037 1156 4093 Petri
1183 4040 1427 4095 convicia
1455 4048 1697 4111 propter,

418 4130 545 4187 Haec
566 4132 641 4186 ait
673 4148 685 4184 :
722 4148 741 4182 ι
776 4130 917 4186 Ecce
939 4131 1118 4186 minor
1138 4131 1352 4187 meritis
1388 4147 1508 4187 sum
1531 4133 1739 4190 centies
1761 4132 1851 4188 illo

415 4224 667 4296 Principe
689 4223 984 4294 apostolico
1008 4240 1024 4290 ;
1057 4223 1151 4279 sed
1178 4224 1244 4279 de
1271 4224 1474 4295 pietate
1497 4224 1762 4281 Tonantis

419 4315 732 4383 Confidens,
757 4315 880 4371 dico
911 4316 1029 4381 tibi,
1055 4322 1180 4370 trux
1209 4322 1266 4369 et
1297 4330 1439 4370 saeve
1468 4324 1721 4387 tyranne,

418 4407 538 4465 Non
564 4409 724 4464 hodie
760 4407 1002 4478 portabis
1028 4421 1150 4461 eam
1178 4406 1280 4461 sub
1304 4412 1506 4461 tartara
1531 4415 1729 4462 tecum.
1766 4426 1784 4459 ι

420 4499 572 4555 Tunc
599 4499 722 4570 pius
755 4499 1094 4553 interventor
1114 4497 1279 4552 humo
1297 4496 1677 4566 prosternitur,
1702 4505 1863 4566 atque

421 4591 557 4649 Cum
576 4590 831 4662 iacrymis
863 4588 1091 4644 Domino
1114 4602 1214 4658 pro
1239 4586 1396 4657 culpa
1426 4586 1690 4657 supplicat
1710 4586 1821 4641 illa.

421 4681 534 4744 Nec
557 4683 709 4754 prius
734 4681 823 4737 ille
850 4695 1040 4752 preces
1069 4679 1282 4737 desistit
1307 4678 1533 4735 fundere
1558 4695 1769 4746 sacras,

422 4774 597 4844 Quam
616 4775 851 4848 propriis
876 4774 1113 4827 animam
1138 4770 1270 4826 ferri
1301 4769 1529 4827 vidisset
1554 4769 1739 4825 ocellis

496 4912 651 4969 Vers.
695 4909 852 4965 1560.

499 5088 526 5161 ς
562 5074 827 5161 ψυῑιικιε
847 5075 1104 5161 cit.‘pa‘g.
1132 5074 1253 5131 100.

496 5147 527 5189 δ
559 5146 825 5204 Cunewlsi
847 5145 1301 5202 Lindisfarnensis
1319 5145 1555 5217 episcopi
1578 5160 1720 5202 anno
1742 5161 1852 5202 xvu
1872 5161 2009 5217 pon-

408 5217 694 5288 .tificatus;
726 5217 874 5288 regni
905 5232 1034 5274 vero
1068 5217 1321 5273 Eadberti
1349 5216 1836 5288 N_orthumhrorum
1863 5216 2009 5288 regis

429 5304 523 5345 ιι.
563 5307 585 5371 ε
628 5286 1045 5371 Ἢῃῡὸῐηῇηίκςμ
1070 5286 1694 5371 presbyter-Baltherus,
1726 5287 1818 5359 qui
1842 5286 2008 5371 vitam

428 5359 862 5429 anachoreticam
885 5359 941 5413 in
966 5357 1592 5429 Tiningabamduxerat,
1621 5357 1763 5429 viam
1790 5366 2008 5429 sancto—

431 5442 552 5501 rum
583 5427 803 5501 Patrum
828 5429 1104 5501 ingressus
1132 5427 1549 5501 est,_migrando_
1573 5427 1640 5501 ad
1665 5442 1788 5501 etim
1820 5427 1923 5501 qui
1953 5441 2011 5482 se

432 5498 750 5573 reformavit
783 5496 1176 5573 adjmaginem
1204 5496 1850 5573 ﬁlii__sui,_pri£lie_Nona§
1873 5496 2013 5573 Mar-

434 5567 560 5631 tias,
594 5587 613 5640 _»
648 5566 1120 5640 inquit'l‘urgotus
1162 5570 1225 5640 in
1242 5568 1428 5640 _Libro_
1443 5566 1510 5623 de
1545 5568 1786 5640 Ecclesia
1801 5566 2013 5640 _Dune_l-

436 5636 642 5703 mensi,
683 5644 738 5688 et
756 5636 1132 5703 quidem'anno
1161 5637 1264 5691 756
1290 5654 1356 5692 ex
1384 5637 1690 5694 ﬂovedeno.
1720 5636 1929 5693 Colitur
1958 5638 2012 5691 in

440 5701 618 5755 Fastis
653 5701 1009 5762 Benédictinis
1035 5707 1119 5761 die
1144 5706 1212 5758 27
1238 5706 1368 5759 Nov.
1412 5707 1668 5771 Reliquiae
1693 5706 2012 5763 Dunelmum

1227 273 1287 329 Β.
1325 272 1388 327 F.
1422 264 1647 326 ALBlNl
1676 262 1808 319 SEU
1847 256 2125 314 ALCUIN‘!
2163 250 2447 311 OPERUM
2489 247 2664 305 PARS
2701 246 2784 302 Vl.

2016 376 2063 435 Α
2094 370 2266 426 Altius
2288 366 2557 440 angelicas
2577 365 2699 423 cmli
2727 376 2894 433 super
2915 368 3064 419 astra
3090 374 3188 431 per
3214 359 3388 415 ulnas.

3460 290 3481 309 .
3558 244 3655 307 830

2091 462 2196 517 Par
2225 473 2440 532 quoque
2456 460 2570 531 jam
2591 456 2764 513 veteri
2797 456 3117 525 signumque
3127 451 3391 522 :equabile
3413 452 3566 523 signo

2091 553 2204 609 Hoc
2228 553 2293 609 de
2322 550 2486 608 Patre
2510 548 2600 619 pio
2622 546 2791 619 gessit
2813 544 3099 603 clementia
3130 542 3351 601 Christi.

2090 644 2225 699 Nam
2260 643 2407 699 velut
2438 654 2721 711 aequoreas
2744 637 2937 694 Petrus
2967 635 3277 692 calcaverat
3298 635 3492 701 undas,

2092 735 2184 791 Sic
2210 735 2339 792 huic
2370 732 2552 789 evenit
2579 748 2594 798 ;
2629 730 2882 802 gradiens
2908 743 3035 786 nam
3062 734 3310 798 tempore
3336 726 3567 799 quodam

2090 825 2261 896 Rupis
2295 825 2348 878 in
2374 821 2601 877 excelsa:
2620 827 2891 891 praerupto
2918 818 3185 892 margine,
3212 832 3343 874 casu

2091 914 2349 987 Contigit,
2372 921 2432 969 ut
2455 914 2674 969 caderet
2699 928 2714 967 :
2747 910 2843 967 sed
2869 909 3123 966 fluctibus
3147 909 3237 966 ille
3259 909 3489 966 marinis

2092 1006 2374 1070 Sufl'ultus,
2403 1004 2649 1076 graditur
2675 1002 2835 1058 siccis
2862 1017 3025 1073 super
3055 1016 3275 1072 aequora
3297 999 3516 1070 plantis.

2091 1100 2160 1154 Et
2185 1114 2285 1154 ceu
2311 1113 2439 1154 rura
2473 1096 2571 1153 soli
2594 1103 2883 1167 premeret,
2909 1095 2988 1151 sic
3018 1094 3259 1152 ambulat
3284 1094 3443 1150 undis
3467 1112 3481 1147 :

2090 1187 2211 1243 Jam
2235 1188 2343 1242 nisi
2372 1187 2516 1258 quod
2540 1187 2710 1243 levius
2730 1193 3047 1256 susceperat
3070 1184 3213 1242 unda
3252 1192 3526 1247 ruentem,

2092 1280 2263 1347 Quam
2285 1278 2330 1333 si
2354 1278 2490 1337 dura
2518 1278 2697 1335 virum
2719 1277 3059 1347 accepissent
3079 1291 3209 1331 arva
3243 1277 3547 1332 cadentem.

2094 1371 2231 1425 Dum
2256 1370 2386 1435 ruit,
2415 1370 2557 1425 unda
2581 1366 2720 1434 fluit,
2744 1383 2905 1424 casus
2928 1381 2998 1423 ne
3021 1366 3241 1423 laederet
3272 1366 3447 1423 illum.

2093 1460 2381 1517 Gressibus
2406 1474 2536 1517 arva
2560 1466 2800 1525 manent,
2826 1456 2977 1515 illum
3001 1471 3070 1512 ne
3093 1465 3365 1529 mergeret
3391 1471 3585 1529 κηποι.

2089 1554 2345 1613 Ambulat
2369 1569 2499 1625 ergo
2527 1553 2668 1609 freto
2697 1550 2891 1617 solido,
2914 1564 3014 1607 ceu
3042 1549 3260 1605 tramite
3288 1557 3503 1615 teme,’

2093 1647 2276 1701 Donec
2301 1645 2369 1699 ad
2394 1644 2719 1712 undivagam
2740 1647 3059 1712 pervenerat
3087 1640 3202 1710 ipse
3229 1640 3474 1695 carinam
3511 1658 3523 1693 :

2023 1714 2073 1779 Β
2098 1737 2270 1805 Quam
2298 1752 2424 1797 mox
2450 1735 2697 1792 ascendit
2722 1748 2917 1791 securo
2947 1732 3081 1788 calle
3103 1730 3375 1802 pedester.

2096 1827 2214 1885 Non
2244 1828 2299 1882 in
2327 1834 2477 1882 veste
2500 1826 2697 1896 liquor,
2727 1839 2835 1881 non
2860 1822 3035 1879 soccis
3060 1823 3295 1878 haaserat
3321 1821 3538 1877 humor.

2096 1917 2250 1985 Quod
2277 1925 2473 1973 natura
2500 1924 2681 1987 negat,
2709 1915 2813 1970 hoc
2841 1914 2933 1970 dat
2960 1921 3049 1968 tua
3077 1914 3318 1978 dextera,
3348 1910 3587 1977 Christe,

2098 2008 2254 2065 Unda
2280 2017 2374 2063 tuo
2393 2006 2550 2077 jussu
2577 2004 2752 2076 pelagi
2779 2005 2840 2060 fit
2865 2003 3050 2075 pervia
3067 2001 3267 2074 justis:

2097 2100 2265 2157 Terra
2291 2099 2386 2155 sed
2406 2115 2438 2157 e
2463 2107 2656 2155 contra
2680 2097 2879 2153 vindex
2899 2095 2960 2151 fit
2987 2110 3188 2167 gurges
3209 2094 3429 2167 iniquis.

2084 2190 2298 2250 .Suffert
2331 2191 2433 2246 ista
2463 2189 2715 2258 humiles,
2754 2189 2881 2245 dum
2907 2188 3129 2245 devorat
3155 2186 3248 2243 illa
3276 2186 3569 2257 superbos.

2096 2279 2252 2337 Nunc
2276 2289 2328 2336 te
2349 2281 2443 2337 sed
2469 2279 2703 2350 petimus
2725 2278 2924 2347 devoti,
2958 2277 3211 2335 Balthere
3241 2285 3449 2341 sancte,

2098 2372 2169 2429 Ut
2189 2372 2329 2428 sicut
2354 2371 2492 2427 unda
2523 2380 2676 2427 tuum
2702 2369 2961 2441 portabat
2996 2369 3065 2425 ab
3093 2384 3311 2439 aequore
3336 2384 3563 2439 corpus,

2099 2461 2174 2516 Te
2199 2476 2389 2517 sanum
2417 2460 2637 2531 penitus
2664 2460 2936 2517 revehens
2963 2459 3034 2516 ad
3069 2459 3255 2517 littora
3282 2466 3408 2516 nuta
3432 2476 3451 2512 ι

2099 2550 2191 2608 Si‘c
2214 2551 2466 2623 precibus
2492 2558 2709 2607 nostras
2741 2550 2952 2607 animas
2975 2551 3206 2609 evadere
3231 2548 3428 2606 fluctus

2096 2642 2395 2699 Mundanos
2432 2639 2619 2710 facias,
2649 2650 2975 2714 portumque
3001 2643 3208 2699 intrare
3236 2641 3450 2699 salutis.

2097 2733 2306 2790 Claruit
2331 2732 2419 2790 his
2437 2733 2602 2790 etiam
2629 2734 2957 2791 venerabilis
2984 2733 3130 2791 Eeha
3158 2745 3181 2774 ⁸
3203 2733 3394 2792 diebus

2095 2825 2441 2883 Anachoreta
2466 2842 2643 2896 sacer,
2663 2828 2833 2885 eremi
2852 2836 3063 2884 secreta
3093 2835 3332 2894 secutus,

2097 2919 2370 2978 Terrenos
2397 2918 2610 2994 fugiens
2629 2919 2745 2992 jam
2765 2936 2992 2993 corpore
3018 2927 3204 2977 castus
3231 2921 3494 2986 honores,

2101 3010 2177 3067 Ut
2206 3027 2334 3068 cum
2359 3024 2490 3082 rege
2510 3008 2623 3066 Deo
2650 3009 2901 3068 cmlestes
2928 3016 3113 3080 posset
3142 3008 3363 3067 habere.
3452 3038 3469 3044 —

2102 3100 2420 3172 Angelicam
2443 3099 2606 3157 terris
2625 3100 2792 3156 vitam
2818 3099 3045 3157 devotus
3063 3100 3293 3171 agendo,

2102 3190 2269 3246 Multa
2303 3190 2606 3263 praphetali
2629 3191 2883 3262 prmdixit
2908 3198 3087 3249 mente
3112 3191 3313 3248 futura.

2101 3282 2180 3340 De
2203 3299 2311 3355 quo
2336 3282 2495 3354 plura
2520 3290 2668 3339 vetat
2692 3282 2908 3339 narrari
2938 3281 3090 3339 Musa
3117 3298 3406 3341 recurrens

2102 3372 2371 3430 Carminis
2397 3374 2466 3429 ad
2493 3373 2676 3440 finem,
2708 3372 3029 3444 propriique
3050 3372 3118 3427 ad
3148 3380 3303 3444 gesta
3330 3371 3617 3442 magistri;

2173 3486 2275 3554 Qui
2298 3494 2423 3558 post
2449 3485 2780 3558 Eegbertum
2806 3485 3137 3541 venerandae
3160 3486 3395 3558 insignia
3421 3486 3570 3541 sedis

2105 3575 2374 3646 Suscepit,
2409 3576 2625 3646 sapiens
2649 3575 2927 3632 )Elhenus
2954 3576 2982 3619 ει
3013 3577 3234 3632 nomine
3254 3576 3452 3632 dictus.

2102 3664 2202 3721 Vir
2224 3666 2398 3722 bonus
2426 3673 2481 3721 et
2523 3666 2723 3737 justus,
2776 3665 2981 3738 largus,
3015 3666 3160 3737 pius,
3190 3672 3354 3737 atque
3380 3666 3675 3739 benignus;

2103 3756 2392 3813 Catholicae
2420 3755 2546 3812 fidei
2572 3755 2773 3822 fautor,
2799 3764 3125 3827 praeceptor,
3150 3763 3398 3822 amator;

2103 3847 2359 3905 Ecclesiae
2382 3855 2584 3915 rector,
2607 3848 2820 3914 doctor,
2849 3846 3124 3914 defensor,
3146 3847 3422 3914 alumnus,

2103 3938 2332 3996 Justitiae
2366 3939 2560 4005 cultor,
2591 3938 2724 4010 legis
2750 3938 2899 4005 tuba,
2932 3954 3116 4012 prmco
3142 3940 3356 4006 salutis,

2105 4030 2241 4101 Spes
2263 4032 2506 4102 inopum,
2539 4031 2905 4101 orphanisque
2948 4039 3123 4102 pater,
3154 4032 3361 4092 solator
3408 4041 3669 4102 egenum.

2105 4122 2254 4178 Trux
2276 4123 2481 4193 rigidis,
2513 4121 2849 4193 blandusque
2884 4122 3064 4189 bonis,
3106 4124 3381 4192 durusque
3401 4121 3639 4193 superbis
3662 4136 3680 4172 z

2103 4214 2286 4272 Fortis
2307 4216 2364 4271 in
2400 4215 2662 4283 adversis,
2692 4214 2914 4271 humilis
2942 4213 3043 4270 ibit
3070 4215 3237 4286 inque
3264 4214 3539 4272 secundis.

2106 4305 2284 4363 Mente
2307 4321 2495 4377 sagax,
2528 4321 2636 4363 non
2659 4321 2756 4362 ore
2776 4306 2973 4376 loquax
3003 4323 3016 4360 :
3049 4306 3146 4361 sed
3170 4314 3429 4362 strenuus
3454 4311 3599 4361 actu.

2106 4395 2205 4451 Cui
2226 4405 2487 4467 quantum
2517 4396 2693 4451 crevit
2714 4395 2975 4450 cumulati
3008 4396 3220 4452 culmen
3251 4396 3494 4461 honoris,

2110 4483 2342 4540 Tantum
2366 4500 2524 4540 mens
2542 4485 2737 4541 humili
2772 4500 2894 4543 sese
2915 4485 3119 4555 pietate
3135 4485 3370 4557 subegit.

2107 4575 2186 4633 De
2213 4591 2321 4646 quo
2355 4574 2606 4630 versifico
2634 4574 2796 4646 paulo
2815 4576 2936 4646 plus
2969 4589 3197 4645 pergere
3223 4590 3414 4646 gressu

2109 4666 2390 4722 Euhoricaa
2413 4681 2625 4721 mecum
2654 4665 2820 4721 libeat
2845 4666 2961 4732 tibi,
2987 4681 3192 4736 quasso,
3217 4665 3499 4734 juventus.

2111 4758 2211 4814 Hic
2235 4759 2361 4829 quia
2383 4772 2524 4827 saepe
2546 4765 2669 4813 tuos
2694 4755 2927 4828 perfudit
2950 4764 3171 4812 nectare
3195 4771 3409 4821 sensus,

3268 4887 3426 4944 Vers.
3464 4885 3599 4943 “09

2110 5069 2384 5142 translatae
2407 5083 2532 5125 saec.
2561 5084 2637 5126 xx.
2664 5067 2808 5142 Lege
2830 5066 3148 5142 Bollandqm
3158 5066 3406 5142 addico}
3430 5065 3467 5142 β
3492 5063 3681 5142 Ital-iii.

2109 5143 2202 5199 ubi
2241 5140 2379 5196 situs
2405 5138 2719 5195 monasterii
2748 5135 2850 5193 seu
2873 5135 3042 5193 eremi
3072 5135 3131 5193 Β.
3158 5136 3399 5195 Baltheri
3432 5137 3488 5193 in
3513 5135 3683 5190 Scotia

2110 5211 2410 5284 reponitur.
2443 5209 2672 5264 Manus.

2115 5359 2128 5365 Δ
2173 5293 2207 5365 ὀ
2350 5281 2455 5335 isto
2489 5278 2637 5333 Eclm
2663 5278 2987 5335 anachoreta
3013 5278 3153 5335 nihil
3181 5278 3311 5337 alibi
3341 5276 3689 5351 reperire!”

2110 5359 2212 5462 ιωᾶ
2246 5351 2527 5474 Ἒῗιξὲιξλω
2561 5420 2833 5489 episcopus
2884 5419 3149 5475 successit
3174 5433 3317 5489 anno
3342 5417 3489 5489 766;
3516 5415 3691 5489 5°"?

2114 5492 2217 5573 den
2244 5489 2437 5545 Annal.
2491 5480 2876 5573 part.__priori,
2934 5504 3057 5573 pag.
3086 5489 3212 5546 405.
3261 5480 3688 5573 Ξεὺίε1;’ᾼιξξιέξο

2113 5561 2236 5617 libr.
2264 5576 2415 5626 x-xlv,
2442 5552 2592 5615 num.
2622 5552 2702 5613 Μ’
2715 5567 2770 5615 et
2799 5552 2888 5626 η,
2919 5552 3055 5619 obiit
3079 5574 3224 5618 anno
3260 5560 3384 5618 780.
3412 5552 3686 5626 ldemlihrl

2114 5647 2261 5757 1:56
2265 5619 2424 5755 pum.
2459 5631 2542 5686 ll.
2577 5629 2710 5687 Vide
2754 5619 2916 5687 etiam
2952 5630 3223 5687 Alfortum
3254 5630 3323 5685 ad
3352 5643 3549 5699 annum
3592 5619 3695 5676 766

2115 5717 2145 5759 e
2204 5720 2218 5756 ι
2302 5742 2315 5755 .
