3866 6170
356 278 461 338 845

359 390 661 464 Supposita:
685 402 806 457 qua:
835 392 982 442 stant
1010 380 1249 438 curvatis
1269 377 1524 438 arcubus,
1558 373 1703 425 intus

363 461 573 542 Emi-eat
598 479 826 552 egregiis
851 474 1198 546 laquearibus
1228 477 1388 538 atque
1416 461 1685 525 fenestris,

363 548 702 645 Pulchraque
724 548 1025 643 porticibus
1052 564 1220 635 fulget
1249 555 1583 616 circumdata
1615 548 1816 613 multis,

366 671 599 726 Plurima
628 664 854 721 diversis
872 662 1114 717 retinens
1138 653 1335 712 solaria
1364 648 1541 714 tectis,

368 760 497 830 Quae
523 757 743 828 triginta
777 760 924 808 tenet
947 748 1115 805 variis
1135 740 1428 800 ornatibus!
1440 752 1584 792 aras.

371 825 483 907 lloc
512 825 621 905 duo
643 843 888 914 discipuli
918 837 1195 908 templum,
1226 833 1448 888 doctore
1468 825 1711 896 iubente,

372 914 798 999 Ediﬁcav‘e‘runt
828 929 1135 987 Eanbaldus
1154 933 1210 981 et
1239 921 1519 984 Alcuinus,
1546 915 1704 972 ambo

372 1029 679 1089 Concordes
701 1024 850 1095 operi
876 1022 1070 1076 devota
1097 1020 1280 1071 mente
1303 1011 1602 1067 studentes.
1642 1064 1643 1067 η

376 1124 489 1177 lloc
515 1130 691 1174 tamen
719 1091 829 1184 ipse
853 1113 1015 1165 Pater
1034 1105 1179 1162 socio
1200 1119 1323 1159 cum
1351 1097 1582 1171 praesule
1613 1108 1638 1137 α
1668 1091 1949 1164 templum,

376 1214 514 1267 Ante
542 1209 629 1263 die
651 1204 859 1259 decima
896 1212 1059 1269 quam
1090 1194 1369 1251 clauderet
1400 1189 1589 1245 ultima
1609 1187 1735 1241 vitae

376 1302 604 1359 Lumina
634 1294 935 1368 praesentis,
960 1289 1163 1359 sophia:
1185 1289 1493 1341 sacraverat
1519 1280 1681 1335 alma:

382 1396 521 1464 Ergo
549 1388 885 1445 ministrator
912 1378 1241 1437 clarissimus
1267 1374 1456 1431 ordine
1479 1384 1635 1427 sacro

379 1461 585 1540 Pra‘sul
609 1475 919 1550 perfectus;
960 1469 1170 1526 meritis
1192 1466 1491 1537 plenusque
1513 1461 1747 1523 dierum,

384 1570 627 1629 Tradidit
648 1563 924 1621 Eaubaldo
952 1562 979 1600 δ
1003 1560 1198 1615 dilecto
1221 1558 1375 1613 ltetus
1395 1554 1616 1608 alumno

386 1662 544 1734 257
583 1655 901 1713 Pontilicale
934 1653 1118 1718 decus,
1142 1649 1359 1705 sibimet
1391 1653 1601 1700 secreta
1629 1638 1820 1712 petivit

391 1755 578 1821 Scpta,
601 1749 713 1801 Deo
738 1744 834 1800 soli
874 1739 1111 1812 quoiam
1133 1738 1340 1793 servire
1366 1740 1606 1788 vacaret.

390 1838 634 1896 Tralidit
660 1842 742 1889 ast
770 1833 876 1887 alio
910 1842 931 1869 ο
962 1831 1158 1884 cbaras
1184 1841 1346 1896 super
1366 1824 1545 1879 omnia
1576 1834 1736 1891 gazas

390 1932 677 1988 Librorum
702 1934 847 1990 nato,
889 1919 1033 1991 patri
1061 1918 1154 1989 qui
1185 1931 1397 1987 semper
1421 1913 1668 1977 adhaesit,

392 2021 661 2078 Doctrina:
688 2016 877 2073 sitiens
909 2011 1133 2067 haurire
1156 2007 1354 2062 ﬂuenta
1383 2012 1570 2060 suetus
1599 2020 1611 2055 :

393 2112 558 2184 Cujus
583 2111 629 2169 si
655 2122 815 2166 curas
831 2102 1110 2176 proprium
1145 2110 1472 2171 cognoscere
1497 2108 1689 2149 nomen

393 2179 596 2265 Fronte
623 2218 719 2260 sua
750 2199 935 2256 statim
961 2192 1251 2266 praesentia
1281 2188 1521 2246 carmina
1554 2183 1785 2255 prodent
1814 2179 1865 2235 τι.

397 2299 495 2356 His
518 2295 698 2353 divisit
719 2305 850 2361 opes
871 2285 1103 2343 diversis
1126 2281 1396 2345 sortibus;
1426 2277 1505 2332 illi

396 2388 651 2450 Ecclesiae
681 2383 944 2455 regimen,
975 2377 1282 2437 thesauros,
1311 2383 1459 2434 rura,
1483 2367 1688 2421 talenta
1724 2383 1737 2417 :

401 2481 536 2535 Huic
555 2476 756 2548 s0phize
768 2472 1063 2543 specimen,
1079 2465 1341 2528 studium,
1354 2461 1665 2528 sedemque,
1685 2456 1974 2522 librosque.

402 2545 652 2638 Undique
676 2579 813 2634 quos
834 2562 1018 2617 clarus
1044 2556 1332 2625 collegerat
1363 2557 1488 2604 ante
1513 2545 1803 2616 magister,

403 2662 659 2735 Egregias
694 2656 934 2713 condens
959 2665 1068 2705 uno
1095 2647 1195 2703 sub
1224 2642 1458 2699 culmine
1487 2652 1670 2709 gazas.

402 2733 517 2811 illic
544 2750 784 2806 invenies
804 2754 1048 2800 veterum
1072 2736 1296 2808 vestigia
1317 2733 1562 2798 Patrum,

408 2839 680 2914 Quidquid
708 2838 869 2894 habet
894 2848 991 2904 pro
1016 2847 1074 2887 se
1098 2828 1254 2884 Latio
1281 2826 1557 2880 Romanus
1590 2820 1644 2874 in
1676 2818 1807 2871 orbe

409 2907 620 2992 Crtecia
655 2929 740 2984 vel
770 2922 1026 2996 quidquid
1052 2916 1354 2975 transmisit
1376 2913 1522 2969 clara
1552 2907 1761 2965 Latinis
1792 2925 1806 2960 :

412 3023 710 3081 Hebraicus
730 3017 814 3075 vel
840 3015 983 3087 quod
1011 3010 1239 3084 populus
1258 3006 1395 3063 bibit
1426 3004 1599 3061 imbre
1627 3012 1880 3070 superno,

412 3116 592 3172 Africa
617 3109 830 3193 lucillpo
858 3107 943 3163 vel
972 3099 1231 3175 quidquid
1254 3098 1457 3153 lumine
1478 3092 1695 3164 sparsit.

412 3207 565 3276 Quod
605 3182 765 3259 Pater
789 3200 1173 3276 llieronymus,
1196 3190 1341 3261 quod
1362 3187 1531 3244 sensit
1556 3182 1807 3247 Hilarius,
1830 3188 1991 3249 atque

381 3272 730 3352 'Ambrosius
750 3272 967 3359 praesul,
1004 3282 1167 3341 simul
1188 3278 1541 3351 Augustinus,
1569 3282 1624 3328 et
1645 3273 1759 3344 ipse

421 3383 656 3438 Sanctus
688 3376 1039 3439 Athanasius,
1079 3370 1224 3441 quod
1269 3366 1493 3424 Orosius
1547 3362 1659 3417 edit
1696 3360 1871 3414 avitus
1905 3368 1928 3398 ο
1974 3371 1990 3409 :

417 3467 690 3538 Quidquid
747 3463 1040 3534 Gregorius
1086 3473 1331 3515 summus
1378 3455 1556 3520 docet,
1592 3459 1649 3506 et
1680 3449 1791 3504 Leo
1825 3461 1992 3518 papa;

418 3559 650 3617 Basilius
687 3553 971 3627 quidquid,
996 3548 1311 3620 Fulgentius
1352 3554 1513 3615 atque
1546 3548 1853 3597 coruscant.

423 3649 777 3708 Cassiodorus
812 3646 963 3709 item,
987 3641 1405 3712 Cbrysostomus
1426 3643 1589 3704 atque
1612 3631 1870 3690 Joannes.
1925 3699 1935 3708 _

422 3738 692 3812 Quidquid
727 3746 782 3792 et
808 3734 1112 3791 Altbelmus
1142 3730 1345 3794 docuit,
1370 3727 1499 3798 quid
1527 3726 1669 3780 Beda
1712 3722 1973 3794 magister

423 3835 555 3902 Quae
583 3828 889 3887 Victorinus
926 3825 1194 3893 scripsere
1213 3862 1228 3886 ,
1252 3819 1473 3874 Boetius
1500 3834 1513 3869 :
1553 3823 1717 3885 atque

426 3920 681 3978 llistorici
710 3927 944 3980 veteres,
962 3910 1267 3982 Pompeius,
1281 3907 1506 3973 Plinius,
1535 3905 1647 3976 ipse

424 4013 565 4068 Acer
592 4007 935 4072 Aristoteles,
960 4006 1144 4059 rhetor
1168 4014 1384 4071 quoque
1414 3997 1620 4052 Tullius
1651 3995 1860 4066 ingens.

428 4101 567 4171 Quid
597 4113 811 4170 quoque
839 4095 1111 4159 Sedulius,
1131 4091 1215 4146 vel
1249 4090 1374 4160 quid
1404 4088 1550 4143 canit
1572 4086 1687 4154 ipse
1714 4081 2000 4145 Iuvencus,

426 4190 686 4248 Alcuinus
721 4188 738 4226 ί
773 4195 829 4241 et
871 4185 1151 4249 Clemens,
1178 4181 1430 4250 Prosper,
1466 4176 1755 4239 Paulinus,
1785 4173 2003 4235 Arator,

427 4280 567 4349 Quid
593 4278 943 4340 Fortunatus,
974 4273 1061 4328 vel
1089 4271 1216 4342 quid
1246 4268 1559 4324 Lactantius
1584 4266 1769 4321 edunt.

427 4371 579 4440 Quod
614 4369 761 4422 Maro
809 4364 1096 4436 Virgilius,
1126 4360 1359 4426 Statius,
1382 4359 1632 4416 Lucanus
1671 4366 1726 4411 et
1753 4354 1956 4410 Auctor
1987 4367 2001 4406 :

500 4480 652 4535 Vers.
696 4476 851 4532 1555.

501 4625 526 4653 ιι
571 4608 867 4673 Eanbaldo,
926 4607 1016 4678 qui
1062 4604 1264 4678 viventi
1291 4611 1368 4678 _et
1416 4597 2006 4678 resignantiﬂgilberto

431 4682 691 4737 successit
730 4667 871 4735 anno
900 4667 1021 4743 778,
1054 4676 1253 4730 mensis
1286 4672 1434 4743 Sept.
1491 4667 1666 4726 initio.
1719 4668 1840 4725 Vid.
1867 4667 2009 4723 infra

434 4768 574 4809 vers.
606 4751 741 4804 l5“
779 4756 834 4805 et
863 4747 1017 4803 1582.

503 4805 550 4862 δ’
568 4821 782 4876 Primus
826 4819 915 4873 hic
942 4826 1026 4872 est
1050 4814 1210 4885 hujus
1259 4812 1490 4885 nominis
1517 4808 1873 4885 Eboracensis
1894 4805 2011 4885 epi-_

433 4906 661 4962 scopas;
695 4890 959 4962 cuiauno
994 4887 1098 4962 796
1121 4877 1386 4962 successit
1427 4882 1563 4935 alter
1601 4879 1923 4943 Eaubaldus,
1946 4877 2014 4931 ad

433 4954 592 5033 quem
617 4954 1114 5033 seripsit_Alcuinus
1135 4955 1289 5033 epist.
1318 4954 1407 5007 56.

508 5044 529 5072 ε
574 5022 742 5100 Leg,
757 5028 875 5100 alii,
903 5040 1096 5100 nempe
1126 5022 1373 5100 Alduino.

505 5102 531 5143 ά
574 5085 754 5157 Ροέιὲε
789 5085 1003 5223 ἓυῖάοιη
1030 5085 1225 5149 nomen
1257 5093 1396 5146 haud
1427 5098 1646 5160 app-aret
1677 5091 1728 5144 in
1761 5103 1864 5141 ms.
1889 5085 2007 5140 cod.

505 5170 750 5223 master-ii
838 5208 851 5221 .
886 5164 1225 5223 Theudorici,
1263 5165 1338 5217 ait
1380 5162 1745 5223 Mabi‘llonius;
1798 5154 2007 5210 Alcuini

438 5154 750 5227 monasterii
793 5154 851 5223 s.
886 5164 1225 5227 Theudorici,
1263 5165 1338 5217 ait
1380 5154 1745 5223 Ma'b'illonius;
1798 5154 2013 5227 Alcuini

436 5257 565 5297 vero
588 5256 785 5296 nomen
813 5238 939 5293 huic
966 5235 1196 5291 carmini
1224 5232 1388 5288 fuisse
1410 5233 1687 5302 praeﬁxum
1715 5228 1797 5282 vel
1822 5242 1887 5281 ex
1911 5226 2013 5279 hoc

437 5314 553 5367 solo
581 5312 699 5365 loco
729 5308 864 5365 satis
889 5307 1003 5361 erui
1030 5312 1229 5376 potest.

514 5394 537 5421 ε
578 5380 911 5441 Al.,acutus.
1014 5396 1023 5401 θ

516 5451 537 5490 τ
576 5439 847 5504 Alcitinus.
879 5447 1013 5500 llinc
1042 5444 1286 5501 Oudinus
1329 5440 1549 5511 conjicit
1578 5439 1879 5511 Alcuinum_
1906 5451 2015 5491 non

441 5535 561 5573 esse
584 5520 741 5589 hujus
771 5516 1034 5589 poematis
1066 5522 1344 5568 auctorem
1364 5552 1379 5577 ,
1408 5508 1509 5589 qui
1533 5512 1717 5589 utique
1744 5523 1802 5563 se
1832 5508 2016 5589 viven—

444 5598 551 5640 tem
577 5576 780 5641 sanctis
803 5586 1112 5641 doctoribus
1135 5598 1239 5637 non
1264 5576 1647 5637 accensuisset.
1664 5579 1762 5633 Ast
1781 5593 1879 5643 ego
1899 5576 2015 5630 loco

444 5654 720 5715 Alcuinus,
747 5655 983 5706 Alcimus
1008 5654 1092 5705 vel
1117 5652 1374 5705 Alcinous
1408 5650 1691 5719 legendum
1739 5643 2011 5702 existimo.

1199 267 1259 320 Β.
1296 266 1359 319 F.
1399 257 1627 314 suam
1668 255 1796 309 seu
1842 250 2119 306 Aecum
2155 228 2437 303 oPEIiUM
2477 238 2653 296 PARS
2689 236 2775 292 Vl.

1969 367 2017 426 Α
2044 361 2192 416 Artis
2215 354 2582 431 grammatica:
2610 351 2693 405 vel
2727 346 2856 418 quid
2890 342 3154 411 scripsere
3186 335 3467 409 magistri;

2040 4408 2087 4467 ι)

3506 220 3610 279 εει

2040 454 2178 522 Quid
2197 452 2407 507 Probus
2432 458 2595 516 atque
2628 443 2823 504 Focas,
2846 438 3108 499 Donatus,
3135 431 3543 490 Priscianusve,

2042 546 2282 609 Servius,
2318 539 2584 602 Euticius,
2618 530 2924 601 Pompeius,
2952 524 3376 582 Comminianus.

2043 636 2286 691 Invenies
2308 632 2441 687 alios
2462 627 2764 699 perplures,
2791 622 2982 705 lector,
3008 617 3205 673 ibidem

2045 726 2300 798 Egregios
2331 720 2546 785 studiis,
2577 724 2693 773 arte
2719 722 2773 769 et
2797 725 3043 769 sermone
3068 707 3376 779 magistros,

2046 815 2283 870 Plurima
2316 810 2409 882 qui
2443 808 2590 865 claro
2616 804 2879 874 scripsere
2902 799 3171 855 volumina
3201 810 3363 850 sensu
3399 807 3415 847 :

2047 906 2273 962 Nomina
2295 902 2390 959 sed
2424 914 2651 972 quorum
2679 892 2928 967 praesenti
2967 891 3021 944 in
3046 886 3290 944 carmine
3316 882 3486 940 scribi

2050 996 2288 1065 Longius
2315 1002 2397 1049 est
2421 992 2598 1046 visum
2642 1001 2805 1059 quam
2828 980 3021 1055 plectri
3055 976 3293 1050 postulet
3318 989 3471 1028 usus.

2123 1086 2218 1141 His
2245 1084 2321 1138 ita
2348 1078 2622 1152 dispositis
2648 1075 2923 1145 complens
2948 1085 3046 1127 sua
3070 1075 3317 1137 tempora
3349 1076 3600 1119 summus

2052 1177 2315 1242 Antistes,
2338 1181 2484 1229 totus
2513 1169 2722 1227 meritis
2747 1174 2992 1222 maturus
3014 1168 3070 1217 et
3095 1159 3272 1225 annis,

2053 1269 2185 1324 Post
2211 1280 2379 1321 annos
2412 1263 2589 1327 binos,
2616 1273 2828 1315 menses
2856 1252 3018 1311 simul
3048 1260 3210 1321 atque
3258 1255 3391 1318 quot
3431 1260 3642 1313 annos,

2057 1361 2137 1415 Ex
2167 1371 2275 1428 quo
2300 1362 2451 1424 septa
2471 1367 2624 1409 sacer
2644 1348 2841 1421 praesul
2869 1352 3079 1402 secreta
3114 1341 3334 1414 petivit;

2059 1448 2347 1520 Discipulis
2375 1459 2558 1502 coram
2584 1450 2789 1514 pastor,
2813 1436 3148 1510 patriarcha,
3172 1432 3456 1503 magister,

2063 1538 2282 1595 Transit
2310 1537 2377 1591 ad
2407 1535 2701 1590 aethercam
2725 1529 2880 1585 hctus
2905 1527 3139 1583 feliciter
3169 1524 3366 1579 aulam.

2068 1631 2219 1686 lianc
2252 1637 2434 1684 tamen
2462 1626 2601 1681 hanc
2632 1622 2793 1677 citius
2821 1618 3097 1693 lugubris,
3121 1631 3242 1672 mea
3273 1614 3484 1679 ﬁstula,
3521 1629 3641 1683 ptir-

3495 1702 3675 1775 [temi

2067 1809 2286 1872 Desere,
2317 1821 2386 1862 ne
2408 1818 2598 1876 pereas
2626 1803 2988 1873 lacrymarum
3018 1797 3224 1871 gurgite
3252 1812 3433 1853 mersa
3451 1837 3470 1862 ,

2069 1898 2207 1954 Dum
2228 1910 2490 1967 properas
2515 1900 2730 1965 portum
2762 1891 2897 1946 velis
2918 1890 3196 1958 hucusque
3233 1885 3511 1951 secundis,

2070 1987 2209 2056 Quid
2239 2000 2542 2041 memorare
2571 1983 2756 2039 studes
2782 1981 2937 2037 nobis
2961 1977 3305 2034 moestissima
3330 1976 3480 2031 fata?

2071 2076 2206 2132 Cum
2233 2074 2413 2131 subito
2441 2080 2568 2128 ante
2595 2071 2780 2127 oculos
2804 2068 3014 2126 cunctis
3039 2081 3187 2122 mors
3223 2066 3405 2122 invida
3435 2074 3658 2123 nostms

2073 2165 2300 2220 L-umina
2326 2177 2580 2234 supremo
2601 2161 2799 2227 clausit
2820 2157 3125 2215 veneranda
3155 2154 3349 2230 sopore

2075 2256 2352 2314 Pontiﬁcis
2390 2254 2605 2321 summi,
2639 2252 2811 2308 nostri
2850 2251 3025 2323 patris
3051 2257 3213 2320 atque
3238 2251 3510 2322 magistri.

2075 2348 2121 2404 0
2146 2347 2324 2403 nobis!
2358 2362 2391 2401 o
2415 2345 2568 2414 nigra
2597 2343 2740 2398 dies!
2772 2357 2805 2398 o
2832 2342 2975 2398 clara
3001 2343 3097 2397 sed
3122 2342 3227 2397 illi!

2078 2437 2187 2493 Nos
2213 2437 2330 2492 sine
2348 2442 2506 2506 patre
2539 2434 2653 2488 dies
2682 2431 2954 2502 orphanos
2982 2431 3072 2486 ille
3101 2431 3337 2501 reliquit,

2080 2529 2345 2594 Fletibus,
2372 2525 2564 2581 exsilio
2585 2524 2829 2593 duroque
2851 2520 3035 2577 labore
3063 2530 3337 2592 gravatos.

2084 2620 2334 2677 Reddidit
2358 2628 2441 2673 ast
2469 2617 2617 2672 illum
2643 2615 2832 2688 patria:
2853 2614 3109 2684 Patrique
3152 2628 3411 2683 superno,

2084 2710 2342 2774 Fletibus,
2372 2706 2562 2761 exsilio
2598 2706 2841 2776 duroque
2874 2703 3058 2759 labore
3097 2700 3352 2757 solutum.

2085 2800 2202 2857 lam
2233 2798 2318 2855 cui
2351 2796 2597 2854 Christus
2622 2810 2807 2861 amor,
2830 2803 2989 2864 potus
3011 2834 3027 2861 ,
3065 2792 3251 2860 cibus,
3280 2792 3465 2847 omnia
3508 2789 3673 2847 Chri-

3475 2883 3504 2956 [.
3517 2892 3673 2948 stus;

2092 2983 2237 3049 Vita,
2256 2982 2422 3049 ﬁdes,
2445 2995 2658 3048 sensus,
2681 2994 2826 3051 spes,
2857 2978 2970 3044 lux,
2998 2979 3104 3045 via,
3144 2976 3338 3048 gloria,
3365 2975 3563 3032 virtus.

2015 3050 2065 3115 (ἶ
2094 3074 2194 3144 Qui
2223 3074 2431 3130 decimo
2464 3081 2518 3129 et
2547 3079 2740 3142 quarto
2772 3070 2970 3127 summi
3006 3070 3261 3125 dormivit
3298 3069 3353 3124 in
3382 3083 3526 3124 anno

2092 3166 2309 3223 Ordinis
2339 3164 2569 3235 accepti,
2591 3172 2783 3219 octavo
2812 3163 2911 3218 sub
2937 3162 3050 3218 sole
3074 3160 3397 3217 Novembris
3425 3162 3475 3227 ε,

2092 3258 2229 3312 Dum
2263 3256 2443 3326 gravis
2471 3255 2561 3309 illa
2593 3254 2711 3310 dies
2743 3260 2895 3310 sexta
2919 3250 3156 3325 fulgebat
3185 3253 3238 3307 iu
3270 3253 3425 3307 hora.

2095 3346 2225 3418 Ejus
2248 3345 2315 3400 ad
2355 3344 2640 3415 exsequias
2664 3359 2919 3417 magnum
2946 3348 3299 3399 concurrerat
3335 3355 3532 3413 agmen
3549 3381 3568 3409 ,

2096 3436 2231 3493 Cum
2281 3434 2428 3491 clero
2474 3432 2690 3504 praasul,
2727 3432 2975 3504 populus,
2999 3432 3354 3503 iuvenesque,
3381 3445 3679 3502 senesque,

2094 3525 2273 3582 Patris
2299 3523 2595 3579 honoriﬁce
2619 3531 2874 3578 curantes
2897 3523 3131 3579 condere
3172 3538 3387 3591 corpus.

2097 3614 2142 3673 Ο
2172 3616 2354 3682 Pater,
2379 3630 2412 3671 o
2442 3623 2646 3687 pastor,
2673 3614 2798 3670 vitae
2830 3630 2953 3684 spes
2983 3615 3213 3669 maxima
3240 3623 3459 3680 nostraz,

2101 3707 2176 3764 Te
2202 3707 2318 3763 sine
2344 3722 2444 3762 nos
2469 3706 2696 3762 ferimur
2726 3707 2936 3761 turbata
2970 3720 3068 3775 per
3086 3720 3304 3774 aequora
3336 3704 3546 3770 mundi,

2101 3799 2178 3855 Te
2203 3800 2335 3854 duce
2363 3799 2562 3854 deserti
2590 3798 2756 3853 variis
2778 3797 3101 3852 involvimur
3121 3798 3304 3863 undis,

2099 3892 2295 3948 Incerti
2323 3891 2536 3961 qualem
2566 3906 2876 3946 mereamur
2909 3899 3126 3962 tangere
3148 3900 3385 3961 portum.

2105 3983 2239 4037 Dum
2278 3983 2358 4037 sol
2392 3997 2607 4051 noxque
2659 3982 2758 4036 sibi
2800 3983 3016 4048 cedunt,
3049 3982 3176 4037 dum
3206 3989 3462 4053 quattuor
3508 3995 3690 4036 annus

2105 4074 2372 4129 Dividitur
2401 4073 2629 4137 vicibus,
2658 4081 2910 4127 crescunt
2932 4073 3058 4128 dum
3092 4071 3335 4144 germina
3364 4069 3561 4135 terris;

2107 4160 2294 4217 Sidera
2324 4163 2449 4217 dum
2478 4161 2679 4227 lucent,
2707 4160 2877 4216 trudit
2905 4161 3030 4215 dum
3060 4159 3244 4216 nubila
3277 4167 3501 4224 ventus;

2109 4254 2334 4323 Semper
2375 4253 2576 4318 bonos,
2603 4266 2906 4324 nomenque
2958 4260 3129 4318 tuum,
3158 4251 3455 4322 laudesque
3502 4262 3693 4304 mane-

3491 4337 3515 4412 [
3528 4340 3690 4396 bunt.

3250 4452 3402 4509 Vers.
3454 4453 3621 4508 1595.

2187 4596 2211 4635 ε
2243 4592 2561 4647 Hovedenus
2591 4591 2658 4646 ad
2685 4605 2883 4645 annum
2913 4589 3018 4645 780
3058 4588 3261 4643 Alberti
3309 4603 3404 4644 seu
3455 4586 3697 4644 Elberti

2115 4664 2349 4734 episcopi
2376 4662 2746 4734 Eboracensis
2760 4661 2965 4734 obitum
2993 4660 3058 4714 ad
3088 4660 3233 4734 hunc
3257 4673 3457 4734 annum
3486 4673 3702 4734 memo-

2118 4728 2221 4815 rat,
2238 4728 2379 4815 quod
2410 4732 2718 4815 quidemne}
2736 4733 2838 4785 hoc
2867 4730 2986 4815 lo_co
3012 4728 3697 4815 cpiiﬁrmatur._§uper-ius

2120 4797 2272 4859 enim
2292 4803 2358 4857 ad
2384 4797 2526 4856 vers.
2567 4801 2703 4857 1596
2736 4816 2802 4855 ex
2832 4800 3018 4854 eodem
3048 4798 3356 4864 Hovedeno,
3382 4797 3706 4853 Mabillonio

2118 4884 2173 4928 et
2201 4873 2412 4928 All‘orto
2439 4872 2767 4935 notavimus,
2792 4869 3095 4924 Ailbertum
3139 4870 3325 4925 sedem
3377 4867 3528 4923 illam
3581 4869 3702 4938 epi-

2114 4944 2384 5012 scopalem
2407 4942 2605 4997 adiisse
2634 4956 2775 4995 anno
2799 4939 2921 4995 766.
2939 4939 3086 5012 AHuic
3112 4953 3240 5012 vero
3269 4955 3410 5012 anno
3461 4938 3507 4993 si
3557 4953 3702 5009 qua-

2115 5009 2434 5093 tuordecim,
2475 5013 2673 5080 quibus
2721 5018 2843 5093 post
2887 5009 3135 5093 adeptam
3186 5009 3701 5093 dignitatemnfnstne

2114 5091 2271 5208 [sioeta
2295 5078 2509 5164 nostro,
2525 5078 2843 5149 supervixit,
2866 5079 3151 5142 addantur,
3164 5078 3340 5161 prodit
3363 5095 3539 5133 annus
3560 5078 3697 5132 780.

2159 5168 2378 5208 uberius
2404 5165 2620 5208 uuouue
2643 5166 2785 5205 vers.
2818 5147 2954 5203 1565
2976 5157 3029 5202 et
3050 5164 3201 5208 sequ.
3228 5150 3446 5208 dieitur.
3468 5148 3697 5202 beatum

2159 5154 2378 5223 uperius
2404 5147 2620 5221 quoque
2643 5166 2785 5205 vers.
2818 5147 2954 5223 l_5_65
2976 5157 3029 5202 et
3050 5147 3201 5223 seqq.
3228 5149 3446 5223 dicitur,
3468 5148 3701 5223 beatum

2116 5218 2441 5287 [El—bertam,
2468 5218 2752 5291 postquam
2783 5219 2972 5291 relicto
2994 5218 3311 5291 episcopatu
3350 5220 3403 5272 in
3447 5218 3709 5291 solitudi—

2119 5235 2439 5287 Astbertum,
2468 5235 2752 5291 postquam
2783 5235 2972 5273 reucto
2998 5235 3181 5287 episco
3221 5235 3311 5273 atu
3350 5235 3403 5272 in
3447 5235 3709 5273 sontum—

2119 5309 2241 5373 iiem
2287 5293 2530 5373 secessit,
2556 5300 2617 5373 et
2653 5288 2926 5373 Eanbaldo
2972 5235 3237 5371 discipufo
3266 5304 3363 5344 suo
3378 5288 3715 5373 pontificale

2119 5365 2284 5418 decus
2311 5362 2555 5426 tradidit,
2585 5360 2794 5415 duobus
2822 5359 2998 5414 adhuc
3029 5361 3187 5414 annis
3212 5375 3274 5414 ac
3296 5360 3518 5413 totidem
3538 5372 3717 5426 quien-

2121 5436 2269 5489 sihus
2322 5425 2549 5487 vixisse.
2600 5431 2740 5500 Hinc
2793 5429 2957 5500 igitur
3006 5430 3246 5498 colliges,
3275 5431 3417 5500 hunc
3464 5425 3721 5481 A-Ilberti

2120 5517 2392 5559 secessum
2421 5511 2476 5556 et
2502 5499 2764 5555 Eanbaldi
2794 5499 3189 5555 ordinationem
3220 5499 3509 5567 contigisse
3553 5509 3723 5551 anno

2119 5572 2241 5636 778,
2295 5585 2478 5626 mense
2522 5570 2848 5639 Septembri.
2882 5568 3001 5624 Vid.
3053 5568 3253 5625 Mabill.
3299 5569 3418 5624 libr.
3460 5581 3567 5621 xxv
3599 5570 3725 5622 An—

2124 5642 2252 5708 nal.,
2287 5655 2409 5713 pag.
2438 5641 2565 5705 255,
2594 5655 2743 5695 num.
2776 5641 2862 5695 ll.
