3866 6170
220 220 326 275 8.ῐῦ

290 335 393 392 llic
415 347 518 402 ego
541 333 671 390 dum
690 331 834 389 volui
856 339 1008 387 certo
1038 338 1094 385 te
1120 332 1245 398 line,
1271 331 1486 398 Thalia,

218 427 503 490 Claudere,
523 439 614 479 res
638 424 840 479 nostris
865 423 1106 478 occurrit
1133 432 1282 494 gesta
1308 423 1514 480 diebus.

999 215 1328 274 CARMINA.
1365 247 1437 259 —
1474 217 1565 273 DE
1602 210 1867 272 PONTIF.
1909 213 1998 270 ET
2033 213 2133 270 SS.
2175 212 2368 271 ECCL.
2411 211 2704 272 EBORAG.

1827 335 1870 390 Α
1897 320 2091 384 Evexit
2108 326 2340 384 volitans
2362 343 2544 384 secum
2583 343 2746 399 super
2770 334 2919 384 astra
2945 327 3211 399 polorum.

3365 207 3474 271 846

1972 418 2097 473 Haec
2123 434 2223 487 ego
2245 427 2405 473 nauta
2432 419 2580 473 rudis
2607 421 2806 475 teneris
2830 429 3085 488 congesta
3110 419 3333 485 carinis,

220 516 385 571 Fessa
417 515 546 569 licet
582 527 784 583 paucos
820 521 1161 582 quapropter
1202 513 1378 568 adhuc
1424 528 1562 568 cane
1608 526 1799 569 versus
1899 507 2002 562 Per
2025 509 2198 579 pelagi
2227 508 2421 563 ﬂuctus
2455 517 2510 564 et
2536 525 2633 578 per
2654 511 2790 564 vada
2828 527 2971 565 caeca
2999 511 3331 580 gubernaDS.

215 605 395 676 Atque
420 605 526 659 mei
545 605 701 676 pueri
736 619 955 660 causam
987 605 1240 676 succinge
1272 619 1586 675 parumper,

214 697 316 751 Cui
344 711 558 767 quoque
582 703 908 766 prmsentem
931 702 1122 751 testem
1152 711 1240 751 me
1263 698 1491 767 contigit
1511 713 1652 754 esse.

293 787 434 856 Ergo
461 785 561 840 fuit
583 786 802 856 quidam
821 785 1035 856 juvenis
1059 786 1295 842 nutritus
1326 786 1382 841 in
1415 787 1551 842 urbe

216 878 510 944 Euborica,
537 877 768 948 simplex
789 878 989 943 animo,
1030 878 1126 934 sed
1153 877 1393 934 fervidus
1420 888 1547 934 actu
1576 920 1588 932 .

215 969 429 1039 Quique
455 984 590 1024 meae
617 968 758 1024 rexit
785 969 1011 1039 puerilis
1034 977 1275 1039 tempora
1298 969 1424 1024 vitae

214 1058 476 1125 Consilio,
504 1058 652 1114 solus
675 1058 908 1128 quadam
933 1058 1025 1128 qui
1056 1066 1214 1112 nocte
1242 1058 1410 1113 suetis

213 1148 424 1204 insistit
449 1148 702 1218 precibus
737 1145 937 1202 Christi
967 1145 1256 1203 Genitricis
1287 1146 1343 1202 in
1374 1146 1514 1203 aula.

216 1238 372 1293 Tunc
400 1237 495 1292 lux
519 1236 661 1291 alma
687 1237 907 1291 domum
933 1236 1112 1291 subito
1139 1235 1440 1306 repleverat
1470 1236 1620 1291 illam
1637 1274 1653 1301 ,

214 1328 284 1383 Et
310 1343 439 1383 cum
463 1326 583 1381 luce
608 1325 769 1380 simul
798 1325 947 1379 venit
972 1325 1059 1378 vir
1082 1324 1327 1380 vestibus
1348 1323 1517 1390 albis,

216 1417 477 1489 Fulgidus
501 1424 747 1484 aspectu,
777 1421 923 1469 statu
945 1412 1193 1469 sublimis
1218 1413 1446 1469 honesto
1461 1453 1478 1480 ,

212 1507 282 1562 Et
310 1507 522 1562 blandis
543 1506 794 1576 juvenem
822 1505 991 1560 nimio
1027 1513 1235 1560 terrore
1264 1506 1547 1562 cadentem

211 1595 403 1651 Elevat
432 1594 705 1664 alloquiis,
733 1593 1041 1662 librumque
1068 1584 1307 1650 ostendit
1342 1602 1610 1663 apertum.

214 1686 453 1756 Perlegit
481 1686 626 1740 hunc
642 1682 879 1752 juvenis,
905 1683 1042 1738 dixit
1067 1683 1155 1738 cui
1191 1684 1379 1739 codice
1401 1684 1588 1741 clauso

210 1775 490 1831 Candidus
516 1774 604 1829 ille
637 1792 650 1828 :
684 1773 875 1829 Sciens
900 1773 1101 1828 iterum
1126 1773 1328 1844 majora
1352 1775 1578 1833 videbis.

215 1865 317 1921 llis
339 1865 520 1930 dictis,
537 1865 715 1920 subito
742 1864 946 1921 nitidus
971 1864 1238 1935 disparuit
1260 1867 1474 1936 hospes.

210 1956 386 2028 258
414 1956 549 2012 Hinc
573 1970 786 2026 quoque
807 1964 932 2027 post
957 1955 1166 2027 aliquos
1190 1972 1297 2013 non
1346 1957 1509 2030 longo
1553 1966 1796 2032 tempore

1581 2065 1796 2107 menses

209 2138 526 2195 Percutitur
543 2138 757 2209 juvenis
785 2138 1024 2194 currenti
1054 2146 1205 2210 peste
1230 2153 1330 2209 per
1357 2048 1564 2206 artus,[

214 2230 583 2303 Aﬂgrotusque
611 2231 702 2286 diu
737 2230 899 2286 dubia
922 2232 1023 2286 sub
1047 2239 1222 2286 morte
1241 2230 1476 2302 iacebat,

214 2324 472 2391 Augustis
499 2324 782 2379 retrahens
810 2324 1108 2393 perituram
1137 2323 1359 2378 naribus
1382 2338 1600 2390 auram;

213 2412 380 2483 Inque
401 2413 540 2468 meis
562 2412 827 2468 recubans
849 2412 1119 2478 manibus,
1151 2421 1281 2468 tunc
1306 2412 1528 2483 spiritus
1553 2412 1672 2482 ejus

215 2505 313 2560 Est
339 2512 527 2575 raptus
556 2504 758 2569 subito,
782 2517 1082 2573 corpusque
1108 2506 1369 2561 remansit
1394 2505 1574 2561 inane.

214 2594 346 2651 Post
372 2596 606 2664 spatium
635 2592 869 2661 rediens,
900 2594 1095 2650 iterum
1121 2594 1217 2652 sed
1241 2597 1483 2651 membra
1512 2597 1793 2664 movebat,

214 2685 280 2742 Et
318 2686 456 2741 mihi
483 2685 766 2753 narrabat,
793 2685 1016 2755 quidam
1035 2687 1180 2756 quod
1207 2686 1434 2742 duxerat
1455 2687 1606 2743 illum

212 2776 289 2830 Ad
318 2776 439 2830 loca
464 2773 686 2845 pulchra
705 2773 886 2840 nimis,
910 2773 1108 2830 multos
1144 2774 1237 2830 ubi
1271 2775 1404 2831 vidit
1425 2784 1652 2833 ovantes
1669 2819 1684 2842 ,

211 2865 430 2937 ignotos
469 2872 735 2934 notosque
763 2863 945 2931 simul,
971 2864 1066 2919 sed
1105 2866 1339 2921 maxime
1361 2877 1562 2924 sanctae

213 2960 363 3015 lllius
392 2957 654 3022 Ecclesiae
673 2957 822 3013 laetos
843 2957 1062 3027 agnovit
1082 2957 1348 3015 alumnos.

213 3051 315 3118 Qui
355 3064 483 3103 mox
508 3048 805 3117 suscipiunt
840 3048 1065 3119 placidis
1089 3049 1425 3120 amplexibus
1444 3050 1613 3119 illum,

215 3142 281 3196 Et
309 3155 496 3196 secum
536 3140 749 3210 penitus
773 3153 987 3209 semper
1011 3139 1248 3195 retinere
1272 3141 1542 3208 volebant,

214 3231 322 3287 Sed
342 3232 456 3287 cito
475 3231 665 3285 ductor
695 3246 819 3285 eum
839 3244 1102 3285 converso
1124 3230 1259 3286 calle
1280 3232 1496 3286 reduxit

213 3322 291 3377 Ad
316 3322 600 3392 proprium
623 3336 840 3391 corpus,
866 3321 1069 3388 dicens,
1093 3322 1236 3392 quod
1270 3323 1401 3378 solis
1430 3325 1498 3379 ad
1525 3333 1703 3382 ortum

214 3414 331 3472 lam
361 3414 560 3469 melius
588 3412 870 3468 habiturus
896 3414 1033 3479 eris;
1081 3414 1147 3468 de
1172 3412 1431 3471 fratribus
1459 3417 1595 3473 alter

218 3507 321 3562 Sed
354 3506 520 3562 hodie
544 3506 838 3560 moriturus
862 3505 985 3570 erit,
1020 3505 1280 3577 cujusque
1315 3516 1562 3577 paratam

216 3598 405 3654 Vidisti
423 3597 628 3651 sedem.
655 3594 913 3650 Juvenem
943 3610 1044 3649 nec
1070 3602 1252 3651 Sermo
1283 3595 1490 3652 fefellit.

216 3690 347 3745 Nam
375 3691 487 3745 cito
510 3688 804 3753 convaluit,
830 3687 956 3742 dum
989 3687 1069 3742 sol
1097 3688 1350 3743 rutilabat
1376 3689 1443 3744 ad
1473 3698 1684 3755 ortum;

214 3782 354 3839 Ante
381 3781 526 3835 diem
556 3777 794 3833 medium
823 3775 1001 3830 fuerat
1028 3776 1121 3830 sed
1148 3785 1395 3832 mortuus
1427 3778 1586 3833 alter.

214 3868 307 3925 Ille
331 3878 515 3925 tamen
537 3865 750 3935 juvenis
774 3880 999 3936 parvum
1028 3874 1149 3934 post
1173 3875 1404 3936 tempus,
1428 3867 1616 3923 eodem

215 3962 370 4016 Anno
389 3959 692 4030 percutitur
715 3955 1020 4026 populantis
1045 3963 1197 4025 peste
1223 3956 1444 4023 doloris,

214 4050 388 4120 Atque
410 4047 545 4105 mihi
570 4046 755 4101 statim
780 4045 970 4101 morbo
998 4045 1246 4114 prmdixit
1270 4045 1325 4101 in
1351 4045 1444 4100 illo
1472 4060 1487 4109 ;

214 4141 328 4199 Hac
350 4143 439 4197 lue
457 4133 573 4212 jam
597 4139 821 4205 moriar,
851 4138 961 4193 cito
988 4138 1168 4192 carnis
1195 4138 1436 4194 claustra
1465 4138 1789 4210 relinquam.

217 4234 328 4289 Nec
349 4248 509 4290 secus
540 4231 740 4297 evenit,
768 4231 1024 4301 quoniam
1047 4230 1130 4286 vis
1156 4245 1352 4301 magna
1377 4228 1581 4285 doloris

213 4323 419 4389 Crevit,
448 4331 503 4377 et
532 4329 831 4377 extremam
845 4320 1098 4391 juvenem
1126 4319 1348 4374 deduxit
1371 4318 1427 4372 in
1455 4319 1665 4375 horam.

215 4418 320 4485 Qui
346 4417 493 4472 tenui
528 4414 763 4469 moriens
786 4411 1020 4466 animam
1051 4411 1334 4467 traducere
1356 4409 1486 4466 ﬂatu

216 4507 355 4561 Dum
381 4507 566 4575 coepit,
589 4504 763 4560 fuerat
791 4502 1021 4574 vigilans
1046 4516 1078 4557 e
1109 4499 1367 4556 fratribus
1396 4517 1555 4567 unus,

215 4596 317 4652 Vir
342 4598 545 4666 probus
568 4603 623 4651 et
647 4610 831 4660 verax,
865 4594 1001 4649 vidit
1024 4594 1117 4664 qui
1142 4593 1375 4649 culmine
1401 4595 1470 4651 ab
1496 4593 1604 4649 alto

215 4688 568 4743 Descendisse
593 4687 774 4740 virum
800 4684 940 4740 facie
961 4700 1053 4740 seu
1080 4692 1230 4740 veste
1254 4701 1536 4741 coruscum
1555 4726 1571 4752 ,

146 4822 149 4829 .
217 4778 289 4835 Et
315 4779 556 4848 posuisse
580 4791 737 4831 suum
760 4791 885 4830 mox
910 4789 971 4829 os
996 4775 1277 4830 morientis
1300 4776 1368 4829 ad
1397 4790 1514 4840 ora,

218 4868 473 4923 Blandius
517 4866 799 4936 amplexus
842 4865 1088 4919 manibus
1133 4878 1348 4935 quoque
1404 4865 1645 4920 membra
1694 4878 1793 4919 cu-

1524 4952 1545 5025 [
1567 4954 1744 5010 hantis
1777 4973 1791 5008 :

213 5054 622 5125 Regressusque
650 5045 884 5103 animam
911 5046 1125 5101 solvens
1154 5045 1221 5100 de
1247 5058 1467 5099 carcere
1490 5043 1671 5099 carnis

292 5186 449 5243 Vers.
489 5184 646 5241 1646.

294 5335 324 5361 ιι
362 5320 491 5374 Vide
515 5316 673 5387 epist.
699 5314 822 5378 224,
848 5313 1291 5387 adFriduinum3
1336 5327 1438 5366 nec

214 5394 489 5448 diversum
519 5383 641 5443 esse
670 5387 736 5439 ab
764 5399 828 5439 eo
851 5385 941 5454 qui
972 5385 1061 5439 hic
1105 5383 1403 5453 appellatur

296 5462 328 5499 δ
354 5460 460 5514 Hoc
487 5469 706 5513 carmen
737 5450 1071 5524 descriptum
1084 5450 1316 5524 rei—cod.
1334 5467 1433 5524 ms.
1464 5450 1789 5524 _Ha_rl_eiano,

212 5530 293 5584 de
327 5544 427 5598 quo
448 5528 603 5598 plura
620 5526 733 5598 jam
759 5518 1010 5598 diximus.
1031 5523 1163 5598 Vide
1192 5523 1322 5598 torni
1347 5520 1365 5574 l
1394 5518 1794 5598 eol:_l_5_7.'lnde

214 5588 821 5668 quoiue’extraximus
868 5593 1149 5665 epistolam
1189 5591 1314 5656 224,
1361 5591 1428 5644 ad
1473 5588 1791 5644 Friduinum

1519 5318 1610 5364 uto
1648 5310 1794 5365 hunc

1497 5381 1788 5435 riducinus.

1818 3012 1868 3077 C

1900 598 2178 654 Euboricae
2201 600 2268 653 ad
2293 607 2508 668 portum
2533 602 2859 656 commercia
2885 600 3009 670 jure
3041 600 3263 666 reduxi;

1902 686 1972 743 Ut
1997 698 2123 757 pote
2151 703 2270 758 qum
2293 690 2572 758 proprium
2603 690 2704 746 sibi
2728 707 2815 747 me
2845 692 3072 746 nutrivit
3102 691 3399 757 alumnum,

1898 777 2094 833 lmbuit
2120 787 2175 833 et
2197 780 2388 849 primis
2417 790 2692 850 utcunque
2719 790 2968 837 verenter
2994 783 3062 838 ab
3090 783 3267 838 annis.

1898 864 2025 920 Haec
2052 867 2255 923 idcirco
2283 869 2370 923 cui
2399 871 2634 941 propriis
2659 871 2725 926 de
2757 871 3036 940 Patribus,
3064 881 3228 947 atque

1899 955 2134 1025 Regibus
2163 964 2218 1012 et
2243 956 2459 1014 Sanctis
2487 959 2685 1014 ruralia
2707 962 2942 1015 carmina
2975 964 3189 1033 scripsi.

1898 1041 2009 1098 Hos
2031 1044 2236 1114 pariter
2257 1056 2501 1113 sanctos,
2527 1049 2681 1119 tetigi
2707 1064 2844 1118 quos
2870 1051 3116 1105 versibus
3145 1050 3288 1117 istis,

1897 1131 2192 1202 Deprecor,
2214 1143 2276 1188 ut
2300 1144 2542 1213 nostram
2564 1138 2751 1194 mundi
2775 1139 2842 1195 de
2872 1141 3085 1211 gurgite
3118 1142 3368 1211 cymbam

1895 1222 1979 1278 Ad
2003 1232 2219 1295 portum
2240 1226 2368 1281 vitae
2397 1227 2607 1284 meritis
2631 1232 2991 1304 precibusque
3010 1234 3328 1302 gubernem.

2503 1380 2849 1441 CCLXXXII.

2415 1504 2443 1534 ι
2473 1492 2556 1547 Ad
2582 1493 2953 1553 Friducinum.

1893 1600 2152 1659 Chartula
2170 1617 2496 1673 percurrens
2520 1606 2815 1665 Friducino
2839 1611 2869 1650 δ
2901 1611 2983 1666 fer
3004 1627 3121 1668 mea
3153 1615 3300 1670 salve

1823 1671 1872 1732 Β
1965 1693 2288 1765 Perpetuam
2315 1712 2467 1764 nato,
2493 1700 2644 1772 pacis
2669 1700 2725 1755 in
2754 1717 2850 1757 ore
2871 1711 2984 1757 tuo.

1896 1785 2080 1844 Dulcis
2103 1805 2254 1847 amor
2276 1792 2476 1861 Patris,
2504 1795 2686 1851 valeas
2719 1796 2807 1853 dic
2828 1812 3042 1866 semper
3069 1796 3269 1866 ubique

1965 1876 2099 1935 Cum
2123 1881 2323 1952 pietate
2360 1899 2517 1941 sacra
2544 1893 2601 1941 et
2626 1887 2987 1958 prosperitate
3012 1888 3173 1943 bona.

1893 1966 2001 2025 Per
2023 1968 2142 2027 loca
2164 1983 2357 2031 sancta
2393 1977 2485 2031 tui‘
2499 1986 2832 2046 sanctorum,
2865 1990 3011 2046 nate,
3041 1980 3216 2037 fidelis

1966 2058 2054 2117 Sis
2082 2078 2290 2122 memor
2316 2068 2495 2125 Albini
2508 2086 2723 2140 semper
2750 2072 2806 2127 in
2832 2087 2929 2128 ore
2954 2074 3123 2143 pacis.

1895 2150 2027 2210 Esto
2048 2155 2191 2224 pius,
2221 2158 2388 2226 mitis,
2418 2170 2578 2218 cauto
2605 2162 2973 2220 moderamine
2996 2180 3245 2239 pergens,

1966 2244 2205 2304 Consilio
2225 2251 2480 2320 prudens,
2502 2264 2558 2309 et
2576 2255 2777 2325 pietate
2804 2267 3018 2326 potens.

1896 2333 1955 2388 In
1984 2351 2234 2393 sermone
2261 2341 2481 2409 quidem
2507 2359 2696 2412 verax,
2725 2354 2783 2402 et
2806 2348 2970 2405 corde
2994 2348 3188 2416 ﬁdelis,

1965 2423 2288 2486 Collaudans
2312 2430 2588 2490 Christum
2609 2436 2721 2491 oris
2742 2437 2798 2492 in
2818 2436 3012 2495 cilicio.

1897 2513 2129 2574 Sedulus
2155 2519 2212 2574 in
2243 2522 2519 2589 precibus,
2548 2533 2863 2582 sanctorum
2890 2529 3128 2586 maxime
3152 2531 3372 2605 templis
3428 2574 3433 2579 .

1966 2606 2047 2664 Ne
2080 2618 2134 2665 te
2159 2620 2447 2682 praetereat
2471 2614 2632 2672 ullius
2659 2618 2942 2675 auxilium.

1897 2694 2094 2753 Sobria
2122 2715 2247 2754 cum
2272 2702 2434 2758 sociis
2453 2702 2657 2761 faciens
2679 2707 2924 2763 convivia
2940 2706 3123 2778 justis,

1966 2785 2303 2859 Pauperibus
2332 2792 2515 2864 largus
2544 2809 2644 2851 ceu
2681 2797 3005 2869 miserisque
3032 2808 3206 2871 pater.

1897 2877 2193 2937 Prohibeas
2217 2886 2432 2954 propria
2463 2887 2742 2944 sceleratis
2767 2899 2950 2947 castra
2993 2894 3222 2964 rapinis,

1968 2972 2047 3029 Ne
2073 2977 2324 3046 cuiquam
2347 2978 2569 3034 tulerint
2595 2982 2648 3036 vi
2677 2999 2774 3038 sua
2802 2982 2944 3039 forte
2972 2985 3070 3040 tui.

1899 3061 2132 3120 Sanctus
2150 3067 2227 3121 ait
2256 3085 2269 3120 :
2302 3067 2515 3123 Justum
2540 3085 2649 3125 non
2673 3073 2784 3128 vidi
2806 3089 3002 3143 nempe
3027 3076 3297 3143 relictum,

1966 3152 2096 3223 Ejus
2125 3171 2287 3227 egens
2311 3172 2494 3212 semen
2522 3175 2630 3214 non
2655 3176 2755 3232 ego
2794 3178 2934 3241 pane
2963 3180 3141 3221 sacro.

1895 3241 2156 3316 Pauperis
2194 3247 2263 3301 ad
2316 3248 2570 3305 thronum
2620 3250 2826 3306 clamor
2872 3254 3185 3312 conscendit
3239 3253 3471 3328 Olympi,

1964 3334 2157 3390 Audiet
2191 3343 2249 3390 et
2284 3335 2534 3394 Christus
2566 3339 2709 3395 illius
2733 3341 2849 3410 ipse
2878 3358 3087 3412 preces.

1892 3420 2011 3476 Non
2037 3431 2127 3477 tua
2154 3440 2343 3482 mensa
2373 3443 2565 3497 precor
2590 3430 2750 3487 furtis
2781 3434 2863 3488 vel
2889 3433 3029 3490 forte
3057 3438 3276 3507 rapinis,

1968 3512 2064 3568 Vel
2091 3516 2349 3572 miserum
2375 3519 2562 3588 spoliis
2588 3521 2706 3591 ipsa
2734 3522 2927 3580 domus
2950 3526 3175 3581 redolet.

1897 3606 2104 3677 Saepius
2129 3611 2423 3669 Altithroni
2456 3614 2550 3670 tibi
2575 3616 2647 3672 sit
2668 3619 2892 3674 conviva
2926 3623 3201 3677 sacerdos.

1967 3699 2034 3753 Et
2054 3698 2255 3757 Christi
2285 3703 2538 3771 famulus,
2565 3707 2645 3761 vel
2668 3709 2834 3763 miser
2859 3718 3022 3779 atque
3057 3727 3260 3782 vagus;

1895 3786 2069 3855 Quam
2092 3793 2318 3848 verbosa
2347 3796 2502 3850 malis
2532 3812 2764 3865 persona
2790 3800 3012 3854 adsueta
3034 3801 3305 3873 loquellis,

1963 3877 2198 3935 Auribus
2227 3883 2564 3950 ingeminans
2590 3887 2753 3941 verba
2779 3887 3013 3944 nefanda
3041 3891 3168 3944 tuis.

2494 4036 2860 4095 CCLXXXIII.

2462 4147 2546 4203 Ad
2593 4149 2906 4216 Quendam.

1896 4254 2048 4312 Musa
2072 4257 2259 4314 volans
2284 4260 2467 4316 veniat
2496 4262 2639 4319 Mani
2671 4275 2693 4304 ο
2719 4281 2914 4338 magno
2937 4268 3079 4325 ferre
3105 4271 3331 4327 salutem

1820 4350 1873 4410 υ
1896 4344 1994 4401 Cui
2017 4345 2163 4402 Deus
2188 4355 2452 4404 aeternum
2483 4353 2684 4408 tribuat
2704 4370 2801 4425 per
2823 4358 3017 4413 saecula
3042 4360 3189 4417 salve
3230 4379 3243 4416 :

1897 4435 2065 4504 Quem
2099 4439 2352 4507 precibus
2379 4438 2597 4499 Christo
2625 4454 2935 4502 sanctorum
2966 4452 3120 4506 turba
3151 4469 3247 4522 per
3286 4453 3473 4516 orbem

1895 4527 2142 4582 Assiduis
2166 4528 2395 4597 Domino
2422 4536 2764 4590 commendet
2789 4546 2974 4593 sancta
3002 4553 3304 4609 precamur.

1898 4617 1968 4673 Ut
1999 4633 2165 4675 sanus
2183 4621 2386 4687 veniat,
2414 4625 2663 4680 veniente
2697 4635 2959 4696 tempore,
2985 4640 3141 4686 natus

1895 4710 2073 4767 Albini
2096 4712 2293 4779 Patris,
2315 4715 2628 4783 praeclaram
2656 4716 2809 4771 ltetus
2843 4718 2909 4773 ad
2940 4721 3148 4789 urbem,

1896 4799 2015 4867 Qua
2038 4811 2257 4858 sanctus
2285 4812 2471 4858 sancto
2499 4804 2759 4860 Martinus
2786 4822 3011 4877 corpore
3039 4819 3251 4881 pausat.

1897 4888 2047 4954 Quod
2070 4900 2327 4959 praestare
2355 4908 2550 4961 precor
2574 4896 2753 4962 nobis,
2778 4899 2865 4968 pia
2892 4901 3065 4971 gratia
3096 4902 3321 4960 Christi.

1898 4977 2006 5035 Sed
2032 4987 2106 5043 tu,
2140 4990 2285 5045 nate,
2315 4981 2427 5037 Deo
2447 4981 2671 5053 placidis
2690 4988 2894 5043 servire
2916 5002 3189 5048 memento

1898 5070 2152 5135 Moribus,
2190 5082 2248 5127 ut
2276 5073 2426 5128 mitis
2450 5090 2663 5145 semper
2686 5085 2737 5133 te
2762 5090 3009 5152 protegat
3039 5084 3161 5149 ille;

1896 5159 2159 5231 Prospere
2186 5178 2285 5233 per
2314 5173 2486 5221 terras
2513 5167 2727 5238 ignotas
2754 5171 2918 5227 ducat
2940 5182 3184 5241 euntem,

1900 5297 2155 5374 abba-tem
2195 5297 2734 5374 Cerwicensemtqui
2775 5305 2916 5361 idem
2950 5308 3118 5361 videri
3146 5308 3317 5374 possit
3342 5324 3466 5371 cum

1902 5369 2005 5452 isto
2032 5366 2353 5452 Friducinor,‘
2369 5371 2471 5452 nisi
2499 5366 2641 5440 quod
2661 5366 2811 5429 hunc
2838 5385 3025 5431 natum
3045 5366 3255 5433 fidelem
3278 5366 3466 5452 vocet

1902 5440 2048 5492 illum
2075 5452 2202 5491 vero
2228 5446 2286 5491 ut
2315 5439 2531 5495 Patrem
2554 5452 2863 5499 veneretur.

1972 5524 1994 5552 θ
2037 5513 2216 5570 Forte.
2233 5511 2452 5577 Manna,
2483 5512 2550 5568 ad
2577 5528 2738 5582 quem
2764 5523 2848 5570 est
2874 5516 3031 5589 epist.
3062 5517 3181 5575 185.
