3866 6170
358 374 462 433 85⁸1

1175 368 1235 422 Β.
1278 367 1340 421 F.
1382 355 1608 420 ALBlNl
1643 356 1774 419 SEU
1813 360 2090 418 ALCUlNl
2127 359 2411 416 OPERUM
2450 358 2631 413 PARS
2670 357 2778 412 Vll.

3523 355 3632 412 852

358 491 605 562 corporis
653 490 838 559 exigit,
887 495 941 543 et
989 495 1252 557 quantum
1292 483 1569 556 sapientiae
1629 454 1936 551 expostulat
1961 482 2009 539 Α
2036 486 2199 533 tatem
2215 485 2449 550 vestram
2473 475 2611 531 infra
2634 473 2819 529 infima
2834 472 3376 543 quaequedetmditis.
3413 472 3634 539 Quanto

346 585 625 667 .studium.

2043 567 2235 623 melius
2259 574 2343 623 est
2365 566 2594 620 interius
2616 564 2824 628 ornari,
2874 578 3038 632 quam
3090 562 3354 629 exterius,
3391 579 3635 621 animam

436 640 549 729 Dis.
589 674 963 730 Perfectorum
989 686 1111 728 esse
1156 640 1485 726 arbitramur
1526 662 1832 735 huiusmodi
1858 677 1946 718 ra-
2041 664 2357 728 perpetuam
2386 654 2672 724 splendore
2695 652 2884 723 polire.

362 769 529 826 tionis
551 767 720 822 frenis
743 765 1045 820 animarum
1079 777 1270 818 cursus
1290 772 1561 814 coercere.
1588 787 1659 797 —
1684 755 1836 833 MAG.
1862 753 1946 808 Ad

2113 748 2273 819 267
2290 747 2399 803 Dis.
2434 745 2565 813 Qua:
2581 753 2705 801 sunt
2729 745 2922 798 animae
2944 751 3264 799 ornamenta
3281 743 3637 819 [perpetua]?

363 863 507 917 hanc
548 856 756 915 scilicet
802 858 1212 929 perfectionem.
1259 853 1387 907 dum
1439 859 1573 907 aetas
1605 849 1782 917 ﬂoret,
1818 849 1947 905 dum
2041 873 2115 885 --
2147 842 2288 898 MAG.
2336 840 2521 895 Primo
2544 839 2783 929 omnium
2823 838 3113 929 sapientia,
3158 838 3247 893 cui
3273 854 3371 895 vos
3393 839 3639 896 maxime

365 952 580 1009 animus
608 950 774 1020 viget,
799 963 917 1013 vos,
940 946 1059 1011 ﬁlii,
1082 945 1356 1000 cohortor.

433 1044 546 1099 Dis.
597 1042 725 1103 Duc,
760 1055 877 1110 age,
910 1046 966 1094 et
992 1037 1157 1092 reduc
1185 1050 1283 1105 per
1311 1034 1507 1088 divinae
1549 1033 1667 1087 vias
1696 1029 1940 1091 rationis,

364 1142 419 1185 et
445 1132 514 1186 ad
559 1128 719 1198 huius
766 1143 1025 1183 cacumen
1076 1124 1423 1197 perfectionis
1468 1120 1719 1178 transfer.
1786 1119 1944 1183 Nam,

364 1219 489 1275 licet
514 1218 704 1289 impari
732 1232 945 1287 gressu,
987 1224 1042 1272 te
1071 1217 1351 1271 ductorem
1381 1214 1680 1283 sequimur.
1708 1241 1780 1251 --
1803 1209 1944 1265 MAG.

362 1294 504 1377 Quid
541 1310 725 1374 homo,
757 1307 1021 1362 rationale
1042 1306 1262 1369 animal,
1301 1304 1523 1359 meliore
1548 1309 1701 1372 parte
1730 1294 1948 1354 immor-

362 1400 502 1464 talis,
553 1401 631 1453 tui
683 1398 994 1454 Conditoris
1042 1398 1260 1467 imago,
1300 1394 1428 1464 quid
1475 1392 1694 1463 propria
1718 1390 1950 1460 perdis?

364 1490 493 1560 quid
518 1489 692 1544 aliena
725 1489 899 1560 petis?
950 1502 1050 1542 cur
1083 1485 1282 1556 infima.
1308 1484 1507 1553 quaeris
1530 1490 1585 1537 et
1619 1494 1828 1536 summa
1856 1493 1948 1533 re-

366 1580 602 1654 linquis?

437 1675 551 1729 DlS.
590 1673 719 1741 Quae
751 1680 878 1727 sunt
921 1671 1160 1742 propria,
1187 1668 1269 1722 vel
1296 1680 1415 1737 quae
1443 1666 1619 1721 aliena
1646 1665 1671 1717 ?
1706 1693 1780 1704 -—
1806 1661 1947 1718 MAG.

2046 932 2267 988 studere
2287 931 2546 987 cohortor
2571 927 2727 1002 [Δίκη
2757 926 3004 999 suadeo].

2116 1024 2229 1080 Dis.
2268 1022 2417 1079 Unde
2438 1023 2640 1077 scimus
2665 1019 2988 1090 sapientiam
3022 1033 3145 1074 esse
3172 1022 3531 1090 perpetuam?
3568 1022 3641 1077 Et

2047 1117 2092 1173 si
2116 1117 2234 1172 haec
2254 1116 2434 1171 omnia
2456 1128 2575 1184 quae
2602 1121 2728 1169 ante
2749 1112 3072 1178 numerasti,
3123 1114 3438 1169 transitoria
3487 1125 3637 1181 sunt,

2047 1222 2146 1262 cur
2165 1221 2270 1261 non
2300 1212 2356 1260 et
2381 1204 2576 1259 horum
2600 1203 2827 1259 scientia
2856 1203 3195 1273 pertransit?
3212 1234 3285 1246 -—
3330 1205 3474 1262 me.
3503 1207 3641 1263 Ani-

2049 1311 2191 1350 mam
2226 1295 2433 1365 putatis
2457 1309 2578 1350 esse
2603 1293 2960 1365 perpetuam?

2117 1382 2231 1439 Dis.
2272 1382 2391 1437 Non
2437 1382 2613 1438 solum
2663 1390 2916 1453 putamus
2945 1423 2960 1449 ,
2996 1383 3092 1439 sed
3128 1382 3290 1439 etiam
3330 1386 3643 1444 certissime

2048 1472 2267 1528 scimus.
2307 1500 2376 1512 —-
2415 1471 2556 1528 Mss.
2596 1472 2763 1528 Estne
2810 1472 3075 1542 sapientia
3104 1472 3271 1529 decus
3297 1482 3355 1528 et
3399 1475 3641 1547 dignitas

2049 1563 2245 1619 animae
2262 1563 2287 1617 ?

2117 1655 2231 1711 Dis.
2270 1653 2367 1709 Est
2390 1668 2618 1711 vere.—
2650 1651 2702 1726 [ι
2726 1652 2867 1710 MAG.
2896 1652 3176 1721 Quomodo
3189 1653 3394 1725 absque
3418 1657 3641 1726 sapien-

366 1765 719 1825 Aliena'sunt,
739 1779 858 1832 quae
883 1770 1036 1817 extra
1052 1766 1389 1829 quaeruntur,
1418 1764 1477 1809 ut
1496 1754 1807 1809 divitiarum
1824 1768 1953 1808 oon-
1985 1818 2028 1832 _
2052 1746 2149 1811 tia,
2176 1747 2372 1802 decore
2415 1760 2548 1809 suo,
2586 1745 2767 1800 anima
2794 1744 3022 1802 feliciter
3053 1745 3253 1815 poterit
3291 1761 3413 1802 esse
3447 1763 3639 1817 perpe—

366 1818 640 1928 grbgatio:
670 1818 836 1918 intra,
866 1818 1142 1923 sapientia:
1157 1850 1339 1905 decus.
1377 1818 1561 1919 igitur
1590 1855 1670 1912 tu,
1692 1862 1726 1902 ο
1755 1847 1949 1902 homo!
1984 1818 2030 1879 Β
2058 1836 2190 1891 illa?
2224 1834 2648 1928 Nollne_ab5‘lue
2673 1836 2883 1890 mione
2908 1842 3011 1901 θεῖν
3038 1837 3275 1928 animal}!
3299 1836 3509 1928 flbs‘l‘le
3546 1839 3641 1894 ἀθί

366 1952 413 2007 si
442 1952 516 2006 tui
531 1951 699 2021 ipsius
722 1944 944 2018 compos
965 1948 1098 2011 eris,
1121 1944 1424 2015 possidebis
1442 1944 1584 2013 quod
1604 1956 1954 2011 necunquam

368 2044 616 2098 amittere
644 2040 871 2104 dolebis,
894 2055 993 2094 nec
1010 2035 1117 2093 ulla
1140 2038 1234 2093 tibi
1260 2034 1474 2093 fortuna
1501 2034 1717 2091 auferre
1730 2034 1952 2090 valebit.

368 2134 507 2202 Quid
537 2135 719 2205 igitur,
750 2149 784 2188 o
813 2131 1090 2197 mortales,
1115 2137 1270 2187 extra
1295 2129 1502 2199 petitis,
1529 2129 1660 2184 dum
1682 2130 1830 2185 intra
1854 2127 1956 2183 ha-

366 2225 510 2280 betis
534 2225 675 2294 quod
707 2223 952 2294 qumritis
977 2223 1001 2277 ?

440 2316 555 2371 Dis.
596 2314 929 2369 Felicitatem
953 2313 1265 2383 quaerimus.
1306 2342 1376 2351 —
1411 2309 1552 2365 Mm.
1586 2309 1731 2364 Bene
1758 2309 1955 2378 quaeri-

368 2407 463 2473 tis,
495 2409 541 2461 si
566 2413 873 2461 manentem
902 2403 1166 2475 quaeritis,
1218 2410 1272 2457 et
1297 2418 1400 2457 non
1426 2400 1739 2471 fugientem.
1796 2397 1956 2454 Vide—

370 2493 443 2551 tis
495 2509 655 2565 quam
713 2492 899 2547 multis
949 2489 1400 2545 amaritudinibus
1458 2496 1671 2541 terrena
1725 2484 1957 2540 felicitas

371 2597 588 2653 aspersa
616 2591 721 2649 est,
766 2596 887 2651 qua;
931 2579 1062 2634 nulli
1115 2577 1200 2632 vel
1248 2585 1359 2631 tota
1383 2575 1689 2644 proveniet,
1734 2573 1821 2628 vel
1851 2572 1956 2628 tida

372 2679 670 2741 permanet,
719 2670 845 2739 quia
870 2668 945 2722 nil
970 2682 1076 2722 non
1117 2664 1372 2719 mutabile
1392 2664 1674 2734 prmsentis
1704 2663 1827 2716 vitae
1876 2662 1956 2716 in-

370 2759 546 2813 veniri
584 2765 779 2827 potest.
853 2756 992 2824 Quid
1039 2753 1321 2824 pulchrius
1365 2753 1526 2809 luce?
1572 2761 1627 2808 et
1663 2753 1780 2807 haec
1801 2759 1954 2806 tene-

372 2849 488 2905 bris
517 2848 931 2904 succedentibus
979 2846 1309 2902 obfuscatur.
1351 2843 1492 2912 Quid
1529 2840 1754 2898 ﬂoribus
1785 2855 1956 2897 venu-

370 2941 511 2996 stius
543 2938 779 2995 aestatis?
818 2939 911 3009 qui
934 2947 1114 2993 tamen
1160 2935 1481 2991 hiemalibus
1534 2933 1824 3005 frigoribus
1862 2948 1958 3002 pe—

370 3041 550 3091 rcunt.
604 3032 744 3100 Quid
770 3032 945 3087 salute
971 3030 1216 3100 corporis
1257 3028 1517 3083 suavius?
1568 3037 1623 3082 et
1653 3026 1777 3096 quis
1815 3026 1956 3083 hanc

2053 1940 2181 1981 core
2208 1934 2263 1981 et
2286 1925 2549 1996 dignitate
2588 1940 2685 1981 sua
2717 1940 2839 1981 esse
2873 1925 3251 1998 perpetuam?]
3287 1926 3641 1997 Consequens

2054 2016 2268 2071 videtur
2299 2025 2587 2087 utramque
2616 2032 2738 2073 esse
2765 2026 3102 2088 perpetuam,
3165 2017 3401 2072 animam
3432 2019 3642 2074 scilicet

2055 2117 2111 2164 et
2132 2110 2473 2181 sapientiam.
2515 2110 2796 2167 Videtisne
2819 2110 3062 2180 quolibet
3081 2125 3210 2166 casu
3237 2112 3540 2181 saepissime
3565 2112 3642 2166 di-

2055 2199 2220 2255 vitias
2265 2201 2552 2255 habentem
2584 2202 2855 2269 deserere,
2894 2209 2949 2257 et
2971 2216 3161 2258 omnes
3198 2202 3383 2258 saeculi
3403 2202 3642 2260 honores

2055 2294 2331 2349 multoties
2350 2295 2555 2349 minui?

2127 2386 2239 2440 Dis.
2282 2386 2541 2441 Videmus
2570 2387 2755 2456 itaque
2778 2393 2840 2440 ut
2858 2401 2929 2442 ne
2950 2384 3100 2456 regni
3144 2384 3364 2455 quidem
3396 2390 3642 2457 potentia

2053 2476 2311 2544 perduret
2341 2474 2493 2549 μη,
2541 2476 2624 2531 uti
2642 2475 2942 2551 perdurat].
2970 2507 3042 2517 —
3067 2477 3209 2534 MAG.
3249 2476 3390 2546 Quid
3437 2479 3645 2536 divitia:

2057 2567 2175 2621 sine
2201 2567 2500 2636 sapientia?

2126 2658 2238 2714 Dis.
2272 2657 2425 2725 Quod
2446 2673 2643 2728 corpus
2664 2659 2782 2715 sine
2807 2659 3011 2727 anima,
3033 2658 3327 2717 Salomone
3377 2661 3597 2717 dicente
3627 2680 3643 2714 :

2060 2749 2201 2817 Quid
2238 2760 2456 2821 prosunt
2493 2751 2692 2806 divitiae
2732 2750 2913 2816 stulto,
2961 2768 3081 2806 cum
3132 2753 3449 2824 sapientiam
3473 2770 3648 2808 emere

2058 2858 2162 2896 non
2188 2844 2350 2914 possit
2407 2839 2589 2915 (Prov.
2625 2859 2761 2909 xvn,
2792 2842 2881 2916 16)
2909 2844 2934 2899 ?
2967 2875 3040 2885 —
3076 2843 3218 2901 ΜΑα.
3279 2843 3473 2900 Nonne
3524 2846 3649 2901 hmc

2058 2941 2161 2998 est,
2209 2948 2330 3003 quae
2378 2934 2634 2991 humilem
2665 2935 2911 3000 exaltat,
2957 2944 3012 2991 et
3066 2935 3231 3005 erigit
3284 2937 3354 2991 de
3398 2944 3650 2991 stercore

2056 3039 2371 3097 pauperem,
2398 3033 2458 3081 ut
2481 3025 2665 3081 sedeat
2690 3041 2814 3085 cum
2840 3026 3192 3098 principibus,
3224 3035 3280 3081 et
3313 3025 3509 3082 solium
3524 3024 3646 3097 glo-

370 3138 682 3200 perpetuam
708 3126 908 3182 habere
936 3124 1198 3180 confidit?
1242 3121 1381 3190 Quid
1404 3119 1692 3190 tranquilla
1713 3134 1845 3189 pace
1866 3116 1955 3225 Ξιι-
1983 3162 2033 3225 c
2060 3115 2356 3225 teue'at
2379 3116 2403 3169 ?

373 3219 633 3275 cundius?
658 3224 713 3272 et
751 3224 932 3272 tamen
966 3229 1110 3286 sepe
1137 3215 1253 3269 haec
1274 3212 1420 3268 tristi
1448 3210 1845 3267 discordiarum
1866 3207 1953 3264 fo-

378 3311 505 3364 mite
532 3310 797 3364 irritatur.
1939 3310 1941 3312 ’

444 3400 559 3456 Dis.
598 3401 725 3457 Haec
746 3402 925 3457 omnia
947 3416 1026 3457 sic
1045 3417 1105 3457 se
1126 3403 1350 3463 habere,
1382 3400 1525 3454 sicut
1543 3398 1698 3464 dicis,
1729 3412 1835 3452 non
1859 3400 1957 3452 du-

376 3492 628 3547 bitamus.
682 3490 788 3547 Sed
823 3506 1081 3563 quorsum
1112 3491 1248 3545 ista?
1271 3519 1345 3531 —
1368 3488 1510 3545 MAG.
1543 3487 1616 3543 Ut
1638 3501 1707 3543 ex
1733 3486 1957 3554 majori~

376 3583 477 3637 bus
507 3582 715 3636 minora
745 3581 1106 3650 cognoscatis.

446 3672 562 3727 Dis.
605 3671 846 3739 Quonam
875 3671 1068 3726 modo?
1089 3701 1159 3710 —
1186 3670 1326 3727 MAG.
1358 3670 1417 3726 Si
1446 3670 1641 3726 coelum
1696 3680 1956 3741 terraque

376 3763 492 3820 suis
512 3777 727 3833 semper
745 3762 1203 3824 vicissitudinibus
1227 3762 1819 3833 mutantur,generalis
1836 3776 1955 3818 om-

376 3854 525 3913 nium
579 3853 931 3927 [mortalium]
985 3852 1327 3924 pulchritudo
1352 3861 1407 3909 et
1452 3853 1692 3915 utilitas;
1754 3861 1958 3922 quanto

381 3944 547 4014 magis
601 3942 884 4011 cujuslibet
926 3944 1003 3997 rei
1037 3944 1290 4013 specialis
1330 3943 1615 3997 delectatio
1643 3942 1953 3998 transitoria

376 4049 496 4090 esse
527 4049 747 4089 necesse
774 4034 894 4090 est?
940 4032 1006 4088 Et
1040 4050 1138 4089 cur
1168 4049 1230 4089 ea
1269 4034 1439 4088 amari
1464 4034 1662 4089 debent
1685 4049 1809 4104 qua:
1836 4049 1959 4103 per-

378 4139 598 4179 manere
630 4125 935 4195 nequeunt?
986 4123 1125 4191 Quid
1173 4138 1271 4177 vos
1308 4124 1553 4179 homines
1591 4125 1656 4177 de
1699 4122 1961 4195 [nominis

381 4215 575 4286 (fidit,
598 4214 890 4287 hominis)]
920 4214 1097 4279 laude,
1126 4215 1192 4269 de
1220 4214 1443 4269 honoris
1465 4214 1747 4285 dignitate,
1787 4218 1855 4270 de
1880 4215 1960 4270 di-

376 4306 632 4360 vitiarum
663 4305 1074 4376 congregatione
1095 4304 1377 4376 cogitatis?
1428 4304 1659 4374 Legistis
1679 4304 1853 4360 Crcesi
1879 4305 1957 4359 di-

378 4396 558 4460 vitias,
580 4395 870 4452 Alexandri
893 4395 1110 4457 famam,
1145 4395 1385 4466 Pompeii
1406 4397 1705 4451 honorem?
1735 4397 1802 4451 Et
1827 4397 1957 4467 quid

2130 3209 2242 3264 Dis.
2283 3209 2380 3268 Est
2411 3210 2649 3279 quidem,
2687 3211 2780 3266 sed
2808 3226 2970 3281 quam
3002 3212 3249 3283 speciosa
3272 3213 3328 3267 in
3367 3212 3644 3274 habendo,

2060 3306 2170 3355 tam
2193 3298 2463 3355 laboriosa
2503 3300 2558 3355 in
2614 3301 2962 3370 acquirendo.
3001 3330 3073 3342 --
3116 3301 3258 3357 MAG.
3304 3302 3441 3369 Quis
3485 3302 3647 3357 miles

2059 3391 2176 3447 sine
2225 3391 2523 3447 certamine
2549 3393 2932 3448 coronabitur?
2987 3393 3120 3460 Quis
3145 3390 3381 3464 agricola
3413 3393 3535 3447 sine
3568 3392 3645 3446 la-

2057 3483 2191 3537 bore
2212 3481 2449 3537 abundat
2469 3484 2737 3552 panibus?
2774 3483 2962 3540 Nonne
2980 3493 3135 3540 vetus
3158 3484 3529 3555 proverbium,
3562 3500 3650 3539 ra-

2057 3571 2208 3627 dices
2235 3572 2540 3628 littcrarum
2562 3589 2681 3629 esse
2706 3589 2941 3640 amaras,
2975 3575 3183 3633 fructus
3202 3584 3381 3630 autem
3413 3568 3602 3630 dulces
3623 3576 3654 3629 τ

2056 3661 2225 3730 Igitur
2272 3670 2329 3717 ot
2383 3670 2568 3718 noster
2622 3674 2808 3719 orator
2853 3664 2908 3721 in
2946 3664 3118 3735 Epist.
3171 3667 3240 3721 ad
3288 3664 3455 3719 Hebr.
3500 3664 3652 3720 idem

2055 3756 2270 3829 probat.
2342 3755 2533 3813 Omnis
2571 3758 2789 3828 quidem
2836 3760 3119 3830 disciplina
3168 3760 3225 3814 in
3249 3760 3506 3830 praesenti
3535 3775 3650 3815 non

2055 3848 2274 3903 videtur
2296 3863 2416 3904 esse
2455 3850 2631 3920 gaudii
2660 3851 2755 3905 sed
2781 3852 3073 3916 mirareris;
3116 3860 3306 3922 postea
3330 3851 3538 3924 [vero],
3551 3868 3653 3922 pa-

2056 3940 2391 3995 catissimum
2415 3939 2649 3997 fructum
2676 3944 2991 3999 exercitatis
3023 3945 3079 3999 in
3105 3958 3168 3999 ea
3214 3942 3368 3999 affert
3392 3945 3648 4015 iustitiae.

2129 4032 2242 4088 Dis.
2284 4032 2420 4098 Duc,
2489 4047 2608 4103 age,
2656 4049 2765 4103 quo
2813 4034 3016 4100 libeat’,
3067 4037 3345 4105 sequimur
3390 4035 3652 4098 libenter,

2057 4123 2182 4194 quia
2217 4138 2339 4201 spes
2385 4125 2592 4195 prtemii
2645 4123 2785 4178 solet
2837 4124 3080 4182 laborem
3123 4126 3383 4182 relevare.
3459 4126 3655 4182 Omnis

2057 4214 2256 4283 quippe
2304 4215 2396 4285 qui
2447 4223 2589 4280 arat,
2639 4215 2693 4269 in
2726 4230 2821 4285 spe
2867 4226 2989 4271 arat
3028 4218 3362 4288 percipiendi
3416 4216 3649 4273 fructus.

2056 4304 2255 4360 Fertur
2299 4306 2505 4374 itaque,
2554 4305 2682 4361 dum
2708 4307 2976 4379 Diogenes
3005 4324 3231 4379 magnus
3260 4308 3350 4363 ille
3403 4309 3653 4379 philoso-

2055 4394 2197 4464 phus
2245 4411 2436 4452 omnes
2481 4412 2608 4453 suos
2650 4413 2682 4452 a
2723 4414 2782 4454 se
2833 4400 3040 4470 expulit
3083 4400 3376 4471 discipulos
3421 4400 3651 4456 dicens:

381 4489 496 4543 haec
530 4487 785 4556 perituris
818 4487 1156 4556 proderunt?
1202 4486 1328 4540 dum
1356 4487 1583 4555 quisque
1618 4486 1832 4542 illorum
1857 4487 1958 4542 im-
1984 4512 2035 4572 υ
2059 4484 2153 4548 Ite,
2200 4487 2425 4556 quaerite
2476 4489 2631 4544 vobis
2681 4491 3031 4561 magistrum,
3082 4507 3184 4562 ego
3233 4507 3363 4548 vero
3420 4491 3653 4564 [inveni]

380 4586 593 4632 matura
621 4583 796 4632 morte
830 4592 952 4632 cum
975 4590 1168 4647 magno
1193 4577 1470 4645 quaesitam
1496 4576 1681 4632 labore
1705 4579 1812 4633 cito
1829 4592 1955 4648 per-

379 4668 516 4723 didit
551 4669 799 4738 gloriam,
844 4668 1144 4738 minuitque
1186 4667 1581 4736 quodammodo
1608 4670 1840 4737 propriae
1872 4670 1957 4723 in—

377 4757 685 4829 tegritatem
719 4758 958 4813 scientim
985 4755 1132 4829 [Ms..
1146 4756 1417 4829 iustitiae],
1438 4758 1530 4826 qui
1556 4772 1620 4812 ex
1638 4758 1828 4815 alienis
1852 4759 1955 4814 sibi

377 4847 735 4903 sermunculis
752 4847 965 4903 laudem
992 4849 1204 4918 quaerit.
1247 4848 1385 4915 Quid
1411 4851 1478 4903 de
1499 4849 1704 4905 divitiis
1733 4864 1960 4918 congre-

377 4937 567 5009 gandis
597 4938 843 4999 studetis,
890 4953 1011 5008 quae.
1036 4937 1121 4992 vel
1150 4939 1425 5004 deserunt,
1481 4939 1566 4994 vel
1602 4940 1960 5001 deseruntur?

378 5046 500 5099 qua:
524 5027 848 5086 effundendo
875 5045 1038 5100 quam
1066 5033 1332 5087 servando
1368 5031 1560 5087 melius
1605 5032 1776 5088 ditant
1806 5032 1957 5106 [Ms.,

378 5117 625 5190 nitent]?
681 5118 961 5189 Siquidem
1006 5120 1234 5175 avaritia
1296 5122 1529 5181 odlosos,
1575 5121 1752 5178 claros
1796 5122 1961 5191 largi-

379 5221 464 5267 tas
485 5211 634 5267 facit.
680 5210 920 5278 Quarum
950 5213 1279 5268 abundantia
1303 5214 1515 5267 nonnisi
1545 5229 1608 5269 ex
1625 5215 1852 5270 aliorum
1880 5217 1962 5272 in—

380 5300 613 5369 digentia
644 5300 798 5373 [Ms.,
848 5302 1199 5375 indulgentia]
1227 5304 1556 5374 congeritur.
1612 5304 1751 5372 Quid
1793 5306 1963 5363 hono-

382 5404 470 5443 res
489 5391 722 5447 fomenta
741 5394 1007 5462 superbiae
1033 5395 1310 5464 quatritis?
1352 5393 1540 5449 Nonne
1566 5410 1707 5450 unus
1736 5377 1820 5451 est
1842 5412 1961 5451 om-

382 5481 529 5535 nium
553 5483 747 5537 Pater?
789 5484 857 5539 Et
883 5500 981 5540 cur
1007 5486 1257 5556 iniuriam
1281 5484 1459 5541 facitis
1480 5486 1753 5541 Conditori
1783 5496 1964 5544 vestro

381 5567 563 5634 pejora
589 5572 833 5635 amando,
865 5582 921 5628 et
942 5574 1167 5631 meliora
1180 5576 1510 5631 amittendo?
1554 5575 1647 5630 Ille
1676 5591 1843 5647 genus
1866 5577 1966 5632 hu-

388 5667 607 5708 manum
639 5661 868 5714 terrenis
893 5663 1146 5719 omnibus
1168 5672 1428 5734 praestare
1456 5665 1645 5730 voluit,
1672 5681 1769 5721 vos
1797 5667 1968 5738 digni-

463 5771 492 5800 ι
531 5760 657 5816 Ηωε
680 5764 929 5822 restituta
954 5779 1079 5823 sunt
1100 5786 1167 5826 ex
1196 5773 1315 5829 cod.
1340 5789 1442 5829 ms.
1472 5774 1822 5846 Frisingeusi.

2063 4578 2216 4643 mihi,
2243 4579 2292 4633 ei
2337 4579 2485 4635 solus
2509 4580 2664 4635 Plato
2689 4582 2937 4648 adhaesit,
2970 4591 3025 4637 et
3045 4584 3279 4653 quadam
3309 4584 3400 4638 die
3425 4584 3656 4640 lutulen-

2065 4667 2140 4722 tis
2162 4668 2387 4737 pedibus
2411 4684 2572 4739 super
2599 4679 2935 4727 exstructum
2976 4674 3222 4742 magistri
3258 4673 3523 4729 lectulum
3557 4690 3652 4731 cu-

2064 4759 2236 4813 currit
2267 4759 2506 4815 assidere
2528 4760 2757 4827 doctori,
2785 4777 2945 4831 quem
2968 4762 3230 4833 Diogenes
3262 4762 3463 4818 baculo
3491 4762 3659 4819 ferire

2065 4851 2447 4918 minitabatur;
2492 4854 2579 4908 cui
2629 4868 2764 4922 puer
2818 4855 3075 4910 inclinato
3121 4856 3298 4925 capite
3337 4857 3650 4927 respondit:

2066 4943 2255 4998 Nullus
2295 4952 2380 4999 est
2401 4954 2509 5000 tam
2535 4946 2703 5001 durus
2728 4947 2976 5012 baculus,
3017 4948 3111 5017 qui
3153 4962 3242 5002 me
3285 4962 3317 5001 a
3349 4955 3446 5002 tuo
3467 4962 3652 5019 segre—

2066 5049 2196 5103 gare
2224 5035 2395 5105 possit
2423 5036 2610 5091 latere.
2684 5036 2754 5091 At
2786 5037 2830 5091 si
2872 5036 3023 5109 [Ms.,
3054 5036 3113 5092 Si
3140 5036 3294 5111 ergo]
3349 5038 3443 5095 ille
3468 5053 3656 5095 amore

2068 5125 2342 5180 saecularis
2379 5126 2655 5196 sapientiae
2678 5126 2934 5197 ﬂagrans,
2971 5128 3209 5184 coelestis
3230 5115 3385 5193 vero,
3422 5144 3546 5198 quae
3583 5128 3655 5185 ad

2065 5216 2234 5270 vitam
2260 5217 2761 5288 ducitperpetuam,
2818 5220 3059 5289 ignarus,
3096 5221 3176 5276 sic
3223 5221 3484 5277 ardenter
3539 5236 3658 5277 ma-

2064 5307 2293 5377 gistrum
2317 5309 2470 5380 sequi
2488 5311 2831 5379 persistebat,
2855 5320 3058 5382 quanto
3078 5314 3249 5383 magis
3274 5329 3374 5369 nos
3398 5323 3515 5381 tua,
3542 5329 3659 5368 ma—

2065 5398 2256 5468 gister,
2306 5400 2694 5469 ingredientem
2718 5402 2803 5457 vel
2849 5403 3212 5472 egredientem
3255 5405 3486 5475 vestigia
3503 5401 3656 5473 sequi

2067 5488 2345 5554 debemus,
2369 5491 2460 5559 qui
2486 5506 2593 5546 non
2624 5492 2796 5547 solum
2821 5494 3089 5565 litterario
3123 5489 3276 5565 [Ms.,
3305 5489 3655 5563 litteratoria]

2068 5595 2167 5635 nos
2187 5580 2488 5636 liberalium
2508 5583 2808 5639 studiorum
2840 5584 3034 5640 itinere
3083 5585 3282 5639 ducere
3334 5585 3501 5650 nosti,
3558 5583 3658 5639 sed

2068 5671 2233 5727 etiam
2245 5671 2498 5730 meliores
2512 5674 2713 5746 sophiae
2738 5675 2875 5743 vias,
2893 5690 3014 5747 quae
3033 5676 3100 5732 ad
3121 5675 3289 5729 vitam
3320 5674 3472 5734 ducit
3498 5682 3658 5733 arter-
