3866 6170
237 324 353 382 853

1321 311 1788 370 DlDASCALlCA.
1826 340 1897 350 —
1933 311 2408 371 GRAMMATICA.

3396 312 3501 367 85.5

235 449 370 491 nam
429 425 708 501 [pandere]
739 426 976 495 poteris?
1008 454 1079 467 —
1113 425 1256 480 MAG.
1287 423 1474 478 Divina
1503 438 1601 478 nos
1623 436 1812 490 praece-
1845 424 1895 480 Δ
1923 426 2136 492 metiea,
2189 428 2538 497 geometrica,
2592 428 2797 482 musica
2826 436 2878 482 et
2915 428 3223 497 astrologia.
3281 428 3382 482 Per
3404 431 3502 484 bos

236 519 546 592 datgratia,
577 525 632 571 et
661 515 715 569 in
739 515 1021 570 thesauros
1052 514 1309 584 spiritalis
1340 513 1568 569 deducat
1611 513 1822 581 sapien-

238 612 353 674 tiae,
401 609 451 662 in
499 621 605 675 qua
634 605 830 659 divina:
852 605 1116 659 ubertatis
1148 604 1295 658 fonte
1345 602 1598 657 inebriari
1629 600 1824 673 [possi-

239 698 355 770 tis],
386 706 444 751 ut
467 697 536 749 sit
554 695 607 748 in
633 695 787 748 vobis
811 694 930 748 fons
962 708 1114 762 aquae
1136 694 1375 748 salientis
1398 693 1451 746 in
1473 693 1639 746 vitam
1667 699 1825 746 acter-

236 807 391 849 nam.
447 787 554 842 Sed
582 786 707 856 quia
738 785 996 855 Apostolo
1017 785 1362 854 praecipiente
1414 783 1670 853 legimus:
1700 782 1827 838 Om-

239 883 334 938 nia
365 886 548 934 vestra
586 878 814 932 honesta
838 891 962 929 cum
1006 875 1195 930 ordine
1219 875 1372 940 ﬁant,
1418 889 1514 932 vos
1535 889 1634 945 per
1662 889 1826 943 quos.

238 974 369 1028 dam
405 970 730 1028 eruditionis
781 970 982 1039 gradus
1034 967 1102 1022 ab
1155 967 1499 1023 inferioribus
1557 967 1626 1021 ad
1671 981 1829 1036 supe-

238 1066 393 1120 riora
438 1077 559 1118 esse
608 1059 886 1114 ducendos
933 1073 1078 1124 reor,
1125 1058 1296 1113 donec
1348 1073 1538 1128 penna:
1567 1057 1827 1112 virtutum

237 1156 508 1226 paulatim
534 1159 870 1214 accrescant,
912 1151 1108 1221 quibus
1139 1149 1206 1204 ad
1234 1149 1425 1202 altiora
1464 1149 1582 1220 puri
1612 1147 1830 1202 aetheris

239 1244 580 1314 spectamina
638 1241 886 1296 volantes
952 1239 1133 1294 dicere
1178 1238 1459 1294 valeatis:
1525 1237 1830 1290 Introduxit

240 1351 341 1389 nos
373 1351 462 1387 rex
489 1334 545 1386 in
567 1330 784 1385 cellaria
816 1346 934 1396 sua,
964 1327 1342 1383 exsultabimus
1373 1337 1421 1382 et
1451 1327 1749 1383 lwtabimur
1776 1326 1830 1380 in

239 1427 320 1481 eis
348 1423 527 1497 (Cant.
552 1440 592 1488 ι,
620 1423 698 1494 '5).
904 1409 908 1416 ’

316 1517 433 1571 Dis.
459 1517 536 1568 Da
558 1516 858 1579 dexteram,
882 1513 1163 1583 magister,
1187 1520 1242 1567 et
1262 1527 1362 1568 nos
1381 1513 1448 1566 ab
1471 1512 1634 1565 bumo
1660 1511 1832 1578 impe—

243 1609 394 1665 ritize
439 1608 608 1671 eleva,
660 1615 714 1660 et
760 1606 814 1659 in
839 1606 1038 1674 gradus
1066 1605 1270 1674 sophiae
1299 1620 1396 1658 nos
1425 1612 1596 1657 tecum
1629 1601 1834 1656 consti-

243 1709 364 1764 tue,
394 1699 448 1753 in
483 1699 678 1769 quibus
709 1703 761 1751 te
783 1711 850 1750 ex
875 1711 1088 1750 morum
1117 1695 1376 1765 dignitate
1395 1736 1408 1759 ,
1446 1709 1511 1747 ex
1540 1694 1831 1746 verborum

1922 519 2066 573 enim
2118 519 2422 589 philosophi
2452 536 2547 574 sua
2576 519 2946 574 contriverunt
2993 519 3104 574 otia
3153 527 3313 586 atque
3339 534 3504 590 nego-

1924 609 2019 663 tia.
2075 610 2145 665 lis
2174 626 2408 680 namque
2436 611 2746 667 consulibus
2791 610 3050 664 clariores
3076 608 3271 674 effecti,
3315 609 3382 664 iis
3421 625 3509 666 re-

1926 701 2082 772 gibus
2129 702 2452 758 celebriores
2487 744 2501 768 ,
2556 704 2624 758 iis
2678 703 2922 758 videlicet
2977 710 3179 757 aeterna
3239 701 3500 755 memoria

1929 791 2266 847 laudabiles:
2318 793 2384 848 iis
2431 808 2647 864 quoque
2693 793 2864 848 sancti
2909 801 2962 847 et
3007 792 3254 847 catholici
3310 801 3510 846 nostra:

1929 880 2052 935 ﬁdei
2083 883 2329 938 doctores
2358 892 2412 938 et
2436 885 2746 939 defensores
2774 883 3024 938 omnibus
3046 883 3426 937 haeresiarchis
3454 883 3514 938 in

1931 975 2366 1030 contentionibus
2376 973 2604 1043 publicis
2615 988 2827 1044 semper
2842 973 3150 1043 superiores
3162 973 3511 1028 exstiterunt.

2001 1062 2106 1115 Per
2131 1063 2228 1116 bas
2258 1079 2404 1126 vero,
2430 1063 2522 1116 ﬁlii
2549 1064 2876 1127 charissimi,
2929 1063 3150 1118 semitas
3179 1072 3359 1118 vestra
3386 1077 3518 1131 quo-

1932 1153 2062 1208 tidie
2078 1155 2655 1220 curratadolescentia,
2680 1155 2852 1210 donec
2863 1153 3156 1224 perfectior
3179 1163 3311 1209 aetas
3323 1163 3379 1208 et
3401 1154 3525 1208 ani-

1934 1263 2054 1302 mus
2081 1261 2244 1302 sensu
2275 1247 2546 1301 robustior
2577 1249 2642 1300 ad
2674 1247 2907 1301 culmina
2935 1253 3245 1300 sanctarum
3271 1244 3518 1313 Scriptu-

1935 1353 2116 1392 rarum
2131 1339 2427 1407 perveniat.
2452 1339 2726 1405 Quatenus
2744 1338 2870 1392 hinc
2885 1337 3007 1391 inde
3020 1337 3214 1390 armati
3239 1351 3381 1391 vera:
3393 1336 3516 1391 ﬁdei

1935 1429 2245 1484 defensores
2270 1438 2325 1483 et
2349 1429 2594 1484 veritatis
2623 1436 2920 1484 assertores
2947 1427 3271 1482 omnimodis
3297 1425 3520 1481 invinci-

1932 1523 2069 1578 biles
2097 1522 2409 1577 efﬁciamini
2441 1534 2488 1574 α.

1937 1655 2179 1728 SAXO,
2211 1652 2555 1728 FRANCO,
2598 1652 3031 1726 DISCIPULI;
3084 1651 3518 1712 MAGISTER.

241 1796 486 1850 veritate
529 1793 722 1862 saepius
769 1791 1070 1846 consistere
1117 1791 1434 1861 agnovimus
1457 1827 1474 1854 ,
1516 1804 1622 1857 quo
1650 1796 1702 1842 te
1745 1801 1832 1842 re-
1864 1791 1914 1851 Β
2006 1773 2246 1828 Fuerunt
2270 1773 2328 1828 ίη
2353 1772 2539 1828 5011013
2559 1771 2740 1827 Albini
2768 1771 3015 1842 ωαείειτί
3047 1770 3153 1862 duo
3179 1770 3356 1839 Pueri,
3381 1786 3523 1826 unus

246 1904 377 1944 rum
414 1887 552 1940 ratio
589 1883 954 1955 pulcherrima
990 1885 1058 1940 ab
1091 1885 1311 1939 ineunte
1337 1921 1351 1944 ,
1397 1889 1455 1932 ut
1494 1878 1831 1940 audivimus,

247 1986 418 2036 aetate
453 1975 741 2047 perduxit;
800 1983 855 2028 et
919 1975 964 2028 si
1003 1973 1232 2044 poeticis
1270 1972 1394 2026 licet
1424 1984 1584 2024 aures
1619 1983 1834 2022 aceom-

250 2069 481 2127 modare
534 2067 785 2154 fabulis.
830 2067 989 2124 nobis
1034 2084 1143 2123 non
1193 2069 1550 2137 incongruum
1603 2064 1835 2128 videtur,

247 2160 399 2230 quod
453 2165 730 2222 asserunt,
768 2158 954 2226 epulas
1006 2158 1232 2214 deorum
1283 2172 1404 2211 esse
1456 2155 1727 2210 rationes.
1767 2186 1838 2197 —

250 2248 397 2304 Man.
435 2247 631 2304 Verius
651 2289 665 2314 ,
697 2263 730 2303 ο
766 2248 898 2302 ﬁlii!
941 2249 1125 2304 dicere
1153 2249 1414 2318 potestis,
1445 2246 1682 2302 rationes
1720 2260 1840 2300 esse

180 2353 188 2361 '
253 2340 581 2410 angelorum
603 2340 810 2406 cibum,
841 2339 1145 2396 animarum
1172 2340 1444 2406 decorem,
1469 2354 1629 2409 quam
1656 2337 1840 2409 epulas

251 2433 508 2488 deorum.

334 2523 449 2576 DIS.
492 2521 722 2592 Quoquo
743 2523 904 2579 modo
933 2523 1048 2578 btec
1075 2523 1180 2578 dici
1209 2522 1458 2589 debeant,
1491 2523 1696 2594 primos
1722 2537 1842 2591 pre-

253 2629 456 2670 camur
485 2614 641 2669 nobis
687 2614 966 2684 sapientiae
996 2613 1206 2670 ostendi
1238 2614 1452 2686 gradus,
1503 2622 1562 2668 ut
1609 2612 1721 2667 Deo
1749 2613 1843 2666 do-
1887 2658 1892 2662 .

251 2712 428 2762 nante
467 2712 523 2757 et
551 2711 603 2757 te
649 2704 911 2759 edocente
944 2704 1012 2758 ab
1051 2704 1399 2759 inferioribus
1445 2702 1512 2756 ad
1562 2701 1842 2772 superiora

251 2796 547 2866 pervenire
587 2797 887 2851 valeamus.
935 2827 1006 2836 —
1057 2796 1196 2855 MAG.
1244 2795 1515 2866 Legimus,
1549 2793 1838 2847 Salomone

257 2887 477 2941 dicente
497 2927 511 2950 ,
548 2902 644 2957 per
672 2902 834 2956 quem
863 2888 979 2956 ipsa
1009 2902 1067 2941 se
1116 2887 1312 2941 cecinit
1339 2885 1662 2957 [Sapientia]
1692 2903 1706 2941 :
1747 2883 1845 2938 Sa-

255 2977 463 3046 pientia
510 2977 790 3046 wdiﬁcuvit
863 2977 963 3032 sibi
1010 2977 1257 3042 domum,
1318 2977 1512 3030 excidit
1575 2976 1844 3029 columnas

251 3076 463 3138 septem
506 3065 689 3138 (Prov.
719 3083 794 3133 ιι,
823 3067 896 3136 l).
922 3067 1051 3134 Quae
1078 3067 1344 3122 sententia
1366 3066 1491 3120 licet
1517 3066 1584 3120 ad
1608 3065 1845 3119 divinam

1934 1866 2167 1930 Franco,
2201 1865 2338 1920 alter
2368 1864 2644 1934 Saxo,qui
2675 1862 2985 1933 nuperrime
3016 1861 3224 1931 spineta
3249 1875 3522 1931 gramma-

1935 1957 2056 2012 ticae
2084 1955 2368 2012 densitatis
2394 1956 2726 2025 irruperunt.
2789 1951 3130 2022 Quapropter
3162 1951 3362 2022 placuit
3415 1950 3525 2006 illis

1935 2062 2139 2116 paucas
2157 2045 2403 2100 litteralis
2433 2043 2587 2116 μη,
2617 2044 2807 2113 paucis
2834 2041 3109 2113 litterulis]
3151 2042 3387 2097 scientia:
3436 2055 3526 2095 re-

1938 2139 2093 2209 gulas
2123 2135 2398 2192 memoria:
2421 2150 2586 2192 causa
2610 2150 2706 2205 per
2730 2133 3185 2205 interrogationes
3211 2141 3266 2188 et
3305 2146 3528 2202 respon-

1940 2230 2120 2288 siones
2145 2242 2457 2298 excerpere.

2009 2321 2080 2375 At
2097 2321 2248 2392 prior
2271 2319 2488 2376 illorum
2519 2318 2732 2374 Franco
2759 2317 2894 2374 dixit
2925 2316 3159 2373 Saxoni:
3211 2315 3329 2378 Eia,
3357 2314 3526 2379 Saxo,

1940 2427 2029 2468 me
2054 2413 2423 2482 interrogante
2441 2411 2729 2482 responde,
2767 2409 2896 2480 quia
2921 2417 2981 2464 tu
3004 2408 3227 2480 majoris
3247 2422 3308 2462 es
3331 2405 3525 2462 tetatis.

1941 2504 2052 2574 Ego
2075 2520 2164 2558 xxv
2187 2519 2451 2558 annorum
2474 2520 2489 2568 ;
2523 2512 2580 2557 tu
2603 2511 2665 2557 ut
2686 2517 2813 2558 reor
2839 2518 2928 2556 xv.
2986 2501 3068 2556 Ad
3109 2501 3224 2554 ιιωο
3248 2498 3392 2554 Saxo
3445 2514 3530 2552 re-

1942 2593 2190 2663 spondit:
2246 2593 2498 2658 Faciam;
2528 2594 2602 2647 ita
2624 2601 2823 2655 tamen,
2852 2601 2912 2646 ut
2939 2592 2984 2647 si
3007 2591 3139 2661 quid
3160 2591 3321 2644 altius
3350 2590 3418 2643 sit
3448 2588 3532 2642 in—

1943 2685 2443 2756 terroganduni,vel
2462 2701 2527 2741 ex
2546 2684 2918 2755 phi1030phica
2942 2681 3228 2753 disciplina
3253 2674 3549 2750 proferené“

1930 2776 2095 2841 -dum,
2126 2775 2286 2830 liceat
2309 2776 2625 2847 magistrum
2648 2775 3004 2845 interrogare.

2015 2867 2098 2920 Ad
2124 2868 2239 2922 haec
2267 2867 2558 2937 magister:
2598 2865 2802 2931 Placet,
2834 2867 2954 2932 ﬁlii,
2984 2864 3284 2935 propositio
3315 2872 3529 2919 vestra:

1947 2963 2002 3010 et
2027 2956 2199 3011 libens
2221 2971 2398 3011 annuo
2421 2964 2614 3011 vestrae
2637 2956 2940 3026 sagacitati.
3019 2956 3085 3009 Et
3108 2955 3345 3023 primum
3371 2953 3535 3010 dicite

1947 3049 2090 3103 unde
2112 3045 2391 3119 [primum]
2416 3057 2652 3102 vestram
2682 3047 3091 3102 convenientius
3114 3045 3534 3115 disputationem

253 3160 537 3232 pertineat
583 3160 944 3230 sapientiam,
978 3173 1099 3227 quae
1135 3155 1240 3210 sibi
1289 3156 1343 3210 in
1392 3163 1548 3210 utero
1595 3154 1846 3223 virginali
1875 3135 1924 3199 (ἶ
1953 3157 2072 3196 6550
2097 3140 2439 3195 arbitramini
2467 3140 2868 3208 inCiPiendam?

259 3252 513 3317 domum,
539 3251 592 3306 id
621 3260 706 3305 est
750 3266 965 3321 corpus,
1014 3249 1320 3312 aediﬁcavit,
1351 3248 1493 3301 hanc
1532 3255 1586 3300 et
1637 3254 1845 3315 septem

259 3341 430 3397 donis
477 3341 652 3396 sancti
683 3339 919 3412 Spiritus
961 3337 1304 3394 conﬁrmavit
1347 3355 1359 3389 :
1403 3335 1489 3391 vel
1516 3334 1844 3397 Ecclesium,

260 3446 392 3500 qua:
425 3440 510 3484 est
555 3431 747 3485 domus
772 3430 906 3494 Dei,
945 3429 1148 3483 eisdem
1187 3427 1343 3481 donis
1381 3426 1735 3490 illuminavit;
1769 3433 1852 3479 ta-

263 3538 397 3577 men
419 3523 683 3591 sapientia
707 3522 872 3592 263
891 3520 1192 3576 liberalium
1211 3518 1516 3573 litterarum
1539 3525 1746 3587 septem
1766 3532 1851 3571 co-

263 3612 474 3668 lumnis
491 3612 880 3676 conﬁrmatur;
929 3627 1030 3666 nec
1057 3610 1214 3664 aliter
1248 3609 1314 3663 ad
1339 3607 1640 3678 perfectam
1660 3623 1849 3676 quem-

258 3705 402 3760 libet
425 3705 644 3759 deducit
679 3705 984 3768 scientiam,
1005 3704 1110 3757 nisi
1131 3703 1216 3758 his
1242 3712 1447 3770 septem
1471 3701 1740 3757 columnis
1765 3702 1851 3757 vel

259 3793 435 3848 etiam
457 3793 717 3863 gradibus
744 3793 1036 3847 exaltetur.

340 3881 454 3936 DIS.
498 3883 738 3937 Tandem
765 3883 1056 3952 aliquando
1077 3882 1252 3952 pande
1272 3881 1417 3950 quod
1441 3882 1764 3952 promisisti,
1797 3890 1852 3937 et

256 3982 492 4044 propter
531 3972 877 4042 fragilitatem
908 3982 1108 4028 nostrte
1144 3973 1320 4027 anatis
1373 3987 1474 4026 nos
1517 3971 1854 4028 mollioribus

259 4065 453 4135 incipe
480 4066 700 4132 lactare,
729 4076 790 4120 ut
813 4066 882 4120 ad
903 4065 1178 4130 solidiora,
1206 4072 1486 4120 crescente
1513 4072 1694 4129 aetate,
1723 4062 1857 4118 faci-

254 4157 378 4212 lius
397 4157 796 4226 perveniamus.
827 4189 900 4199 —
919 4157 1060 4213 Mm.
1091 4158 1280 4212 Divina
1300 4157 1662 4226 praeveniente
1691 4159 1856 4214 etiam

257 4254 332 4302 et
351 4247 666 4316 perﬁciente
695 4249 870 4318 gratia
917 4247 1112 4303 faciam
1147 4250 1289 4317 quod
1317 4248 1569 4318 rogastis,
1597 4246 1857 4316 vobisque

259 4338 344 4393 ad
369 4337 661 4394 videndum
680 4341 960 4395 ostendam
988 4338 1138 4410 [Ms.,
1169 4337 1480 4410 ostendero]
1504 4347 1710 4407 septem
1738 4338 1859 4408 phi-

257 4428 534 4498 losophice
553 4430 778 4503 gradus,
804 4445 902 4500 per
925 4431 1252 4498 eosdemque
1275 4429 1387 4484 Deo
1407 4429 1641 4484 donante
1663 4437 1719 4484 et
1747 4430 1857 4484 vita

259 4520 475 4576 comite
491 4534 588 4587 pro
603 4527 912 4574 nostrarum
932 4519 1178 4587 portione
1199 4519 1395 4572 virium
1409 4533 1575 4587 penes
1598 4519 1858 4587 temporis

259 4619 328 4665 et
351 4611 530 4665 aetatis
557 4611 1022 4680 opportunitatem
1054 4610 1123 4663 ad
1151 4609 1467 4665 sublimiora
1511 4608 1856 4678 speculativa:

261 4700 518 4755 scientia:
545 4701 838 4756 deduxero.

345 4791 460 4846 Dis.
502 4794 617 4848 Due
664 4794 863 4859 etiam,
893 4795 996 4850 duc
1025 4802 1080 4848 et
1111 4794 1326 4849 tandem
1359 4793 1650 4862 aliquando
1683 4793 1750 4848 de
1776 4793 1858 4846 ni-

262 4884 405 4940 dulo
433 4885 663 4954 ignaviae
709 4888 762 4941 in
793 4903 974 4942 ramos
1022 4887 1117 4942 tibi
1164 4903 1196 4940 a
1230 4887 1340 4941 Deo
1387 4886 1527 4940 data:
1581 4885 1861 4954 sapientia:

263 4987 571 5040 compone;
604 4977 745 5031 unde
773 4976 989 5047 aliquod
1019 4977 1266 5032 veritatis
1295 4976 1475 5029 lumen
1507 4990 1732 5030 cernere
1758 4991 1855 5030 va-

263 5066 484 5122 ;eamus
519 5085 531 5121 :
564 5077 620 5123 et
648 5084 787 5138 quos
826 5070 984 5125 toties
1014 5069 1334 5138 promisisti,
1364 5076 1616 5137 septenos
1643 5068 1860 5122 theora-

269 5159 429 5213 sticae
452 5157 582 5231 [Ms.
615 5159 892 5233 forastice]
918 5161 1215 5231 disciplinae
1231 5161 1430 5230 gradus
1442 5159 1596 5213 nobis
1615 5161 1858 5216 ostende.

267 5277 346 5290 -—
383 5247 526 5304 MAG.
569 5250 707 5306 Sunt
753 5253 917 5322 igitur
955 5252 1175 5321 gradus,
1228 5266 1365 5322 quos
1397 5249 1653 5318 quaeritis,
1676 5259 1730 5304 et
1757 5252 1864 5306 nti-

273 5353 406 5392 nam
457 5349 564 5394 tam
623 5343 874 5396 ardentes
922 5342 1041 5396 sitis
1068 5356 1278 5410 semper
1336 5341 1403 5394 ad
1444 5339 1861 5410 [ascendendum

276 5429 476 5501 (Edit.,
503 5432 840 5505 discendum)
871 5433 888 5505 ]
919 5474 932 5498 ,
984 5449 1146 5502 quam
1187 5433 1388 5488 curiosi
1419 5433 1578 5486 modo
1613 5432 1744 5486 estis
1797 5435 1866 5488 ad

277 5522 600 5579 videndum:
628 5528 1294 5597 grannnatica,rhetorica
1323 5525 1672 5598 [dialectica],
1697 5528 1866 5582 arith-

2020 3233 2134 3287 DIS.
2175 3231 2348 3297 Unde,
2393 3232 2608 3286 domine
2646 3232 2925 3299 magister,
2975 3229 3077 3284 nisi
3131 3246 3162 3283 a
3213 3228 3427 3283 littera?
3465 3243 3535 3266 =—

1952 3325 2092 3381 MAG.
2126 3325 2269 3380 Bene
2295 3323 2655 3389 arbitramini,
2710 3323 2758 3378 si
2787 3338 2894 3377 non
2932 3321 3286 3392 philosophia:
3334 3334 3538 3374 memo-

1953 3417 2089 3471 riam
2115 3413 2276 3486 paulo
2301 3415 2450 3485 prius
2471 3414 2737 3470 fecissetis
2778 3412 2926 3485 [Ms.,
2964 3410 3324 3482 fecissemus].
3384 3409 3538 3465 Unde

1952 3524 1982 3562 a
2021 3523 2170 3573 voce,
2225 3508 2380 3578 cujus
2406 3522 2568 3562 causa
2599 3506 2793 3562 litterae
2833 3515 2958 3560 sunt
2986 3506 3241 3570 inventae,
3277 3504 3539 3558 inchoan-

1952 3599 2075 3652 dam
2096 3598 2518 3670 disputationem
2544 3605 2756 3652 constat
2792 3594 2944 3668 [Ms.,
2972 3594 3221 3666 censeo]:
3255 3594 3338 3648 vel
3370 3592 3541 3662 magis

1952 3691 2127 3760 primo
2180 3692 2418 3747 omnium
2464 3688 2911 3760 interrogandum
2963 3698 3078 3752 est,
3120 3685 3316 3755 quibus
3366 3682 3541 3738 modis

1951 3792 2166 3838 constet
2198 3784 2491 3852 disputatio
2519 3784 2542 3836 ?

2023 3873 2134 3928 DlS.
2177 3873 2243 3925 Et
2273 3889 2302 3926 a
2347 3881 2420 3936 te,
2473 3873 2756 3940 magister,
2805 3871 3118 3939 suppliciter
3144 3881 3396 3936 rogamus
3439 3879 3538 3918 ex-

1953 3963 2100 4032 poni.
2173 3960 2306 4014 Nam
2359 3975 2458 4015 nos
2505 3961 2720 4014 nescire
2759 3961 3080 4014 conﬁtemur
3121 3957 3318 4027 quibus
3365 3955 3540 4009 modis

1955 4061 2169 4109 constet
2188 4053 2500 4121 disputatio.
2537 4081 2608 4090 —
2643 4049 2783 4105 MAG.
2844 4049 2972 4103 Tria
3026 4058 3153 4103 sunt
3178 4048 3374 4116 quibus
3421 4061 3540 4101 om-

1957 4145 2043 4198 nis
2089 4143 2373 4198 colloeutio
2425 4142 2826 4212 disputatioque
2862 4141 3160 4212 perﬁcitur,
3215 4155 3325 4204 res,
3377 4138 3539 4194 intel-

1957 4240 2146 4304 lectus,
2174 4252 2354 4293 voces.
2425 4236 2533 4292 Res
2578 4245 2727 4303 sunt,
2756 4252 2877 4306 qua:
2916 4236 3081 4290 animi
3135 4235 3344 4289 ratione
3370 4234 3543 4303 perci-

1956 4330 2154 4400 pimus.
2230 4327 2556 4394 Intellectus,
2603 4329 2800 4398 quibus
2845 4342 2934 4382 res
2981 4327 3126 4395 ipsas
3185 4323 3538 4379 addiscimus.

1960 4421 2153 4486 Voces,
2177 4421 2373 4491 quibus
2383 4435 2471 4475 res
2492 4419 2792 4474 intellectas
2807 4416 3131 4488 proferimus
3145 4433 3160 4478 ;
3187 4412 3340 4481 cujus
3355 4429 3538 4475 causa,

1961 4520 2020 4566 ut
2041 4511 2273 4565 diximus
2298 4509 2526 4582 [Ms.,ut
2539 4510 2690 4580 prius
2711 4508 2868 4579 dixi],
2898 4508 3092 4560 littera:
3128 4506 3358 4559 inventm
3393 4513 3537 4558 sunt.

2031 4602 2147 4656 DIS.
2189 4601 2295 4656 Sed
2335 4601 2460 4670 quia
2490 4599 2872 4668 disputationis
2912 4597 3098 4652 modos
3139 4594 3344 4659 dixisti,
3396 4594 3544 4649 vocis

1959 4692 2290 4747 diﬁ'crentias
2316 4701 2650 4760 utexponas,
2682 4703 2990 4759 precamur.
3022 4719 3094 4728 —-
3119 4687 3259 4744 MAG.
3301 4688 3544 4754 Quatuor

1960 4795 2084 4839 sunt
2107 4784 2420 4839 «.lilTerentiae
2461 4782 2642 4836 vocis:
2695 4780 3000 4847 articnlata,
3049 4780 3429 4844 inarticulata;
3457 4778 3545 4832 lit-

1966 4886 2158 4940 terata,
2185 4876 2481 4930 illitterata.
2509 4873 2809 4928 Articulata
2832 4882 2935 4937 est,
2967 4889 3087 4944 quae
3111 4873 3353 4942 c0pulata
3383 4879 3544 4939 atque

1967 4974 2240 5022 coarctata
2271 4981 2394 5019 cum
2437 4980 2597 5023 sensu
2624 4964 2920 5034 profertur,
2949 4972 3034 5018 ut:
3085 4963 3246 5016 Arma
3275 4965 3546 5032 virumque

1967 5075 2118 5112 cano.
2151 5096 2164 5110 .
2193 5096 2207 5110 .
2227 5057 2590 5122 lnarticulata,
2612 5073 2730 5124 qua:
2752 5073 2782 5109 a
2806 5056 2951 5110 nullo
2976 5070 3136 5110 sensu
3162 5053 3544 5123 proﬁciscitur,

1967 5155 2026 5200 ut
2046 5147 2293 5217 crepitus,
2319 5146 2567 5216 mugitus.
2643 5144 2924 5208 Litterata,
2965 5158 3084 5212 quae
3126 5143 3290 5198 scribi
3319 5149 3543 5212 potest;

1969 5240 2267 5303 illitterata,
2303 5254 2424 5307 qua:
2449 5238 2612 5293 scribi
2638 5253 2743 5292 non
2777 5244 2975 5306 potest.

2039 5329 2152 5384 DIS.
2195 5329 2346 5384 Unde
2388 5328 2532 5382 dicta
2557 5325 2954 5381 VOX?—MAG.
2997 5324 3039 5377 A
3085 5323 3350 5378 vocando.
3406 5325 3547 5380 Ecce

1969 5420 2180 5477 habetis
2195 5435 2318 5489 qua:
2337 5419 2725 5487 iuterrogastis.
2743 5415 2897 5471 Nunc
2909 5432 2940 5470 a
2962 5416 3141 5470 littera
3155 5416 3400 5487 incipite,
3428 5417 3546 5476 ﬁlii.

2041 5527 2276 5604 Fusco.
2320 5526 2415 5581 Dic
2435 5527 2577 5579 Saxo
2596 5526 2765 5594 prior,
2796 5525 2936 5579 unde
2966 5525 3145 5580 littera
3165 5527 3238 5580 sit
3257 5525 3444 5581 dicta?
3476 5557 3552 5570 —

353 5648 376 5672 ιι
407 5636 619 5718 lin-cod.
653 5640 914 5718 ln§.hli_(‘g.
939 5638 1233 5718 Parisiensi
1257 5637 1500 5707 sequenti
1524 5638 1744 5710 Dialogo
1765 5639 1852 5718 hic
1887 5640 2180 5710 praefigitur
2227 5641 2444 5696 titulus:
2478 5638 2682 5694 Alcuini
2747 5638 3093 5710 Opusculum,
3131 5643 3270 5714 quod
3334 5656 3550 5702 vocatur

283 5701 670 5773 Encltiridium,
703 5701 923 5780 felicitEr
943 5710 1138 5780 incipit.
