3906 6190
340 292 444 350 8‘55

1158 280 1219 333 Β.
1258 277 1318 332 F.
1359 273 1586 330 ALBlNl
1627 271 1758 326 SEU
1796 265 2071 324 ALCUINI
2111 260 2396 320 OPEHUM
2436 257 2614 312 PARS
2654 255 2762 310 VII.

3501 247 3601 303 836

339 403 505 460 Saxo.
548 401 620 456 Ut
646 413 788 463 reor,
815 365 996 450 littera
1018 399 1101 447 est
1129 390 1282 460 quasi
1308 389 1552 460 legitera,
1591 385 1714 454 quia
1741 382 1920 451 legen—
1948 387 1995 443 Α
2022 392 2144 433 cum
2183 377 2237 430 in
2283 372 2547 443 principio
2569 369 2786 440 syllabae
2825 365 2945 420 aliis
2980 364 3256 463 vocalibus
3277 359 3602 432 junguntur.

341 496 487 552 tibus
526 495 630 548 iter
654 491 879 560 praebet.

411 587 576 658 269
597 584 696 638 Fu.
728 582 806 636 Da
851 577 1221 634 deﬁnitionem
1264 588 1496 644 quoque.
1525 602 1596 611 —
1617 569 1782 626 Suo.
1805 566 1924 621 Lit-

343 687 460 733 tera
487 685 571 730 est
589 689 716 743 pars
740 670 961 725 minima
989 667 1138 722 vocis
1160 664 1478 720 articulatm.

412 771 529 825 Dis.
564 768 740 822 Habet
763 773 840 829 et,
879 763 1152 832 magister,
1197 759 1423 812 alteram
1450 753 1817 810 definitionem
1841 751 1929 804 lit-

341 863 497 918 tera?
522 891 593 902 ——
614 859 754 914 MAG.
780 856 970 918 Habet,
1023 851 1117 906 sed
1143 851 1195 904 in
1217 848 1467 904 eumdem
1493 846 1775 900 cadentem
1807 856 1929 896 sen-

344 971 486 1012 sum.
534 954 738 1009 Littera
765 957 850 1004 est
878 946 1174 1007 individua,
1213 943 1338 1012 quia
1382 941 1684 996 sententias
1711 939 1767 992 in
1803 951 1931 1008 par.

343 1055 452 1112 tes,
471 1052 656 1116 partes
675 1042 728 1096 in
756 1039 1010 1110 syllabas,
1033 1034 1268 1106 syllabas
1292 1031 1587 1087 in'litteras
1615 1028 1926 1084 dividimus.

345 1136 571 1191 Litterae
600 1147 729 1187 vero
760 1126 1117 1183 indivisibiles
1146 1133 1294 1180 sunt.

415 1229 533 1284 Dis.
590 1226 746 1283 Unde
799 1225 994 1279 littera:
1028 1222 1295 1277 elementa
1339 1217 1628 1274 dicuntur?
1671 1246 1742 1256 -—
1787 1215 1928 1270 MAG.

346 1319 486 1389 Quia
513 1319 656 1375 sicut
694 1317 961 1372 elementa
992 1313 1242 1370 coeuntia
1287 1325 1485 1380 corpus
1523 1307 1828 1378 perﬁciunt,
1856 1307 1935 1362 sic

347 1413 434 1469 hae
455 1411 840 1482 conglutinata;
868 1406 1158 1462 litteralem
1189 1420 1378 1460 vocem
1407 1408 1754 1472 componunt.

420 1503 522 1557 Fu.
554 1502 656 1567 Da,
685 1500 914 1571 collega,
961 1498 1278 1552 divisionem
1324 1495 1646 1549 litterarum.
1672 1521 1744 1532 —-
1769 1489 1932 1544 Suo.

353 1596 491 1653 Sunt
513 1601 608 1649 aut
631 1592 844 1648 vocales
889 1598 983 1644 aut
1006 1596 1385 1644 consonantes.
1418 1586 1550 1641 Item
1581 1589 1939 1640 consonantes

351 1686 665 1744 dividuntur
685 1683 740 1736 in
771 1680 1122 1736 semivocales
1145 1687 1199 1734 et
1223 1686 1418 1732 mutas.

419 1776 521 1831 Fn.
554 1774 839 1829 Rationem
865 1787 1004 1842 pone
1037 1770 1261 1841 singulis
1294 1767 1742 1823 divisionibus.-—
1765 1765 1933 1820 Saxo.

352 1867 582 1923 Vocales
629 1879 727 1935 per
769 1879 828 1919 se
854 1863 1206 1935 proferuntur
1237 1869 1286 1916 et
1318 1873 1414 1930 per
1461 1875 1521 1914 se
1568 1857 1830 1930 syllabam
1863 1856 1965 1910 iam

354 1959 525 2014 ciunt.
581 1955 957 2012 Consonantes
1009 1969 1110 2008 nec
1155 1967 1252 2022 per
1285 1966 1342 2006 se
1371 1950 1508 2006 edici
1549 1958 1796 2019 possunt,
1842 1962 1944 2003 nec

353 2064 454 2120 per
479 2063 537 2104 se
572 2048 836 2120 syllabam
860 2046 1059 2100 facere.
1605 2090 1609 2093 .

425 2139 541 2195 Dis.
586 2139 890 2202 Habentne,
938 2134 1221 2206 magister,
1266 2131 1494 2186 alteram
1533 2129 1798 2182 rationem
1847 2142 1946 2181 cur

356 2229 705 2287 dividantur?
742 2259 816 2268 —
865 2227 1006 2283 MAG.
1057 2225 1288 2280 Habent.
1353 2221 1578 2278 Vocales
1629 2228 1755 2274 sunt
1807 2219 1945 2273 sicut

356 2322 571 2388 animae,
606 2328 972 2377 consonantes
1000 2318 1142 2372 sicut
1159 2329 1408 2385 corpora.
1435 2312 1630 2367 Anima
1654 2324 1784 2379 vero
1815 2316 1870 2362 et
1889 2323 1947 2362 se

356 2422 543 2470 movet
589 2421 645 2468 et
687 2426 902 2482 corpus.
947 2410 1156 2478 Corpus
1211 2421 1343 2461 vero
1389 2402 1665 2458 immobile
1703 2408 1787 2456 est
1831 2400 1948 2453 sine

314 2569 324 2583 ι
359 2507 560 2560 anima.
613 2502 706 2558 Sic
744 2510 870 2558 sunt
921 2505 1283 2556 consonantes
1323 2496 1440 2550 sine
1468 2493 1762 2549 vocalibus.
1812 2489 1948 2543 Nam

359 2595 524 2649 scribi
569 2601 797 2664 possunt
821 2606 921 2659 per
949 2603 1034 2653 se;
1075 2586 1213 2640 edici
1235 2599 1364 2639 vero
1388 2583 1474 2637 vel
1499 2587 1825 2653 potestatem
1852 2580 1950 2635 ha—

353 2683 493 2739 bere
521 2685 640 2738 sine
674 2680 952 2740 vocalibus
991 2683 1287 2746 nequeunt.

433 2771 534 2825 Fa.
559 2771 713 2826 Unde
742 2770 899 2824 dicta:
935 2774 1063 2822 sunt
1091 2764 1307 2821 vocales
1353 2770 1409 2818 et
1455 2762 1854 2818 consonantes?
1881 2791 1951 2804 —-

361 2861 530 2919 Suo.
557 2859 787 2916 Vocales
833 2859 992 2913 dicta:
1033 2864 1182 2922 sunt,
1213 2855 1340 2924 quia
1381 2868 1482 2925 per
1517 2869 1576 2909 se
1616 2867 1804 2908 vocem
1849 2853 1951 2906 im-

353 2953 544 3024 pleant
597 2952 742 3008 nulla
798 2949 1110 3005 adhaerente
1165 2953 1518 3003 consonante.
1577 2945 1950 3001 Consonantes

361 3052 569 3100 vocata:
617 3050 761 3108 sunt,
790 3042 918 3112 quia
947 3055 1045 3112 per
1070 3054 1130 3096 se
1155 3055 1264 3094 non
1292 3046 1510 3102 sonant,
1539 3036 1634 3091 sed
1675 3034 1950 3090 vocalibus

365 3143 686 3195 consonant.

397 3227 409 3241 '
436 3229 536 3283 Fu.
570 3227 701 3295 Quae
735 3233 820 3282 est
853 3224 1158 3280 differentia
1187 3223 1328 3277 inter
1363 3218 1714 3277 semivocales
1754 3226 1810 3273 et
1833 3233 1950 3272 mu-

364 3321 486 3372 tas?
511 3349 584 3361 --
611 3318 776 3373 Saxo.
809 3316 1081 3382 Quantum
1123 3314 1268 3369 enim
1309 3328 1340 3367 a
1370 3311 1649 3367 vocalibus
1695 3321 1951 3378 superan-

366 3420 458 3465 tur
487 3408 868 3472 semivocales,
921 3415 1132 3460 tantum
1161 3406 1510 3461 semivocales
1557 3411 1816 3471 superant
1835 3416 1952 3454 mu-

366 3510 476 3555 tas.
501 3497 638 3552 Nam
664 3513 694 3551 a
716 3497 994 3551 vocalibus
1030 3496 1295 3564 incipiunt
1319 3503 1374 3550 et
1402 3496 1457 3549 in
1491 3511 1550 3548 se
1570 3494 1822 3548 desinunt
1854 3511 1867 3546 :
1901 3499 1954 3547 et

367 3588 563 3658 majori
585 3587 855 3658 euphonia
877 3595 1093 3652 sonant,
1135 3594 1192 3642 et
1219 3586 1413 3656 saepius
1439 3586 1700 3641 dictiones
1725 3585 1956 3640 semivo-

371 3679 580 3735 calibus
601 3692 766 3748 quam
795 3677 985 3742 mutis,
1014 3683 1237 3747 propter
1265 3676 1612 3746 euphoniam,
1639 3675 1692 3729 id
1717 3685 1823 3741 est,
1861 3691 1952 3730 so-

370 3771 682 3835 noritatem,
711 3768 991 3823 ﬁniuntur.
1042 3768 1201 3822 Muta:
1229 3782 1358 3823 vero
1385 3782 1416 3821 a
1441 3781 1499 3822 se
1525 3767 1791 3837 incipiunt
1817 3776 1872 3821 et
1900 3769 1953 3822 in

373 3863 587 3918 vocales
613 3861 867 3917 desinunt
892 3868 948 3915 et
985 3859 1281 3916 deformius
1309 3867 1523 3914 sonant.

443 3953 543 4008 Fn.
576 3952 646 4007 Ut
669 3965 812 4018 reor,
852 3951 907 4005 in
928 3950 1137 4005 Donato
1161 3951 1408 4020 legimus,
1451 3950 1552 4004 tria
1582 3950 1846 4022 accidisse
1874 3949 1959 4004 lit-

373 4044 510 4099 teris
534 4061 546 4096 :
575 4057 792 4108 nomen,
819 4041 1068 4112 ﬁguram,
1101 4049 1444 4110 potestatem.
1477 4040 1555 4095 De
1577 4040 1885 4095 nominibus
1904 4049 1958 4094 et

375 4135 563 4205 ﬁguris
590 4149 698 4188 non
732 4142 817 4188 est
849 4148 986 4203 opus
1029 4133 1230 4198 dicere,
1261 4133 1355 4187 sed
1399 4133 1464 4187 de
1506 4139 1773 4202 potestate
1796 4131 1958 4185 velim

376 4226 551 4290 dicas,
567 4233 621 4280 et
648 4225 828 4294 primo
854 4223 1144 4279 vocalium.
1164 4255 1234 4263 —
1251 4223 1414 4279 Saxo.
1436 4222 1665 4277 Vocales
1679 4205 1804 4277 sunt
1817 4221 1959 4290 apud

381 4316 603 4369 Latinos
649 4315 907 4384 quinque.
950 4312 1085 4367 Nam
1111 4313 1400 4382 ylitteram
1448 4321 1656 4368 sextam
1696 4312 1957 4375 vocalem,

379 4419 542 4459 causa
571 4403 881 4458 Grmcorum
922 4403 1223 4468 nominum,
1255 4417 1597 4472 assumpsere
1625 4403 1825 4467 Latini,
1857 4402 1962 4456 sic-
1991 4409 2037 4468 D

379 4501 441 4547 ut
466 4503 521 4547 et
546 4509 576 4546 z
600 4497 1007 4548 consonantem.
1050 4491 1239 4560 Itaque
1273 4491 1488 4545 vocales
1533 4498 1588 4544 et
1627 4506 1726 4560 per
1775 4505 1832 4544 se
1859 4531 1874 4556 ,
1904 4499 1965 4544 ut

383 4583 584 4637 dictum
628 4588 744 4647 est,
789 4578 995 4634 faciunt
1036 4579 1300 4650 syllabas;
1359 4580 1545 4650 plenas
1580 4593 1795 4650 quoque
1838 4579 1964 4635 solae

295 4747 304 4751 ν
378 4673 570 4742 posita:
596 4673 814 4743 eripient
837 4679 1046 4742 partes;
1079 4669 1144 4736 Α,
1173 4679 1232 4726 ιιι
1260 4687 1275 4727 :

506 4785 548 4832 Α
565 4783 679 4831 mihi
701 4793 800 4832 non
825 4789 1025 4832 teneras
1047 4781 1230 4846 glacies
1245 4790 1382 4832 secet
1409 4794 1579 4846 aspera
1604 4781 1790 4845 plantas
1813 4781 1871 4830 ⁸8

384 4868 455 4935 Ε,
485 4876 597 4922 ut:

634 4981 824 5033 Sitiens
845 4978 988 5030 simul
1011 4979 1173 5030 ebibit
1195 4992 1408 5029 amnem.

385 5084 453 5154 0,
481 5095 584 5144 ut:

517 5197 557 5249 Ο
583 5199 626 5246 si
651 5197 899 5249 Gallorum
925 5197 1078 5247 victor
1100 5207 1375 5250 remeasset
1397 5200 1448 5250 in
1472 5200 1646 5250 urbem
1677 5201 1689 5248 !

390 5301 416 5355 1
447 5315 658 5372 quoque
680 5301 903 5355 verbum
933 5308 1054 5355 est:

517 5411 558 5472 Ι,
578 5410 751 5472 decus,
775 5411 790 5458 i
809 5416 1027 5459 nostrum
1047 5408 1334 5459 melioribus
1356 5413 1504 5460 utere
1526 5405 1640 5458 fatis
1658 5406 1688 5446 δ
1711 5410 1724 5456 ε

395 5511 500 5564 Sed
541 5510 640 5565 Iet
668 5512 714 5567 U
759 5520 1041 5567 transeunt
1088 5512 1144 5567 in
1183 5513 1601 5567 consonantium
1630 5521 1973 5581 potestatem,

469 5633 494 5697 ξι
720 5638 753 5674 x
785 5623 924 5697 πει,
950 5623 1044 5697 49,
1061 5623 1188 5697 ΔΑΙιΙ
1217 5625 1310 5677 tibi
1337 5641 1400 5677 ne
1426 5635 1650 5689 teneras,
1679 5635 1784 5680 etc.

470 5687 500 5728 ιθ
531 5687 700 5756 Virg.,
722 5705 778 5746 ‘li
802 5690 952 5755 IEn.,
984 5691 1107 5745 546.

2024 469 2095 524 Ut
2124 487 2135 521 :
2159 467 2349 543 jauua,
2396 475 2557 527 vates,
2589 462 2762 531 jecur,
2792 461 3006 523 veritas,
3037 456 3226 521 Jonas,
3260 465 3458 510 votum.
3519 455 3608 510 Vel

2024 562 2068 616 si
2097 561 2198 615 sibi
2252 559 2381 628 ipsis
2429 561 2848 623 anteponuntur,
2884 561 2940 606 ut
2971 567 2984 604 ε
3017 551 3181 614 Juno,
3238 551 3403 620 virgo.
3444 549 3607 604 Fiunt

2027 666 2243 721 quoque
2264 650 2348 703 hae
2370 649 2497 717 ipsa:
2526 645 2734 706 mediae,
2766 643 2977 714 quando
3006 659 3037 712 y
3063 640 3264 696 Graecae
3295 638 3498 694 vocalis
3523 655 3604 692 so-

2025 758 2154 796 num
2184 739 2384 794 habent
2412 736 2506 809 [ut
2534 735 2614 807 i],
2647 736 2860 805 quando
2898 741 3020 803 post
3048 750 3082 785 ιι
3107 732 3226 786 loco
3255 731 3606 785 consonantis

2025 833 2199 902 posita
2240 829 2260 901 [
2284 829 2413 892 Ed.,
2444 828 2634 898 positae
2657 825 2677 897 ]
2709 833 2965 894 sequente
2988 824 3041 888 ά,
3067 823 3151 877 vel
3177 841 3249 887 m,
3269 823 3354 876 vel
3379 841 3424 884 r,
3451 822 3535 875 vel
3563 833 3604 886 t,

2027 923 2219 977 velas:
2261 919 2430 982 video,
2476 919 2600 984 vim,
2645 918 2826 980 virtus,
2857 917 3064 981 vitium,
3107 916 3212 969 vix.
3269 912 3313 967 U
3359 913 3607 969 eumdem

2030 1016 2194 1069 habet
2238 1027 2449 1076 sonum,
2479 1010 2532 1065 id
2557 1018 2640 1064 est
2682 1027 2734 1080 y,
2773 1023 2896 1063 cum
2937 1008 3080 1062 inter
3115 1024 3148 1077 q
3172 1014 3228 1061 et
3261 1006 3424 1060 aliam
3456 1022 3613 1060 voca-

2031 1106 2162 1172 lem,
2191 1103 2278 1158 vel
2303 1110 2425 1174 post
2445 1119 2476 1173 g
2504 1111 2558 1156 et
2592 1101 2753 1155 aliam
2804 1099 3046 1154 vocalem
3091 1099 3145 1152 in
3177 1097 3370 1153 eadem
3410 1098 3616 1169 syllaba

2033 1191 2449 1267 [constituitur],
2481 1201 2542 1247 ut
2574 1191 2857 1262 :quisque,
2889 1190 3099 1260 pingue,
3129 1189 3330 1258 lingua.
3363 1190 3461 1245 Est
3489 1207 3621 1260 quo-

2033 1302 2140 1356 que
2168 1286 2260 1340 ubi
2289 1285 2307 1338 i
2335 1300 2434 1355 pro
2461 1283 2669 1337 duabus
2694 1281 2914 1351 ponitur
2934 1282 3380 1346 consonantibus,
3409 1281 3500 1335 ubi
3536 1282 3617 1334 in-

2036 1386 2120 1432 ter
2143 1376 2278 1430 duas
2296 1374 2509 1430 vocales
2531 1375 2768 1444 ponitur,
2791 1380 2854 1426 ut
2880 1392 2892 1426 :
2924 1372 3106 1442 Troja,
3137 1371 3306 1442 Maja.
3336 1373 3381 1428 U
3408 1389 3624 1443 quoque

2036 1464 2157 1519 loco
2182 1463 2409 1534 duplicis
2434 1463 2717 1533 digammm
2743 1462 2795 1515 in
2819 1461 3140 1530 quibusdam
3174 1461 3310 1515 locis
3333 1463 3621 1531 accipitur,

2037 1562 2097 1608 ut
2127 1554 2287 1623 cupii,
2332 1554 2512 1608 brevis
2538 1553 2589 1618 i;
2617 1551 2820 1622 Cupivi,
2857 1550 3012 1622 longa
3057 1552 3094 1604 i.
3136 1551 3202 1604 Et
3249 1553 3557 1623 ubicunque
3598 1573 3627 1608 υ

2037 1646 2156 1701 loco
2183 1642 2533 1702 consonantis
2562 1645 2802 1714 ponitur,
2847 1659 3060 1713 semper
3085 1659 3184 1714 pro
3227 1645 3500 1714 digamma
3533 1647 3629 1701 ha-

1970 1729 2012 1786 Β
2039 1739 2214 1795 benda
2239 1747 2341 1794 est.

2110 1829 2212 1883 Fn.
2267 1828 2545 1883 Habentne
2589 1826 2783 1896 aliqua:
2827 1840 2895 1881 ex
2944 1826 3368 1897 consonantibus
3421 1826 3630 1896 aliquas

2043 1919 2345 1985 singulares
2365 1917 2698 1986 potestates?
2723 1947 2796 1957 ——
2827 1915 2994 1972 Saxo.
3016 1915 3243 1970 Habent.
3273 1915 3459 1970 Primo
3485 1918 3627 1985 quod

2043 2022 2376 2076 unaquaeque
2399 2021 2551 2061 suam
2582 2007 2745 2062 habet
2774 2013 3118 2076 potestatem,
3159 2005 3298 2058 sicut
3339 2012 3395 2058 et
3433 2019 3630 2058 nomen

2045 2105 2101 2151 et
2137 2095 2400 2166 ﬁguram;
2427 2103 2551 2149 sunt
2574 2095 2770 2164 aliquae
2795 2111 2862 2149 ex
2892 2094 2998 2148 illis
3027 2092 3264 2163 liquidae,
3293 2109 3412 2162 qua:
3446 2101 3502 2146 e‘.
3520 2094 3630 2146 vim

2046 2186 2460 2242 consonantium
2504 2185 2776 2242 amittunt.
2824 2185 3099 2240 Accentus
3129 2198 3344 2255 quoque
3389 2199 3535 2253 smpe
3578 2185 3632 2238 in

2045 2293 2206 2348 prosa
2233 2285 2464 2333 mutant.
2563 2345 2570 2352 l

2117 2369 2216 2424 Fu.
2247 2370 2376 2436 Quae
2408 2378 2534 2424 sunt
2561 2366 2935 2423 mutii—Saxo.
2967 2367 3032 2433 L,
3059 2367 3126 2432 Β,
3158 2365 3232 2432 M,
3267 2365 3333 2419 N.
3376 2365 3482 2420 Sed
3517 2373 3574 2419 et
3595 2364 3636 2420 S

2048 2475 2262 2530 quoque
2290 2460 2580 2531 singularis
2607 2467 2690 2514 est
2731 2459 3032 2528 potestatis.
3078 2457 3122 2512 H
3158 2470 3375 2526 quoque
3423 2457 3636 2526 aspira-

2049 2549 2211 2604 tionis
2237 2557 2382 2604 nota.
2427 2548 2474 2602 Χ
2503 2563 2633 2603 vero
2661 2557 2717 2603 et
2745 2547 2784 2601 Ζ
2814 2547 3056 2617 duplices
3089 2553 3232 2600 sunt.
3275 2545 3383 2599 Sed
3419 2545 3519 2599 has
3547 2559 3637 2598 ra-

2052 2640 2224 2696 tiones
2248 2641 2486 2694 metricm
2511 2639 2825 2703 subtilitatis
2847 2653 2966 2693 esse
3003 2653 3148 2701 reor,
3180 2637 3232 2690 in
3262 2637 3456 2705 quibus
3499 2650 3630 2689 nec-

2051 2734 2176 2788 dum
2200 2734 2391 2788 eruditi
2426 2749 2632 2788 sumus.
2679 2732 2802 2787 ideo
2833 2731 2942 2786 noli
2973 2745 3060 2784 me
3084 2731 3150 2784 de
3190 2729 3296 2783 illis
3326 2729 3444 2799 plus
3471 2729 3640 2782 inter-

2052 2841 2268 2897 rogare,
2298 2824 2392 2880 sed
2413 2823 2731 2881 festinemus
2759 2824 2826 2877 ad
2850 2821 3105 2893 syllabas.

2617 2955 2706 3010 DE
2744 2952 3077 3010 SYLLABA.

1981 3071 2027 3134 C
2132 3070 2231 3124 Fn.
2259 3069 2475 3140 Syllaba
2498 3066 2743 3138 quid?—
2768 3066 2932 3121 Sno.
2973 3065 3087 3120 Vox
3111 3063 3360 3118 litteralis
3385 3064 3484 3118 sub
3527 3075 3638 3119 uno

2053 3171 2280 3217 accentu
2302 3169 2358 3215 et
2375 3175 2483 3214 uno
2508 3159 2702 3229 spiritu
2728 3158 2939 3228 prolata

2123 3251 2285 3322 27o
2306 3250 2403 3304 Fu.
2431 3249 2572 3315 Quot
2593 3248 2788 3302 litteris
2816 3247 2953 3302 ﬁunt
2985 3245 3236 3316 syllabae?
3261 3269 3328 3282 —-
3355 3242 3526 3298 Saxo.
3552 3240 3639 3296 Ab

2052 3358 2158 3397 una
2190 3342 2452 3410 incipiens
2472 3353 2645 3410 usque
2669 3339 2738 3395 ad
2759 3353 2852 3393 sex
2882 3356 2894 3391 :
2927 3354 2980 3403 a,
3005 3336 3088 3401 ab,
3113 3336 3230 3392 abs.
3257 3334 3428 3398 Mars,
3465 3342 3634 3397 uana,

2051 3433 2231 3502 stirps.
2519 3496 2532 3508 ο

2123 3520 2222 3576 Fu.
2255 3520 2430 3574 Habet
2461 3518 2665 3590 syllaba
2695 3533 2912 3574 sensum
2940 3531 3040 3586 per
3072 3516 3168 3572 se?
3195 3514 3362 3570 Suo.
3392 3512 3508 3569 Non
3542 3513 3640 3568 ιη.

2053 3612 2166 3676 bet,
2193 3611 2298 3666 nisi
2331 3610 2492 3681 plena
2519 3610 2686 3666 dictio
2713 3625 2812 3680 per
2837 3623 3001 3664 unam
3029 3607 3290 3679 syllabam
3319 3613 3550 3668 constet,
3579 3612 3643 3657 ut

2055 3718 2165 3766 ars,
2195 3701 2282 3762 do,
2315 3701 2423 3767 dic,
2453 3709 2509 3756 et
2530 3700 2657 3755 alia.

2081 3821 2083 3823 ι
2124 3793 2222 3847 Fu.
2248 3792 2478 3862 Syllabm
2505 3791 2900 3862 quotaccidunt
2923 3789 3056 3862 [Al.,
3075 3785 3629 3859 accedunt]?-—Suo.

2057 3885 2298 3952 Quatuor
2329 3903 2341 3937 :
2368 3892 2545 3950 tenor,
2568 3885 2817 3953 'spiritus,
2855 3891 3086 3950 tempus,
3118 3893 3400 3935 numerus.
3438 3879 3635 3932 Acoeti-

2057 3983 2174 4039 tus;
2223 3983 2435 4039 acutus,
2483 3974 2684 4044 gravis,
2717 3972 3126 4037 circumﬂexus;
3159 3972 3212 4024 in
3251 3970 3489 4025 dictione
3526 3984 3645 4023 cer-

2059 4074 2168 4129 tus,
2221 4064 2424 4133 absque
2469 4064 2704 4118 dictione
2751 4064 3021 4129 incertus;
3075 4079 3180 4117 non
3233 4069 3414 4131 potest
3461 4070 3646 4115 tamen

2060 4161 2177 4215 sine
2224 4175 2289 4214 eo
2341 4174 2482 4215 esse.
2517 4159 2782 4229 Spiritus;
2837 4174 2997 4229 asper
3037 4157 3121 4212 vel
3169 4157 3324 4213 lenis.
3379 4156 3644 4226 Tempust

2059 4255 2143 4309 vel
2168 4271 2207 4309 ιι
2243 4253 2394 4326 [Ms.,
2423 4269 2590 4308 unum
2615 4253 2700 4307 vel
2734 4251 2884 4324 duo].
2916 4250 3182 4305 Numerus
3213 4250 3539 4304 litterarum.

2131 4343 2231 4398 Fn.
2258 4342 2538 4409 Quomodo
2561 4343 2724 4398 habet
2745 4342 2948 4413 syllaba
2970 4357 3134 4396 unum
3160 4350 3370 4409 tempus
3399 4339 3484 4394 vel
3508 4337 3650 4394 duo?

2064 4465 2132 4473 —-
2159 4433 2324 4489 Saxo.
2351 4434 2539 4490 Brevis
2563 4433 2768 4505 syllaba
2793 4448 2959 4486 unum
2986 4431 3171 4494 habet,
3198 4431 3354 4499 longa
3377 4429 3505 4484 duo.

2134 4524 2233 4578 Fn.
2276 4525 2556 4592 Quomodo
2604 4525 2740 4578 ﬁunt
2781 4525 2974 4578 breves
3022 4522 3107 4576 vel
3143 4521 3348 4589 longua?
3379 4551 3450 4560 —
3479 4519 3650 4574 Saxo.

2065 4615 2263 4670 Brevcs
2308 4615 2444 4669 ﬁunt
2490 4623 2684 4669 natura
2710 4623 2765 4669 et
2802 4621 3070 4683 potestate
3096 4623 3118 4650 ο
3153 4610 3347 4683 [longae
3375 4620 3571 4665 natura
3597 4618 3654 4664 et

2064 4707 2374 4779 positione].
2425 4706 2612 4762 Brevis
2660 4714 2743 4762 est
2795 4716 3011 4770 natura,
3048 4704 3174 4758 dum
3214 4704 3412 4774 raptim
3453 4702 3654 4758 vocalis

2066 4799 2415 4862 enuntiatur,
2465 4805 2526 4850 ut
2555 4815 2568 4849 :
2597 4805 2764 4866 pater.
2813 4795 3018 4864 Longa,
3063 4792 3194 4847 dum
3241 4802 3487 4847 moratur
3525 4807 3652 4852 vox,

2067 4898 2128 4944 ut
2155 4897 2378 4944 :mater.
2415 4886 2510 4942 Vel
2555 4888 2680 4943 dum
2713 4887 2833 4941 dum
2873 4885 3090 4939 vocales
3133 4885 3185 4937 in
3217 4898 3378 4936 unam
3427 4896 3656 4940 concur-

1969 5003 1976 5010 -
2070 4985 2194 5033 runt
2226 4977 2503 5047 syllabam,
2551 4977 2696 5046 quod
2746 4975 3117 5045 diphthongon
3158 4980 3356 5026 vocant
3388 4985 3404 5043 ς
3433 4979 3490 5026 et
3531 4978 3658 5024 sunt

2070 5069 2208 5124 tales
2230 5069 2648 5138 compositiones
2666 5067 2906 5137 quinque
2932 5085 2945 5120 :
2979 5083 3043 5131 ω,
3070 5083 3134 5129 ω,
3159 5082 3252 5129 au,
3273 5081 3362 5129 eu,
3389 5065 3456 5118 ei.

2139 5159 2237 5213 Fu.
2288 5159 2440 5214 Unde
2498 5159 2695 5214 dicitur
2748 5155 3433 5228 diphthongos?—S.txo.
3489 5153 3655 5220 Quasi

2072 5249 2246 5303 dualis
2275 5264 2398 5302 vox.
2444 5247 2578 5302 Nam
2607 5249 2822 5318 quoties
2849 5250 3075 5303 duarum
3115 5246 3382 5300 vocalium
3411 5260 3570 5299 voces
3600 5243 3659 5298 in

2073 5355 2235 5393 unam
2261 5339 2521 5408 syllabam
2548 5347 2602 5393 et
2631 5339 2687 5393 in
2712 5354 2874 5392 unam
2903 5353 3092 5392 vocem
3122 5345 3336 5399 coeunt,
3371 5335 3663 5406 diphthon-

2074 5446 2170 5500 gos
2201 5431 2416 5486 dicitur.

2146 5521 2243 5575 Fu.
2285 5522 2425 5588 Quot
2448 5522 2624 5577 modis
2653 5520 2788 5576 ﬁunt
2812 5521 3029 5593 syllaba:
3057 5521 3324 5590 positione
3351 5519 3521 5587 longa:
3539 5518 3563 5572 ἲ
3584 5546 3663 5558 -

2149 5647 2172 5674 ε
2199 5635 2328 5691 Cod.
2363 5651 2485 5701 ms.,
2513 5637 2697 5693 Breve:
2717 5638 2852 5707 ﬁunt
2876 5649 3065 5692 natura
3094 5636 3372 5692 vocalium.
