3866 6170
296 282 396 339 85⁸1

1388 285 1855 344 DIDASCALICA.
1897 319 1966 328 —
2004 289 2479 348 GRAMMATICA.

3430 303 3537 359 858

289 396 455 453 Saxo.
505 394 632 451 Sex.
675 394 810 451 Cum
851 405 1096 466 correpta
1139 398 1340 455 vocalis
1386 401 1438 455 in
1492 402 1625 458 duas
1666 403 1860 458 desinit
1888 412 1933 468 Α
1963 402 2100 459 Msa.
2128 405 2184 460 In
2212 422 2363 462 xxvr.
2394 404 2453 462 ln
2474 424 2682 474 vocem,
2715 409 2770 464 in
2797 409 3030 479 litteras,
3055 412 3109 467 ln
3134 413 3383 484 syllabas,
3411 434 3537 487 par-

286 493 665 553 consonantes,
713 495 806 541 ut:
841 497 938 542 ast.
985 487 1093 543 Aut
1133 488 1189 544 in
1223 504 1384 544 unam
1426 492 1708 561 duplicem,
1758 501 1856 547 ut:

1964 500 2064 560 tes,
2095 496 2380 564 dictiones,
2424 500 2718 566 orationes,
2747 501 3109 569 deﬁnitiones,
3138 506 3321 574 pedes,
3344 522 3539 566 accen-

285 578 416 634 dier.
446 578 554 634 Aut
579 580 634 632 in
665 596 828 635 unam
853 581 1051 637 desinit
1086 593 1472 641 consonantem
1513 594 1569 641 et
1594 588 1864 657 excipitur
1962 591 2069 650 tus,
2100 588 2391 654 posituras,
2433 598 2609 655 notas,
2651 592 3050 663 orthographia:
3079 594 3232 667 [Ms.,
3257 600 3540 670 orthogra-

282 672 356 727 ab
390 671 588 738 altera,
612 679 674 727 ut
702 690 715 725 :
739 691 885 727 arca.
913 672 1020 729 Aut
1060 678 1330 747 excipitur
1358 679 1481 733 aha:
1506 680 1723 748 duplici,
1751 690 1811 736 ut
1842 700 1854 735 :

1960 674 2304 749 pbiam.....],
2332 678 2612 748 analogiae,
2650 682 3006 753 etymologite,
3031 685 3257 755 glossas,
3286 689 3539 747 dilferen-

281 763 418 817 axis.
450 763 557 817 Aut
575 764 607 831 j
637 763 756 817 loco
801 767 1146 822 consonantis
1174 770 1368 839 posita,
1412 779 1509 825 ut:
1542 771 1721 842 Troja.
1752 773 1832 828 Au

1959 765 2085 831 tias,
2110 768 2268 838 271
2308 770 2725 839 barbarismum,
2768 773 3155 844 soloecismum,
3194 780 3322 835 vitia
3378 781 3533 854 [Ms.,

277 852 480 908 desinit
531 855 588 908 in
636 864 1020 912 consonantem
1068 856 1167 931 [et]
1202 860 1469 931 excipitur
1506 862 1574 917 ab
1611 863 1650 930 i,
1680 864 1764 919 vel
1797 882 1854 932 u,

276 944 399 1001 luco
423 947 771 1002 consonantis
790 948 987 1018 posita,
1014 958 1075 1005 ut
1102 969 1115 1005 :
1148 953 1371 1019 advena,
1401 954 1634 1025 adjutor.

346 1034 450 1090 Fu.
492 1035 548 1091 Si
586 1035 719 1109 [Pro
747 1037 839 1110 an]
880 1054 1102 1096 necesse
1130 1049 1213 1097 est
1237 1058 1671 1115 unamquamque
1693 1047 1854 1119 sylla-

269 1126 399 1182 bam
446 1126 661 1198 longam
711 1144 831 1185 esse
870 1131 954 1186 vel
994 1131 1344 1187 brevem?—
1371 1133 1535 1191 Saxo.
1574 1135 1711 1191 Sunt
1751 1137 1856 1209 syl-

270 1215 410 1272 laba;
433 1216 579 1289 [quae
601 1218 875 1293 dicuntur]
901 1237 1234 1279 communes.
1267 1223 1397 1292 Quae
1425 1226 1490 1282 ad
1514 1237 1697 1283 votum
1725 1245 1853 1298 poe-

268 1314 453 1362 tarum
494 1317 721 1378 possunt
748 1310 1048 1390 vel‘breves
1078 1315 1162 1369 vel
1192 1314 1363 1387 longa:
1390 1331 1529 1374 esse.
1580 1318 1684 1374 Sed
1712 1322 1849 1389 hmo,

267 1400 397 1471 quia
426 1402 492 1458 ad
519 1404 773 1459 mctricos
796 1406 1089 1475 pertinent,
1116 1408 1504 1479 relinquamus.

339 1491 440 1546 Fu.
485 1491 652 1563 Magis
689 1494 1083 1567 interrogemus
1110 1500 1449 1570 magistrum,
1478 1518 1547 1557 ne
1577 1502 1747 1574 ignari
1777 1505 1850 1560 si-

266 1597 392 1637 mus
416 1584 576 1654 hujus
602 1601 815 1655 quoque
840 1589 1084 1644 rationis.

341 1673 455 1729 Dis.
486 1675 584 1730 Dic
626 1677 803 1758 nobis,
834 1681 1109 1750 magister,
1137 1697 1242 1751 qua
1283 1684 1494 1741 ratione
1528 1686 1611 1741 vel
1651 1689 1845 1758 quibus

265 1764 447 1819 modis
470 1753 781 1823 communes
806 1779 1031 1840 possunt
1057 1750 1176 1828 esse
1201 1774 1453 1845 syllabae?
1471 1808 1543 1817 —
1570 1750 1708 1836 Mae.
1741 1750 1846 1836 No-
1881 1750 1920 1805 Β

262 1865 396 1908 γεω
445 1853 617 1909 modis
666 1855 802 1911 ﬁunt
860 1858 1079 1930 syllaba:
1131 1878 1465 1923 communes.
1523 1867 1848 1927 Communes

264 1950 414 2007 sunt,
449 1959 569 1998 cum
595 1955 844 2018 correpta
872 1950 1074 2006 vocalis
1100 1952 1153 2007 in
1185 1956 1364 2010 medio
1394 1959 1559 2015 verbo
1581 1963 1848 2031 excipitur

263 2049 294 2089 a
319 2035 530 2091 duabus
570 2042 1007 2106 consonantibus,
1046 2059 1273 2113 quarum
1308 2046 1457 2116 prior
1484 2059 1631 2105 muta
1663 2053 1848 2120 qumli-

260 2122 352 2178 bet
395 2131 498 2190 est,
546 2127 631 2181 vel
670 2129 698 2199 f
717 2131 1057 2188 semivocalis
1086 2152 1098 2188 :
1129 2138 1397 2206 posterior
1439 2140 1678 2209 liquida,
1730 2153 1786 2198 ut
1827 2164 1839 2197 :

262 2216 533 2286 Tenebris,
561 2222 831 2291 pharetra,
863 2228 1057 2297 reﬂuit.
1088 2229 1217 2297 Aut,
1245 2247 1367 2286 cum
1393 2248 1644 2307 correpta
1682 2253 1845 2293 voca-

258 2306 325 2362 lis
372 2309 429 2364 in
468 2324 854 2370 consonantem
887 2318 1100 2385 desinit,
1147 2323 1415 2393 excipitur
1437 2323 1505 2379 ab
1545 2306 1602 2392 lt,
1631 2334 1689 2381 ut
1721 2345 1733 2380 :
1766 2327 1847 2381 vir

257 2399 493 2455 humilis.
527 2402 636 2458 Aut
678 2421 802 2461 cum
847 2409 1028 2479 aliqua
1071 2412 1274 2483 syllaba
1304 2416 1356 2469 in
1380 2415 1598 2474 brevem
1646 2419 1843 2475 desinit

255 2492 521 2557 vocalem,
554 2504 607 2551 et
633 2501 902 2570 excipitur
931 2519 961 2558 a
987 2505 1193 2562 duabus
1234 2512 1676 2579 consonantibus,
1709 2530 1843 2584 qua-

254 2595 377 2636 rum
404 2586 554 2653 prior
582 2596 740 2655 ests,
773 2598 867 2644 ut:
898 2593 1019 2647 alba
1052 2599 1383 2667 smaragdus.
1427 2598 1534 2654 Aut
1559 2617 1681 2657 cum
1718 2613 1844 2673 post

254 2668 472 2742 [pedem
494 2673 622 2745 (Ms.
670 2679 838 2747 pedes
869 2682 1025 2754 duos)
1066 2687 1383 2762 quemlibet]
1411 2706 1515 2745 una
1542 2668 1838 2751 brevis—re-

251 2769 522 2825 manserit
545 2770 749 2842 syllaba
777 2773 844 2828 de
871 2776 1056 2843 verbo,
1077 2785 1138 2832 ut
1161 2796 1174 2832 :

378 2890 554 2942 Omnia
582 2895 735 2946 vincit
756 2907 914 2958 amor,
941 2902 993 2949 et
1014 2912 1101 2949 nos
1123 2901 1355 2952 cedamus
1375 2906 1527 2955 amori
1545 2906 1573 2937 ⁸

245 2994 358 3051 Aut
405 3011 527 3051 cum
579 3013 706 3068 pars
753 3000 933 3071 aliqua
979 3003 1036 3057 in
1089 3004 1458 3078 diphthongon
1502 3009 1734 3077 desinit,
1783 3020 1838 3067 et

245 3090 525 3159 excipitur
557 3107 588 3146 a
617 3093 790 3148 vocali
841 3097 1117 3166 sequentis
1160 3099 1333 3178 verbi,
1376 3107 1439 3154 ut
1468 3118 1481 3155 :
1513 3100 1712 3158 Insula:
1743 3103 1835 3158 1ο-
1860 3100 1903 3159 C

247 3182 413 3235 nio...
444 3181 555 3237 Aut
573 3199 692 3238 cum
723 3186 1039 3254 productam
1068 3189 1309 3245 vocalem
1350 3191 1405 3245 in
1447 3192 1636 3248 eodem
1663 3195 1832 3251 verbo

242 3284 374 3325 mox
399 3270 625 3328 alterius
646 3274 865 3345 syllaba:
896 3279 1144 3347 sequitur
1171 3281 1395 3348 vocalis,
1423 3291 1482 3337 ut
1509 3301 1523 3338 :
1554 3283 1698 3354 ﬁdei.
1721 3285 1835 3343 Aut

245 3375 372 3415 cum
415 3376 712 3429 pronomen
742 3364 920 3421 littera
949 3384 977 3420 ο
1000 3371 1345 3427 terminatum
1375 3381 1476 3437 est,
1511 3382 1566 3430 et
1598 3391 1629 3431 a
1656 3377 1830 3433 vocali

241 3438 530 3521 sequentis
581 3454 733 3507 verbi
781 3456 1068 3526 excipitur,
1119 3468 1221 3515 ut:
1255 3464 1353 3517 hoc
1395 3473 1491 3519 est.
1549 3466 1657 3522 Aut
1708 3483 1830 3525 cum

242 3551 557 3613 correptam
600 3546 840 3601 vocalem
866 3549 920 3603 in
949 3566 1055 3605 una
1085 3562 1242 3621 parte
1271 3572 1300 3608 z
1324 3536 1521 3627 duplex
1563 3561 1829 3630 sequitur,

243 3642 304 3689 ut
327 3653 345 3688 :
381 3650 535 3704 gaza.
580 3634 714 3691 Item
757 3640 1048 3695 novissima
1091 3643 1295 3712 syllaba
1336 3646 1389 3698 in
1418 3655 1593 3703 metro
1620 3665 1834 3721 semper

241 3723 562 3780 indifferens
588 3734 671 3780 est
691 3766 707 3791 ,
739 3734 794 3782 et
818 3728 1082 3785 voluntati
1108 3741 1281 3800 poetae
1307 3735 1548 3804 subjecta
1589 3746 1691 3793 est.
1734 3739 1834 3794 Est

240 3829 481 3884 quoque,
528 3819 744 3886 quando
788 3818 844 3874 in
886 3820 1058 3875 tribus
1099 3825 1520 3880 consonantibus
1557 3826 1648 3891 ﬁt,
1681 3843 1832 3883 com-

240 3906 428 3960 munis
451 3906 678 3976 syllaba,
725 3909 853 3964 dum
879 3911 934 3965 in
962 3913 1182 3967 brevem
1222 3915 1460 3971 vocalem
1502 3918 1701 3974 desinit
1724 3920 1832 3991 syl-

239 3992 367 4050 laba
405 4003 463 4051 et
488 3998 756 4068 excipitur
784 4000 853 4055 ab
879 4018 904 4056 s
929 4012 1189 4072 sequente
1231 4014 1380 4062 muta
1424 4016 1481 4062 et
1506 4008 1729 4079 liquida,
1770 4020 1833 4067 ut

240 4084 435 4142 Horat.
474 4105 488 4141 :

377 4177 668 4242 Linquimus
690 4185 842 4233 insani
866 4186 1086 4236 ridentes
1107 4189 1300 4250 premis
1319 4191 1495 4241 scribae
1518 4189 1568 4243 δ.

238 4278 464 4336 Plenius
503 4284 640 4350 haec,
664 4286 773 4341 vita
802 4289 1019 4355 comite,
1050 4290 1106 4344 in
1144 4292 1370 4347 metrica
1398 4295 1609 4349 ratione
1652 4295 1825 4362 vobis,

238 4372 363 4438 lilii,
403 4385 799 4432 monstravero.

1959 857 2190 931 vitium],
2238 863 2666 932 metaplasmum,
2701 867 3000 933 schemata,
3048 877 3251 940 tropos,
3294 888 3531 941 prosam,

1956 957 2152 1012 metra,
2182 951 2412 1019 fabulas,
2432 955 2707 1012 historias.

2024 1043 2135 1098 Dis.
2164 1045 2240 1100 De
2267 1046 2388 1103 istis
2425 1048 2668 1120 singulis,
2707 1059 2998 1122 antequam
3039 1055 3106 1109 ad
3146 1054 3381 1125 partium
3408 1064 3531 1112 ten—

1953 1141 2143 1196 damus
2170 1140 2610 1211 disputationem,
2653 1145 2886 1215 aliquam
2910 1148 3271 1218 cognitionem
3294 1150 3533 1205 edissere

1953 1231 2130 1296 nobis,
2168 1233 2448 1303 magister,
2485 1249 2584 1303 per
2621 1236 2830 1305 singula
2866 1254 3112 1293 currens.
3140 1269 3211 1278 —
3235 1238 3372 1295 MAG.
3409 1238 3529 1294 Iam

1950 1320 2017 1374 de
2042 1336 2189 1385 voce,
2227 1321 2401 1377 littera
2426 1330 2480 1377 et
2504 1323 2707 1393 syllaba
2737 1325 2790 1378 in
2831 1329 3197 1395 superioribus
3246 1329 3529 1384 habuistis.

1948 1407 2120 1464 Dictio
2140 1418 2227 1465 est
2246 1427 2372 1480 pars
2397 1413 2623 1467 minima
2647 1416 2797 1470 vocis
2822 1424 3166 1483 constructe,
3194 1420 3523 1490 plenumque

1948 1512 2164 1552 sensum
2213 1501 2483 1556 habentis.
2532 1503 2715 1559 Oratio
2754 1513 2837 1560 est
2879 1509 3149 1563 ordinatio
3194 1510 3526 1578 dictionum,

1947 1605 2236 1661 congruam
2278 1595 2599 1648 sententiam
2658 1597 3060 1668 perfectamque
3108 1602 3525 1657 demonstrans:

1946 1689 2000 1734 et
2021 1688 2103 1734 est
2123 1681 2298 1735 oratio
2327 1682 2471 1736 dicta
2500 1685 2653 1754 quasi
2676 1687 2787 1741 oris
2814 1688 2972 1742 ratio.
3008 1689 3254 1757 Deﬁnitio
3297 1700 3381 1746 est
3400 1693 3521 1749 bre—

1945 1769 2029 1823 vis
2047 1771 2242 1836 oratio,
2270 1787 2710 1845 unamquamque
2741 1790 2853 1830 rem
2884 1778 3100 1847 propria
3133 1780 3527 1850 signiﬁcatione

1945 1857 2294 1925 concludens,
2320 1869 2416 1914 ut:
2446 1862 2600 1916 homo
2628 1873 2704 1917 est
2742 1864 2941 1918 animal
2970 1867 3211 1932 mortale,
3242 1869 3524 1938 rationale,

1945 1951 2085 2005 risus
2128 1968 2315 2023 capax.
2352 1951 2502 2008 Scire
2546 1955 2713 2025 igitur
2755 1956 2963 2011 debetis
3010 1961 3153 2028 quod
3190 1960 3430 2016 deﬁnitio
3460 1962 3527 2019 ad

1944 2055 2134 2095 omnes
2164 2042 2476 2112 disciplinas
2497 2051 2552 2098 et
2574 2060 2661 2099 res
2685 2047 2940 2116 pertinet.
2968 2044 3070 2102 Pes
3093 2057 3176 2103 est
3198 2050 3525 2121 syllabarum

1943 2132 2260 2200 compositio
2283 2139 2339 2186 et
2368 2141 2671 2201 temporum
2696 2144 2844 2189 certa
2883 2136 3145 2204 dimensio
3175 2138 3326 2210 [Ms.,
3364 2142 3525 2197 dinu-

1943 2219 2214 2293 meratio].
2242 2222 2413 2285 Pedes
2438 2224 2590 2289 dicti,
2621 2239 2687 2279 eo
2714 2227 2856 2294 quod
2892 2227 3024 2296 ipsis
3054 2227 3205 2300 [Ms.,
3232 2247 3334 2300 per
3353 2232 3522 2306 ipsos]

1943 2320 2116 2366 metra
2152 2313 2445 2367 ambulent.
2499 2314 2755 2369 Accentus
2802 2323 2885 2371 est
2938 2325 3086 2372 certa
3122 2319 3209 2375 lex
3237 2328 3292 2375 et
3335 2323 3524 2393 regula

1942 2402 2011 2457 ad
2047 2401 2325 2457 levandam
2352 2411 2407 2457 et
2427 2405 2896 2474 comprimendam
2942 2408 3225 2478 syllabam.
3259 2411 3524 2469 Positum

1942 2502 2067 2548 sunt
2095 2494 2279 2564 puncti
2307 2494 2375 2548 ad
2407 2496 2813 2567 distinguendos
2856 2513 3068 2556 sensus.
3107 2501 3263 2557 Nota:
3306 2513 3430 2560 sunt
3460 2505 3526 2561 ﬁ-

1941 2600 2089 2655 gura:
2131 2587 2394 2656 qumdam,
2427 2587 2512 2642 vel
2542 2589 2609 2642 ad
2634 2588 2933 2645 brevianda
2970 2595 3155 2657 verba,
3202 2596 3284 2649 vel
3332 2613 3524 2656 sensus

1939 2673 2320 2743 exprimendus
2348 2689 2363 2727 :
2396 2675 2479 2729 vel
2508 2676 2578 2730 ob
2608 2676 2852 2733 diversas
2876 2693 3072 2735 causas
3105 2684 3431 2750 eiiistitutae,
3461 2692 3524 2739 ut
3596 2713 3606 2721 -

1939 2764 1994 2819 in
2026 2764 2303 2834 Scriptura
2347 2780 2504 2820 sacra
2532 2767 2720 2822 obelus
2750 2782 2810 2823 +
2843 2809 2858 2830 .
2897 2769 2982 2823 vel
3014 2772 3308 2827 asteriscus
3332 2774 3372 2826 ‘.
3420 2772 3524 2827 0r-

1937 2857 2250 2927 thographia
2295 2865 2380 2912 est
2404 2866 2551 2913 recta
2582 2860 2869 2930 scriptura,
2915 2870 2976 2916 ut
3002 2872 3132 2932 puta
3162 2864 3232 2917 ad
3259 2865 3522 2936 praeposi-

1939 2947 2016 3002 tio
2042 2947 2078 3000 ιι
2107 2947 2365 3015 accipiat;
2406 2946 2485 3019 [at
2513 2947 2909 3021 conjunctiot].
2952 2951 3213 3023 Analogia
3249 2962 3333 3009 est
3370 2956 3523 3010 simi-

1936 3036 2067 3092 lium
2095 3037 2449 3106 comparatio,
2496 3046 2558 3093 ut
2603 3038 2812 3094 incerta
2839 3042 3006 3096 certis
3030 3044 3344 3110 probentur.
3388 3044 3522 3115 Ety—

1934 3126 2161 3196 mologia
2207 3136 2294 3181 est
2320 3129 2474 3199 origo
2511 3135 2566 3183 et
2608 3129 2747 3183 ratio
2783 3130 3193 3197 vocabulorum,
3235 3140 3295 3186 ut
3322 3152 3334 3186 :
3365 3150 3395 3187 a
3428 3149 3517 3189 re-

1934 3215 2109 3285 gendo
2151 3231 2269 3280 rex,
2314 3223 2368 3271 et
2408 3217 2477 3272 ab
2520 3217 2686 3272 humo
2726 3217 2888 3273 homo
2932 3220 3149 3274 dicitur.
3198 3221 3385 3277 Glossa
3432 3230 3519 3278 est

1932 3306 2092 3359 unius
2130 3306 2281 3360 verbi
2305 3306 2389 3361 vel
2416 3307 2651 3361 nominis
2685 3308 3082 3377 interpretatio,
3112 3319 3171 3364 ut
3205 3330 3217 3365 :
3250 3323 3423 3377 catus,
3458 3312 3517 3368 id

1932 3400 2037 3458 est,
2065 3392 2276 3449 doctus.
2307 3384 2621 3464 Dl/I'erentia
2644 3403 2732 3450 est
2762 3397 3040 3453 distinctio
3065 3399 3295 3454 duarum
3324 3416 3512 3457 rerum

1931 3499 2057 3539 cum
2104 3485 2567 3554 interpretatione,
2610 3494 2670 3540 ut
2700 3504 2714 3539 :
2742 3502 2836 3542 rex
2883 3488 3104 3556 dicitur,
3154 3491 3279 3559 quia
3326 3486 3516 3548 mode-

1931 3583 2046 3631 stus
2088 3583 2198 3640 est;
2247 3583 2532 3646 tyrannus,
2560 3577 2689 3646 quia
2726 3577 2961 3633 crudelis
2987 3588 3091 3634 est.
3135 3578 3513 3638 Barbarismus

1929 3676 2014 3722 est
2038 3683 2145 3727 una
2173 3684 2300 3738 pars
2342 3668 2534 3723 vitiose
2585 3669 2749 3733 dicta,
2798 3678 2861 3723 ut
2891 3671 3111 3739 vulgare
3153 3674 3507 3740 proverbium

1929 3768 2058 3814 est:
2099 3760 2254 3815 malae
2282 3761 2506 3815 arboris
2551 3761 2694 3815 nodo
2745 3761 2921 3815 malus
2966 3777 3168 3816 cuneus
3192 3765 3512 3829 quaerendus

1930 3857 2033 3904 est.
2067 3848 2401 3903 Soloecismus
2447 3858 2530 3902 est
2558 3849 2735 3907 oratio
2761 3850 2957 3903 vitiose
3005 3852 3322 3918 composita.
3374 3851 3511 3906 Vitia

1930 3946 2079 4003 sunt,
2110 3952 2231 4007 qua:
2275 3938 2328 3990 in
2369 3937 2599 4005 eloquiis
2643 3951 2834 3990 cavere
2879 3939 3136 3993 debemus
3168 3947 3223 3993 ct
3251 3949 3378 3994 sunt
3405 3957 3503 3998 νυ.

1931 4028 2310 4098 Metaplasmus
2356 4035 2440 4082 est
2482 4027 2710 4081 metrica
2753 4026 3003 4091 licentia,
3052 4028 3135 4081 vel
3187 4031 3510 4088 necessitate

1929 4120 2208 4175 immutata
2253 4119 2438 4188 regula
2486 4116 2796 4172 locutionis.
2832 4116 3112 4174 Schemata
3167 4128 3292 4175 sunt
3343 4135 3507 4177 orna-

1929 4217 2113 4264 menta
2141 4208 2340 4277 eloquii
2369 4217 2423 4263 et
2460 4208 2694 4268 habitus,
2727 4206 2924 4276 quibus
2964 4209 3247 4265 sententiae
3267 4210 3508 4264 vestiun-

1931 4308 2038 4354 tur.
2083 4298 2285 4369 Tropus
2315 4308 2402 4354 est
2426 4298 2593 4354 dictio
2621 4297 2881 4357 translata
2908 4312 2936 4352 a
2969 4299 3189 4368 propria
3235 4299 3511 4369 signiﬁca-

1930 4392 2078 4447 tione
2105 4390 2170 4444 azl
2215 4407 2325 4447 non
2361 4391 2636 4461 propriam
2683 4390 3110 4454 similitudinem,
3160 4400 3385 4446 ornatus
3412 4405 3508 4447 ne-

310 4462 432 4519 D18.
460 4464 598 4530 Quid
638 4469 737 4530 vis,
773 4470 1049 4540 magister,
1092 4487 1158 4526 an
1189 4473 1254 4528 de
1279 4474 1507 4543 pedibus
1534 4484 1589 4531 et
1632 4494 1826 4533 accen-
1857 4456 1908 4516 θ
1932 4482 2269 4539 cessitatisve
2315 4456 2498 4545 causa.
2547 4479 2720 4536 Prasa
2768 4489 2852 4536 est
2888 4490 3035 4536 recta
3079 4480 3275 4536 locutio
3304 4483 3508 4551 absque

235 4552 390 4609 tibus
413 4557 657 4613 ordinem
696 4559 889 4614 Donati
931 4564 1173 4633 magistri
1214 4576 1502 4637 sequentes
1527 4569 1826 4641 interroge-

236 4644 403 4698 mus?
422 4676 495 4685 —
518 4645 655 4702 MAG.
687 4647 929 4718 Amplius
962 4650 1117 4723 [Ms.,
1144 4655 1356 4728 Aptius]
1388 4656 1511 4713 haec
1532 4674 1748 4729 quoque
1771 4659 1826 4713 in

236 4733 327 4788 illa
354 4744 655 4792 metrorum
685 4740 981 4796 subtilitate
1012 4743 1336 4814 intelligetis.
1385 4746 1518 4813 Quia
1549 4749 1713 4817 pedes
1741 4749 1827 4805 vel

234 4834 533 4889 accentus,
584 4828 688 4883 nisi
724 4845 790 4884 ex
834 4829 1086 4887 brevibus
1133 4834 1415 4905 longisque
1459 4838 1678 4907 syllabis
1727 4854 1826 4894 ne-

235 4925 449 4983 queunt
500 4918 745 4987 intelligi.
806 4921 955 4977 Unde
1002 4923 1070 4977 ad
1112 4933 1295 4996 partes
1339 4943 1437 4983 vos
1481 4929 1820 5000 [convertite

234 5003 450 5076 (Edit.,
471 5009 782 5082 convenite)
811 5011 853 5083 ]‘.

305 5098 425 5154 Dis.
457 5099 636 5167 Prius,
666 5101 714 5157 si
738 5103 970 5173 placeat,
996 5107 1271 5178 magister,
1300 5109 1442 5164 unde
1468 5114 1818 5181 grammatica

234 5187 474 5244 sit-licta
499 5190 584 5244 vel
605 5193 747 5260 quod
764 5206 772 5215 '
791 5194 861 5249 sit
890 5193 1006 5263 ejus
1031 5196 1288 5266 ofﬁcium,
1330 5201 1507 5269 pande
1550 5203 1722 5258 nobis.
1749 5234 1822 5246 —-

235 5276 381 5333 Μλς.
410 5277 777 5338 Grammatica
802 5292 886 5339 est
906 5285 1153 5343 litteralis
1179 5290 1429 5355 scientia,
1451 5300 1503 5345 et
1529 5301 1612 5347 est
1636 5301 1820 5350 custos

233 5378 387 5425 recte
408 5370 660 5441 loquendi
688 5383 743 5430 et
771 5377 1077 5445 scribendi;
1114 5396 1233 5449 qua:
1257 5392 1469 5437 constat
1496 5394 1711 5455 natura,
1736 5404 1821 5444 ra-

234 5461 409 5527 tione,
439 5464 785 5532 auctoritate,
808 5470 1215 5526 consuetudine.

311 5551 429 5611 Dis.
474 5556 534 5611 In
587 5566 720 5627 quot
765 5560 972 5629 species
1018 5561 1276 5620 dividitur
1323 5568 1708 5635 grammatica?
1750 5599 1821 5610 -—

366 5689 539 5764 Virg.,
571 5708 605 5748 χ
630 5693 766 5764 Ecl.,
796 5694 883 5752 69.

1929 4582 2107 4628 metro
2134 4582 2189 4629 et
2214 4589 2374 4629 versu
2404 4574 2721 4643 composita.
2769 4571 2942 4625 Metra
2964 4579 3152 4625 vocata
3197 4580 3341 4636 sunt.
3375 4573 3503 4642 quia

1929 4665 2096 4720 certis
2144 4664 2339 4732 pedum
2392 4664 2662 4718 mensuris
2716 4662 3093 4717 terminantur.
3151 4661 3372 4718 Fabulw
3419 4680 3507 4719 res

1926 4760 2055 4807 sunt
2086 4754 2224 4807 ﬁcm
2253 4753 2470 4813 ludendi
2507 4766 2669 4806 causa
2710 4751 2793 4806 vel
2834 4751 3117 4820 cujuslibet
3155 4752 3508 4826 signiﬁcatio-

1928 4842 2033 4897 nis.
2083 4841 2321 4896 Historia
2369 4850 2452 4896 est
2496 4841 2739 4895 narratio
2784 4842 2864 4896 rei
2893 4850 3074 4910 gestae.
3123 4842 3262 4898 Ecce
3295 4844 3506 4898 habetis

1926 4932 2265 4989 deﬁnitiones
2292 4934 2485 4988 breves
2526 4932 2860 5003 singularum
2902 4934 3227 5004 specierum.
3259 4933 3412 4989 Nunc
3436 4934 3504 4990 ad

1925 5033 2109 5094 partes
2136 5024 2435 5079 convertite
2454 5038 2570 5078 vos.

1996 5130 2108 5185 Dts.
2150 5131 2433 5187 Faciemus
2460 5141 2521 5186 ut
2543 5133 2719 5203 iubes.
2739 5132 2989 5188 Attamen
3019 5134 3352 5205 singularum
3378 5148 3505 5203 par-

1924 5220 2058 5273 tium
2107 5221 2471 5291 proprietates
2516 5224 2668 5291 prius
2699 5223 2939 5278 breviter
2974 5232 3034 5277 ut
3070 5225 3276 5293 pandas
3322 5223 3501 5283 nobis.

1918 5309 2250 5380 ﬂagitamus.
2278 5312 2511 5373 —Mac.
2558 5312 2753 5381 Vestra
2799 5315 3086 5369 curiositas
3128 5316 3342 5369 modum
3394 5329 3503 5370 non

1923 5399 2108 5453 habet.
2153 5399 2387 5470 Ideoque
2440 5403 2657 5458 modum
2714 5404 2978 5459 manualis
3031 5405 3192 5465 libelli
3239 5405 3504 5461 excedere

1919 5486 2106 5546 vultis.
2153 5487 2438 5558 Proprium
2466 5492 2692 5561 nominis
2721 5500 2806 5547 est
2832 5494 3188 5549 substantiam
3216 5495 3301 5550 vel
3330 5495 3504 5564 quali-

1920 5583 2085 5631 tatem
2109 5576 2192 5632 vel
2241 5580 2594 5649 quantitatem
2641 5582 2947 5655 signiﬁcare
2977 5602 2990 5638 :
3022 5592 3080 5643 et
3109 5588 3377 5653 prosarium
3416 5595 3503 5644 est

1995 5706 2023 5747 δ
2048 5706 2259 5779 Horat,
2293 5729 2330 5778 ι,
2360 5728 2521 5769 serm.
2541 5715 2595 5782 5,
2619 5717 2706 5772 55.
2768 5721 2776 5730 '
