3866 6170
302 291 409 348 859

1111 286 1174 342 Β.
1215 287 1275 342 F.
1318 286 1543 342 ALBINI
1582 285 1709 341 SEU
1752 284 2029 340 ALCUINI
2067 282 2349 339 OPERUM
2384 282 2564 339 PARS
2602 281 2707 338 VII.

3456 287 3565 343 8L0

300 400 623 477 pronominis
655 415 752 470 pro
780 399 996 454 nomine
1024 399 1151 468 poni
1176 397 1395 468 proprio
1418 405 1472 450 et
1501 406 1677 452 certas
1707 396 1873 467 signi—
1907 403 1951 457 Α
2050 394 2147 447 Fn.
2179 394 2628 466 Appellativorum
2678 396 2888 466 species
2934 406 3066 467 quot
3109 401 3271 454 sunt?
3294 428 3367 441 -ο
3392 398 3564 461 Saxo.

299 494 466 550 ﬁcare
494 507 773 563 personas.
834 487 985 545 Verbi
1018 502 1150 558 vero
1189 489 1459 558 proprium
1492 495 1575 541 est
1611 487 1878 542 actionem

297 584 383 640 vel
421 585 726 655 passionem
766 581 879 637 sive
914 590 1202 649 utrumque
1231 595 1351 634 cum
1381 579 1554 635 modis
1590 587 1645 633 et
1676 587 1879 650 tempo-

296 674 450 730 ribus
473 672 798 745 signiﬁcare.
848 671 1130 741 Proprium
1177 668 1409 723 adverbii
1447 680 1530 724 est
1560 685 1685 724 cum
1712 671 1881 724 verbo

294 766 443 837 poni,
475 776 531 821 et
557 768 675 823 sine
703 783 769 824 eo
809 766 1103 837 perfectam
1147 764 1599 836 signiﬁcationem
1640 781 1748 821 non
1782 766 1881 820 ha-

228 842 241 849 ’
296 858 447 924 bere,
479 868 579 913 ut:
615 861 739 914 bene
767 860 907 929 lego.
952 856 1225 927 Participii
1262 856 1530 928 proprium
1558 864 1643 912 est
1669 864 1880 926 tempus

298 950 501 1007 habere
529 958 585 1006 ct
611 967 797 1015 casus;
831 951 952 1005 ideo
980 965 1012 1004 a
1039 948 1361 1019 quibusdam
1389 957 1615 1004 verbum
1660 949 1879 1004 casuale

297 1042 513 1099 dicitur.
565 1042 847 1112 Proprium
895 1040 1280 1111 conjunctionis
1329 1049 1415 1096 est
1459 1056 1583 1095 cum
1625 1041 1879 1095 omnibus

294 1132 542 1202 partibus
591 1132 749 1185 modo
790 1129 1097 1200 praeposita,
1139 1130 1298 1183 modo
1327 1129 1795 1199 postpositajungi
1823 1137 1881 1183 et

296 1221 623 1292 conjungere
653 1232 854 1290 partes.
889 1216 1174 1290 Proprium
1202 1220 1585 1291 prcepositionis
1614 1227 1698 1276 est
1720 1229 1876 1274 ante-

294 1312 423 1383 poni
445 1312 753 1369 casualibus
784 1327 999 1382 semper
1020 1312 1330 1381 separatim.

890 1444 980 1500 DE
1014 1444 1291 1523 NOMINE,

366 1578 466 1634 Fn.
521 1577 617 1634 Eia
661 1595 779 1650 age,
830 1578 996 1645 Saxo,
1041 1577 1409 1650 ingrediamur
1460 1576 1879 1647 disputationem

234 1728 238 1732 Α
299 1670 532 1726 nominis
566 1684 663 1740 per
687 1670 932 1724 ordinem
960 1710 976 1734 ,
1016 1678 1070 1725 et
1096 1670 1331 1739 primum
1361 1668 1470 1732 dic,
1514 1667 1644 1738 quid
1684 1668 1755 1722 sit
1782 1681 1880 1721 no-

1977 482 2154 538 Multac
2179 492 2304 538 sunt
2327 503 2339 537 :
2366 484 2472 539 alia
2510 485 2838 554 corporalia,
2863 496 2924 542 ut
2953 488 3162 555 :homo,
3195 500 3360 553 terra,
3392 509 3562 548 mare.

1974 572 2092 627 Alia
2129 574 2505 644 incorporalia,
2533 582 2593 629 ut
2620 590 2635 629 :
2670 576 2857 646 pietas,
2889 577 3144 648 dignitas,
3165 581 3400 650 justitia.
3436 582 3564 638 Alia

1975 663 2314 736 principalia,
2343 674 2404 721 ut
2423 683 2595 733 mons,
2619 667 2818 722 schola.
2840 668 2960 724 Alia
2985 670 3305 738 derivativa,
3327 684 3386 728 ut
3407 692 3567 731 mon—

1975 766 2167 821 tonus,
2217 756 2578 811 scholasticus.
2631 757 2751 813 Alia
2794 762 3195 830 comparativa,
3240 772 3302 818 ut
3351 766 3564 835 fortior,

1977 846 2316 916 fortissimus.
2349 846 2468 902 Alia
2489 848 2909 916 denominativa,
2939 861 2998 907 ut
3020 863 3254 921 sanctus,
3281 857 3565 924 sanctitas;

1976 937 2504 1009 sapiens,sapientia.
2552 940 2674 996 Alia
2698 943 3036 1010 diminutiva,
3075 954 3135 1000 ut
3161 964 3271 1012 rex,
3327 948 3563 1020 regulus.

1974 1027 2094 1081 Alia
2114 1026 2458 1098 homonyma,
2484 1038 2542 1084 ut
2566 1047 2746 1102 nepos,
2788 1032 2949 1088 acies.
2993 1034 3113 1089 Alia
3147 1051 3472 1108 synonyma,
3502 1049 3565 1096 ut

1976 1118 2205 1190 gladius,
2227 1122 2387 1187 ensis,
2410 1138 2612 1178 mucro.
2642 1124 2761 1179 Alia
2787 1123 3071 1193 adjectiva,
3107 1143 3227 1197 quae
3255 1141 3484 1200 possunt
3506 1132 3568 1188 in

1977 1208 2135 1265 laude
2160 1210 2242 1266 vel
2286 1213 2680 1283 vituperatione
2721 1217 2869 1285 poni,
2900 1225 2960 1272 ut
2979 1218 3159 1287 justus
3194 1220 3371 1285 homo,
3413 1222 3565 1292 inju-

1977 1311 2089 1356 stus
2118 1302 2293 1358 homo.
2315 1303 2435 1359 Alia
2458 1305 2513 1359 in
2542 1307 2721 1362 medio
2741 1308 2939 1377 posita,
2968 1317 3026 1363 ut
3048 1327 3288 1381 magnus.
3319 1311 3567 1370 Dicimus

1977 1408 2197 1464 magnus
2229 1394 2534 1465 imperator,
2563 1404 2618 1451 et
2641 1415 2861 1469 magnus
2889 1398 3047 1454 latro.
3081 1398 3208 1456 Haec
3232 1410 3289 1455 et
3312 1404 3568 1459 acciden-

1980 1481 2054 1537 tia
2079 1498 2223 1554 saepe
2245 1484 2402 1551 ﬁunt,
2431 1493 2492 1540 ut
2517 1487 2663 1557 niger
2689 1506 2894 1557 corvus,
2941 1490 3109 1544 altum
3153 1508 3318 1547 mare.
3351 1493 3470 1547 Alia
3495 1496 3565 1550 ad

1981 1573 2208 1647 [aliquid
2228 1575 2370 1630 dicta
2400 1574 2593 1647 (Edit.,
2621 1577 2690 1631 ad
2711 1578 2878 1650 aliud)
2905 1578 2926 1652 ]
2956 1588 3015 1634 ut
3055 1580 3201 1650 ﬁlius
3237 1599 3439 1636 servus.
3470 1582 3564 1638 Di-

1979 1666 2151 1720 cendo
2177 1665 2366 1737 [enim]
2393 1666 2563 1721 ﬁlium
2592 1676 2648 1723 et
2673 1682 2910 1736 servum,
2951 1678 3161 1740 patrem
3190 1674 3566 1744 signiﬁcamus

299 1762 461 1816 men?
485 1791 556 1802 —
576 1760 742 1816 Suo.
774 1760 981 1817 Nomen
1011 1769 1096 1817 est
1119 1776 1246 1831 pars
1268 1756 1553 1826 orationis,
1582 1759 1877 1815 secundum
1908 1757 1955 1816 Β
1980 1763 2035 1810 et
2080 1755 2375 1810 dominum.
2416 1756 2534 1811 Alia
2576 1760 2732 1827 quasi
2776 1760 2844 1814 ad
2883 1760 3114 1831 aliquid,
3145 1770 3205 1816 ut
3241 1763 3378 1826 dies,
3423 1782 3563 1833 nox;

298 1851 702 1923 grammaticos,
753 1866 873 1920 quas
920 1851 1209 1920 unicuique
1241 1851 1457 1920 corpori
1500 1849 1584 1905 vel
1620 1848 1700 1906 rei
1729 1865 1879 1905 com-

294 1957 514 1997 munem
542 1941 628 1997 vel
666 1942 941 2012 propriam
979 1942 1297 2012 qualitatem
1338 1941 1653 2008 distribuit;
1700 1951 1757 1997 et
1793 1951 1881 1998 est

293 2045 494 2087 nomen
531 2031 734 2086 dictum
782 2031 937 2101 quasi
981 2040 1257 2096 notamen,
1310 2046 1376 2087 eo
1403 2032 1547 2100 quod
1574 2031 1679 2087 hoc
1720 2039 1878 2086 nota-

293 2136 418 2177 mus
456 2120 696 2192 singulas
747 2120 1077 2176 substantias
1110 2120 1192 2176 vel
1241 2135 1350 2186 res,
1385 2134 1721 2185 communes,
1769 2127 1873 2174 ut:

296 2216 470 2272 Homo
496 2259 510 2282 ,
566 2217 886 2289 disciplina;
936 2218 1021 2273 vel
1073 2219 1339 2289 proprias,
1401 2226 1464 2273 ut
1517 2236 1529 2271 :
1596 2216 1877 2289 Virgilius,

297 2309 647 2364 arithmetica.
678 2309 1083 2381 lnterrogemus
1127 2319 1340 2377 tamen,
1370 2325 1403 2365 o
1431 2309 1672 2376 Franco,
1704 2311 1878 2382 magi-

293 2408 470 2455 strum
498 2401 922 2471 pbilosophicam
950 2399 1317 2455 deﬁnitionem
1346 2401 1598 2456 nominis.

368 2488 508 2545 Msa.
536 2488 739 2544 Nomen
783 2498 868 2544 est
906 2504 1011 2543 vox
1055 2488 1413 2559 signiﬁcativa
1442 2490 1738 2545 secundum
1766 2489 1882 2559 pla-

295 2579 487 2643 citum,
543 2579 662 2633 sine
707 2588 973 2648 tempore,
1022 2579 1304 2633 deﬁnitum
1333 2578 1534 2649 aliquid
1570 2579 1880 2650 signiﬁcans

297 2675 352 2728 in
377 2673 728 2738 nominativo,
772 2688 895 2727 cum
933 2680 1008 2726 est
1057 2681 1151 2728 aut
1177 2689 1282 2727 non
1315 2681 1416 2738 est,
1444 2680 1505 2728 ut
1535 2686 1551 2726 :
1582 2673 1736 2727 homo
1782 2682 1877 2738 est,

296 2763 453 2818 homo
496 2780 601 2818 non
630 2772 724 2817 est.
752 2763 811 2818 ln
856 2762 1045 2835 [aliis]
1094 2765 1311 2820 casibus
1355 2763 1481 2820 licet
1503 2764 1670 2820 addas
1695 2773 1768 2818 est
1794 2764 1880 2818 vel

299 2870 404 2909 non
432 2862 528 2918 est,
559 2852 694 2908 nihil
723 2863 904 2909 tamen
933 2863 1141 2911 certum
1183 2853 1471 2925 signiﬁcat,
1501 2855 1544 2910 si
1575 2871 1682 2911 non
1711 2869 1877 2925 appo-

297 2962 396 3002 nas
423 2946 553 3017 quid
578 2947 647 3002 sit
674 2946 759 3001 vel
788 2947 916 3017 quid
947 2963 1054 3003 non
1078 2948 1167 3002 sit.
1198 2948 1304 3004 Ut:
1331 2949 1558 3004 hominis
1583 2958 1678 3015 est,
1706 2949 1880 3003 homi-

297 3037 378 3092 nis
410 3054 514 3092 non
543 3048 639 3093 est.
688 3036 987 3093 Secundum
1028 3036 1302 3108 placitum,
1341 3039 1395 3094 id
1419 3047 1502 3094 est
1532 3039 1879 3108 compositio-

1978 1848 2214 1913 deatera,
2244 1848 2479 1903 sinistra.
2506 1848 2641 1904 Nam
2685 1855 2932 1922 quamvis
2976 1869 3141 1909 unum
3172 1856 3368 1911 borum
3401 1858 3571 1913 inter-

1977 1944 2087 2001 eat,
2114 1945 2292 2005 potest
2330 1944 2512 1993 tamen
2551 1939 2778 1995 alterum
2819 1958 3060 1998 manere.
3100 1943 3217 1999 Non
3244 1947 3325 2001 sic
3353 1946 3421 2001 de
3450 1946 3562 2003 ﬁlio

1977 2034 2035 2080 et
2060 2027 2125 2082 de
2148 2042 2323 2082 servo.
2364 2027 2485 2083 Alia
2513 2039 2639 2085 sunt
2666 2040 2883 2102 gentem
2911 2034 3285 2104 signiﬁcativa,
3326 2048 3390 2093 ut
3411 2037 3565 2094 Gne-

1978 2133 2092 2183 cus,
2124 2115 2394 2188 Hispanus
2416 2136 2435 2174 :
2460 2120 2564 2174 alia
2585 2123 2833 2191 patriam,
2865 2133 2926 2179 ut
2939 2124 3230 2194 Romanus,
3263 2127 3565 2188 Thebanus.

1978 2205 2096 2261 Alia
2141 2208 2546 2282 interrogativa,
2594 2221 2654 2267 ut
2689 2214 2881 2284 qualis,
2934 2228 3185 2286 quantus,
3224 2222 3391 2291 quot?
3440 2238 3571 2278 cum

1983 2311 2112 2352 suos
2146 2308 2365 2355 servant
2389 2310 2665 2359 accentus.
2685 2305 2804 2361 Alia
2832 2307 3081 2376 relativa,
3110 2319 3171 2365 ut
3189 2321 3393 2379 tantus,
3416 2315 3570 2381 talis,

1980 2399 2076 2445 tot.
2099 2391 2219 2448 Alia
2246 2395 2525 2452 collectiva
2553 2414 2675 2468 quas
2717 2400 2772 2455 in
2815 2401 3072 2472 singulari
3120 2422 3350 2463 numero
3396 2409 3571 2467 multa

1980 2482 2304 2554 signiﬁcant,
2352 2497 2410 2542 ut
2429 2492 2684 2562 populus,
2733 2494 2895 2565 plebs.
2930 2496 3048 2553 Alia
3077 2499 3313 2564 dividua,
3345 2509 3407 2555 ut
3432 2501 3570 2568 bini,

1979 2577 2135 2642 terni,
2162 2579 2381 2634 centeni.
2412 2580 2528 2637 Alia
2562 2582 2791 2652 laetitia,
2829 2587 2884 2642 id
2909 2597 3013 2654 est,
3043 2591 3110 2645 de
3136 2605 3270 2647 sono
3304 2590 3471 2658 facta,
3502 2603 3569 2649 ut

1979 2664 2412 2734 tintinnabulum,
2457 2681 2653 2739 turtur,
2700 2674 2933 2747 clangor.
2963 2677 3083 2732 Alia
3117 2688 3243 2735 sunt
3266 2681 3570 2751 generalia,

1980 2771 2099 2826 quae
2131 2758 2185 2812 in
2223 2760 2464 2818 diversas
2503 2765 2710 2833 species
2749 2777 2974 2838 possunt
2998 2770 3187 2834 dividi,
3228 2780 3289 2825 ut
3339 2773 3567 2839 animal,

1980 2850 2155 2903 arbor.
2178 2850 2302 2906 Alia
2324 2854 2599 2923 specialia,
2627 2865 2689 2911 ut
2711 2860 2886 2926 homo,
2931 2861 3069 2915 vitis.
3109 2861 3230 2916 Alia
3271 2863 3565 2927 ordinalia,

1980 2948 2040 2993 ut
2064 2940 2286 3010 primus,
2314 2945 2595 3001 secundus.
2626 2946 2747 3007 Alia
2777 2952 3104 3017 numeralia,
3130 2961 3196 3006 ut
3218 2970 3403 3020 unum,
3432 2955 3565 3021 duo,

1980 3038 2102 3085 tres.
2129 3030 2251 3087 Alia
2274 3033 2537 3093 absoluta.
2578 3046 2639 3092 ut
2678 3039 2841 3107 Deus,
2869 3044 3023 3097 ratio.
3071 3044 3186 3098 Alia
3221 3047 3564 3116 temporalia,

297 3146 424 3185 nem
472 3130 803 3202 singularum
846 3096 1084 3201 gentiu'm
1115 3139 1242 3185 sunt.
1282 3131 1500 3185 nomina
1541 3130 1703 3200 272
1734 3146 1878 3185 com-
1904 3096 1952 3159 Ο
1980 3130 2041 3176 ιιι
2060 3126 2272 3189 meum,
2300 3144 2491 3183 αηητιεσ
2519 3130 2636 3186 Alia
2659 3132 2871 3200 localia.
2896 3144 2958 3189 υῐ
2985 3096 3564 3209 ρνορὶηᾳιιιιεᾶοηθὶηί

296 3223 495 3292 posita,
553 3230 613 3276 ut
655 3223 798 3292 quod
850 3221 1041 3275 Latine
1087 3221 1225 3277 dicis
1281 3237 1501 3287 aurum,
1553 3222 1655 3276 hoc
1694 3219 1879 3276 Graece

298 3313 501 3386 χρυσός·
531 3311 746 3365 dicitur.
785 3310 904 3366 Una
933 3319 1018 3365 est
1046 3311 1350 3366 substantia
1368 3351 1382 3375 ,
1411 3311 1505 3366 sed
1542 3311 1753 3366 diversa
1776 3326 1879 3366 no-

296 3417 463 3455 nnna.

370 3496 470 3550 Fn.
499 3496 644 3563 Quot
675 3496 927 3551 accidunt
963 3496 1207 3552 nomini?
1231 3527 1302 3537 —
1325 3496 1489 3553 Suo.
1522 3496 1652 3563 Sex,
1692 3513 1881 3553 secun-

297 3587 425 3644 dum
456 3587 760 3643 Donatum:
792 3585 1044 3657 qualitas,
1081 3587 1422 3658 comparatio,
1465 3604 1649 3658 genus,
1701 3605 1880 3645 nume-

300 3696 414 3744 rus,
441 3680 636 3750 ﬁgura,
663 3696 835 3733 casus.
864 3678 1173 3735 Secundum
1214 3679 1570 3747 Priscianum,
1602 3681 1875 3752 quinque;

294 3770 419 3841 quia
448 3770 539 3824 ille
565 3769 884 3838 qualitatem
909 3778 966 3823 et
982 3769 1441 3839 comparationem
1470 3770 1652 3837 simul,
1683 3774 1878 3843 species

294 3860 613 3924 nominavit,
643 3860 771 3929 quia
792 3867 920 3914 sunt
944 3860 1128 3914 omnia
1148 3861 1364 3915 nomina
1396 3863 1624 3933 propria:
1652 3863 1876 3933 speciei,

294 3950 380 4006 vel
414 3948 740 4020 appellatione
763 3964 782 4002 :
812 3950 1118 4021 principalis
1151 3951 1234 4006 vel
1272 3952 1586 4008 derivatione.
1619 3952 1874 4024 Propriae,

296 4048 393 4096 ut:
422 4041 621 4096 Julius.
648 4039 1018 4111 Appellativae,
1064 4050 1126 4097 ut
1157 4060 1171 4096 :
1200 4041 1375 4097 Mons.
1413 4042 1753 4113 Principalis,
1775 4052 1835 4099 ut
1860 4061 1874 4098 :

292 4131 493 4193 Julius,
548 4132 722 4187 Mons.
768 4133 1089 4189 Derivativze
1113 4143 1171 4188 ut
1201 4149 1216 4188 :
1247 4134 1518 4202 Julianus,
1567 4135 1874 4192 Montanus.

292 4223 351 4278 In
381 4223 579 4293 quibus
598 4264 612 4289 ,
646 4224 700 4279 id
726 4233 810 4279 est
837 4223 992 4295 [Ms.,
1022 4224 1189 4297 idem]
1240 4226 1551 4283 derivativis
1596 4242 1878 4296 compara-

297 4311 470 4367 tiones
498 4315 774 4367 nominum
805 4314 1079 4382 imposuit.

275 4443 279 4447 ν
364 4402 463 4458 Fn.
508 4402 855 4473 Propriorum
903 4404 1180 4459 nominum
1221 4406 1429 4475 species
1455 4416 1587 4476 quot
1621 4408 1873 4461 sunt?—

296 4490 464 4549 Saxo.
487 4492 763 4560 Quatuor:
786 4511 1108 4566 pramomen,
1137 4512 1347 4563 nomen,
1389 4514 1690 4568 cognomen,
1715 4516 1877 4569 agno-

293 4598 432 4639 men.
458 4583 797 4641 Prcenomina
816 4595 959 4653 sunt,
1004 4602 1125 4657 qua:
1151 4588 1429 4657 dignitatis
1450 4589 1531 4644 vel
1559 4589 1877 4646 differentiae

293 4688 459 4731 causa
482 4677 714 4746 propriis
741 4679 1049 4734 nominibus
1095 4688 1503 4750 praeponuntur,
1529 4687 1589 4733 ut
1620 4696 1633 4732 :
1657 4679 1875 4735 Anicius

295 4764 515 4822 Boetius
542 4781 556 4821 :
586 4768 800 4822 Anicius
830 4785 862 4823 a
889 4770 1170 4825 nobilitate
1188 4782 1242 4825 et
1262 4769 1513 4825 libertate
1542 4771 1757 4840 generis
1789 4771 1871 4826 di-

293 4857 458 4912 citur.
498 4857 856 4925 Differentiae,
900 4868 960 4914 ut
999 4860 1193 4915 Lucius
1234 4860 1517 4917 Cornelius
1557 4869 1613 4915 et
1652 4860 1875 4916 Publius

294 4945 599 5004 Cornelius.
625 4947 997 5018 Notanturquc
1030 4949 1360 5020 praenomina
1380 4948 1468 5005 vel
1490 4949 1714 5021 singulis
1732 4950 1876 5006 litte-

294 5038 374 5093 ris
400 5039 486 5095 vel
512 5039 656 5095 binis
684 5040 771 5094 vel
809 5040 997 5095 ternis.
1047 5038 1320 5111 Singulis,
1347 5049 1407 5095 ut
1438 5058 1452 5095 :
1486 5039 1588 5107 M.,
1637 5040 1872 5098 Marcus.

292 5127 465 5197 Binis,
514 5138 575 5185 ut
604 5149 618 5183 :
653 5129 778 5196 Cn.,
825 5130 1022 5186 Cneus.
1066 5129 1278 5197 Ternis,
1312 5138 1373 5186 ut
1403 5149 1416 5184 :
1469 5130 1620 5195 Sena,
1656 5133 1872 5189 Sextus.

295 5220 507 5278 Nomen
552 5231 636 5279 est
669 5222 831 5277 unius
883 5220 1144 5292 cujusque
1184 5223 1485 5294 proprium,
1526 5219 1874 5278 ut:Paulus.

294 5309 592 5385 Cognomen
624 5321 709 5369 est
735 5313 1073 5383 cognationis
1097 5312 1181 5368 vel
1205 5312 1424 5367 familiae
1459 5327 1747 5368 commune
1775 5327 1874 5369 no-

294 5418 440 5470 men,
469 5412 530 5459 ut
558 5406 756 5477 Scipio.
790 5405 928 5460 Nam
950 5406 1018 5461 ab
1039 5403 1158 5473 ejus
1177 5404 1397 5472 nomine
1420 5403 1599 5459 omnis
1620 5404 1872 5474 cognatio

288 5492 385 5546 illa
413 5496 494 5550 sic
516 5496 816 5553 dicebatur.
842 5496 1134 5566 Agnomen,
1183 5496 1327 5566 quod
1374 5497 1442 5551 ab
1474 5495 1653 5565 aliquo
1679 5505 1874 5552 eventu

295 5582 375 5637 sic
422 5582 641 5649 dicitur,
679 5594 740 5639 ut
771 5604 785 5639 :
817 5586 1118 5654 Africanus,
1164 5588 1294 5655 quia
1333 5585 1571 5642 Africam
1626 5586 1877 5643 vincebat

297 5672 417 5744 [F.,
443 5672 686 5744 vicerat].

1977 3228 2130 3282 quas.
2160 3214 2278 3269 Alia
2321 3221 2692 3289 patronymica
2718 3221 2871 3294 [Ms.,
2916 3226 3321 3299 patrimonlca],
3351 3237 3412 3282 ut
3446 3228 3568 3284 Sci-

1977 3303 2158 3373 piades
2187 3320 2221 3381 a
2246 3304 2519 3376 Scipione,
2553 3309 2798 3368 Tltesides
2829 3331 2860 3368 a
2894 3316 3124 3371 Theseo.
3169 3317 3296 3373 Haec
3322 3334 3465 3389 saepe
3495 3321 3566 3376 ab

1979 3393 2094 3448 avis
2119 3388 2255 3450 ﬁunt
2299 3404 2355 3451 et
2387 3413 2418 3452 a
2459 3400 2849 3469 conditoribus,
2896 3414 2956 3459 ut
3007 3405 3230 3473 Iliades,
3267 3408 3563 3465 xEneades.

1980 3483 2122 3540 Sunt
2148 3486 2252 3541 alia
2282 3490 2620 3558 possessiva,
2651 3510 2772 3565 qua:
2803 3496 3007 3567 aliquid
3034 3513 3101 3553 ex
3136 3500 3222 3555 his
3254 3501 3571 3571 signiﬁcant

1979 3589 2100 3643 quae
2122 3576 2490 3645 possidentur,
2539 3589 2599 3634 ut
2628 3580 2927 3639 Evandrius
2971 3588 3130 3653 ensis,
3179 3597 3235 3641 et
3260 3590 3435 3658 regius
3469 3590 3571 3645 ho-

1978 3681 2094 3744 nor.
2157 3665 2283 3723 Haec
2348 3683 2473 3724 cum
2502 3671 2739 3741 genitivo
2793 3676 3077 3746 principali
3140 3677 3573 3748 interpretantur

1980 3754 2131 3828 [Μαίη
2162 3755 2290 3813 Haec
2332 3760 2566 3829 genitivo
2582 3762 2876 3832 principali
2905 3765 3262 3839 deserviunt],
3296 3778 3358 3823 ut
3381 3769 3568 3824 Evan-

1977 3844 2060 3899 dri
2105 3847 2251 3903 ensis
2288 3857 2343 3902 et
2367 3850 2509 3920 regis
2542 3850 2730 3906 honor.
2765 3853 2904 3908 Sunt
2928 3864 2983 3910 et
3012 3855 3130 3911 alia:
3158 3858 3391 3926 species,
3426 3875 3566 3928 quas

1978 3936 2217 3994 Donatus
2237 3943 2409 4010 ponit,
2431 3944 2525 3998 sed
2549 3944 2658 4000 illa:
2680 3947 2735 4001 in
2752 3947 2837 4003 bis
2863 3950 3226 4018 reperiuntur,
3253 3960 3313 4005 ut
3331 3953 3571 4021 qualitas

1978 4034 2034 4081 et
2060 4029 2354 4097 quantitas.
2383 4032 2439 4086 In
2471 4033 2747 4102 adjectivis
2790 4047 2845 4092 et
2872 4039 3241 4094 accidentibus
3273 4040 3566 4096 inveniun-

1978 4124 2069 4171 tur
2094 4118 2280 4185 bonus,
2308 4138 2529 4192 magnus
2560 4123 2656 4197 [et]
2688 4127 2877 4182 mediae
2902 4137 3028 4183 sunt
3056 4128 3489 4199 signiﬁcationis.

2049 4208 2145 4263 Fn.
2191 4209 2634 4281 Comparationes
2686 4218 2966 4273 nominum
3016 4221 3159 4275 unde
3206 4221 3569 4275 veniunt?—

1979 4297 2144 4355 Ssso.
2188 4300 2233 4354 A
2267 4303 2573 4360 nominibus
2602 4306 2881 4375 adjectivis
2914 4317 2971 4364 et
2998 4311 3368 4367 accidentibus
3399 4314 3570 4370 alicu-

1972 4391 2061 4461 jus
2088 4394 2423 4459 substantiac,
2463 4396 2778 4465 qualitatem
2800 4399 2884 4454 vel
2914 4401 3273 4471 quantitatem
3295 4403 3462 4458 animi
3490 4405 3567 4459 si-

1977 4484 2358 4553 gniﬁcantibus
2393 4486 2479 4541 vel
2523 4490 2786 4558 corporis,
2825 4506 2945 4561 quae
2981 4502 3210 4561 possunt
3256 4494 3341 4548 vel
3390 4495 3573 4551 incre-

1975 4583 2156 4629 menta
2186 4575 2271 4631 vel
2300 4577 2627 4634 detrimenta
2658 4597 2890 4638 sumere.
2937 4582 3111 4639 Homo
3136 4585 3222 4639 vel
3246 4584 3406 4655 lapis,
3437 4588 3571 4641 sub-

1972 4667 2173 4721 stantia
2214 4676 2316 4723 est.
2346 4667 2520 4726 Homo
2541 4673 2778 4741 prudens
2819 4682 2874 4729 et
2897 4674 3242 4744 prudentior;
3276 4675 3416 4745 lapis
3453 4693 3573 4732 ma-

1970 4774 2111 4829 gnus
2132 4769 2188 4816 et
2208 4761 2384 4831 major
2411 4763 2626 4820 dicitur.
2655 4765 2722 4820 Et
2742 4780 2957 4836 semper
2982 4767 3393 4836 comparativus
3417 4783 3571 4824 com-

1971 4853 2149 4907 munis
2177 4861 2263 4908 est
2280 4854 2515 4924 generis,
2544 4863 2605 4910 ut
2627 4856 2717 4910 hic
2750 4864 2808 4911 et
2833 4856 2948 4911 haec
2971 4856 3310 4924 prudentior.
3337 4857 3405 4911 Et
3430 4873 3566 4913 neu—

1974 4949 2116 4996 trum
2149 4941 2203 4997 in
2246 4942 2348 5009 ius,
2373 4951 2433 4998 ut
2471 4943 2569 4999 hoc
2607 4945 2940 5016 prudentius,
2987 4944 3136 5000 facit.
3184 4945 3466 5002 Invenitur
3508 4954 3565 5003 et

1972 5034 2372 5104 comparativus
2409 5049 2508 5105 pro
2535 5035 2769 5107 positivo
2812 5036 2960 5105 poni,
2992 5045 3052 5091 ut
3077 5036 3271 5108 Virgil.
3310 5035 3475 5109 (:En.
3509 5052 3564 5103 v,

1974 5121 2144 5194 son):

2287 5249 2299 5264 .
2324 5248 2339 5263 .
2367 5249 2382 5265 .
2406 5215 2621 5268 Comites
2643 5218 2854 5267 senioris
2881 5217 3074 5267 Acesta:
3102 5255 3120 5278 ,

1978 5308 2078 5365 pro
2098 5298 2258 5351 senis.
2288 5297 2385 5353 Est
2422 5299 2637 5367 quando
2662 5298 2843 5353 minus
2869 5299 3101 5369 positivo
3126 5298 3385 5368 singulari
3407 5297 3569 5370 [Hea

1978 5385 2270 5455 positivum
2315 5387 2665 5460 singularem]
2708 5388 2996 5458 signiﬁcat,
3042 5401 3097 5446 et.
3129 5389 3259 5445 nulli
3281 5405 3575 5461 compara-

1984 5485 2072 5532 tur
2100 5486 2161 5532 ut
2190 5479 2377 5551 Virgil.
2403 5479 2555 5552 (Ain.
2580 5498 2618 5548 ι,
2643 5482 2770 5557 522)
2803 5503 2817 5538 :
2915 5536 2925 5544 ,

2108 5592 2311 5643 Tristior
2334 5601 2483 5657 Itque
2508 5594 2677 5645 oculos
2696 5594 2920 5658 lacrymis
2940 5598 3123 5650 suffusa
3149 5602 3384 5649 nitentes.

1989 5680 2211 5738 Tristior
2246 5684 2335 5741 hic
2375 5700 2442 5740 cx
2474 5694 2631 5757 parte
2668 5686 2939 5759 signiﬁcat
2980 5690 3207 5747 tristem.
3249 5689 3413 5745 Fiunt
3438 5698 3501 5748 et
3538 5710 3575 5747 a
