3866 6170
247 397 349 459 861

1325 383 1793 441 DIDASCALICA.
1825 412 1894 422 -—
1932 379 2406 437 GRAMMATICA.

3397 380 3494 438 805:

245 509 627 582 comparativis
648 506 984 569 diminutiva,
1018 511 1075 558 ut
1098 500 1444 572 majusculus,
1470 497 1816 559 minusculus;
1845 499 1898 554 Α
1991 494 2086 548 Fu.
2136 494 2250 548 Non
2297 510 2414 549 sum
2456 505 2562 550 tam
2591 497 2781 550 avidus
2827 511 2989 565 quam
3037 505 3092 550 tu
3130 495 3362 559 invidus,
3407 501 3498 566 qui

243 607 342 663 sed
390 619 497 659 non
543 601 785 657 absolute
829 599 982 671 [.ils.,
1030 594 1310 666 absolutae]
1338 593 1497 663 273
1527 601 1587 646 ut
1616 597 1824 644 (uetera:

246 697 652 760 diminutiones,
687 693 778 748 sed
815 691 882 745 ad
923 689 1123 759 aliquid
1165 687 1480 758 respiciunt,
1513 694 1572 740 ut
1602 683 1821 738 Terent.

245 787 515 861 (Eunuch.
544 801 630 849 ιιι,
657 783 712 847 5,
741 781 832 852 21)
865 794 881 834 :

366 923 520 974 'l'bais
543 919 704 982 paulo,
720 929 864 980 quam
889 929 984 976 ego
1003 927 1128 974 sum,
1154 913 1419 976 maiuscula
1451 917 1548 960 est.

314 1024 416 1081 Fu.
444 1022 610 1091 Cujus
639 1017 852 1090 generis
897 1015 1256 1085 superlativus
1299 1013 1359 1068 ﬁt
1403 1011 1556 1084 [Ms.,
1599 1009 1828 1080 sit]?—

241 1111 414 1170 Ssxo.
445 1108 818 1179 Supcrlativus
847 1105 1060 1161 mobilis
1083 1112 1168 1160 est
1191 1119 1288 1175 per
1320 1104 1421 1158 tria
1449 1117 1663 1171 genera.
1693 1100 1829 1154 Pru-

243 1201 618 1260 dentissimus,
648 1213 699 1262 a,
727 1211 837 1251 um.

313 1293 416 1349 Fu.
449 1289 914 1360 Superlativorum
953 1295 1084 1356 quot
1118 1293 1243 1341 sunt
1285 1283 1534 1353 species?
1563 1312 1633 1322 —-
1659 1281 1824 1336 Suo.

241 1385 418 1440 Octo:
465 1385 652 1447 simus,
691 1381 874 1442 rimus,
924 1378 978 1433 in
1011 1393 1146 1448 quas
1169 1377 1425 1447 pleraque
1459 1376 1710 1429 desinunt
1739 1389 1828 1428 su-

241 1476 504 1546 perlativa
529 1492 542 1528 :
575 1473 754 1538 limus,
776 1472 971 1536 ximus,
1004 1471 1180 1536 timus,
1207 1478 1420 1530 tremus,
1447 1467 1604 1529 imus,
1632 1467 1825 1530 nimus,

244 1564 713 1623 utsanctissimus,
746 1560 1161 1632 pulcherrimus,
1186 1557 1511 1622 simillimus,
1535 1555 1824 1619 maximus,

242 1658 488 1721 ultimus,
535 1662 832 1715 extremus,
880 1649 1130 1722 [primus]
1177 1649 1468 1712 minimus;
1518 1661 1547 1700 e
1587 1645 1825 1714 longam,

244 1748 376 1802 dum
402 1746 596 1814 ubique
623 1744 642 1797 i
670 1740 967 1813 penultima
998 1739 1321 1808 corripitur,
1351 1744 1580 1807 praeter,
1625 1737 1826 1806 primus

245 1845 303 1892 et
333 1837 490 1889 imus.

317 1924 415 1979 Fu.
442 1923 850 1993 Comparativus
878 1931 932 1976 et
959 1921 1322 1990 superlativus
1367 1921 1562 1990 quibus
1584 1919 1823 1990 jungun-

242 2021 336 2070 tur
383 2013 635 2069 casibus?
670 2042 741 2051 —
779 2011 943 2066 Suo.
993 2010 1244 2065 Ablativo
1291 2012 1571 2080 utriusque
1617 2013 1826 2065 numeri

243 2101 486 2173 iungitur
535 2101 956 2171 comparativus,
1002 2107 1081 2165 ut,
1116 2100 1312 2154 Hector
1358 2100 1547 2168 fortior
1579 2101 1829 2155 Diomede

245 2193 365 2262 fuit,
397 2202 445 2246 et
472 2192 728 2245 audacior
754 2191 1021 2261 Trojanis.
1059 2189 1428 2258 Superlativus
1452 2192 1686 2261 genitivo
1713 2191 1830 2260 plu-

246 2281 377 2346 rali,
419 2291 498 2346 ut,
549 2280 744 2335 Hector
789 2282 1106 2351 fortissimus
1141 2281 1488 2351 Trojanorum
1526 2283 1646 2351 fuit.
1678 2283 1829 2336 Inve—

245 2373 394 2426 nitur
417 2381 471 2425 et
509 2370 609 2443 [in]
646 2371 902 2443 singulari
927 2372 1078 2441 jungi
1112 2371 1371 2443 [genitivo
1402 2371 1526 2444 (Ed.
1551 2415 1564 2439 ,
1596 2373 1826 2446 generi)]

247 2478 368 2518 cum
399 2463 576 2532 ipsum
603 2462 872 2532 singulare
895 2477 1088 2516 nomen
1114 2461 1510 2517 multitudinem
1539 2464 1826 2534 signiﬁcat,

245 2560 320 2615 ut,
351 2551 552 2606 Hector
566 2551 881 2618 fortissimus
900 2561 976 2604 est
1002 2550 1246 2621 Trojano:
1265 2553 1450 2621 gentis.
1476 2553 1590 2616 Est,
1616 2555 1831 2622 quando

246 2643 608 2712 superlativus
635 2657 732 2713 per
753 2657 810 2697 se
833 2642 1051 2711 ponitur
1086 2650 1139 2695 et
1162 2641 1294 2695 nulli
1325 2652 1706 2712 comparatur;
1737 2645 1832 2699 sed

246 2743 360 2787 tum
393 2750 492 2802 pro
517 2733 664 2787 valde
693 2733 948 2788 adverbio
974 2733 1320 2802 accipiendus
1359 2742 1440 2787 est
1465 2751 1477 2797 ;
1513 2743 1571 2787 ut
1598 2751 1611 2787 :
1654 2733 1832 2802 fortis-

243 2825 412 2876 simus
440 2823 537 2891 fuit
566 2821 843 2886 Hercules,
877 2823 929 2876 id
957 2829 1058 2886 est,
1093 2821 1241 2874 valde
1280 2820 1454 2875 fortis.

314 2912 423 2966 Fu.
458 2911 671 2966 Memini
701 2921 774 2976 te,
813 2911 978 2976 Saxo,
1013 2911 1212 2965 dixisse
1241 2911 1381 2979 quod
1408 2911 1582 2980 aliqua
1614 2913 1830 2966 nomina

247 3002 568 3072 appellativa
600 3011 782 3057 essent
801 3002 1143 3056 diminutiva.
1180 3000 1317 3054 Num
1345 3016 1376 3055 a
1402 3002 1636 3071 propriis
1663 3003 1834 3055 nomi—

248 3094 413 3149 nibus
440 3094 642 3163 possint
667 3092 782 3147 ﬁeri
812 3092 1174 3147 diminutiva?
1200 3122 1270 3131 —
1297 3091 1460 3148 Suo.
1492 3091 1744 3158 Possunt,
1774 3101 1835 3146 ut

248 3201 279 3241 α
302 3185 502 3256 Sergio
525 3183 788 3254 Sergiolus
811 3201 830 3248 ;
868 3186 936 3237 ab
962 3183 1198 3237 Antonio
1215 3223 1229 3245 ,
1259 3182 1614 3238 Antoniaster.

313 3275 423 3330 Fu.
465 3273 606 3340 Quot
646 3274 818 3328 modis
851 3272 1172 3327 diminutiva
1222 3271 1359 3326 fiunt
1382 3273 1399 3324 ἶ
1424 3300 1494 3310 -
1520 3270 1683 3327 Suo.
1717 3273 1837 3329 Τή-

249 3367 350 3422 bus
379 3365 572 3420 modis.
601 3364 708 3416 Aut
735 3363 1072 3417 necessitatis
1097 3378 1278 3423 causa,
1314 3370 1374 3415 ut
1399 3377 1428 3415 a
1454 3377 1577 3431 rege
1606 3363 1834 3433 regulus,

249 3461 354 3516 hoc
403 3467 508 3523 est,
558 3473 757 3527 parvus
803 3473 916 3521 rex,
966 3466 1025 3512 ut
1065 3457 1284 3513 Sallust.
1341 3454 1628 3527 Postquam
1672 3455 1839 3527 reguli

250 3551 396 3604 coire
449 3547 607 3620 [Ms.,
663 3547 961 3617 convenere]
1012 3548 1068 3600 in
1117 3564 1298 3602 unum.
1364 3545 1469 3600 Aut
1517 3546 1840 3601 urbanitatis

252 3654 444 3707 causa,
467 3648 528 3694 ut
548 3638 820 3694 Juvenalis
844 3637 984 3709 (Sat.
1017 3638 1106 3708 98)
1133 3655 1145 3691 :

387 3800 403 3816 .
433 3803 446 3817 .
470 3800 485 3816 .
513 3800 529 3817 .
555 3765 713 3814 Malim
739 3764 1030 3814 fraterculus
1055 3775 1168 3814 esse
1186 3765 1458 3825 gigantum.

257 3877 372 3930 Aut
412 3873 732 3929 adulationis
761 3888 922 3927 causa
946 3913 960 3935 ,
1001 3881 1059 3926 ut
1093 3871 1169 3943 [in
1200 3872 1438 3942 puerulis
1485 3871 1686 3926 dicitur
1714 3870 1843 3926 Ser-

259 3965 440 4036 giolus
473 3963 666 4032 (Edit.,
699 3964 882 4033 pueris
920 3961 1243 4034 Sergiolis)].

325 4055 434 4112 Fu.
473 4055 681 4110 Formae
723 4055 888 4125 igitur
922 4055 1360 4110 diminutivorum
1389 4063 1523 4123 quot
1564 4057 1739 4110 sunt?
1775 4086 1844 4094 —

262 4143 434 4199 Ssxo.
471 4143 744 4197 Masculini
776 4143 990 4213 generis
1017 4159 1065 4196 χι
1093 4158 1106 4196 :
1137 4143 1303 4207 culus,
1341 4143 1461 4197 ulus
1491 4143 1611 4215 [ΜΞ.
1632 4186 1646 4210 ,
1676 4145 1841 4218 illus],

262 4232 404 4299 olus,
433 4231 583 4298 ellus,
607 4231 788 4298 xillus,
819 4231 966 4297 illus,
995 4233 1134 4298 ulus,
1159 4235 1259 4297 cio,
1288 4244 1446 4297 aster,
1475 4233 1630 4304 [leus,
1661 4234 1844 4306 tulus].

267 4323 336 4378 Ut
367 4340 380 4376 :
411 4322 723 4393 Agniculus,
769 4322 1004 4376 tantulus
1033 4322 1176 4394 [Ms.,
1227 4322 1510 4395 tantillus],
1556 4323 1844 4394 capreolus,

268 4414 527 4487 agnellus,
572 4415 862 4486 pauxillus,
899 4415 1192 4478 codicillus,
1237 4415 1501 4482 hamulus,
1547 4417 1846 4483 homuncio,

267 4508 634 4578 parasitaster,
664 4507 897 4572 aculeus,
922 4507 1210 4577 nepotulus.

340 4600 608 4656 Feminini
653 4600 864 4669 generis
900 4617 1012 4653 vn:
1061 4599 1201 4664 cula,
1243 4600 1358 4668 ula,
1397 4602 1504 4667 ola,
1536 4602 1660 4667 ella,
1693 4603 1847 4667 xilla,

269 4691 360 4744 illa
386 4731 402 4754 ,
445 4688 575 4742 ulla.
630 4688 697 4743 Ut
729 4706 741 4742 :
791 4688 1069 4758 Aguicula,
1104 4689 1322 4760 sylvula,
1366 4691 1595 4756 unciola,
1629 4692 1850 4762 capella,

270 4781 511 4842 maxilla,
547 4779 805 4850 anguilla,
844 4780 976 4834 ulla.

341 4869 668 4946 lfleutrorum
696 4885 769 4924 vn
811 4877 934 4924 sunt
963 4871 1166 4924 formae.
1217 4870 1425 4934 Culum,
1472 4870 1638 4934 ulum,
1689 4871 1852 4938 olum,

271 4963 450 5024 ellum,
485 4962 657 5026 illum,
683 4961 890 5026 xillum,
923 4962 1109 5016 ullum.
1143 4962 1250 5017 Ut:
1290 4959 1690 5032 Corpusculum,
1715 4966 1857 5033 capi-

274 5052 462 5117 tulum,
511 5050 837 5116 laureolam,
881 5050 1158 5113 lucellum,
1207 5049 1418 5116 villam,
1453 5051 1726 5116 vexillum,
1779 5053 1860 5111 ul-

279 5143 410 5197 lum.
1037 5151 1042 5159 '

349 5231 510 5286 Fiunt
529 5241 583 5286 et
599 5231 1037 5286 diminutivorum
1064 5229 1379 5284 diminutiva
1405 5231 1565 5284 tertio
1589 5239 1642 5282 et
1664 5240 1862 5299 quarto

281 5324 488 5391 gradu,
547 5331 645 5376 ut:
700 5319 902 5375 Paulus
931 5361 944 5384 ,
1003 5319 1308 5384 Paululus;
1361 5328 1414 5373 et
1453 5319 1752 5389 pauxillus,
1807 5330 1862 5376 et

280 5413 646 5482 pauxillulus;
675 5413 846 5478 homo,
869 5412 1172 5474 homuncio,
1200 5408 1566 5476 homunculus,
1592 5410 1856 5477 hamulus,

282 5499 625 5558 homullulus.

358 5591 534 5659 Ecce,
577 5593 826 5658 France,
869 5592 935 5647 de
981 5590 1316 5660 appellativis
1365 5591 1646 5658 speciebus
1696 5593 1864 5648 babes

290 5683 519 5752 abunde,
551 5694 609 5739 ut
635 5700 776 5751 reor,
807 5684 931 5740 licet
958 5683 1136 5738 nullus
1166 5691 1269 5738 tua:
1295 5683 1538 5738 aviditati
1581 5684 1749 5753 possit
1779 5700 1864 5738 sa-

297 5777 475 5835 tisl‘acc
483 5795 558 5833 re.

1876 4557 1925 4616 D

1923 582 2069 636 nulla
2119 583 2202 637 vis
2249 584 2494 653 aperire,
2547 585 2652 638 nisi
2698 585 3119 655 interrogatione
3162 592 3400 640 coactus.
3430 614 3502 625 --

1925 673 2088 728 Saxo.
2136 673 2412 743 Interroga
2458 690 2578 744 qua:
2607 676 2725 729 vis:
2777 692 2876 746 ego
2920 693 3026 732 non
3056 693 3150 733 ero
3193 679 3372 748 segnis
3419 693 3500 732 re—

1925 759 2207 834 spondere.

2442 870 2528 927 DE
2565 873 2974 932 GENERIBUS.

1997 983 2097 1039 Fu.
2125 984 2298 1051 Nunc,
2335 993 2395 1039 ut
2421 986 2646 1051 aestimo,
2696 988 2830 1041 ordo
2875 989 3233 1044 accidentium
3275 990 3509 1047 nominis

1925 1079 2101 1148 poscit
2147 1093 2178 1132 a
2230 1062 2518 1148 generibus
2567 1080 2864 1150 inquirere.
2918 1081 3070 1136 Unde
3114 1099 3313 1152 genera
3364 1082 3507 1136 dicta

1927 1168 2056 1231 sint,
2083 1167 2258 1237 primo
2286 1169 2444 1224 velim
2474 1170 2633 1224 scire.
2663 1201 2734 1210 —
2761 1167 2925 1226 Suo.
2959 1168 3171 1226 Genera
3202 1172 3344 1226 dicta
3376 1180 3504 1226 sunt

1929 1275 1958 1312 a
1982 1260 2306 1328 generando.
2348 1261 2688 1330 Quapropter
2729 1263 2945 1332 proprie
2971 1276 3167 1329 genera
3198 1272 3338 1324 sunt,
3387 1277 3508 1331 quas

1929 1363 2187 1418 generare
2209 1355 2468 1417 possunt:
2501 1349 2555 1403 id
2593 1357 2694 1413 est,
2740 1350 3116 1413 masculinum,
3168 1345 3508 1404 femininum.

1929 1435 2064 1492 Nam
2108 1448 2359 1492 neutrum
2385 1448 2442 1493 et
2483 1454 2766 1493 commune
2813 1441 2984 1510 magis
3028 1440 3176 1494 vocis
3224 1440 3508 1508 qualitate,

1928 1544 2088 1598 quam
2116 1537 2309 1584 natura
2327 1529 2733 1600 dignoscantur.
2761 1531 3014 1598 Epiccena
3035 1531 3340 1598 promiscua
3364 1540 3508 1596 sunt,

1930 1630 1985 1676 et
2009 1621 2108 1675 sub
2133 1637 2238 1675 una
2265 1637 2398 1675 voce
2437 1621 2708 1689 profertur
2738 1621 2894 1694 [Ms.,
2923 1623 3228 1694 proferunt]
3258 1623 3511 1678 masculi-

1929 1728 2057 1765 num
2086 1720 2140 1766 et
2166 1711 2503 1766 femininum.

1999 1799 2098 1854 Fu.
2143 1799 2281 1867 Quid
2329 1809 2413 1855 est
2460 1801 2602 1855 inter
2645 1816 2928 1856 commune
2975 1810 3031 1856 et
3070 1802 3515 1873 epicmnum?—-

2000 1849 2097 1854 ___-
2151 1849 2281 1867 ,ω-
2334 1849 2413 1855 -_-
2650 1849 2927 1856 ---ω-ην
2979 1849 3031 1856 ν-
3074 1849 3411 1873 Ὕ--.ν-.-...-.

1853 1849 1904 1910 Β
1931 1889 2096 1946 Ssxo.
2141 1891 2292 1958 Quod
2330 1906 2616 1947 commune
2643 1893 2800 1946 modo
2826 1892 3141 1957 masculino,
3177 1895 3334 1948 modo
3363 1893 3515 1947 ferui-

1926 1984 2056 2035 nino
2081 1983 2328 2048 articulo,
2377 1992 2538 2052 prout
2575 1984 2907 2037 constructio
2929 1985 3192 2039 orationis
3221 1994 3363 2054 eget,
3387 1984 3514 2052 jun-

1927 2071 2092 2139 gitur.
2142 2072 2438 2141 Epicmnon
2468 2088 2682 2140 semper
2716 2088 2822 2128 uno
2849 2074 3075 2128 articulo
3105 2074 3378 2143 profertur
3398 2115 3412 2139 ,
3461 2081 3517 2128 et

1929 2162 2212 2230 utriusque
2240 2170 2446 2216 natura:
2482 2162 2736 2216 animalia
2771 2179 2879 2216 uua
2907 2179 3036 2218 voce
3061 2174 3116 2218 et
3154 2180 3261 2219 uno
3287 2162 3516 2218 articulo

1930 2251 2219 2321 signiﬁcat.

1999 2342 2096 2396 Fu.
2151 2343 2289 2397 Num
2325 2344 2506 2398 omnia
2551 2344 2767 2399 nomina
2817 2345 2953 2399 certi
3001 2355 3126 2400 sunt
3169 2346 3519 2418 generis?—

1931 2432 2095 2488 Saxo.
2130 2433 2498 2503 Nequaquam.
2542 2433 2729 2505 [Multa
2754 2436 2898 2489 enim
2931 2435 3079 2490 dubii
3113 2435 3374 2509 generis]

2000 2522 2097 2576 Fu.
2134 2523 2285 2577 Unde
2308 2532 2433 2577 sunt
2464 2524 2610 2578 dubii
2646 2525 2860 2595 generis
2890 2526 3148 2579 nomina?
3194 2526 3331 2580 forte
3370 2525 3520 2581 dilic-

1931 2614 2119 2668 reutive
2150 2629 2314 2668 causa
2341 2615 2364 2667 ?
2390 2645 2461 2654 ——
2489 2613 2654 2670 Suo.
2701 2615 2818 2671 Non
2845 2615 3183 2681 differentiae,
3216 2633 3315 2671 uec
3341 2618 3520 2687 aliqua

1931 2701 2271 2758 necessitatis
2295 2719 2476 2769 causa,
2503 2705 2596 2759 sed
2624 2702 2737 2759 sola
2773 2705 3098 2760 auctoritate
3127 2714 3390 2770 veterum,
3424 2715 3516 2759 ut:

1931 2791 2015 2848 hic
2045 2804 2099 2849 et
2125 2795 2234 2848 hwc
2259 2795 2399 2862 ﬁnis,
2447 2806 2642 2860 cortex,
2674 2795 2826 2862 silex,
2859 2813 3060 2866 margo,
3089 2796 3268 2860 cardo,
3305 2797 3518 2864 fornaa',

1935 2885 2134 2958 [cinis,]
2186 2886 2382 2956 frutex,
2432 2885 2600 2954 frons,
2652 2902 2849 2957 vesper,
2896 2887 3109 2952 humus,
3160 2898 3330 2950 artus,
3374 2886 3522 2941 limes

1936 2975 2126 3047 [Edit.,
2178 2993 2353 3039 arcus,
2402 2975 2604 3048 limus],
2652 2976 2810 3030 latex.
2852 2975 2954 3029 Hic
2984 2977 3160 3030 ethoc
3202 2976 3301 3030 sal.
3348 2975 3518 3030 Cato:

1937 3067 2022 3121 Ex
2069 3065 2198 3129 sale,
2241 3067 2330 3135 qui
2379 3064 2520 3135 apud
2576 3063 3010 3135 Carthaginenses
3059 3065 3138 3131 ﬁt.
3194 3065 3518 3120 Africanus:

1862 3201 1908 3262 ε
1941 3157 2208 3228 Quidquid
2235 3157 2484 3227 loquitur,
2515 3156 2596 3211 sal
2623 3173 2822 3210 merum
2849 3155 2997 3227 [Ed.,
3021 3155 3218 3227 verum]
3247 3168 3340 3212 est.

2010 3245 2172 3317 274
2199 3245 2298 3299 Fu.
2330 3247 2459 3312 Quae
2494 3255 2620 3300 sunt
2666 3247 2767 3299 lixa
2805 3247 3066 3300 nomina?
3095 3276 3164 3284 —
3196 3246 3360 3302 Saxo.
3395 3247 3524 3314 Qua:

1938 3336 1991 3389 in
2019 3335 2249 3388 alterum
2276 3350 2443 3404 genus
2487 3334 2721 3393 transire
2751 3350 2856 3388 non
2881 3343 3128 3404 possunt,
3167 3343 3247 3402 ut,
3293 3347 3442 3406 pater
3468 3343 3526 3392 et

1937 3435 2124 3480 mater.

2009 3518 2106 3571 Fu.
2136 3516 2264 3585 Quae
2291 3527 2416 3572 sunt
2440 3517 2654 3572 mobilia
2678 3517 2701 3569 ?
2729 3549 2799 3556 —
2828 3517 2992 3571 Suo.
3022 3516 3151 3584 Quae
3179 3516 3381 3572 moveri
3407 3532 3522 3586 pos-

1941 3617 2066 3664 sunt
2094 3618 2148 3664 et
2178 3610 2230 3662 in
2259 3609 2402 3663 aliud
2431 3609 2664 3662 transire
2695 3623 2880 3676 genus.
2930 3606 3048 3660 Alia
3073 3621 3141 3660 ex
3171 3607 3403 3676 propriis
3430 3623 3526 3662 no-

1942 3700 2200 3764 minibus,
2230 3709 2327 3753 ut:
2360 3697 2616 3758 Marcius,
2650 3697 2876 3751 Marcia.
2924 3696 3041 3750 Alia
3068 3711 3134 3750 ex
3167 3698 3523 3767 appellativis,

1941 3798 2038 3842 ut:
2069 3787 2269 3850 Bonus,
2299 3787 2452 3849 bona,
2487 3788 2695 3840 bonum.

2014 3878 2113 3932 Fu.
2147 3877 2289 3943 Quot
2318 3875 2513 3928 litteris
2541 3875 2836 3928 masculina
2868 3873 3124 3927 liniuntur
3152 3875 3417 3928 nomina?
3458 3907 3526 3915 ~—

1945 3970 2110 4024 Ssxo.
2163 3966 2416 4034 Septem:
2451 3981 2503 4027 a,
2535 3980 2588 4026 ο,
2627 3962 2666 4026 l,
2700 3980 2750 4026 n,
2785 3980 2826 4025 r,
2873 3981 2918 4026 s,
2948 3979 3025 4028 x;
3070 3972 3129 4016 ut
3158 3981 3170 4016 :
3202 3965 3394 4030 scriba,
3441 3964 3529 4020 Ci-

1946 4077 2100 4123 cero,
2157 4055 2254 4120 sol,
2301 4056 2494 4125 ﬂumen
2555 4053 2704 4126 |_Ms.,
2754 4053 3005 4126 ﬂamen],
3065 4051 3280 4118 Caesar,
3341 4057 3527 4124 bonus,

1947 4171 2058 4208 rex.
2548 4141 2551 4144 ’

2019 4241 2115 4294 Fu.
2146 4240 2426 4294 Feminina
2449 4238 2620 4306 quot?
2645 4267 2714 4276 ——-
2739 4237 2903 4292 Saxo.
2933 4237 3172 4302 Eisdem,
3201 4245 3297 4293 ut:
3336 4237 3528 4305 Roma,

1946 4336 2112 4404 virgo,
2142 4332 2422 4402 Tanaquil,
2449 4331 2623 4396 Siren,
2661 4339 2843 4392 mater,
2879 4331 3080 4394 civitas,
3106 4348 3228 4400 pax.

2019 4426 2118 4481 Fu.
2146 4423 2346 4478 Neutra
2372 4424 2542 4493 quot?
2569 4453 2637 4469 -ν-
2666 4421 2830 4477 Saxo.
2864 4422 3178 4486 Duodecim,
3227 4439 3282 4486 a,
3309 4439 3352 4481 e,
3387 4422 3424 4484 i,
3472 4437 3531 4486 u,

1949 4516 1989 4581 ι,
2029 4532 2102 4580 nt,
2140 4533 2196 4579 ιι,
2240 4530 2287 4577 r,
2315 4530 2361 4578 s,
2399 4530 2444 4575 c,
2481 4522 2522 4577 t,
2563 4513 2639 4576 d;
2689 4521 2783 4566 ut:
2842 4511 3057 4576 Poema,
3104 4527 3270 4576 mare,
3315 4510 3534 4579 gummi,

1951 4623 2137 4670 cornu,
2169 4602 2288 4662 mel,
2315 4620 2551 4674 regnum,
2584 4619 2794 4664 numen,
2838 4601 3005 4666 tuber,
3032 4600 3198 4666 sidus,
3227 4600 3331 4664 lac,
3355 4609 3530 4668 caput,

1952 4696 2173 4766 aliquid.
2209 4693 2571 4765 [Communia,
2603 4693 2679 4744 uti
2709 4691 2866 4743 trium
2897 4706 3176 4759 generum,
3205 4691 3454 4746 desinunt
3480 4689 3534 4742 in

1952 4789 1994 4850 ἱ,
2025 4803 2098 4849 ιη,
2135 4802 2180 4847 r,
2211 4801 2258 4846 s,
2287 4800 2360 4846 x;
2406 4790 2501 4834 ut:
2534 4781 2616 4834 hic
2645 4789 2701 4834 et
2726 4781 2837 4834 hac
2875 4780 3052 4835 ethoc
3091 4778 3257 4851 frugi,
3289 4795 3532 4850 nequam,

1953 4893 2069 4946 par,
2103 4873 2354 4944 prudens,
2377 4871 2604 4943 audax.]

2028 4963 2126 5016 Fu.
2156 4961 2434 5028 Quomodo
2473 4976 2690 5030 possum
2736 4961 2876 5015 scire
2922 4961 3076 5031 cujus
3102 4961 3314 5029 generis
3345 4961 3416 5014 sit
3441 4977 3536 5015 no-

1961 5071 2082 5108 men
2127 5053 2417 5123 quodlibet.
2459 5083 2528 5091 —
2554 5053 2716 5107 Saxo.
2762 5052 2998 5123 Singula:
3029 5066 3158 5105 vero
3203 5051 3537 5105 terminatio-

1963 5160 2058 5198 nes
2085 5144 2286 5197 habent
2310 5142 2522 5211 regulas
2549 5143 2814 5210 praefixas,
2867 5149 2998 5209 quot
3020 5155 3212 5209 genera
3245 5139 3454 5208 possint
3481 5139 3534 5192 iu

1961 5235 2042 5289 eis
2067 5247 2206 5287 esse.
2255 5233 2360 5286 Sed
2387 5231 2602 5300 longum
2650 5241 2733 5285 est
2758 5233 2862 5286 hoc
2887 5241 2943 5285 et
2970 5230 3096 5284 huic
3125 5237 3323 5283 nostra:
3347 5229 3536 5299 puerili

1963 5321 2312 5392 disputationi
2341 5335 2628 5375 onerosum
2657 5321 2886 5375 edicere.

2035 5413 2131 5466 Fu.
2163 5411 2277 5466 Hoc
2319 5421 2426 5476 est,
2469 5412 2613 5478 quod
2651 5411 2858 5480 pridem
2907 5411 3035 5466 dixi.
3061 5441 3134 5451 —
3160 5409 3324 5466 Saxo.
3373 5410 3539 5478 Quid-

1966 5505 2132 5558 nam?
2197 5523 2208 5529 ·

2037 5594 2132 5647 Fu.
2159 5593 2332 5660 Quid?
2358 5593 2462 5647 nisi
2483 5591 2626 5662 quod
2646 5591 2854 5646 invides
2879 5605 3008 5645 mea:
3033 5591 3257 5660 peritiae.
3280 5621 3350 5630 —
3370 5588 3536 5644 Saxo.

1968 5684 2335 5753 Nequaquam,
2377 5681 2579 5749 frater;
2627 5680 2720 5737 sed
2761 5689 2864 5736 tua:
2909 5680 3149 5735 avaritia:
3191 5681 3406 5734 modum
3435 5679 3537 5732 im-

1970 5789 2166 5844 ponere
2195 5771 2357 5826 volui.
