3906 6190
296 353 404 412 εδδ

1102 348 1162 402 Β.
1193 345 1255 401 F.
1296 342 1521 415 ALBINI
1560 336 1691 395 SEU
1730 331 2007 389 ALCUINI
2046 328 2328 384 OPERUM
2368 327 2547 383 PARS
2574 321 2687 377 ιιι.

3438 313 3547 371 864

367 470 467 526 Fu.
498 420 710 524 Hodum
750 454 883 520 meai
916 464 1157 519 avaritia:
1198 468 1254 516 et
1294 473 1402 514 non
1450 465 1555 511 tua:
1598 446 1873 506 tenacitati
1906 448 1947 502 A
1978 440 2155 504 bunal,
2204 439 2418 510 vectigal
2445 446 2499 493 et
2519 436 2623 500 sal,
2666 433 2808 504 quod
2834 430 3189 526 masculinum
3214 434 3269 482 et
3304 435 3555 526 neutrum

296 562 572 631 imponere
611 557 714 611 vis.
744 584 815 596 —-
840 553 1005 610 Suo.
1061 554 1178 617 Eia,
1224 564 1409 619 perge,
1460 561 1570 616 quo
1604 543 1738 599 velis
1781 554 1868 594 se-

295 667 434 722 quar
461 656 532 704 te.

368 741 465 795 Fu.
512 739 737 807 Pergam
787 734 1166 802 interrogando
1190 772 1207 797 ,
1264 740 1323 786 tu
1373 743 1600 798 sequere
1647 739 1871 795 respon-

296 832 491 888 dendo.
540 829 607 883 Et
632 828 863 898 primum
894 826 984 880 dic
1022 824 1077 879 in
1115 837 1221 893 quo
1262 820 1334 876 sit
1375 820 1609 875 maxima
1636 815 1870 871 nominis

297 920 627 977 difficultas?
658 948 729 961 -
755 916 921 973 Suo.
970 914 1028 969 ln
1078 911 1365 983 generibus
1400 917 1458 965 et
1501 906 1872 964 declinationi-

298 1013 419 1067 bus.

367 1101 466 1155 Fu.
511 1096 808 1153 Declinatio
850 1094 907 1149 in
951 1107 1059 1163 quo
1106 1087 1461 1163 agnoscitur?
1490 1117 1563 1129 —
1599 1085 1764 1142 Suo.
1812 1083 1872 1138 In

296 1191 677 1247 terminatione
706 1185 929 1258 genitivi
954 1199 1134 1241 casus.

365 1280 465 1335 Fu.
514 1264 665 1347 Quot.
704 1284 827 1332 sunt
871 1273 1281 1330 terminationes
1326 1269 1543 1340 genitivi
1585 1268 1875 1325 casus?—

299 1370 465 1426 Ssxo.
513 1369 781 1437 Quinque.
816 1365 994 1436 Atque
1031 1364 1152 1420 ideo
1179 1363 1418 1435 quinque
1444 1366 1570 1415 sunt
1599 1358 1876 1413 nominum

297 1460 712 1519 declinationes.
1261 1458 1269 1467 ‘

368 1552 466 1606 Fu.
499 1551 595 1604 Dic
623 1547 879 1619 singulas.
904 1577 991 1597 .—
1019 1545 1186 1601 Suo.
1231 1543 1410 1619 Prima
1451 1542 1506 1596 in
1553 1557 1618 1606 te,
1663 1548 1761 1593 ut:
1793 1540 1878 1593 hic

294 1650 471 1712 poeta,
496 1639 654 1709 hujus
677 1647 860 1709 poene.
892 1636 1138 1693 Secunda
1165 1636 1220 1690 in
1243 1636 1282 1700 i,
1309 1641 1408 1689 ut:
1439 1633 1523 1686 hic
1546 1632 1751 1695 doctus,
1781 1630 1878 1683 hu—

290 1733 384 1805 jus
412 1731 570 1784 docti.
612 1729 791 1785 Tertia
820 1729 874 1783 in
911 1730 955 1784 is
978 1730 1222 1790 brevem,
1248 1734 1346 1781 ut:
1394 1726 1478 1779 hic
1511 1735 1678 1795 pater,
1716 1722 1878 1793 hujus

295 1823 480 1892 patris.
528 1820 730 1888 Quarta
778 1820 834 1873 in
878 1836 940 1874 us
985 1819 1327 1890 productam,
1373 1824 1473 1872 ut:
1514 1816 1599 1870 hic
1643 1823 1879 1881 senatus,

299 1915 460 1986 hujus
484 1922 715 1969 senatus.
752 1912 948 1980 Quinta
988 1911 1042 1967 in
1068 1911 1115 1966 ei
1140 1910 1362 1976 divisas,
1390 1916 1450 1964 ut
1472 1926 1485 1963 :
1515 1908 1597 1962 hic
1623 1906 1757 1973 dies,
1783 1906 1883 1960 ltu-

293 2004 390 2075 jus
426 2005 552 2059 diei.

368 2095 468 2150 Fn.
502 2094 729 2151 Nomina
760 2094 814 2148 in
844 2111 876 2147 a
917 2091 1114 2165 [ﬁnita]
1145 2090 1297 2161 cujus
1326 2089 1543 2162 generis
1588 2088 1673 2142 vel
1718 2086 1884 2143 decli-

297 2188 534 2243 nationis
564 2188 730 2243 sunt?
757 2217 828 2227 —-
851 2185 1018 2242 Sno.
1067 2184 1259 2241 Omnia
1300 2180 1589 2255 [nomina],
1616 2180 1659 2236 si
1693 2179 1883 2234 Latina

294 2286 448 2344 sunt,
478 2279 665 2349 prima:
696 2276 1096 2350 [declinationis
1128 2273 1276 2346 sunt]
1326 2282 1384 2328 et
1410 2273 1573 2327 trium
1606 2285 1883 2343 generum,

301 2368 602 2433 masculini,
634 2367 901 2433 feminini,
931 2366 1252 2422 communis.

371 2461 469 2514 Fu.
501 2461 757 2516 Discerne
782 2475 903 2529 quae
946 2458 1251 2528 pertineant
1290 2457 1358 2510 ad
1401 2456 1505 2509 hoc
1528 2454 1613 2509 vel
1643 2453 1771 2507 illud
1797 2466 1889 2522 ge-

301 2566 421 2605 nus.
451 2550 618 2605 Saxo.
646 2550 935 2604 Hominum
959 2548 1177 2603 nomina
1205 2548 1259 2600 in
1289 2564 1321 2600 a
1351 2543 1648 2600 desinentia
1675 2556 1889 2597 mascu-

301 2644 397 2699 lini
425 2652 549 2699 sunt
571 2638 803 2715 generis,
843 2648 945 2694 ut:
984 2639 1157 2710 Sylla,
1207 2639 1427 2694 Seneca.
1476 2635 1719 2691 Aliarum
1760 2648 1889 2688 vero

304 2747 489 2786 rerum
514 2731 731 2800 propria
767 2728 1025 2783 feminina
1055 2734 1202 2792 sunt,
1245 2734 1340 2780 ut:
1372 2724 1565 2791 Roma,
1602 2723 1710 2778 Ilia
1739 2722 1886 2796 [Ms.,

307 2816 516 2889 Italia],
553 2819 721 2871 curia.
776 2816 845 2871 Et
887 2816 1069 2871 omnia
1108 2815 1431 2887 appellativa
1474 2813 1721 2869 feminini
1753 2813 1890 2869 ﬁunt

302 2904 468 2979 μὴ,
516 2903 662 2976 sunt]
691 2903 927 2976 generis,
973 2910 1069 2958 ut:
1107 2904 1306 2975 regina,
1341 2903 1552 2974 justitia
1575 2916 1594 2955 :
1631 2903 1735 2958 nisi
1774 2903 1891 2958 hac

304 3011 424 3067 quae
454 2997 518 3050 ad
555 2994 733 3050 ofﬁcia
759 2994 999 3048 virorum
1028 2994 1322 3064 pertinent,
1368 3003 1465 3048 ut:
1510 2992 1643 3059 lixa,
1695 2992 1886 3059 scriba,

300 3085 524 3156 collega,
554 3093 609 3141 et
633 3101 752 3156 qum
772 3084 1018 3140 aGraecis
1040 3085 1369 3154 sumpsimus
1393 3085 1689 3140 mutatione
1708 3100 1734 3137 s
1758 3083 1891 3139 ﬁna—
1917 3120 1965 3183 ο

304 3176 371 3229 tis
398 3176 451 3230 in
479 3193 534 3243 a,
565 3185 626 3231 ut
651 3186 843 3247 poetes,
871 3176 1205 3241 citharistes;
1237 3191 1336 3231 nos
1362 3184 1514 3245 poeta
1538 3184 1593 3230 et
1618 3174 1892 3229 citharista

304 3265 534 3320 dicimus
560 3284 573 3319 :
620 3275 675 3320 et
698 3281 817 3337 quae
855 3281 885 3319 a
911 3265 1095 3320 verbis
1122 3266 1422 3334 composita
1449 3275 1593 3328 sunt,
1636 3263 1722 3318 vel
1749 3262 1893 3317 deri-

307 3356 487 3408 vativa
535 3362 681 3418 sunt,
726 3355 1037 3409 communia
1077 3363 1222 3420 sunt,
1259 3361 1357 3408 ut:
1390 3355 1476 3407 hic
1510 3361 1566 3407 et
1609 3352 1721 3406 hwc
1750 3351 1900 3421 agria

309 3442 425 3496 cola
447 3483 462 3508 ,
490 3444 755 3513 rurigena,
784 3444 1006 3506 advena,
1046 3444 1329 3509 patricida,
1362 3444 1596 3509 conviva,
1626 3451 1680 3500 et
1713 3441 1802 3498 bis
1822 3442 1896 3496 si-

313 3531 483 3586 milia.

380 3621 479 3676 Fu.
527 3621 769 3676 Aliarum
826 3631 1155 3694 prosequere
1210 3621 1478 3677 vocalium
1539 3623 1774 3694 regulas.
1824 3653 1898 3664 —

308 3710 481 3768 Saxo.
528 3711 769 3767 Faciam.
823 3712 881 3767 ιιι
916 3730 944 3767 e
979 3713 1159 3767 onmia
1202 3714 1379 3768 tertia:
1427 3712 1800 3769 declinationis
1842 3722 1898 3769 .et

312 3801 490 3856 neutri
516 3802 754 3869 generis,
799 3809 897 3855 ut:
946 3803 1042 3855 hoc
1090 3801 1302 3857 monile.
1348 3802 1762 3868 Ininentrum;
1800 3804 1901 3857 hoc

312 3891 528 3960 gummi.
573 3888 688 3953 lno
721 3891 867 3943 finita
894 3890 1070 3944 omnia
1121 3892 1294 3946 tertim
1341 3899 1469 3947 sunt
1499 3892 1893 3959 declinationis,

311 3983 407 4037 sed
436 3983 633 4037 diversi
662 3983 892 4053 generis.
926 3981 975 4036 E
999 3983 1349 4039 antecedente
1380 4001 1409 4038 ο
1432 3985 1732 4041 masculina
1766 4001 1895 4056 pro»

311 4075 430 4144 pria
458 4083 600 4139 sunt,
632 4084 727 4128 ut:
775 4073 966 4139 Labeo,
994 4091 1183 4145 ganeo,
1224 4075 1358 4128 aleo.
1400 4074 1431 4128 1
1460 4077 1815 4131 antecedente
1843 4093 1894 4141 ο,

311 4164 528 4232 quando
573 4173 699 4219 sunt
740 4163 1002 4229 verbalia,
1053 4164 1312 4218 feminina
1359 4173 1507 4230 sunt,
1554 4174 1653 4221 ut:
1704 4168 1894 4231 oratio,

311 4253 471 4317 actio,
500 4252 823 4322 conjugatio,
851 4261 955 4307 etc.
998 4251 1042 4307 ϐ
1073 4254 1159 4307 vel
1180 4253 1215 4307 d
1238 4255 1543 4324 prmpositis
1567 4272 1622 4320 ο,
1653 4256 1697 4310 si
1721 4265 1899 4311 muta:-

313 4349 402 4395 tur
429 4359 458 4396 ο
490 4343 590 4396 ini
632 4343 688 4396 in
731 4342 964 4411 obliquis
1009 4344 1246 4409 casibus,
1294 4342 1550 4399 feminina
1601 4354 1747 4409 sunt,
1796 4354 1891 4400 ut:

1968 532 2258 586 invenitur.
2292 531 2350 585 Si
2372 531 2605 585 barbara
2629 526 2786 590 ﬁunt,
2814 521 3106 577 masculina
3133 527 3282 582 sunt,
3311 525 3371 570 ut
3392 516 3557 570 Anni-

1968 621 2075 687 bal,
2109 630 2213 677 etc.
2242 619 2301 674 ln
2329 617 2377 673 el
2406 625 2614 672 neutra.
2647 612 2775 679 Mel,
2814 611 2903 685 fel.
2936 612 2994 666 In
3034 610 3075 664 il
3099 623 3266 663 unum
3296 606 3555 661 masculi-

1967 727 2133 775 num,
2182 708 2371 781 pugil;
2426 722 2591 761 unum
2641 703 2990 767 femininum,
3042 699 3323 771 Tanaquil.
3378 698 3554 753 Unum

1969 817 2279 866 commune,
2307 799 2449 870 uigil.
2484 798 2660 854 Unum
2689 804 2938 851 neutrum
2969 791 3373 853 indeclinabile,
3404 788 3551 853 nihil,

1967 895 2025 951 In
2050 895 2102 950 ol
2125 910 2295 950 unum
2318 892 2697 955 masculinum,
2730 889 2830 945 sol.
2858 889 2918 944 In
2943 888 3000 943 ul
3030 887 3183 943 ﬁnita
3209 886 3318 941 duo
3344 900 3554 940 mascu-

1972 987 2099 1050 lina,
2151 983 2354 1048 consul,
2401 981 2617 1054 prwsul.
2667 980 2841 1038 Unum
2890 992 3198 1042 commune,
3234 985 3336 1031 ut:
3382 977 3550 1030 exsul.

1971 1077 2032 1132 In
2060 1093 2146 1132 am
2168 1091 2335 1131 unum
2363 1088 2672 1144 commune,
2697 1079 2758 1128 ut
2775 1071 2858 1125 hic
2882 1077 2939 1125 et
2963 1070 3075 1123 hac
3099 1076 3156 1123 et
3183 1067 3281 1121 hoc
3307 1082 3548 1137 nequam.

1973 1168 2041 1222 Et
2068 1169 2184 1224 haec
2204 1167 2388 1225 omnia
2409 1165 2564 1235 juxta
2590 1164 2809 1219 tertium
2833 1159 3126 1216 ﬂeetuntur
3147 1157 3398 1214 ordinem
3419 1155 3551 1228 [Al.,

1974 1259 2262 1314 tertiam...
2293 1250 2750 1323 declinationem].
2782 1250 2843 1305 In
2873 1266 2962 1303 um
2992 1247 3174 1303 omnia
3209 1255 3404 1302 neutra
3431 1252 3558 1298 sunt

1975 1356 2029 1405 et
2064 1346 2315 1403 secundas
2338 1343 2735 1407 declinationis,
2768 1349 2831 1397 ut
2853 1337 3124 1409 templum,
3167 1334 3366 1406 templi.
3413 1333 3559 1409 lnen

1975 1450 2169 1491 novem
2199 1441 2325 1489 sunt
2348 1433 2693 1489 masculina:
2740 1429 2869 1496 lien,
2912 1426 3044 1495 rien,
3095 1428 3314 1499 ﬂanten,
3359 1434 3557 1496 pecten,

1977 1526 2187 1592 tibicen,
2232 1525 2456 1595 ﬁdicen,
2506 1523 2704 1588 liticen,
2755 1521 2989 1584 tubicen,
3038 1519 3324 1582 cornicen;
3368 1524 3556 1571 caetera

1977 1618 2160 1674 omnia
2184 1626 2374 1673 neutra
2396 1624 2542 1683 sunt,
2573 1624 2633 1671 ut
2654 1631 2889 1681 carmen,
2914 1613 3111 1684 ﬂumen
3131 1628 3151 1677 ;
3176 1619 3233 1666 et
3252 1610 3437 1666 omnia
3460 1618 3545 1664 ter

1978 1709 2070 1764 tiae
2094 1707 2485 1763 declinationis.
2528 1705 2587 1760 In
2614 1720 2677 1760 ar
2709 1701 2861 1759 ﬁnita
2893 1710 3020 1759 sunt
3049 1692 3220 1756 tertia:
3247 1698 3539 1754 declinatio

1912 1780 1958 1840 Β
1984 1798 2071 1854 nis
2095 1806 2150 1853 et
2171 1796 2456 1861 neutralia,
2484 1802 2545 1850 ut
2572 1784 2827 1860 torcular,
2862 1792 3125 1864 pulvinar.
3156 1789 3447 1859 Exceptis:
3483 1787 3567 1840 hic

1985 1889 2114 1964 [Al.,
2144 1887 2248 1960 his]
2278 1886 2476 1954 Caesar,
2502 1886 2623 1951 Jar,
2653 1893 2710 1942 et
2742 1885 2882 1950 Nar,
2906 1882 3053 1938 ﬂuvii
3074 1897 3272 1939 nomen
3304 1899 3317 1935 :
3355 1889 3410 1934 et
3429 1893 3570 1935 com-

1985 1981 2165 2037 munis
2188 1979 2423 2049 generis,
2470 1985 2533 2032 ut
2555 1977 2639 2031 hic
2665 1983 2720 2032 et
2758 1975 2872 2030 haec
2896 1983 2951 2030 et
2973 1975 3071 2028 hoc
3098 1989 3219 2044 par,
3262 1980 3319 2026 et
3355 1987 3476 2041 qua:
3503 1984 3573 2025 ex

1984 2087 2051 2128 eo
2093 2072 2389 2140 composita
2431 2076 2590 2124 sunt:
2635 2069 2827 2137 impar,
2873 2067 3076 2138 dispar,
3126 2082 3359 2136 compar.
3409 2062 3468 2117 in
3517 2080 3577 2117 er

1986 2163 2159 2227 ﬁnita,
2187 2161 2428 2231 exceptis
2454 2178 2467 2214 :
2498 2160 2610 2215 lucc
2636 2168 2825 2223 mater,
2855 2158 2967 2212 hazc
2994 2156 3185 2211 mulier
3205 2173 3224 2211 :
3258 2164 3315 2211 et
3332 2156 3421 2210 bis
3441 2170 3575 2209 neu-

1987 2254 2107 2318 tris,
2142 2253 2329 2319 Juber,
2372 2267 2620 2323 papaver,
2667 2247 2886 2323 [tuber,]
2925 2248 3169 2314 cadaver,
3218 2246 3380 2311 laser,
3422 2244 3572 2311 siler,

1987 2346 2105 2408 iter,
2147 2345 2302 2409 cicer,
2334 2344 2504 2408 siser;
2541 2349 2598 2397 et
2618 2340 2995 2397 communibus
3020 2338 3124 2404 bis,
3171 2337 3393 2409 [pauper
3429 2335 3576 2403 (Ed.,

1987 2433 2217 2506 paucis)]
2241 2434 2388 2499 uber,
2417 2432 2575 2499 celer,
2612 2431 2716 2486 alia
2743 2430 2921 2485 omnia
2951 2427 3234 2483 masculini
3260 2435 3385 2481 sunt
3409 2441 3577 2495 gene-

1989 2527 2103 2591 ris;
2141 2524 2243 2581 alia
2271 2523 2545 2588 secundm,
2580 2522 2685 2579 alia
2719 2522 2895 2577 tertia
2920 2519 3314 2585 declinationis,
3346 2535 3580 2590 quorum

1989 2618 2279 2675 declinatio
2309 2615 2470 2672 facile
2512 2629 2581 2669 ex
2613 2613 2847 2683 obliquis
2874 2612 3091 2687 casibus
3127 2610 3348 2681 intelligi
3373 2617 3577 2680 pctest.

1987 2711 2058 2767 Et
2105 2711 2224 2766 ideo
2261 2709 2328 2766 de
2358 2707 2777 2775 declinationum
2814 2703 3131 2759 diversitate
3160 2703 3381 2757 minime
3427 2700 3580 2756 labos

1989 2803 2223 2858 randum
2251 2816 2466 2858 censeo.

2060 2893 2158 2948 Fu.
2185 2892 2293 2948 Fac
2310 2901 2371 2947 ut
2391 2893 2585 2962 placet.
2613 2889 2690 2947 Ex
2723 2904 2812 2945 me
2839 2889 2983 2945 enim
3017 2900 3239 2957 possum
3266 2883 3583 2941 declinatio-

1987 2991 2107 3048 nes,
2154 2989 2214 3037 ut
2231 2980 2435 3044 dixisu',
2470 2980 2724 3051 experiri.
2759 3009 2833 3019 —
2865 2976 3029 3034 Saxo.
3066 2977 3125 3032 In
3162 2978 3213 3030 ir
3256 2990 3421 3030 unum
3459 2989 3576 3028 ma-

1992 3076 2279 3140 sculinum,
2310 3075 2398 3129 hic
2434 3075 2550 3138 uir;
2597 3079 2652 3126 et
2675 3086 2744 3127 ex
2768 3084 2835 3126 eo
2877 3070 3196 3140 composita,
3224 3075 3304 3133 ut,
3347 3068 3574 3133 semivir,

1992 3167 2255 3231 duumvir,
2285 3165 2416 3220 ἐρινὺν
2439 3164 2567 3236 [Al.,
2597 3162 2785 3234 heir].
2820 3162 2886 3217 Et
2908 3176 3075 3217 unum
3093 3171 3366 3224 neutrum,
3395 3168 3455 3214 ut
3478 3160 3578 3213 hoc

1991 3261 2044 3313 ir
2072 3258 2360 3330 [medietas
2386 3253 2597 3327 palmae]
2645 3252 3059 3309 indeclinabile:
3092 3259 3147 3306 et
3171 3260 3297 3307 sunt
3326 3251 3574 3305 secunda:

1977 3331 2387 3406 declinationis.
2440 3345 2504 3405 In.
2540 3362 2601 3400 or
2649 3344 2951 3403 desinentia
2998 3351 3300 3412 sequuntur
3346 3340 3578 3397 formam

1993 3439 2169 3494 tertia:
2214 3435 2610 3501 declinationis,
2655 3445 2710 3489 et
2737 3442 2865 3490 sunt
2886 3434 3178 3490 masculina
3198 3474 3213 3496 ,
3253 3434 3467 3504 propria
3494 3430 3579 3486 vel

1995 3526 2337 3597 appellativa,
2381 3535 2441 3580 ut
2472 3544 2485 3580 :
2536 3523 2755 3589 Hector,
2786 3533 2987 3589 orator,
3018 3524 3190 3593 furor,
3233 3522 3416 3577 doctor
3436 3535 3455 3572 :
3482 3537 3579 3575 ex-

1995 3616 2168 3686 ceptis
2200 3615 2374 3669 tribus
2399 3614 2697 3678 femininis,
2730 3630 2903 3679 soror,
2944 3629 3100 3679 umor,
3130 3612 3330 3668 arbor:
3358 3620 3415 3667 et
3449 3627 3581 3667 neu—

1999 3706 2097 3760 tris
2130 3704 2253 3760 his:
2307 3703 2472 3769 Ador,
2517 3718 2769 3766 marmor,
2803 3719 2998 3774 (τίμιον,
3048 3701 3189 3766 ebor,
3227 3701 3363 3765 olor,
3391 3703 3579 3771 femor,

1996 3813 2127 3851 cor:
2154 3806 2209 3853 et
2237 3810 2547 3860 commune,
2590 3794 2673 3848 hic
2699 3803 2753 3848 et
2787 3793 2898 3849 lucc
2925 3805 3127 3858 auctor,
3161 3794 3412 3859 discolor,
3455 3811 3579 3848 con-

1997 3884 2179 3950 color;
2207 3886 2292 3953 hic
2311 3893 2367 3939 et
2388 3884 2499 3939 lucc
2524 3899 2723 3937 memor
2743 3891 2797 3936 et
2820 3883 3133 3947 immemor;
3162 3891 3215 3937 et
3239 3883 3416 3946 omnia
3440 3897 3581 3935 eom-

1994 3975 2239 4044 parativa
2269 3992 2330 4029 or
2372 3974 2523 4028 ﬁnita
2564 3973 2864 4029 communis
2898 3981 3025 4030 sunt
3063 3975 3296 4045 generis,
3329 3984 3388 4028 ut
3412 3974 3495 4027 hic
3526 3983 3578 4027 et

1997 4066 2110 4120 tusc
2148 4066 2369 4128 doctior,
2406 4064 2631 4130 melior;
2667 4073 2892 4135 excepto
2917 4081 3046 4129 uno,
3076 4065 3160 4119 hic
3187 4066 3381 4120 senior.
3432 4065 3486 4119 In
3516 4082 3572 4117 ur

1995 4142 2163 4208 unum
2193 4155 2441 4210 secundm
2479 4153 2895 4227 [declinationis]
2939 4156 3256 4215 invenitur:
3302 4157 3389 4210 hic
3430 4165 3582 4210 satur

1997 4250 2053 4297 et
2091 4241 2221 4299 facit
2242 4234 2423 4298 satura
2462 4243 2738 4298 feminino.
2786 4244 3076 4304 Mastzulina
3108 4260 3256 4309 vero,
3295 4245 3381 4298 hic
3410 4254 3576 4308 astur,

1997 4342 2190 4395 turtur,
2240 4332 2431 4387 vultur.
2478 4334 2816 4399 Communia,
2864 4342 2925 4389 ut
2967 4337 3052 4389 hic
3089 4344 3146 4390 et
3169 4337 3281 4391 hwc
3328 4351 3497 4407 augur
3526 4343 3581 4389 et

313 4431 482 4500 virgo,
527 4430 689 4501 uligo,
725 4429 968 4496 dulcedo,
1016 4432 1226 4502 cupido,
1276 4433 1417 4500 quod
1445 4440 1500 4486 et
1542 4426 1896 4489 ma'sculinum
1926 4466 1973 4525 υ
1998 4423 2105 4491 Ῑαν·
2132 4421 2251 4522 Ay“
2277 4424 2457 4478 omnia
2486 4434 2677 4480 “eum
2706 4433 2848 4491 διωῑν
2876 4434 3152 4497 “illum”,
3180 4427 3418 4498 “Iph”,
3442 4445 3582 4481 ’κατ’

315 4532 420 4584 est,
471 4523 684 4590 quando
710 4521 985 4592 proprium
1018 4529 1117 4575 est.
1157 4520 1552 4591 Excipiuntur:
1602 4523 1707 4587 hic,
1741 4523 1891 4584 ordo,

317 4602 498 4674 surdo,
540 4624 751 4680 mango,
787 4626 991 4679 margo,
1019 4609 1221 4679 pra’do,
1250 4608 1406 4674 cudo,
1437 4610 1642 4680 spado;
1667 4617 1722 4665 et
1749 4625 1893 4665 com-

318 4698 526 4762 munia,
572 4705 669 4750 ut:
713 4698 889 4764 homo,
935 4696 1089 4750 latro.
1138 4696 1320 4752 Item:
1367 4697 1494 4763 duo,
1544 4699 1717 4764 ambo,
1759 4686 1894 4763 octo,

318 4783 491 4855 pondo
525 4786 828 4838 communia
874 4783 1066 4856 [sunt].
1114 4784 1182 4838 Et
1209 4783 1350 4838 Juno
1386 4792 1442 4840 et
1470 4801 1595 4838 caro
1638 4784 1894 4840 feminina

321 4876 513 4948 [sunt].
561 4875 679 4930 Alia
707 4876 886 4930 omnia
915 4876 1211 4932 masculina
1238 4883 1385 4940 sunt,
1423 4883 1526 4929 ut:
1572 4875 1762 4942 stellio,
1811 4875 1899 4930 Ci-

317 4985 460 5036 cero,
489 4969 668 5034 carbo,
712 4983 900 5022 sermo.
936 4968 993 5022 In
1029 4984 1064 5020 u
1092 4976 1280 5022 neutra
1313 4975 1439 5022 sunt
1465 4976 1520 5022 et
1554 4975 1760 5037 quarta:
1800 4967 1895 5023 de-

318 5060 645 5126 clinationis,
672 5068 733 5115 ut
764 5078 776 5113 :
806 5075 990 5128 cornu,
1028 5074 1184 5131 genu,
1213 5059 1350 5130 gelu.
1383 5059 1452 5117 Et
1475 5066 1602 5114 sunt
1635 5066 1817 5130 aptota
1838 5060 1895 5116 in

322 5150 583 5221 singulari
615 5163 860 5204 numero.

394 5237 492 5291 Fu.
521 5237 697 5292 Placet
727 5237 868 5307 quod
894 5236 1050 5303 dicis,
1086 5237 1210 5292 licet
1232 5252 1295 5291 ιιι
1337 5235 1473 5309 [Al.,
1513 5253 1589 5302 vr,
1623 5253 1714 5292 seu
1740 5237 1814 5303 vi,
1836 5238 1894 5291 id

323 5337 400 5383 est
427 5328 693 5401 violenter]
723 5328 890 5383 dicas.
919 5328 1026 5383 Sed
1051 5330 1464 5385 consonantium
1492 5330 1701 5401 regulas
1720 5330 1897 5399 pande

323 5430 422 5484 per
458 5423 529 5480 te,
577 5432 666 5481 me
691 5425 901 5472 tacente
942 5425 999 5472 et
1038 5418 1316 5488 probante.
1343 5417 1602 5477 —Ssxo.
1648 5419 1788 5473 Fiat.
1837 5419 1897 5474 In

323 5522 356 5560 c
385 5515 575 5561 neutra
600 5498 727 5575 duo,
757 5516 850 5562 ut:
889 5508 1018 5575 Lac,
1045 5510 1173 5564 alec.
1204 5510 1260 5565 ln
1288 5511 1323 5563 d
1358 5521 1568 5576 neutra,
1598 5519 1657 5564 ut
1683 5529 1695 5563 :
1747 5512 1892 5582 quid,

331 5597 489 5665 quod,
535 5596 722 5660 aliud;
772 5613 891 5665 quae
918 5602 1134 5653 nomina
1165 5618 1285 5656 esse
1331 5592 1715 5657 multismodis
1757 5603 1895 5657 ratio

328 5684 534 5755 probat.
565 5681 622 5735 In
645 5683 720 5746 al,
763 5685 923 5754 275
950 5689 991 5741 si
1020 5686 1233 5754 Latina,
1262 5698 1448 5743 neutra
1481 5698 1624 5754 sunt,
1654 5698 1711 5743 ut
1738 5709 1750 5743 :
1800 5692 1893 5743 tti-

1998 4526 2133 4574 mur,
2158 4510 2357 4579 jecur;
2400 4519 2454 4567 et
2481 4514 2655 4568 tertia
2681 4515 3073 4572 declinationis.
3110 4518 3171 4576 lu
3201 4536 3263 4572 as
3292 4520 3580 4573 terminata

1997 4596 2241 4654 feminini
2267 4608 2392 4655 sunt
2420 4604 2654 4671 generis,
2688 4614 2747 4660 ut
2772 4607 2883 4661 haec
2910 4607 3162 4677 dignitas,
3198 4610 3384 4679 pietas,
3414 4624 3575 4665 exce—

1996 4690 2123 4759 ptis,
2153 4690 2237 4745 hic
2266 4708 2346 4757 as,
2378 4694 2531 4759 assis,
2558 4711 2694 4760 mas,
2720 4698 2902 4760 maris,
2929 4714 3044 4764 vas,
3073 4700 3218 4755 vadis
3241 4718 3261 4765 ;
3286 4709 3344 4755 et
3371 4703 3468 4755 hoc
3487 4718 3577 4755 vas

1998 4779 2134 4833 uasis
2154 4796 2174 4833 :
2200 4788 2255 4835 et
2277 4782 2373 4836 hoc
2397 4782 2480 4852 fas
2499 4791 2555 4839 et
2574 4785 2721 4855 nefas
2741 4794 2797 4841 et
2818 4788 2995 4843 omnis
3016 4791 3231 4858 generis
3251 4808 3422 4863 nugas
3443 4790 3577 4864 [Al.,

1999 4869 2241 4941 nugax];
2289 4879 2346 4926 et
2394 4876 2573 4930 omnia
2616 4877 2787 4934 tertim
2829 4878 3225 4941 declinationis.
3277 4881 3389 4945 Sed
3427 4886 3567 4939 inve-

1998 4959 2222 5014 niuntur
2246 4964 2463 5032 propria
2504 4966 2692 5033 prima:
2716 4967 3108 5036 declinationis,
3155 4978 3215 5025 ut
3237 4972 3323 5026 hic
3353 4972 3577 5043 lineas,

2000 5048 2205 5119 Lysias.
2256 5053 2322 5106 Et
2349 5055 2522 5109 tertiae
2550 5070 2763 5125 quoque
2805 5056 3224 5131 [declinationis]
3247 5062 3439 5130 patrie
3477 5076 3580 5116 no-

1999 5142 2167 5207 mina,
2193 5142 2278 5197 hic
2317 5143 2588 5214 Mycenas,
2635 5145 2895 5218 Capenas,
2923 5151 3170 5222 Arpinas.
3215 5151 3277 5210 ιιι
3303 5169 3359 5206 es
3397 5167 3579 5207 eorre’

1999 5243 2147 5302 ptam
2185 5235 2495 5301 terminata,
2540 5237 2585 5290 si
2630 5237 2951 5294 naturaliter
2978 5239 3045 5295 de
3087 5257 3246 5298 mare
3280 5251 3335 5296 et
3379 5242 3578 5297 femina
3636 5236 3645 5245 ’

1997 5324 2319 5395 signiﬁcatio
2342 5334 2521 5395 potest
2547 5318 2699 5393 esse;
2714 5330 3022 5384 communia
3057 5330 3188 5385 ﬁant
3213 5330 3346 5402 [Al.,
3392 5331 3574 5403 ﬁunt],

1994 5424 2055 5469 ut
2081 5415 2164 5470 hic
2187 5424 2241 5470 et
2267 5417 2378 5470 lucc
2403 5418 2573 5483 hebes,
2606 5420 2659 5473 id
2686 5427 2790 5492 est,
2822 5420 3026 5475 tardus.
3056 5421 3148 5476 Sic
3177 5433 3333 5488 teres,
3380 5440 3573 5491 comes,

1993 5508 2157 5571 dives,
2192 5525 2384 5578 sospes,
2416 5510 2619 5580 hospes,
2650 5504 2864 5580 privses,
2892 5513 3058 5578 deses,
3093 5519 3263 5578 obses,
3292 5525 3574 5585 superstes,

1990 5597 2305 5667 quadrupes,
2333 5600 2557 5670 sonipes.
2592 5600 2707 5658 Alia
2730 5616 2861 5656 vero
2882 5602 3081 5663 omnia,
3112 5601 3166 5656 id
3187 5612 3290 5668 est,
3316 5621 3437 5675 qua:
3462 5604 3578 5659 nul-

1993 5685 2098 5742 lam
2139 5690 2437 5743 naturalem
2485 5692 2915 5747 communionem
2961 5690 3090 5763 [Al.,
3137 5690 3388 5748 naturam
3424 5709 3571 5748 com-
