3906 6190
345 250 446 311 863

1420 244 1889 301 DIDASCALICA.
1927 274 1993 284 —
2032 240 2505 297 GRAMMATICA.

3497 240 3601 296 866

342 369 580 443 munem]
607 386 729 426 cum
754 369 971 426 feminis
992 370 1210 434 habent,
1238 367 1533 426 masculina
1561 374 1709 429 sunt,
1740 373 1802 418 ut
1822 363 1915 418 sti—
1946 365 1987 422 Α
2017 369 2076 414 ιιι
2117 360 2260 430 lepus
2323 360 2534 428 leporis.
2580 357 2744 429 Igitur
2788 365 2993 428 quarta
3040 355 3414 413 declinationis
3447 358 3606 414 femi-

337 477 447 532 pes,
474 458 645 524 limes,
688 459 869 528 fomes,
899 475 1072 530 cespes
1102 456 1423 530 [meridies];
1468 455 1709 523 exceptis
1743 454 1797 507 in
1829 468 1916 522 ges

336 549 596 622 syllabam
634 547 1025 613 desinentibus,
1055 564 1081 602 e
1110 548 1162 601 in
1189 547 1425 619 genitivo
1458 542 1820 607 servantibus,
1857 548 1917 595 ut

335 641 448 694 hac
485 655 628 708 seges
677 638 882 708 segetis,
932 647 1068 708 teges
1102 644 1157 691 et
1195 636 1380 689 abies:
1424 643 1479 689 et
1520 634 1718 688 omnia-
1744 630 1916 686 tertiae

336 736 463 783 sunt
489 726 886 781 declinationis.
927 725 1048 779 Alia
1071 725 1123 778 in
1160 741 1213 777 es
1238 723 1552 792 productam
1590 719 1911 783 desinentia,

335 818 380 871 si
404 816 620 887 propria
643 814 801 879 ﬁunt,
827 813 1124 869 masculina
1144 820 1323 877 erunt,
1348 808 1687 876 utllercules,
1712 808 1912 874 Ulixes,

332 915 389 958 et
415 920 590 958 verres
623 902 1024 974 appellativum,
1072 916 1195 956 cum
1239 915 1462 970 porcum
1509 897 1815 969 signiﬁcat:
1862 905 1918 953 et

332 994 664 1058 communia,
712 1000 773 1046 ut
796 993 981 1056 fueras,
1014 990 1259 1061 locuples.
1315 990 1436 1043 Alia
1463 1004 1593 1044 vero
1616 989 1796 1045 omnia
1838 987 1916 1043 fe-

329 1084 541 1139 minina
576 1091 738 1138 sunt:
796 1082 1043 1152 quaedam
1099 1081 1303 1145 tertias,
1348 1086 1407 1132 ut
1453 1078 1651 1143 ca'des,
1691 1088 1912 1147 strages,

330 1174 530 1245 vulpes,
576 1189 741 1245 apes;
782 1171 1025 1240 quaedam
1050 1184 1181 1225 vero
1224 1169 1426 1239 quintae
1468 1165 1913 1239 [declinationis],

330 1276 395 1322 ut
424 1269 609 1338 facies,
639 1266 854 1336 eﬁ'igies,
877 1281 1018 1334 spes,
1047 1279 1148 1327 res,
1178 1263 1309 1332 ﬁdes
1330 1275 1350 1313 :
1378 1270 1433 1317 et
1458 1262 1641 1317 omnia
1666 1262 1720 1316 in
1746 1278 1801 1316 es
1823 1276 1918 1331 pu-

329 1371 455 1410 rum
496 1354 648 1408 ﬁnita
674 1354 875 1423 quintae
917 1359 1044 1407 sunt
1080 1350 1474 1415 declinationis,
1521 1359 1717 1420 prteter
1745 1351 1913 1422 quies,

327 1445 497 1509 abies,
524 1444 696 1513 paries
717 1456 735 1492 :
773 1450 829 1496 et
862 1442 1044 1496 omnia
1079 1448 1410 1496 consonante
1449 1441 1788 1509 praecedente
1810 1449 1918 1496 ter-

331 1535 422 1589 tiae
447 1541 573 1609 sunt
599 1531 998 1599 declinationis,
1029 1540 1244 1600 praeter,
1287 1547 1425 1601 spes,
1451 1531 1603 1600 ﬁdes,
1636 1547 1736 1585 res.
1783 1530 1842 1585 In
1868 1532 1916 1585 is

329 1621 670 1696 [terminata]
697 1621 881 1677 omnia
919 1620 1088 1675 tertiae
1133 1619 1513 1676 declinationis
1541 1627 1704 1676 sunt:
1741 1621 1834 1676 sed
1860 1621 1915 1675 in

2023 450 2149 503 nina
2179 451 2294 505 hinc
2319 458 2526 503 tantum
2567 457 2731 504 sunt:
2779 465 2935 513 anus,
2978 464 3187 512 manus,
3218 450 3469 520 porticus,
3509 452 3608 505 tri-

2021 536 2138 603 bus,
2166 536 2374 603 domus,
2411 555 2598 605 nurus,
2625 555 2826 604 socrus,
2850 554 3091 610 quercus.
3119 539 3250 607 Qua:
3278 555 3407 595 vero
3434 557 3467 596 a
3489 556 3607 597 ver-

2019 628 2105 683 bis
2134 628 2218 683 vel
2246 629 2552 684 nominibus
2576 630 2983 700 participalibus
3008 629 3161 702 [Ms.,
3189 630 3599 706 principalibus]

2020 719 2263 783 veniunt,
2289 720 2584 775 masculina
2613 728 2757 784 sunt,
2786 729 2842 775 et
2868 729 3075 791 quarta:
3101 721 3508 779 declinationis:
3542 732 3603 780 ut

2019 808 2103 861 hic
2130 818 2319 875 status,
2364 811 2522 881 hujus
2551 821 2736 876 status,
2770 828 2801 867 a
2846 820 2969 879 sto;
2999 813 3083 867 hic
3121 813 3332 878 ductus,
3366 830 3396 868 a
3424 816 3599 881 duco;

2019 898 2343 965 consulatus,
2393 916 2426 955 a
2452 901 2710 966 consule;
2759 901 3079 968 tribunatus,
3117 917 3148 957 a
3190 902 3425 958 tribuno.
3468 903 3601 958 Item

2019 1006 2044 1042 s
2067 988 2152 1043 vel
2185 1006 2222 1043 x
2251 991 2695 1046 antecedentibus
2718 1009 2779 1046 us
2806 992 3101 1047 masculina
3132 1004 3185 1047 et
3213 1003 3419 1062 quartae
3447 994 3604 1049 decli-

2019 1078 2255 1133 nationis
2278 1087 2438 1144 sunt;
2467 1087 2526 1134 ut
2552 1081 2709 1144 risus,
2748 1090 2936 1147 metus,
2964 1097 3138 1135 sexus.
3179 1082 3311 1136 Item
3333 1099 3520 1151 penus,
3547 1090 3605 1138 et

2017 1185 2200 1241 specus
2221 1178 2332 1224 tam
2358 1170 2654 1225 masculina
2680 1187 2840 1241 quam
2869 1172 3148 1237 feminina,
3182 1180 3237 1226 et
3270 1182 3480 1228 neutra.
3522 1172 3606 1229 ln-

2019 1259 2237 1313 venitur
2262 1260 2425 1314 etiam
2455 1261 2725 1327 secundm,
2756 1261 2930 1315 tertiae
2965 1270 3023 1316 et
3060 1270 3266 1331 quarta:
3292 1262 3602 1318 declinatio-

2018 1348 2123 1403 nis.
2166 1348 2441 1404 lnvenitur
2461 1350 2623 1403 etiam
2647 1350 2701 1403 in
2725 1365 2825 1404 usu
2852 1367 2866 1402 :
2898 1349 3003 1421 [hic
3027 1360 3082 1405 et
3104 1350 3215 1404 ha'c
3242 1349 3391 1422 acus]
3423 1359 3477 1405 et
3500 1351 3600 1405 hoc

2020 1453 2168 1502 acus,
2194 1437 2354 1509 hujus
2379 1440 2569 1504 aceris,
2607 1447 3020 1510 purgamentum
3067 1438 3344 1495 frumenti.
3391 1428 3505 1494 Pus
3542 1448 3597 1497 et

2019 1526 2160 1579 virus
2191 1526 2590 1582 indeclinabilia
2615 1535 2760 1582 sunt.

2090 1614 2150 1668 In
2182 1631 2220 1668 x
2264 1615 2523 1682 litteram,
2574 1632 2895 1687 quacunque
2941 1617 3114 1673 vocali
3158 1616 3242 1673 vel
3275 1624 3603 1673 consonante

326 1714 397 1777 is,
427 1712 737 1776 terminata,
785 1710 832 1765 si
868 1727 903 1765 η
939 1709 1023 1762 vel
1050 1726 1078 1763 c
1114 1716 1242 1764 ante
1266 1710 1311 1763 is
1345 1709 1563 1774 habent,
1593 1708 1679 1763 vel
1719 1709 1764 1763 si
1806 1724 1912 1763 una
1944 1701 1990 1761 Β
2015 1704 2368 1759 antecedente
2412 1721 2551 1769 eam,
2601 1706 2783 1762 omnia
2827 1708 3001 1762 tertias
3041 1714 3167 1763 sunt
3208 1708 3599 1774 declinationis,

327 1803 536 1874 syllaba
561 1806 975 1871 snpercrescunt
1001 1798 1053 1853 in
1085 1798 1343 1869 genitivo,
1390 1799 1573 1854 omnia
1615 1797 1912 1853 masculina

328 1902 482 1961 sunt,
527 1900 586 1947 ut
610 1893 696 1945 hic
739 1890 912 1962 panis,
958 1891 1152 1961 piscis;
1197 1890 1281 1944 hic
1315 1888 1449 1960 lapis
1478 1888 1711 1960 lapidis:
1756 1904 1917 1945 exce-

327 1983 442 2053 ptis
467 2001 479 2035 :
506 1983 615 2036 hac
646 1980 901 2051 bipennis,
927 1987 984 2034 et
1006 1979 1117 2034 lucc
1147 1980 1342 2050 cuspis,
1371 1980 1534 2034 cassis
1561 1978 1803 2045 cassidis,
1831 1979 1916 2034 hic

324 2082 386 2127 et
412 2072 525 2126 lurc-
546 2071 712 2126 canis.
738 2069 1092 2126 Inveniuntur
1117 2082 1333 2139 quoque
1355 2083 1547 2139 pauca,
1576 2067 1703 2124 licet
1724 2068 1810 2124 his
1834 2083 1919 2122 re-

322 2159 468 2231 gulis
497 2175 603 2214 non
634 2156 969 2226 subiaceant,
1000 2156 1320 2222 masculina,
1350 2164 1410 2212 ut
1434 2158 1520 2211 hic
1546 2156 1722 2227 fustis,
1750 2158 1912 2223 ensis,

320 2248 509 2319 postis,
535 2248 745 2318 anguis,
766 2247 980 2318 unguis,
996 2244 1165 2311 collis,
1190 2244 1555 2314 follis.corbis,
1578 2246 1753 2310 vectis,
1778 2262 1919 2300 mero-

320 2339 423 2403 sis,
460 2338 684 2408 torquis,
713 2336 851 2403 axis,
885 2335 1046 2390 orbis.
1095 2332 1154 2389 Si
1196 2334 1332 2390 ﬁunt
1371 2349 1502 2412 vero
1541 2332 1804 2404 adjectiva
1831 2334 1915 2389 vel

322 2428 623 2483 derivativa
653 2426 738 2482 vel
766 2427 832 2481 ad
868 2425 1116 2481 homines
1144 2424 1287 2480 solos
1322 2424 1667 2495 pertinentia,
1702 2440 1917 2495 semper

321 2518 633 2573 communia
665 2518 823 2583 ﬁunt,
859 2524 922 2572 ut
947 2517 1032 2571 hic
1060 2525 1109 2571 et
1138 2517 1249 2571 hazc
1273 2516 1448 2586 fortis,
1479 2517 1680 2582 suavis,
1722 2517 1912 2581 dulcis,

322 2608 630 2678 exsanguis,
660 2606 940 2673 exanimis,
976 2606 1123 2671 civis,
1152 2605 1338 2672 hostis,
1369 2605 1537 2661 aedilis
1560 2621 1578 2658 :
1624 2606 1727 2661 alia
1752 2607 1917 2679 276

319 2697 508 2752 omnia
537 2695 793 2752 feminina
829 2704 976 2761 sunt,
1006 2703 1086 2762 ut,
1133 2695 1244 2750 [nec
1287 2695 1420 2761 avis,
1466 2695 1652 2751 classis
1679 2736 1695 2761 ,
1737 2698 1913 2765 cutis;

320 2796 382 2842 et
410 2788 557 2842 tertii
590 2787 798 2843 ordinis
826 2785 902 2857 [id
930 2793 1032 2851 est,
1059 2785 1455 2858 declinationis]
1505 2796 1718 2842 cuncta.
1771 2788 1830 2842 In
1858 2806 1915 2844 os

319 2877 587 2935 feminina
616 2879 740 2944 tria,
771 2894 876 2942 cos,
903 2876 1018 2942 dos,
1035 2876 1167 2947 glos.
1200 2875 1514 2931 Communia
1541 2878 1805 2948 quinque,
1824 2895 1916 2933 cu-

318 2980 457 3034 stos,
485 2969 747 3034 sacerdos,
797 2967 907 3034 bos,
951 2983 1178 3037 compos,
1221 2967 1408 3038 impos.
1457 2964 1655 3022 Neutra
1683 2969 1807 3034 duo,
1853 2985 1912 3023 os

2013 1795 2110 1850 sed
2151 1795 2487 1851 diversorum
2509 1812 2789 1868 generum.
2838 1797 2910 1853 Ut
2940 1809 3118 1853 tamen
3141 1798 3381 1853 breviter
3400 1798 3599 1863 dicam,

2012 1886 2194 1941 omnia
2215 1887 2511 1942 accidentia
2535 1904 2572 1941 x
2603 1886 2783 1942 littera
2808 1887 2982 1955 ﬁnita,
3024 1890 3333 1944 communia
3359 1900 3509 1955 sunt,
3545 1898 3606 1944 ut

2011 1975 2095 2029 hic
2119 1984 2174 2031 et
2211 1976 2323 2030 Ita'c
2345 1977 2519 2033 ethoc
2543 1978 2743 2043 audax,
2770 1979 3002 2048 aurifex,
3052 1979 3218 2033 velox.
3264 1979 3397 2034 Item
3426 1979 3609 2049 appel-

2012 2066 2177 2122 lativa
2235 2068 2305 2122 ad
2354 2077 2643 2139 utrumque
2695 2083 2887 2125 sexum
2936 2071 3218 2126 hominum
3273 2073 3601 2142 pertinentia

2013 2156 2321 2210 communia
2372 2167 2520 2224 sunt,
2572 2166 2634 2211 ut
2679 2159 2764 2213 hic
2794 2166 2850 2214 et
2893 2161 3007 2215 lucc
3044 2162 3262 2232 conjux,
3301 2162 3430 2219 dux.
3471 2165 3603 2234 Qua:

2012 2260 2144 2301 vero
2188 2248 2257 2302 ad
2285 2247 2429 2304 solos
2470 2263 2648 2304 mares
2674 2251 2971 2320 pertinent,
3001 2254 3300 2311 masculina
3344 2267 3493 2324 sunt,
3540 2266 3605 2314 ut

2014 2352 2106 2390 rex
2124 2352 2143 2389 :
2183 2345 2238 2392 et
2264 2352 2383 2406 quae
2409 2338 2475 2393 ad
2499 2338 2642 2394 solas
2667 2338 2918 2408 feminas,
2947 2341 3204 2399 feminina
3235 2353 3382 2412 sunt,
3412 2356 3473 2403 ut
3494 2348 3606 2417 pel-

2012 2426 2118 2484 lex.
2162 2428 2389 2500 Propria
2425 2431 2720 2487 masculina
2759 2442 2905 2500 sunt,
2949 2442 3012 2489 ut
3051 2435 3135 2490 hic
3174 2436 3337 2507 Ajax,
3383 2438 3600 2495 Pollux.

2012 2516 2145 2574 Item
2187 2534 2309 2589 quae
2355 2536 2459 2578 una
2492 2522 2699 2593 syllaba
2743 2533 3064 2583 accrescunt
3107 2526 3162 2580 in
3208 2528 3444 2597 genitivo
3490 2546 3600 2585 ma-

2014 2608 2223 2664 sculina
2252 2616 2397 2676 sunt,
2433 2618 2496 2664 ut.
2520 2611 2605 2664 hic
2633 2622 2829 2679 vertex,
2876 2630 3031 2684 apex,
3065 2612 3261 2688 [varix]
3290 2616 3451 2683 latex,
3482 2636 3601 2672 cor-

2014 2708 2117 2763 tex,
2148 2698 2333 2765 codex,
2375 2699 2569 2771 pollex,
2613 2702 2773 2768 calix,
2806 2703 3007 2772 fornix,
3054 2712 3108 2760 et
3154 2706 3381 2777 reliqua.
3430 2707 3604 2764 Femi-

2015 2787 2144 2842 nina
2168 2801 2301 2842 vero
2322 2795 2450 2843 sunt
2478 2789 2614 2857 haec,
2645 2790 2857 2861 fornax,
2892 2790 3043 2859 silex,
3074 2792 3200 2860 ilex,
3231 2812 3409 2863 carex,
3438 2798 3599 2865 salix,

2014 2878 2200 2946 radix,
2245 2880 2451 2945 cornix,
2486 2880 2632 2948 filex,
2664 2884 2935 2949 meretrix,
2979 2885 3218 2949 cicatrix,
3255 2886 3432 2942 velox.
3470 2889 3603 2945 Item

2015 2969 2200 3024 omnia
2245 2969 2485 3024 verbalia
2530 2969 2787 3025 feminina
2817 2981 2964 3039 sunt,
3002 2982 3062 3027 ut
3095 2975 3306 3041 victrix,
3353 2979 3600 3046 genitrix,

320 3062 460 3128 oris,
490 3077 548 3116 os
574 3061 726 3116 ossis.
754 3060 872 3114 Alia
901 3059 1083 3114 omnia
1121 3059 1444 3125 masculina,
1483 3076 1615 3126 mos,
1646 3062 1772 3131 flos,
1804 3079 1912 3128 ros,
1940 3035 1987 3099 ο
2019 3060 2197 3113 nutrix
2216 3057 2341 3132 [Al.,
2372 3061 2567 3127 notrix,
2586 3062 2729 3131 quod
2750 3070 2806 3117 et
2828 3064 3179 3119 masculinum
3194 3066 3318 3138 est].
3336 3067 3468 3123 Item
3491 3086 3602 3125 mo-

320 3167 509 3224 ηεροδ,
542 3149 682 3222 lepos
705 3166 724 3203 :
758 3159 814 3204 et
851 3149 1027 3205 tertia:
1056 3148 1428 3204 declinationis
1455 3151 1655 3205 omnia.
1701 3150 1774 3206 Us
1804 3160 1913 3208 tam

321 3242 612 3312 multiplex
660 3250 744 3296 est
787 3241 841 3295 in
886 3240 1175 3311 generibus
1222 3248 1278 3295 et
1326 3240 1812 3310 declinationibus,
1858 3252 1916 3299 ut

320 3331 635 3388 nullatenus
661 3331 757 3385 tibi
785 3371 799 3397 ,
819 3346 853 3385 o
879 3330 1106 3397 France,
1145 3318 1244 3387 sub
1267 3333 1514 3402 angustia
1543 3322 1701 3406 hujus
1743 3337 1913 3390 nostri

321 3426 480 3481 lusus
519 3425 634 3495 ejus
656 3424 857 3494 possim
883 3424 1121 3494 pandere
1161 3425 1523 3481 diversitates.
1569 3426 1707 3482 Nam
1752 3428 1913 3483 trium

322 3504 747 3573 declinationum
775 3520 879 3579 est,
911 3514 1181 3581 secundae,
1216 3516 1412 3583 tertiis,
1455 3527 1510 3571 et
1533 3526 1760 3587 quartae.
1808 3519 1915 3574 Ge-

323 3606 475 3662 neris
500 3620 713 3677 quoque
740 3605 1044 3671 masculini,
1075 3604 1320 3669 feminini
1354 3615 1410 3662 et
1443 3608 1642 3673 neutri,
1670 3623 1914 3665 commu-

321 3697 414 3752 nis
439 3703 493 3751 et
517 3696 694 3751 omnis
721 3703 776 3751 et
801 3694 1055 3764 epicmni.

398 3808 498 3864 Fu.
531 3808 713 3864 Pande
749 3816 933 3863 tamen
975 3806 1187 3877 aliquas
1231 3808 1297 3863 de
1333 3822 1400 3863 eo
1438 3809 1673 3879 regulas.
1732 3810 1910 3885 [Nam]

322 3916 491 3972 sape,
529 3901 654 3955 dum
696 3900 865 3955 solem
892 3916 1001 3955 non
1037 3900 1321 3967 habemus,
1365 3902 1433 3956 ad
1473 3901 1784 3973 eﬁ'ugandas
1817 3921 1916 3961 no-

322 4000 550 4048 cturnas
573 3992 843 4056 tenebras,
868 3989 1092 4046 laternis
1119 3991 1342 4045 utimur.
1374 4021 1446 4030 —
1476 3991 1640 4048 Suo.
1682 3993 1824 4063 Ergo
1857 3997 1911 4051 in

322 4097 390 4133 us
416 4078 701 4134 masculini
729 4079 945 4150 generis
966 4079 1181 4149 propria
1210 4078 1293 4134 vel
1328 4080 1667 4150 appellativa,
1696 4084 1915 4139 mobilia

320 4169 412 4223 vel
437 4168 560 4231 ﬁxa,
592 4167 840 4223 secundae
870 4176 998 4223 sunt
1024 4168 1420 4225 declinationis.
1452 4169 1699 4240 Propria,
1731 4180 1790 4226 ut
1822 4171 1917 4227 Te-

326 4261 531 4317 rentius
559 4259 826 4325 Terentii;
856 4258 1090 4313 Marcius
1126 4258 1337 4313 Marcii.
1385 4259 1632 4328 Mobilia,
1666 4270 1727 4318 ut
1749 4263 1914 4318 bonus

326 4352 490 4416 boni;
530 4359 743 4405 sanctus
786 4349 975 4403 sancti.
1027 4347 1186 4406 Fixa.
1231 4364 1446 4420 campus
1483 4352 1676 4422 campi,
1730 4351 1915 4407 hortus

325 4443 491 4507 horti,
519 4442 696 4511 furnus
723 4440 877 4510 fumi.
904 4439 973 4495 Et
1003 4440 1106 4495 tria
1133 4438 1389 4496 feminina
1415 4460 1429 4496 :
1470 4443 1582 4497 haec
1618 4442 1795 4511 colus,
1833 4444 1914 4498 al-

325 4548 445 4595 vus,
494 4531 683 4584 humus
713 4545 732 4583 :
769 4529 901 4584 item
945 4528 1202 4584 feminina
1255 4530 1510 4587 arborum
1559 4533 1779 4592 nomina
1830 4549 1915 4590 se-

326 4622 519 4677 cunda:
540 4628 664 4675 sunt
688 4617 1129 4692 [declinationis],
1157 4620 1268 4674 hac
1290 4621 1460 4691 pirus,
1493 4639 1714 4693 prunus,
1736 4624 1909 4694 pinus,

327 4713 484 4783 fagus
516 4712 645 4782 fagi,
695 4718 799 4765 etc.
836 4710 969 4766 Item
997 4719 1187 4766 neutra
1221 4712 1321 4765 tria
1348 4730 1362 4765 :
1394 4712 1490 4767 hoc
1513 4712 1720 4782 vulgus,
1746 4716 1911 4780 virus,

323 4801 565 4874 pelagus.
601 4799 716 4854 Alia
743 4808 935 4855 neutra
967 4800 1020 4854 in
1049 4816 1110 4854 us
1151 4799 1303 4854 ﬁnita
1350 4803 1531 4856 omnia
1573 4802 1745 4857 tertiae
1789 4812 1916 4858 sunt

328 4899 725 4965 declinationis,
764 4906 824 4954 ut
852 4898 966 4968 jus,
1002 4898 1186 4968 juris:
1225 4897 1413 4970 [thus].
1443 4915 1651 4964 munus,
1686 4901 1911 4971 pondus,

326 5007 539 5061 corpus,
580 4999 778 5060 pectus.
835 4988 983 5043 Inus
1026 4989 1347 5057 productum
1399 4987 1676 5055 feminina,
1731 4992 1913 5048 omnia

331 5083 507 5138 tertiae
538 5092 663 5136 sunt
686 5080 1126 5153 [declinationis],
1155 5088 1209 5135 et
1235 5096 1344 5134 una
1370 5080 1573 5151 syllaba
1595 5082 1649 5134 in
1678 5083 1914 5151 genitivo

329 5184 687 5231 accrescunt;
737 5183 797 5228 ut
828 5172 974 5228 salus
1004 5173 1212 5239 salutis,
1244 5173 1397 5228 tellus
1425 5174 1670 5241 telluris;
1712 5191 1748 5228 u
1791 5189 1915 5243 pro-

266 5263 279 5275 '
330 5264 488 5319 ducta
533 5264 587 5318 in
640 5264 909 5333 obliquis,
961 5273 1186 5334 excepto
1233 5262 1383 5334 palus
1433 5263 1680 5334 paludis,
1741 5262 1914 5319 Venus

340 5351 597 5420 Veneris;
640 5364 697 5410 et
731 5371 840 5410 uno
892 5353 1087 5427 [Edit.,
1126 5354 1314 5426 unum]
1368 5355 1542 5409 omnis
1573 5354 1808 5425 generis,
1857 5363 1916 5409 ut

254 5438 265 5448 ’
331 5442 416 5495 hic
442 5451 498 5497 et
529 5443 641 5497 Itth
667 5452 723 5499 et
749 5445 846 5497 hoc
872 5453 1013 5498 vetus
1043 5446 1265 5508 veteris;
1315 5451 1369 5498 et
1394 5443 1582 5514 paucis
1613 5446 1915 5499 communis

334 5534 569 5605 generis,
595 5544 654 5589 ut
672 5536 756 5589 hic
780 5542 835 5589 et
857 5534 967 5588 hxc
987 5533 1122 5604 ligus
1148 5532 1391 5605 liguris;
1428 5551 1553 5604 grus
1595 5536 1781 5603 gruis;
1824 5552 1913 5590 sus

337 5626 442 5677 suis
467 5638 486 5676 :
522 5636 577 5679 et
603 5626 909 5695 epicoenon,
958 5640 1073 5677 mus
1101 5625 1306 5690 muris;
1342 5635 1397 5678 et
1444 5639 1551 5678 uno
1595 5625 1912 5692 masculino,

2016 3151 2293 3221 nosyliaba
2341 3153 2523 3206 omnia
2559 3151 2821 3208 feminina
2872 3163 3035 3221 sunt;
3075 3164 3135 3211 ut
3173 3173 3302 3227 pax,
3348 3158 3451 3221 lex,
3488 3161 3601 3232 pix,

2016 3257 2121 3295 nox
2149 3241 2281 3314 [Ai.,
2314 3242 2467 3315 nux],
2518 3242 2634 3310 lux,
2666 3248 2790 3310 arx,
2839 3245 2994 3315 falx:
3033 3256 3262 3318 excepto
3308 3266 3400 3304 rex
3441 3259 3495 3306 et
3518 3253 3603 3308 llic

2014 3349 2161 3403 grex,
2185 3342 2242 3388 et
2267 3334 2350 3387 hic
2384 3344 2439 3388 et
2465 3335 2576 3388 haec
2602 3335 2733 3389 dux.
2763 3334 2820 3389 In
2849 3344 2867 3389 ι
2896 3335 3108 3391 ﬁnitum
3136 3354 3301 3393 unum
3326 3340 3606 3399 invenitur

2013 3434 2284 3491 neutrum,
2309 3432 2369 3478 ut
2388 3434 2541 3496 caput
2565 3438 2584 3477 :
2623 3433 2679 3481 et
2699 3410 2857 3481 ex'eo
2885 3429 3201 3498 composita,
3237 3430 3487 3501 sinciput,
3517 3450 3603 3488 oc-

2013 3516 2171 3588 ciput.

2083 3610 2213 3677 Quae
2237 3609 2454 3664 nomina
2482 3609 2537 3662 in
2561 3609 2694 3664 duas
2722 3609 2979 3665 desinunt
3004 3620 3386 3679 consonantes,
3423 3613 3470 3669 si
3496 3614 3602 3668 sint

2016 3697 2149 3771 [Al.,
2179 3697 2336 3769 ﬁunt]
2367 3699 2688 3764 accidentia,
2719 3699 2886 3753 trium
2914 3713 3172 3771 generum
3199 3703 3402 3767 omnia,
3429 3712 3488 3757 ut
3515 3706 3601 3758 hie

2012 3798 2066 3844 et
2091 3789 2202 3842 Ita’c
2231 3796 2287 3842 et
2315 3788 2411 3840 hoc
2437 3804 2642 3858 expers,
2690 3789 2941 3858 prudens,
2989 3791 3161 3860 inops,
3218 3790 3422 3857 caelebs,
3447 3794 3596 3862 prin-

2013 3890 2170 3948 ceps,‘
2191 3893 2398 3947 parens.
2445 3875 2624 3929 Pauca
2667 3877 2988 3944 masculina,
3024 3888 3083 3932 ut
3126 3878 3360 3940 Mavors.
3400 3881 3596 3935 Aruns.

2012 3967 2190 4022 Pauca
2213 3965 2490 4029 feminina,
2511 3972 2573 4018 ut
2591 3964 2778 4031 hiems,
2802 3966 3007 4034 cohors,
3030 3969 3208 4039 adeps.
3236 3969 3600 4042 Monosyliaba

2013 4051 2069 4111 in
2117 4058 2252 4112 duas
2300 4056 2603 4112 desinentia
2650 4065 3012 4114 consonantes
3055 4060 3294 4116 maxime
3340 4062 3598 4119 feminina

2013 4158 2160 4214 sunt,
2188 4157 2249 4203 ut
2280 4165 2389 4214 ars,
2414 4148 2545 4218 fors,
2570 4165 2716 4220 gens,
2740 4165 2902 4217 mors,
2931 4149 3064 4218 lens,
3102 4140 3272 4222 frons,
3292 4173 3438 4227 pars,
3460 4175 3595 4221 sors,

2011 4236 2210 4307 sérobs,
2234 4251 2395 4311 styps,
2428 4242 2590 4308 trabs,
2616 4242 2759 4307 urbs,
2782 4241 2920 4313 puls.
2958 4243 3214 4315 Exceptis
3245 4266 3259 4303 :
3300 4249 3384 4304 hic
3415 4267 3591 4316 mons,

2014 4348 2167 4405 pons,
2222 4331 2362 4401 fons,
2402 4331 2550 4399 dens,
2605 4331 2775 4389 Mars.
2818 4333 2877 4389 In
2925 4351 3045 4402 aus,
3099 4335 3405 4394 feminina:
3455 4339 3593 4407 laus,

2016 4424 2185 4495 fraus.
2226 4424 2284 4479 In
2333 4441 2435 4491 ars,
2484 4425 2875 4492 masculinum,
2916 4434 2978 4482 ut
3024 4444 3162 4499 prws
3203 4430 3417 4499 praedis.
3458 4430 3598 4487 Neu-

2017 4526 2179 4590 tgum,
2210 4523 2269 4571 ut
2295 4532 2366 4571 tes
2397 4517 2538 4571 teris.
2587 4516 2691 4572 Vix
2718 4516 2933 4572 tandem
2958 4517 3248 4587 aliquando
3289 4517 3477 4578 fenore
3507 4537 3595 4578 me

2015 4608 2287 4664 solvebam
2312 4607 2652 4679 gravissimo.

2085 4700 2185 4755 Fa.
2204 4700 2312 4756 Sed
2337 4701 2667 4771 gratissimo.
2683 4697 3026 4769 Quapropter
3047 4700 3115 4756 ad
3141 4716 3399 4762 numeros
3424 4708 3594 4762 trans-

2015 4807 2222 4848 eamus.
2250 4821 2323 4831 —
2350 4789 2516 4847 Ssxo.
2545 4789 2685 4844 Fiat.

2430 4959 2434 4963 <
2487 4942 2650 5020 377
2690 4942 2778 4997 DE
2811 4916 3118 5001 nuusao.

2083 5079 2182 5134 Fn.
2211 5077 2480 5134 Numerus
2507 5078 2638 5148 quid
2664 5078 2779 5134 est?
2803 5107 2875 5118 -—
2903 5077 3067 5133 Saxo.
3105 5077 3370 5136 Dictionis
3396 5079 3591 5151 forma,

2015 5169 2268 5226 discretio
2291 5168 2610 5239 quantitatis
2642 5166 2777 5241 [Αι.,
2801 5168 3165 5225 distinctionis
3193 5168 3390 5237 forma,
3417 5182 3593 5242 quan-

2020 5262 2144 5316 titas
2171 5257 2556 5332 discretionis].

2083 5350 2182 5405 Fa.
2212 5349 2435 5404 Numeri
2478 5349 2758 5408 nominum
2805 5356 2938 5417 quot
2982 5347 3145 5402 sunt?
3167 5376 3238 5386 —
3265 5345 3429 5404 Saxo.
3451 5348 3589 5408 Duo.

2016 5441 2337 5512 Singularis,
2367 5449 2429 5496 ut
2456 5442 2630 5496 homo.
2658 5440 2910 5506 Pluralis,
2958 5445 3017 5493 ut
3052 5438 3307 5492 homines.
3342 5438 3448 5496 Sed
3480 5443 3593 5498 sin-

2013 5535 2214 5607 gularis
2259 5549 2516 5588 numerus
2564 5532 2747 5587 ﬁnitus
2792 5540 2907 5597 est;
2944 5530 3169 5601 pluralis
3207 5527 3451 5586 inﬁnitus
3485 5544 3588 5589 est.

2014 5627 2148 5679 Cum
2177 5623 2298 5678 dico
2327 5623 2499 5688 homo,
2533 5631 2741 5678 certum
2784 5630 2889 5690 est,
2920 5636 3083 5677 unum
3114 5634 3200 5675 me
3238 5617 3588 5689 signiﬁcasse.
