3866 6170
307 147 409 205 867

1136 142 1194 199 Β.
1236 142 1299 198 F.
1340 141 1564 199 ALBINI
1607 140 1737 197 SEU
1778 137 2053 195 ALCUINI
2091 137 2377 197 OPERUM
2414 138 2592 195 PARS
2631 139 2741 197 VII.

3468 139 3572 198 868

308 237 442 294 Cum
462 234 694 290 homines
735 232 878 299 dico,
929 232 1197 288 incertum
1246 241 1329 288 est
1383 234 1449 288 de
1484 241 1633 302 quot,
1664 229 1767 284 nisi
1791 229 1884 283 ad—
1911 234 1957 289 A
1986 245 2102 302 per,
2136 228 2232 302 [et]
2263 229 2506 286 solubilia
2531 230 2731 284 debent
2762 240 2885 283 esse
2911 228 2964 281 in
3002 227 3242 299 integras
3270 228 3572 295 dictiones;

308 324 456 393 dam,
504 324 709 388 decem,
759 331 998 389 centum,
1034 323 1209 388 mille,
1242 324 1326 378 vel
1366 322 1628 392 quotlibet
1660 340 1673 375 :
1706 336 1830 374 nam
1856 336 1888 374 a
1990 319 2102 374 sive
2129 334 2192 373 ex
2227 319 2468 390 integris,
2497 320 2614 373 sive
2639 333 2707 373 ex
2734 317 3009 387 corruptis
3052 327 3469 387 componantur,
3514 327 3580 374 ut

308 415 523 473 duobus
548 415 615 470 ad
643 414 1063 470 innumerabiles
1086 415 1393 469 extenditur
1417 412 1761 482 signiﬁcatio.

380 504 480 560 Fs.
516 504 648 572 Quae
674 504 936 559 dictiones
961 504 1163 558 habent
1186 517 1440 557 numeros
1454 502 1732 557 ἳ-ὃλιο,
1762 502 1891 569 Quae

306 610 570 667 personas
598 596 798 651 habent
825 613 837 648 :
869 594 921 649 id
949 602 1053 660 est,
1078 595 1318 659 nomina,
1342 593 1679 663 pronomina,
1704 593 1887 657 verba,

308 685 614 758 participia.
642 681 714 739 Ut
734 724 748 749 ,
776 684 885 750 vir,
921 686 1037 737 viri.
1069 683 1182 753 Ego
1213 682 1324 753 lego
1346 723 1361 745 .
1402 699 1494 736 nos
1517 682 1755 753 legimus.
1788 681 1891 735 Hic

310 777 504 849 legens,
528 778 582 830 hi
608 776 849 847 legentes.
880 776 1004 830 Ideo
1027 774 1255 847 [autem]
1284 773 1494 828 inﬁnita
1524 774 1687 829 verba
1712 782 1768 826 et
1792 772 1893 827 im-

308 866 613 937 personalia
667 874 853 920 carent
907 878 1151 928 numero,
1200 863 1326 931 quia
1373 879 1480 917 non
1528 864 1730 917 habent
1762 877 1887 932 per-

312 970 498 1010 80085.

382 1045 480 1099 Fn.
515 1044 763 1112 Nunquid
806 1041 1056 1098 adverbia
1105 1057 1213 1097 non
1258 1041 1457 1097 habent
1502 1042 1893 1097 numeros?—

313 1134 479 1193 Ssxo.
509 1135 721 1188 Habent
750 1153 761 1187 :
795 1135 886 1190 sed
917 1135 1059 1188 inter
1097 1135 1392 1190 accidentia
1429 1134 1668 1190 adverbii
1706 1149 1893 1189 nume-

310 1241 405 1280 rus
432 1241 537 1279 non
569 1227 787 1295 ponitur
818 1245 829 1279 :
863 1235 917 1279 et
943 1226 1346 1281 indeclinabiles
1390 1238 1516 1281 sunt
1562 1227 1772 1281 numeri
1800 1226 1892 1280 ad—

310 1317 617 1370 verbiorum
647 1334 659 1369 :
685 1324 738 1370 et
767 1316 834 1369 ad
855 1317 1180 1388 singularem
1204 1326 1258 1371 et
1279 1316 1390 1389 [ad]
1416 1317 1677 1386 pluralem
1705 1316 1892 1371 dictio-

310 1421 434 1460 nem
469 1421 620 1475 seque
648 1407 884 1475 ponitur,
920 1415 979 1460 ut
1011 1425 1023 1460 :
1052 1417 1130 1460 ter
1156 1407 1271 1476 feci,
1299 1417 1377 1461 ter
1400 1407 1638 1476 fecimus.

383 1496 483 1549 Fn.
513 1496 651 1562 Quid
703 1506 812 1549 tum
861 1495 1085 1549 interest
1113 1496 1254 1551 inter
1282 1511 1629 1549 numerorum
1673 1494 1891 1549 nomina

1990 408 2311 473 respublica;
2354 424 2421 463 ex
2465 408 2676 463 duobus
2721 408 3008 477 corruptis,
3056 416 3137 473 ut,
3182 409 3479 478 parricida,
3508 426 3579 467 ex

1988 508 2198 568 parente
2256 498 2506 561 nomine,
2562 507 2619 551 et
2671 497 2869 551 ccedere
2922 499 3109 552 verbo.
3163 496 3580 567 Magnanimitas

1992 588 2181 661 [Edit.,
2230 588 2618 660 magnanimus]
2666 590 2710 643 si
2746 590 2897 654 dico,
2931 604 2963 643 a
2999 605 3191 657 magno
3218 597 3275 644 et
3304 590 3582 649 animitate

1988 694 2108 734 esse
2132 678 2488 748 compositum
2512 686 2614 731 nan
2638 687 2813 748 potest
2833 693 2973 744 esse,
2997 679 3124 748 quia
3144 680 3399 735 animitas
3419 680 3578 753 μία,

1991 766 2229 838 nimitas]
2262 766 2591 836 intelligibile
2633 784 2740 822 non
2769 777 2853 823 est
2884 787 2898 799 ο
2931 770 3052 825 ideo
3087 786 3311 827 necesse
3336 782 3421 827 est
3447 782 3506 828 ut
3540 788 3578 831 a

1990 856 2311 925 composito,
2340 857 2393 911 id
2423 866 2505 911 est
2533 859 2889 927 magnanimo,
2931 859 3002 914 sit
3024 861 3327 916 derivatum
3352 878 3581 935 magna-

1991 947 2231 1002 nimitas.

2062 1038 2161 1092 Fu.
2186 1038 2327 1105 Quot
2372 1039 2547 1094 modis
2589 1049 2984 1111 componuntur
3027 1044 3285 1098 nomina?
3307 1074 3380 1084 —
3405 1044 3576 1102 Suo.

1991 1124 2250 1191 Quatuor.
2300 1127 2379 1180 Ex
2422 1127 2630 1183 duobus
2665 1129 2909 1198 integris,
2950 1138 3011 1185 ut
3050 1131 3455 1202 jusjurandum.
3498 1135 3582 1190 Ex

1992 1215 2200 1270 duobus
2223 1216 2514 1285 corruptis,
2542 1225 2605 1270 ut
2631 1219 2914 1287 parricida.
2953 1220 3031 1273 Ex
3062 1221 3275 1290 integro
3307 1231 3364 1276 et
3389 1238 3582 1278 corru-

1990 1313 2104 1374 pto,
2143 1312 2203 1359 ut
2242 1305 2505 1360 inimicus.
2540 1306 2618 1361 Ex
2652 1318 2907 1377 corrupto
2941 1319 2998 1364 et
3020 1310 3252 1380 integro,
3278 1322 3339 1366 ut
3361 1314 3581 1381 επεν-ιω.

2062 1397 2161 1452 Fn.
2190 1397 2323 1453 Cum
2349 1399 2545 1468 quibus
2568 1400 2812 1469 partibus
2827 1411 3224 1471 componuntur
3244 1405 3465 1458 nomina
3476 1406 3585 1458 ἳ-

1992 1488 2157 1544 Saxo.
2186 1488 2321 1544 Cum
2348 1490 2597 1545 omnibus
2622 1499 2817 1561 praeter
2835 1489 3285 1559 interiectionem.
3316 1492 3453 1548 Cum
3479 1510 3581 1549 ιιοι

313 1590 712 1647 indeclinabilia
739 1598 793 1644 et
838 1590 977 1643 inter
1003 1590 1292 1644 adverbia?
1313 1619 1385 1628 -—
1415 1587 1580 1643 Saxo.
1622 1588 1773 1655 Quod
1801 1588 1894 1641 ad-
1922 1570 1970 1630 Β
1997 1583 2141 1637 mine
2172 1581 2365 1653 [Edit.,
2403 1583 2752 1655 nominibus],
2780 1592 2839 1637 ut
2862 1585 3264 1654 paterfamilias.
3295 1585 3433 1642 Cum
3456 1605 3583 1659 pro»

316 1683 502 1740 verbia
526 1690 582 1734 et
609 1680 969 1751 singularibus
994 1688 1046 1733 et
1069 1679 1367 1749 pluralibus
1393 1677 1640 1733 similiter
1662 1677 1895 1746 jungun-

317 1780 423 1826 tur.
467 1771 537 1827 Ut
570 1789 581 1823 :
614 1768 801 1822 millies
843 1769 983 1833 dixi,
1039 1777 1094 1823 et
1140 1767 1325 1822 millies
1379 1769 1628 1821 diximus.
1669 1767 1895 1821 Nomina

313 1876 444 1916 vero
472 1876 577 1914 non
618 1859 722 1913 nisi
755 1858 1069 1927 pluralibus,
1098 1866 1177 1923 ut,
1204 1856 1347 1911 mille
1368 1858 1601 1911 homines
1640 1856 1891 1909 diximus.

387 1949 483 2003 Fs.
533 1948 739 2002 Suntne
798 1946 976 2017 aliqua
1016 1947 1229 2000 nomina
1278 1961 1397 2014 qua:
1437 1962 1543 1999 una
1589 1945 1895 1999 litteratura

314 2050 571 2109 utrosque
610 2040 808 2093 habent
855 2039 1146 2092 numeros?
1171 2068 1242 2077 —-
1267 2037 1430 2091 Suo.
1473 2036 1628 2092 Sunt.
1676 2035 1813 2090 Nam
1838 2036 1896 2091 in

314 2133 487 2202 prima
529 2130 884 2185 declinatione
923 2128 1224 2203 [genitivus
1261 2137 1316 2183 et
1346 2129 1560 2184 dativus
1598 2127 1898 2198 singulares

317 2220 470 2293 [Ed.,
503 2221 715 2292 generis
745 2221 911 2275 dativi
940 2219 1250 2292 singularis]
1284 2236 1388 2274 una
1417 2234 1550 2276 voce
1573 2235 1696 2275 cum
1722 2220 1896 2274 nomi-

314 2315 498 2369 nativo
540 2323 594 2369 et
626 2315 871 2370 vocativo
909 2313 1101 2384 plurali
1149 2312 1539 2384 proferuntur:
1571 2322 1631 2367 ut
1656 2314 1816 2383 hujus
1841 2322 1898 2368 et

313 2407 434 2461 huic
481 2416 664 2477 poetic,
710 2405 799 2478 [ut
843 2406 898 2459 hi
931 2413 1037 2460 cto
1062 2403 1281 2477 poetic].
1312 2404 1380 2459 Et
1424 2406 1477 2459 in
1515 2406 1765 2461 omnilus
1794 2406 1896 2462 hoc

314 2497 454 2552 idem
479 2497 719 2552 invenies
743 2495 1189 2551 declinationibus
1210 2494 1523 2564 saepissime.
1552 2495 1607 2548 ιιι
1636 2495 1890 2550 secunda:

313 2596 374 2641 ut
403 2587 561 2657 hujus
592 2586 729 2640 docti
757 2594 810 2639 et
840 2585 894 2638 hi
922 2584 1079 2637 docti.
1107 2582 1311 2648 Tertia,
1354 2584 1464 2637 ha'c
1501 2583 1684 2647 cwdes,
1721 2592 1775 2637 et
1813 2583 1896 2640 hat

1996 1673 2228 1733 nomine.
2260 1682 2317 1727 ut
2349 1673 2653 1728 illiusmodi.
2691 1675 2859 1745 278
2888 1674 3022 1729 Cum
3046 1678 3230 1743 verbo,
3262 1688 3322 1732 ut
3344 1678 3577 1750 Lucifer.

1994 1765 2127 1819 Cum
2157 1765 2434 1830 adverbio,
2468 1775 2528 1819 ut
2551 1765 2863 1835 satisfactio.
2896 1765 3032 1821 Cum
3058 1767 3366 1837 participio,
3393 1779 3456 1823 ut
3472 1771 3582 1841 plc-

1995 1854 2254 1908 biscitum.
2282 1855 2417 1911 Cum
2446 1856 2845 1926 conjunctione,
2870 1864 2933 1911 ut
2958 1865 3188 1928 uterque.
3213 1856 3348 1913 Cum
3371 1874 3583 1931 prmpo-

1994 1945 2203 2008 sitione,
2236 1954 2296 2000 ut
2326 1945 2576 2015 perfidus.

2065 2034 2162 2090 Fn.
2195 2036 2242 2091 A
2272 2045 2404 2106 quot
2443 2037 2767 2095 dictionibus
2797 2048 3194 2109 componuntur
3216 2042 3482 2097 nomina?
3508 2072 3583 2087 —

1996 2127 2160 2185 Saxo.
2190 2128 2236 2183 A
2270 2130 2498 2195 duabus,
2531 2137 2593 2184 ut
2620 2131 2916 2201 septentrio.
2961 2131 3007 2185 A
3032 2132 3226 2196 tribus,
3260 2143 3322 2188 ut
3355 2134 3580 2207 inexpu-

1994 2222 2235 2290 gnabilis.
2264 2218 2411 2276 Vela
2439 2222 2805 2292 compluribus
2826 2220 2980 2295 [Ms.,
3006 2225 3076 2279 ab
3097 2224 3495 2300 amplioribus],
3521 2236 3582 2283 ut

1994 2311 2513 2383 cujuscunqucmodi.

2063 2399 2162 2455 Fn.
2203 2401 2483 2469 Quomodo
2517 2401 2857 2460 declinantur
2895 2406 3192 2475 composita
3224 2406 3443 2461 nomina
3466 2406 3581 2461 ’ἒ-

1996 2490 2161 2548 Saxo.
2196 2491 2254 2547 Si
2285 2508 2349 2548 ex
2384 2495 2714 2550 nominativo
2752 2505 2809 2551 et
2840 2496 3057 2566 obliquo
3084 2512 3211 2551 casu
3238 2512 3580 2566 componun-

1993 2592 2104 2650 tur,
2137 2599 2201 2639 ea
2226 2593 2379 2655 parte
2402 2601 2507 2654 qua
2532 2586 2895 2644 nominativus
2920 2601 3078 2641 casus
3104 2594 3211 2652 est,
3243 2586 3581 2642 declinantur

315 2676 501 2728 credes.
535 2674 761 2740 Quarta,
794 2673 877 2726 hic
898 2673 1090 2739 fluctus
1116 2679 1171 2725 et
1196 2670 1355 2740 hujus
1379 2671 1570 2738 ﬂuctus
1599 2686 1616 2725 :
1645 2670 1699 2723 hi
1721 2676 1775 2724 et
1801 2671 1894 2725 lies
1996 2674 2144 2748 [nam
2167 2675 2305 2730 alter
2328 2692 2488 2731 casus
2520 2692 2625 2731 non
2651 2675 2998 2748 declinatur],
3026 2685 3085 2731 ιιι
3114 2676 3204 2732 hic
3227 2676 3583 2746 tribunusple-

312 2775 370 2820 et
397 2783 426 2818 ο
453 2767 644 2835 ﬂuctus
673 2779 690 2817 :
725 2780 784 2817 us
818 2763 1080 2834 producta
1129 2763 1182 2815 in
1229 2763 1478 2816 omnibus
1524 2761 1609 2816 bis
1657 2762 1891 2816 casibus.

314 2857 535 2924 Quinta,
566 2864 643 2921 ut,
682 2856 792 2910 ha'c
837 2872 936 2921 res,
969 2862 1024 2909 et
1048 2871 1077 2908 ο
1111 2871 1191 2909 res
1215 2868 1233 2905 :
1262 2853 1342 2907 ha:
1364 2860 1418 2907 et
1439 2853 1534 2907 has
1559 2861 1613 2905 ct
1640 2869 1669 2905 ο
1704 2869 1803 2907 res.
1834 2851 1892 2907 In

314 2948 726 3018 pronominibus
772 2961 985 3015 quoque
1029 2953 1083 3000 et
1126 2944 1420 3015 participiis
1480 2943 1717 2998 invenies
1761 2958 1892 2998 voce

310 3040 637 3103 communia,
663 3045 722 3093 ut
742 3037 836 3097 illi,
863 3037 970 3101 isti,
997 3037 1118 3107 ipsi,
1149 3036 1313 3091 dativi
1338 3034 1626 3105 singularis
1649 3042 1703 3089 et
1722 3033 1893 3088 nomi—

312 3132 481 3187 nativi
508 3130 749 3202 pluralis.
778 3130 834 3184 lu
857 3129 1156 3198 participiis
1178 3127 1396 3183 mobilia
1419 3126 1597 3181 omnia
1624 3126 1676 3179 in
1705 3125 1890 3180 eadem

311 3237 445 3278 voce
473 3222 672 3277 habent
694 3219 949 3274 feminina
973 3220 1024 3273 in
1049 3219 1304 3289 singulari
1327 3217 1657 3272 nominativo
1680 3223 1736 3271 et
1761 3230 1894 3269 neu-

313 3313 470 3367 tralia
496 3312 548 3366 in
576 3310 789 3380 plurali,
819 3319 878 3363 ut
898 3311 1008 3364 ha’c
1030 3311 1228 3364 victura
1251 3308 1463 3376 femina,
1488 3314 1541 3359 et
1562 3305 1671 3359 hwc
1694 3307 1892 3360 uictura

313 3400 586 3454 animalia.
617 3399 673 3453 In
704 3399 883 3452 verbis
924 3413 1054 3452 vero
1094 3398 1238 3451 nulla
1274 3413 1377 3451 vox
1430 3404 1513 3450 est
1539 3411 1659 3464 qua:
1702 3395 1893 3453 eadem

314 3490 483 3561 possit
516 3504 635 3544 esse
665 3490 716 3543 in
747 3488 1002 3558 singulari
1031 3502 1254 3542 numero
1280 3495 1336 3541 et
1354 3486 1569 3557 plurali.

385 3580 484 3634 Fn.
518 3579 669 3635 Unde
692 3578 870 3648 aliqua
890 3579 1128 3644 nomina,
1156 3577 1295 3632 sicut
1316 3577 1367 3631 in
1397 3578 1603 3633 Donato
1626 3576 1731 3649 legi
1754 3590 1894 3632 sem-

313 3685 411 3740 per
430 3669 724 3740 singularia
747 3676 891 3733 sunt,
914 3677 970 3723 et
996 3668 1099 3723 alia
1128 3683 1341 3736 semper
1365 3667 1591 3737 pluralia
1606 3668 1709 3721 ⁸2-
1724 3667 1889 3723 Saxo.

314 3760 537 3827 Natura,
575 3762 658 3816 vel
679 3778 798 3817 usu.
831 3761 1052 3824 Natura,
1081 3768 1141 3814 ut
1166 3760 1403 3831 propria,
1434 3776 1554 3830 quae
1577 3762 1897 3816 naturaliter

314 3851 585 3905 individua
610 3860 753 3915 sunt,
784 3860 842 3905 ut
870 3850 1079 3913 Hector,
1114 3849 1376 3916 Achilles;
1404 3850 1504 3915 sol,
1534 3849 1681 3917 luna,
1709 3851 1890 3918 Italia,

1919 2906 1966 2971 Ω

1996 2764 2086 2826 bis,
2121 2764 2280 2834 hujus
2307 2763 2684 2833 tribuniplebis,
2711 2764 2830 2819 huic
2856 2764 3245 2835 tribunoplebis.
3275 2762 3333 2818 Si
3361 2781 3425 2819 ex
3451 2766 3583 2821 duo-

1995 2855 2096 2910 bus
2130 2854 2493 2919 nominativis,
2517 2856 2769 2925 utrinque
2796 2854 3154 2918 declinantur,
3183 2865 3242 2909 ut
3275 2857 3375 2909 hoc
3393 2856 3578 2926 jusju-

1999 2943 2245 3009 randum,
2275 2943 2431 3014 hujus
2444 2944 2821 3014 jurisjurandi,
2852 2945 2972 2998 huic
2991 2944 3358 3015 juriiurando.
3392 2945 3489 3003 Sin
3512 2959 3580 2999 ex

1993 3033 2202 3088 duobus
2236 3034 2466 3103 obliquis
2492 3043 2909 3103 componuntur,
2937 3041 3178 3100 manent,
3216 3034 3581 3090 indeclinabi-

1993 3125 2086 3189 lia,
2118 3133 2178 3179 ut
2202 3125 2522 3195 hujusmodi,
2560 3127 2879 3191 istiusmodi,
2919 3126 3199 3196 ejusmodi.
3237 3125 3583 3196 Componun-

1996 3225 2083 3270 tur
2107 3231 2319 3286 quoque
2355 3216 2645 3287 singularia
2670 3233 2792 3272 cum
2821 3217 3139 3287 pluralibus,
3172 3225 3233 3271 ut
3259 3216 3403 3270 orbis
3427 3227 3581 3271 terra

1994 3314 2049 3362 et
2076 3308 2214 3362 orbis
2240 3317 2519 3362 terrarum.
2544 3309 2779 3367 Possunt
2803 3319 2980 3364 tamen
3008 3311 3122 3366 haec
3146 3310 3338 3364 eadem
3364 3324 3582 3380 compo-

1995 3398 2098 3453 sita
2122 3399 2285 3462 etiam
2315 3407 2558 3468 separata
2585 3415 2725 3465 esse,
2754 3404 2798 3456 si
2827 3402 3070 3455 diversos
3096 3409 3357 3456 accentus
3378 3401 3464 3456 his
3492 3402 3584 3456 de-

1997 3489 2160 3553 deris,
2212 3498 2273 3544 ut
2312 3507 2392 3544 res
2421 3490 2647 3560 publica,
2677 3492 2762 3547 vel
2788 3493 2833 3547 si
2864 3492 3298 3562 coniunctionem
3343 3492 3584 3561 interpo-

1996 3594 2116 3645 nas,
2142 3587 2201 3633 ut
2230 3581 2571 3653 tribunusque
2594 3582 2777 3653 plebis.

2066 3668 2165 3722 Fn.
2194 3669 2463 3727 Accentus
2484 3674 2794 3743 compositas
2818 3673 3002 3744 ﬁgurae
3031 3673 3302 3743 quomodo
3332 3671 3584 3727 ﬁunt?—

1997 3758 2162 3817 Suo.
2195 3762 2298 3817 Per
2320 3779 2510 3820 omnes
2536 3779 2695 3820 casus
2718 3772 2774 3819 et
2802 3779 2899 3834 per
2933 3780 3123 3820 omnes
3159 3764 3585 3832 compositiones

1997 3867 2211 3923 semper
2230 3855 2330 3909 sub
2347 3869 2456 3909 uno
2475 3864 2698 3910 accentu
2719 3855 3088 3925 proferuntur,
3108 3863 3168 3908 ut
3174 3854 3585 3924 jusjurandum,

316 3939 517 3996 Sicilia.
559 3942 689 4006 L‘su,
714 3951 771 3995 ut
797 3943 1033 4011 sanguis,
1068 3940 1258 4011 pulvis,
1292 3939 1405 4006 lux,
1436 3941 1559 3995 vita.
1596 3941 1729 3997 Item
1775 3957 1895 4011 quae
1989 3944 2370 4014 jurisjurandi,
2397 3945 2915 4016 cujuscunquemodi.
2943 3946 3107 4000 Verte
3138 3952 3209 4009 te,
3252 3943 3485 4009 France,
3517 3943 3586 3997 ad

316 4033 384 4085 ad
409 4033 615 4100 pondus
643 4032 727 4087 vel
754 4048 1062 4087 mensuram
1094 4032 1386 4102 pertinent,
1422 4031 1716 4101 singularia
1746 4040 1893 4099 sunt,

315 4129 376 4176 ut
421 4140 632 4188 aurum,
681 4124 932 4189 triticum,
983 4131 1087 4180 etc.
1139 4123 1401 4179 Similiter
1433 4133 1625 4181 natura
1668 4125 1753 4181 vel
1793 4142 1896 4181 usu

314 4217 561 4287 quaedam
605 4225 731 4271 sunt
772 4231 986 4286 semper
1021 4216 1247 4286 pluralia
1282 4231 1297 4270 :
1330 4224 1544 4283 natura,
1575 4226 1635 4271 ut
1664 4214 1888 4284 Gemini,

313 4307 496 4378 pisces,
530 4307 582 4361 in
613 4307 768 4362 cmlo.
796 4306 929 4371 Usu.
960 4314 1021 4360 ut
1053 4323 1225 4371 arma,
1251 4308 1460 4373 mania,
1483 4308 1746 4372 nundinae,
1778 4308 1889 4363 Ka-

314 4397 504 4454 lendis.
551 4399 684 4453 Nam
741 4414 836 4468 per
880 4398 1059 4453 omnia
1113 4414 1309 4469 genera
1361 4400 1600 4454 invenies
1648 4402 1894 4469 quaedam

313 4505 528 4561 semper
564 4490 877 4561 singularia,
925 4488 1167 4558 quaedam
1215 4504 1431 4559 semper
1474 4490 1724 4561 pluralia,
1773 4508 1895 4562 qua;

315 4581 493 4638 studio
520 4581 799 4636 brevitatis
823 4580 978 4634 nobis
998 4579 1456 4648 praetermittenda
1481 4593 1599 4634 esse
1627 4595 1765 4635 reor.

901 4732 987 4788 DE
1022 4731 1316 4788 FIGURIS.

387 4862 489 4923 Pa.
518 4866 636 4922 Fiat
671 4874 730 4920 ut
768 4856 872 4930 vis,
900 4867 1001 4921 etsi
1034 4882 1140 4922 non
1171 4867 1363 4934 libens,
1395 4874 1572 4923 tamen
1596 4870 1893 4925 consentio.

322 4957 429 5013 Sed
458 4958 523 5013 de
557 4957 741 5027 ﬁguris
773 4957 1123 5027 disputemus.
1157 4956 1221 5010 Et
1244 4958 1420 5027 primo
1458 4959 1543 5013 dic
1569 4960 1694 5027 quid
1720 4960 1790 5013 sit
1810 4960 1895 5015 in-

320 5057 405 5103 ter
434 5047 690 5118 ﬁguratas
719 5047 980 5102 dictiones
1003 5055 1055 5101 et
1082 5046 1440 5102 derivativas?
1460 5081 1529 5088 —
1552 5049 1714 5104 Saxo.
1745 5050 1897 5117 Quod

321 5139 565 5213 ﬁgurata:
586 5139 847 5193 dictiones
865 5148 953 5192 aut
980 5136 1251 5207 simplices
1273 5145 1418 5203 sunt,
1442 5147 1503 5193 ut
1526 5156 1779 5208 magnus;
1805 5147 1901 5193 aut

322 5229 649 5298 compositae,
675 5237 733 5281 ut
762 5227 1143 5297 magnanimus.
1176 5227 1495 5283 Derivativte
1522 5237 1698 5282 autem
1721 5230 1898 5284 asim-

323 5319 448 5387 plici
477 5319 692 5373 nomine
721 5319 1055 5383 derivantur,
1082 5326 1143 5372 ut
1168 5332 1198 5371 a
1223 5318 1309 5387 pio
1337 5317 1537 5387 pietas;
1571 5329 1663 5372 aut
1689 5334 1719 5372 a
1745 5333 1891 5373 com-

324 5409 519 5478 posito,
552 5418 611 5463 ut
645 5425 675 5463 a
712 5410 1045 5479 magnanimo
1072 5410 1510 5479 magnanimitas,
1542 5425 1662 5479 quae
1685 5409 1899 5464 decum—

324 5500 500 5571 posita
529 5502 795 5556 dicuntur.
827 5500 1133 5569 Composita
1159 5500 1348 5574 [enim]
1381 5500 1728 5571 intelligibilia
1759 5515 1899 5553 sem-

1997 4049 2174 4100 casus,
2208 4035 2335 4105 quia
2372 4035 2439 4089 de
2475 4034 2661 4106 ﬁguris
2682 4034 2850 4089 habes
2871 4035 3015 4105 quod
3043 4035 3309 4105 quaesisti.

2070 4124 2170 4179 Fu.
2204 4123 2449 4189 Vertam,
2478 4133 2534 4180 et
2556 4125 2715 4180 laetus
2746 4134 2979 4191 vertam,
3018 4125 3144 4195 quia
3171 4124 3404 4194 placitas
3428 4123 3588 4179 mihi-

1999 4224 2114 4271 met
2141 4216 2381 4273 rationes
2412 4215 2683 4286 protulisti
2706 4216 2773 4272 de
2796 4216 3007 4288 ﬁguris.

2572 4373 2661 4428 DE
2695 4371 3004 4429 CASIBUS.

2071 4503 2253 4559 Primo
2284 4505 2415 4559 mihi
2446 4506 2671 4576 explana
2698 4507 2840 4563 unde
2869 4523 3026 4563 casus
3055 4508 3286 4564 dicatur.
3313 4538 3387 4549 —-
3417 4508 3585 4563 Saxo.

1999 4596 2170 4652 Casus
2204 4598 2388 4666 utique
2433 4614 2463 4652 a
2514 4598 2753 4653 cadendo
2791 4599 3005 4664 dicitur,
3034 4600 3160 4668 quia
3186 4599 3255 4653 ab
3288 4601 3393 4655 hoc
3425 4615 3589 4657 sensu

2000 4687 2144 4741 cadit
2173 4686 2226 4741 in
2257 4686 2424 4747 illum,
2448 4686 2534 4741 vel
2553 4688 2621 4741 ab
2642 4688 2745 4742 hac
2767 4689 3144 4743 terminatione
3163 4689 3310 4744 cadit
3333 4690 3387 4743 in
3416 4690 3583 4748 illam.

2073 4779 2171 4832 Fn.
2210 4779 2333 4834 Scio
2355 4794 2449 4834 sex
2474 4794 2593 4835 esse
2614 4795 2805 4847 casus;
2842 4780 2933 4835 sed
2964 4780 3297 4851 singulorum
3319 4781 3589 4852 interpre-

2003 4870 2234 4925 tationes
2277 4870 2438 4924 velim
2489 4872 2724 4941 pandere
2770 4881 2852 4937 te,
2891 4886 2924 4925 ο
2953 4870 3115 4926 Saxo.
3146 4902 3216 4910 —
3243 4870 3412 4927 Saxo.
3445 4873 3591 4930 Bene

2001 4962 2102 5016 vis.
2142 4961 2356 5016 Primus
2380 4963 2759 5026 nominativus,
2803 4964 2927 5033 quia
2956 4978 3054 5033 per
3078 4964 3253 5034 ipsum
3284 4965 3587 5020 nominatio

2004 5051 2082 5105 ﬁt.
2114 5052 2217 5106 Iste
2255 5052 2451 5106 dicitur
2487 5062 2542 5107 et
2585 5061 2784 5111 rectus.
2822 5054 2946 5122 quia
2970 5054 3177 5123 primus
3203 5069 3232 5107 a
3261 5064 3459 5109 natura
3487 5070 3585 5109 na—

2000 5144 2187 5209 scitur,
2214 5144 2353 5199 etab
2376 5159 2442 5199 eo
2459 5143 2599 5200 facta
2624 5143 2908 5200 inﬂexione
2927 5154 3224 5201 nascuntur
3243 5145 3356 5199 alii.
3382 5145 3593 5201 Deinde

1998 5234 2284 5302 genitivus,
2308 5236 2433 5303 quia
2445 5251 2542 5305 per
2558 5236 2730 5305 ipsum
2753 5249 2921 5305 genus
2943 5234 3327 5306 signiﬁcamus,
3350 5245 3410 5289 ut
3423 5252 3592 5307 genus

1999 5333 2073 5376 est
2104 5319 2309 5377 Priami
2357 5323 2571 5378 Hector.
2601 5324 2706 5379 lste
2747 5340 2959 5396 quoque
2988 5325 3291 5395 appellatur
3316 5327 3591 5395 possessi-

2002 5427 2116 5474 vus,
2148 5429 2213 5466 eo
2235 5411 2376 5483 quod
2414 5416 2807 5482 possessionem
2834 5431 3049 5485 semper
3081 5431 3176 5486 per
3206 5417 3383 5487 ipsum
3415 5418 3589 5490 signi-

2000 5500 2243 5564 ﬁcamus,
2285 5508 2367 5567 ut,
2409 5499 2612 5557 Priami
2638 5520 2869 5574 regnum.
2900 5504 3028 5559 Post
3053 5505 3195 5559 hunc
3229 5504 3446 5561 dativus
3477 5514 3584 5569 est.
