3866 6170
302 237 408 297 869

1370 236 1841 296 DlDASCALlCA.
1869 265 1938 275 —
1975 234 2447 307 GBAMMATICA.

3449 247 3552 305 870

300 357 451 431 quia
492 356 669 412 dando
698 354 913 421 dicitur,
962 353 1272 426 signiﬁcans
1318 355 1523 425 aliquid
1570 371 1670 411 nos
1721 356 1871 423 dare,
1903 357 1944 413 Α
1986 353 2342 425 nominativo]
2372 361 2427 407 et
2454 352 2720 409 ablativus
2748 352 2802 409 in
2831 371 2862 409 a
2885 351 3143 430 [longam]
3183 359 3450 417 desinunt.
3484 360 3553 420 Ut

299 458 377 515 ut,
401 448 472 504 do
497 447 590 501 tibi
628 446 776 501 illam
804 463 943 511 rem;
971 446 1062 516 qui
1090 454 1144 502 et
1183 447 1519 502 mandativus
1549 446 1702 519 [Ms.,
1726 463 1876 503 com-

296 535 661 608 mendativus]
713 536 943 602 dicitur,
978 542 1067 601 ut,
1116 535 1418 590 commendo
1481 536 1680 590 homini
1730 536 1877 591 illam

300 642 427 684 rem.
458 626 665 693 Quarto
704 624 824 680 loco
850 631 934 680 est
953 625 1311 690 accusativus,
1347 625 1436 696 qui
1468 632 1523 680 et
1549 625 1874 690 causativus,

299 725 374 782 at,
405 730 595 771 accuso
624 713 907 769 hominem.
937 713 1073 768 Tum
1102 714 1400 781 vocativus,
1431 714 1524 785 qui
1549 722 1604 770 et
1637 715 1879 771 salutati-

298 821 396 860 vus
423 814 649 860 vocatur
677 804 833 877 μίση
864 804 1213 861 salutatorius
1247 805 1487 879 dicitur],
1517 813 1578 861 ut
1617 824 1647 861 ο
1676 806 1872 873 Αἵηεα,

297 907 352 955 et
377 897 519 953 salve
560 896 735 951 zEnea
756 898 777 951 .'
806 895 1106 952 Novissime
1138 897 1404 954 ablativus
1435 899 1671 970 ponitur,
1701 900 1792 969 qui
1822 908 1879 956 et

295 991 713 1061 comparativus,
739 989 1049 1057 signiﬁcans
1074 988 1276 1060 aliquid
1303 992 1511 1046 absumi
1540 990 1624 1045 vel
1654 1005 1875 1061 compa-

299 1083 407 1138 rari
437 1101 451 1137 :
477 1090 560 1147 ut,
588 1081 772 1150 aufero
802 1081 866 1135 ab
897 1080 1120 1137 Hectore
1152 1080 1419 1152 gladium;
1448 1091 1525 1149 et,
1551 1082 1740 1151 fortior
1768 1082 1876 1137 He-

296 1182 436 1227 ctore
460 1170 690 1225 Achilles
713 1181 810 1226 est.

364 1262 464 1316 Fs.
496 1260 752 1317 Ordinem
773 1275 1005 1331 quoque,
1035 1276 1134 1317 cur
1154 1261 1232 1317 sic
1252 1262 1412 1333 positi
1432 1262 1561 1329 sint,
1581 1261 1783 1333 profer.
1804 1294 1877 1303 —

295 1354 460 1413 Saxo.
490 1355 861 1410 Nominativus
883 1356 1113 1426 primum
1143 1358 1246 1413 sibi
1273 1358 1452 1413 locum
1474 1367 1720 1430 usurpat,
1747 1359 1883 1429 quia

288 1446 527 1517 primum
563 1453 757 1500 natura
798 1446 942 1502 hunc
973 1448 1216 1516 protulit.
1248 1448 1528 1505 Genitivus
1556 1451 1872 1518 secundum,

289 1538 416 1607 quia
443 1536 692 1592 naturale
718 1536 992 1592 vinculum
1030 1539 1244 1609 generis
1283 1541 1542 1609 possedit,
1581 1555 1875 1611 omnesque

288 1628 536 1698 obliquos
560 1635 801 1697 generat.
824 1628 1047 1684 Dativus
1070 1631 1312 1697 tertium,
1336 1632 1458 1700 quia
1481 1632 1653 1704 magis
1683 1634 1874 1689 amicis

292 1719 561 1774 convenit.
610 1716 966 1774 Accusativus
1005 1727 1287 1789 quartum,
1335 1722 1461 1791 quia
1509 1723 1576 1777 ad
1622 1724 1870 1781 inimicos

292 1808 492 1879 saepius
508 1807 797 1878 profertur.
820 1809 1023 1866 Deinde
1043 1811 1339 1878 vocativus,
1360 1814 1484 1882 quia
1504 1814 1873 1890 imperfectior

292 1909 380 1954 est
402 1900 524 1954 aliis
550 1915 707 1956 sensu
741 1918 755 1955 :
784 1910 841 1957 et
867 1901 935 1956 ad
964 1902 1252 1957 secundam
1282 1902 1616 1960 solummddo
1636 1907 1868 1975 pertine‘

294 2006 602 2060 personam,
636 1991 765 2047 dum
794 1991 886 2046 alii
924 2006 1083 2047 casus
1116 1992 1185 2047 ad
1223 2006 1705 2064 omnespersonas
1739 1995 1868 2065 jun-

292 2093 510 2153 guntur,
544 2092 624 2149 ιιι,
652 2101 743 2155 ego
770 2086 923 2139 homo
947 2102 1085 2151 sum,
1117 2095 1173 2138 tu
1199 2085 1353 2140 homo
1374 2103 1448 2150 es,
1478 2086 1567 2141 ille
1591 2087 1744 2142 homo
1770 2098 1866 2143 est.

295 2171 425 2237 Mei,
449 2172 548 2238 tui,
568 2172 710 2229 illius
738 2173 963 2229 hominis
996 2184 1094 2229 est.
1134 2174 1288 2240 Mihi,
1317 2175 1429 2241 tibi,
1453 2174 1533 2229 illi
1555 2176 1754 2232 homini
1776 2176 1866 2232 da.

296 2263 404 2329 ιιε,
430 2273 499 2330 te,
525 2262 674 2317 illum
700 2265 961 2320 hominem
984 2282 1194 2320 accuso.
1221 2271 1262 2320 Α
1292 2283 1395 2331 me,
1423 2278 1545 2332 ate,
1572 2267 1637 2321 ab
1663 2266 1756 2321 illo
1775 2269 1870 2322 ho-

292 2355 432 2409 mine
451 2355 548 2409 hoc
570 2353 787 2424 protuli.
815 2354 974 2411 Solus
994 2357 1275 2411 vocativus
1297 2356 1427 2411 dicit
1460 2373 1473 2409 ε
1505 2372 1535 2409 ο
1555 2357 1711 2411 homo
1733 2358 1867 2414 veni.

295 2446 402 2501 Sed
423 2445 705 2514 ablativus,
734 2447 826 2516 qui
854 2447 1142 2502 novissime
1164 2454 1409 2518 repertus
1455 2454 1558 2513 est,
1582 2447 1872 2504 novissime

288 2537 527 2608 ponitur.

360 2625 459 2680 Fu.
484 2625 624 2681 Num
664 2628 844 2682 omnia
871 2629 1088 2684 nomina
1141 2644 1240 2699 per
1294 2644 1484 2686 omnes
1518 2645 1678 2686 casus
1703 2630 1870 2687 decli-

288 2715 412 2772 nari
448 2718 709 2787 possunt?
735 2747 805 2757 —
825 2717 991 2773 Suo.
1023 2718 1139 2774 Non
1185 2728 1439 2789 possunt,
1469 2721 1594 2791 quia
1624 2730 1751 2776 sunt
1776 2737 1872 2777 no—

287 2806 436 2862 mina
460 2822 582 2878 quae
627 2808 1019 2864 nominativum
1058 2810 1230 2866 solum
1274 2811 1493 2877 habent,
1529 2820 1585 2866 et
1620 2813 1873 2867 dicunt-ur

284 2906 492 2966 aptata,
529 2907 591 2952 ut
629 2899 732 2970 fas,
761 2900 852 2971 git,
886 2918 1016 2973 pus,
1044 2902 1108 2955 ir.
1145 2901 1284 2957 Sunt
1330 2916 1451 2970 quae
1479 2903 1870 2958 nominativum

280 3004 393 3043 non
421 2989 641 3057 habent,
668 2999 748 3055 ut,
771 2990 940 3058 locis,
965 2992 1106 3056 Jovi,
1134 2993 1336 3057 Jovem,
1358 3008 1391 3044 a
1415 2991 1564 3048 Jove.
1596 2991 1734 3048 Sunt
1759 2994 1864 3049 alia

281 3078 339 3132 in
377 3079 573 3149 quibus
618 3089 728 3137 tres
771 3088 976 3137 tantum
1025 3081 1227 3150 obliqui
1276 3080 1652 3147 inveniuntur;
1695 3083 1859 3155 frugi,

278 3170 512 3240 frugem,
541 3188 575 3225 α
603 3171 771 3242 fruge.
820 3171 955 3235 Alia,
1003 3172 1057 3225 in
1106 3171 1304 3242 quibus
1344 3172 1472 3239 duo,
1511 3179 1573 3227 ut
1618 3173 1799 3239 vicem,
1831 3189 1863 3229 a

282 3262 414 3315 vice.
438 3262 575 3326 Alia,
605 3263 659 3315 in
689 3262 883 3331 quibus
905 3277 1064 3328 unus,
1089 3271 1149 3316 ut
1168 3271 1367 3332 sponte,
1397 3278 1557 3333 cwpe.

355 3351 453 3406 Fu.
487 3352 629 3419 Quot
658 3351 846 3407 forma:
867 3352 1109 3409 casuales
1140 3353 1296 3413 sunt?
1318 3384 1390 3394 --
1412 3353 1577 3413 Saxo.
1602 3350 1709 3407 Sex
1736 3359 1865 3406 sunt

279 3445 500 3499 nomina
528 3451 857 3513 monoptota,
889 3458 1010 3512 quae
1047 3459 1152 3497 una
1186 3444 1565 3500 terminatione
1590 3458 1691 3513 pro
1714 3442 1862 3502 omni

279 3548 413 3588 casu
444 3533 760 3605 funguntur,
786 3541 847 3587 ut
871 3534 1087 3604 gummi,
1120 3550 1362 3605 nequam.
1394 3533 1505 3591 Sub
1541 3549 1648 3604 qua
1678 3533 1863 3604 regula

278 3631 410 3680 sunt
435 3624 599 3678 etiam
626 3624 842 3678 nomina
868 3623 1169 3677 litterarum
1198 3629 1252 3678 et
1292 3638 1641 3679 numerorum
1668 3637 1699 3676 a
1724 3636 1862 3692 qua-

282 3722 411 3770 tuor
434 3729 604 3785 usque
625 3712 694 3768 ad
727 3721 965 3769 centum.
996 3713 1209 3784 Diptota
1232 3722 1378 3778 sunt,
1401 3728 1523 3783 qua:
1550 3714 1685 3769 duos
1705 3726 1864 3767 casus

278 3805 527 3863 diversos
553 3806 788 3871 habent,
823 3815 883 3859 ut
908 3821 1041 3867 sors,
1065 3819 1094 3856 a
1124 3811 1262 3857 sorte
1290 3818 1309 3855 :
1337 3804 1421 3859 vel
1446 3818 1635 3859 omnes
1657 3802 1865 3859 duabus

278 3888 927 3954 tantum'diversitatibus
950 3896 1231 3960 discretos,
1255 3903 1318 3949 ut
1360 3911 1527 3949 cornu
1557 3909 1747 3949 omnes
1773 3909 1866 3949 ca-

279 4005 380 4045 sus
410 3989 574 4045 habet
598 3990 652 4043 in
672 3990 891 4044 brevem
915 3985 1070 4059 [Ms.,
1092 3985 1314 4049 habent,
1339 3993 1455 4040 tres
1478 3985 1530 4039 in
1557 3986 1777 4039 brevem
1803 4000 1862 4051 u,

278 4089 341 4134 et
363 4087 477 4135 tres
498 4079 551 4133 in
579 4078 791 4148 longum
813 4076 893 4149 u].
914 4077 1030 4131 Alia
1049 4078 1284 4148 triptota,
1309 4075 1487 4147 qualia
1525 4083 1653 4131 sunt
1671 4085 1866 4130 neutra

280 4173 339 4226 in
362 4171 596 4226 secunda
636 4169 1016 4235 declinatione,
1043 4184 1163 4239 quae
1193 4178 1304 4222 tres
1331 4167 1676 4223 diversitates
1702 4166 1866 4237 279

280 4278 508 4318 casuum
531 4261 750 4326 habent,
773 4268 833 4315 ut
855 4260 1121 4331 templum,
1144 4258 1339 4328 templi,
1363 4257 1572 4329 tentplo,
1605 4266 1660 4313 et
1683 4258 1865 4312 omnia

1978 443 2061 497 hic
2084 454 2237 515 poeta
2259 461 2278 509 ;
2300 444 2555 514 genitivo,
2586 444 2746 515 hujus
2758 454 2957 515 poeta;
2992 448 3192 515 dativo,
3217 452 3339 504 huic
3352 464 3552 521 poene;

1977 534 2115 588 hunc
2137 545 2379 606 poetam;
2410 552 2439 589 ο
2466 545 2641 606 poeta,
2682 536 2746 590 ab
2767 536 2864 590 hoc
2889 547 3062 608 poeta.
3098 538 3469 597 Nominativus
3498 553 3553 598 et

1975 625 2255 680 vocativus
2283 624 2510 695 pluralis
2539 626 2593 679 in
2620 642 2664 680 az
2686 625 3123 702 [diphthongon].
3169 630 3451 688 Genitivus
3493 635 3551 689 in

1976 731 2149 769 arum.
2181 714 2559 788 [Accusativus
2584 716 2638 771 in
2670 716 2776 790 as.]
2815 718 3038 774 Dativus
3080 729 3134 774 et
3177 722 3445 780 ablativus
3493 725 3552 780 in

1974 806 2020 860 is
2045 805 2172 878 (nisi
2210 807 2281 861 sit
2304 806 2645 862 disoemendi
2664 809 2879 878 generis
2907 824 3092 875 causa,
3127 819 3188 865 ut
3210 813 3425 880 deabus,
3482 815 3552 885 ﬁ-

1974 895 2167 961 liabus,
2200 896 2444 963 natabus,
2470 896 2719 970 equabus)
2744 898 2799 952 hi
2823 908 3005 970 poetic,
3038 900 3225 955 horum
3253 914 3547 973 poetarum,

1973 983 2055 1038 his
2074 985 2259 1055 poetis,
2288 985 2383 1039 hos
2410 994 2613 1054 poetas,
2644 1002 2674 1039 o
2706 997 2894 1057 poene,
2917 987 2982 1041 ab
3006 988 3087 1043 his
3112 992 3296 1060 poetis.

2045 1074 2306 1130 Secundae
2331 1076 2709 1132 declinationis
2736 1078 3006 1148 genitivus
3031 1081 3084 1134 in
3112 1081 3131 1134 i
3152 1083 3370 1139 desinit.
3399 1086 3548 1141 Dati-

1973 1180 2072 1220 vus
2099 1172 2155 1218 et
2181 1164 2447 1220 ablativus
2474 1166 2530 1220 in
2563 1182 2594 1220 ο
2615 1168 2954 1236 productam.
2978 1169 3404 1228 Accusativusin
3433 1191 3542 1239 uin,

1973 1256 2079 1311 nisi
2114 1256 2223 1311 sint
2248 1265 2462 1323 neutra,
2486 1273 2716 1328 quorum
2750 1261 3091 1317 accusativus
3114 1264 3315 1334 ubique
3359 1267 3543 1336 sequi-

1972 1353 2063 1401 tur
2091 1362 2247 1401 suum
2285 1347 2695 1414 nominativum,
2729 1363 2823 1403 seu
2874 1350 2929 1405 in
2978 1351 3241 1423 singulari
3296 1371 3542 1424 numero,

1973 1452 2068 1493 seu
2097 1439 2152 1493 in
2170 1438 2384 1509 plurali.
2411 1440 2700 1495 Vocativus
2739 1441 2932 1497 similis
2975 1452 3060 1497 est
3107 1446 3439 1504 nominativo
3488 1451 3547 1505 in

1975 1531 2083 1588 illis
2128 1532 2382 1587 omnibus
2407 1531 2563 1604 [Ms.,
2611 1531 2942 1605 nominibus]
2979 1550 3099 1604 qua:
3126 1535 3179 1590 in
3208 1554 3258 1590 m
3295 1539 3379 1593 vel
3406 1541 3548 1595 rde-

1975 1623 2199 1686 sinunt;
2233 1623 2276 1676 si
2302 1637 2432 1677 vero
2467 1623 2521 1676 in
2548 1622 2630 1675 ius
2656 1623 2872 1677 nomina
2901 1624 3155 1679 desinunt
3182 1629 3422 1696 propria,
3454 1644 3548 1685 vo-

1901 1688 1951 1748 Β
1975 1713 2185 1767 cativus
2216 1712 2268 1765 in
2299 1711 2336 1776 i,
2365 1719 2427 1765 ut
2486 1709 2758 1781 Virgilius,
2799 1688 3201 1787 Virgili'[linit]-.
3232 1688 3299 1770 Si.
3319 1688 3544 1792 [autem]

1972 1802 2338 1858 nominativus
2376 1801 2429 1855 in
2462 1817 2547 1865 us,
2594 1801 2873 1856 vocativus
2900 1802 2954 1855 in
2993 1819 3021 1856 e
3074 1802 3269 1858 desinit
3307 1815 3411 1861 :ut
3463 1809 3547 1862 hic

1970 1910 2214 1965 magnus,
2242 1909 2442 1964 magna,
2469 1909 2677 1964 magno,
2706 1910 2974 1964 magnum,
3002 1911 3031 1948 ο
3057 1911 3310 1966 magne,a
3335 1916 3543 1971 magno.

1970 1985 2344 2041 Nominativus
2369 1993 2424 2038 ct
2453 1985 2733 2039 vocativus
2769 1985 3027 2054 plurales,
3076 1988 3182 2042 nisi
3232 1989 3284 2043 in
3323 2001 3543 2059 neutro,

1969 2077 2416 2147 periﬁniuntur.
2448 2075 2732 2131 Genitivus
2783 2076 2837 2130 in
2884 2094 3038 2131 orum
3089 2077 3232 2150 [Ms.,
3275 2081 3331 2135 in
3383 2084 3543 2157 rum].

1975 2168 2192 2223 Dativus
2212 2174 2267 2223 et
2292 2166 2561 2221 ablativus
2583 2167 2637 2220 in
2664 2167 2729 2231 is,
2761 2169 3104 2224 accusativus
3141 2169 3194 2224 in
3226 2187 3302 2225 os.
3328 2172 3402 2227 Hi
3434 2190 3548 2228 ma-

1969 2262 2079 2333 gni,
2103 2276 2437 2331 magnorum,
2462 2259 2691 2330 magnis,
2715 2275 2954 2330 magnos,
2978 2277 3008 2314 o
3032 2264 3235 2332 magni,
3264 2280 3296 2316 a
3318 2266 3543 2336 magnis.

2040 2353 2237 2408 Tertia:
2266 2352 2640 2407 declinationis
2664 2352 2934 2423 genitivus
2969 2351 3021 2405 in
3049 2352 3114 2406 is.
3145 2353 3367 2410 Dativus
3409 2357 3464 2410 in
3504 2359 3543 2411 i.

1973 2442 2324 2499 Accusativus
2368 2442 2421 2496 in
2442 2458 2522 2496 em
2551 2459 2570 2507 ;
2605 2442 2659 2495 in
2690 2440 2878 2512 paucis
2909 2441 2964 2495 in
2987 2442 3079 2508 im,
3128 2452 3210 2508 ut,
3241 2445 3451 2511 turrim,
3474 2446 3548 2499 si-

1972 2538 2063 2591 tim
2090 2535 2309 2608 [restim,
2349 2533 2623 2607 puppim]:
2656 2534 2934 2589 vocativus
2954 2533 3148 2589 similis
3181 2543 3265 2591 est
3301 2538 3550 2591 nomina-

1972 2629 2103 2683 tivo.
2131 2626 2415 2680 Ablativus
2444 2624 2500 2679 in
2526 2623 2846 2694 quibusdam
2876 2639 2975 2694 per
3000 2640 3029 2678 e
3047 2634 3375 2695 correptam,
3399 2635 3459 2680 ut
3482 2645 3494 2680 :
3514 2643 3547 2681 a

1970 2727 2118 2788 patre
2144 2732 2163 2772 :
2186 2717 2240 2771 in
2263 2715 2585 2785 quibusdam
2613 2730 2712 2786 per
2744 2714 2797 2779 i;
2824 2722 2902 2779 ut,
2930 2713 3102 2768 Tiberi
3140 2714 3285 2787 [Ed.,
3325 2716 3544 2789 Liberi].

1971 2808 2029 2862 ln
2057 2806 2378 2877 quibusdam
2400 2820 2499 2875 per
2526 2821 2553 2859 e
2576 2805 2691 2871 eti,
2718 2812 2799 2870 ut,
2824 2822 2855 2858 a
2878 2804 3028 2875 [elice
3044 2814 3099 2860 et
3119 2806 3278 2876 felici.
3312 2806 3415 2861 Hic
3432 2824 3545 2873 rex,

1973 2901 2128 2971 regis,
2147 2899 2276 2969 regi,
2294 2913 2481 2968 regem,
2499 2913 2612 2962 rex,
2630 2914 2661 2951 a
2678 2913 2812 2967 rege.
2828 2896 3204 2952 Nominativus
3220 2907 3277 2953 et
3288 2899 3549 2954 accusati-

1972 3006 2071 3045 vus
2085 2988 2163 3061 [et
2187 2986 2484 3059 vocativus]
2500 2986 2736 3057 plurales
2762 2987 2816 3041 in
2837 3002 2889 3040 es
2909 2990 3251 3056 productam.
3276 2988 3334 3041 In
3359 2992 3549 3059 paucis

1967 3079 2307 3135 accusativus
2334 3075 2454 3149 [F.,
2485 3075 2869 3148 nominativus]
2898 3077 2951 3130 in
2983 3077 3050 3142 is,
3076 3086 3135 3131 ut
3173 3078 3354 3132 turris.
3386 3078 3549 3136 Geni-

1966 3171 2108 3224 tivus
2137 3170 2190 3223 in
2220 3185 2327 3233 um,
2357 3168 2414 3222 in
2438 3168 2759 3238 quibusdam
2789 3167 2843 3221 in
2870 3169 3001 3234 ium,
3030 3178 3091 3222 ut
3130 3170 3377 3224 turrium.
3400 3170 3548 3226 Dati-

1968 3275 2062 3316 vus
2087 3268 2142 3315 et
2171 3259 2440 3314 ablativus
2467 3258 2519 3312 in
2547 3258 2667 3325 bus,
2691 3265 2780 3324 ut,
2815 3257 2868 3311 hi
2893 3274 3058 3329 reges,
3085 3274 3285 3329 regum,
3318 3260 3545 3332 regibus,

1964 3368 2130 3423 reges,
2157 3368 2187 3405 ο
2215 3366 2378 3421 reges,
2405 3367 2436 3403 a
2461 3348 2690 3420 regibus.

2033 3443 2252 3511 Quarta;
2303 3441 2678 3497 declinationis
2722 3441 2991 3512 genitivus
3045 3443 3337 3515 singularis
3379 3444 3433 3499 in
3485 3462 3547 3500 us

1961 3536 2301 3606 productam.
2329 3532 2550 3588 Dativus
2571 3532 2625 3586 in
2648 3533 2724 3585 ui.
2748 3530 3103 3590 Accusativus
3126 3535 3179 3589 in
3204 3552 3313 3589 um.
3365 3535 3542 3591 Voca-

1962 3628 2106 3681 tivus
2131 3626 2323 3681 similis
2343 3633 2428 3680 est
2464 3625 2817 3679 nominativo.
2847 3624 3134 3682 Ablativus
3161 3626 3216 3680 in
3252 3644 3286 3680 u
3308 3627 3546 3697 produc-

1964 3725 2094 3771 tam.
2123 3716 2215 3783 Ut,
2252 3716 2336 3770 hic
2360 3724 2590 3780 senatus,
2642 3714 2804 3786 hujus
2848 3726 3082 3783 senatus,
3133 3717 3255 3770 huic
3310 3720 3541 3785 senatui,

1962 3813 2102 3867 hunc
2129 3820 2389 3875 senatum,
2427 3827 2457 3863 ο
2485 3819 2725 3874 senatus,
2748 3810 2812 3863 ab
2859 3811 2957 3864 hoc
2984 3820 3191 3864 senatu.
3250 3809 3548 3865 Nominati—

1962 3918 2064 3957 vus
2082 3910 2137 3956 et
2157 3900 2498 3955 accusativus
2533 3907 2590 3953 et
2608 3899 2890 3953 vocativus
2919 3897 3203 3970 [plurales]
3238 3899 3292 3951 in
3318 3915 3379 3951 us
3414 3913 3544 3968 pro-

1964 3993 2203 4046 ductam.
2236 3988 2516 4044 Genitivus
2543 3988 2597 4042 in
2619 4002 2768 4040 uum.
2804 3985 3032 4041 Dativus
3078 3994 3134 4040 et
3178 3985 3444 4042 ablativus
3490 3989 3546 4044 in

1965 4088 2080 4153 bus,
2121 4096 2203 4151 ut,
2245 4086 2298 4139 hi
2333 4093 2565 4149 senatus,
2602 4082 2791 4136 horum
2833 4091 3132 4144 senatuum,
3159 4082 3446 4147 senatibus,
3470 4100 3548 4137 sc-

1967 4188 2145 4243 natus,
2181 4194 2210 4230 ο
2236 4185 2469 4240 senatus,
2500 4192 2532 4228 a
2557 4173 2844 4229 senatibus.

2036 4268 2248 4335 Quintae
2274 4265 2651 4322 declinationis
2678 4264 2947 4335 genitivus
2963 4272 3019 4319 et
3045 4263 3261 4320 dativus
3308 4263 3547 4337 singula-

280 4363 478 4409 ηθυιη
519 4352 744 4424 pluralia
778 4366 875 4422 Per
903 4365 1090 4407 omnes
1126 4349 1535 4414 dedinalimesi
1569 4347 1763 4413 είάεταν
1794 4349 1865 4403 εί·
1887 4372 1944 4437 υ
1970 4364 2047 4419 ris
2072 4362 2125 4417 in
2154 4362 2203 4415 ei
2231 4360 2453 4415 divisas.
2481 4357 2839 4413 Accusativus
2863 4357 2918 4411 in
2941 4372 3043 4410 em.
3074 4354 3368 4411 Vocativus
3396 4356 3547 4410 simi-

278 4448 493 4511 derum,
527 4445 805 4500 sideribus.
836 4444 956 4497 Alia
1001 4450 1300 4512 tetraptota,
1334 4440 1511 4512 qualia
1532 4447 1657 4495 sunt
1680 4440 1863 4495 omnia

281 4538 337 4592 in
369 4552 400 4589 r
432 4534 582 4607 [Ms.,
614 4534 697 4608 er]
741 4534 1042 4589 desinentia
1091 4532 1342 4588 secundae
1383 4530 1775 4595 declinationis,
1805 4537 1865 4584 ut

276 4643 438 4701 puer,
480 4627 651 4697 pueri,
695 4641 878 4696 puero,
919 4641 1158 4696 puerum.
1183 4624 1301 4679 Alia
1332 4632 1655 4696 pentaptota,
1683 4622 1864 4693 qualia

278 4727 417 4775 sunt
438 4719 731 4774 masculina
751 4718 999 4774 secunda:
1023 4718 1393 4774 declinationis
1429 4719 1484 4772 in
1506 4735 1568 4772 us
1596 4716 1770 4781 ﬁnita,
1808 4723 1866 4768 ut

278 4814 493 4877 doctus,
523 4812 682 4878 docti,
709 4812 882 4879 docto,
921 4811 1154 4877 doctum,
1175 4811 1344 4865 docte.
1376 4809 1675 4879 Hexaptota
1717 4818 1862 4872 sunt,

279 4918 409 4977 qua:
432 4918 528 4958 sex
551 4904 788 4957 diversos
812 4903 1011 4957 habent
1040 4917 1221 4968 casus,
1245 4909 1305 4956 ut
1325 4907 1409 4955 est
1437 4915 1452 4954 :
1480 4915 1616 4953 unus
1634 4939 1648 4963 ,
1687 4901 1861 4967 unius,

281 4996 408 5061 uni,
434 5011 616 5060 unum,
645 5010 768 5059 une,
800 4994 865 5047 ab
895 5010 1017 5048 uno.

360 5084 463 5138 Fa.
495 5084 573 5139 Ne
593 5084 665 5139 sit
689 5084 783 5137 tibi
811 5097 1098 5138 onerosum
1120 5082 1453 5152 singulorum
1485 5096 1709 5137 casuum
1759 5090 1868 5137 ter-

287 5180 614 5234 minationes
654 5192 745 5247 per
779 5191 968 5230 omnes
1016 5176 1251 5244 quinque
1302 5174 1688 5231 declinationes
1732 5175 1865 5231 mihi

285 5291 583 5345 exponere.
599 5306 667 5315 —
690 5276 857 5330 Suo.
880 5273 1201 5344 Longiorem
1219 5288 1306 5329 me
1334 5272 1469 5329 facis
1493 5271 1677 5328 multis
1703 5273 1868 5327 inter-

286 5368 679 5439 rogationibus.
1814 5356 1831 5377 ¹

360 5460 461 5515 Fu.
514 5460 652 5527 Quid
692 5460 738 5516 si
786 5459 1055 5515 utiliorem
1098 5459 1151 5513 in
1195 5460 1517 5514 necessariis
1548 5457 1867 5529 regulis?—

290 5555 466 5612 Ssxo.
501 5555 696 5611 Prima
726 5554 1106 5613 declinationis
1139 5553 1407 5624 genitivus
1436 5562 1490 5607 et
1515 5552 1726 5606 dativus
1745 5552 1799 5606 in
1820 5568 1868 5607 te

292 5647 665 5720 diphthongon
698 5647 1082 5703 :accusativus
1118 5646 1170 5703 in
1201 5662 1307 5699 am.
1341 5645 1631 5700 Vocativus
1652 5642 1865 5716 [similis

1967 4456 2034 4509 lis
2060 4461 2143 4509 est
2168 4451 2521 4507 nominativo.
2545 4449 2827 4504 Ablativus
2857 4448 2912 4503 in
2934 4464 2962 4503 e
2994 4448 3271 4518 profertur
3294 4446 3458 4519 [Ms.,
3489 4447 3546 4501 in

1964 4562 1991 4601 ε
2012 4542 2378 4616 productam].
2409 4542 2500 4608 Ut,
2524 4542 2635 4596 hwc
2660 4557 2762 4604 res,
2795 4541 2954 4610 hujus
2996 4541 3092 4605 rei,
3128 4540 3224 4604 rei,
3254 4557 3379 4603 rem,
3436 4538 3542 4607 res,

1965 4654 1998 4690 a
2044 4652 2116 4689 re.
2137 4634 2512 4688 Nominativus
2537 4640 2591 4688 et
2617 4632 2959 4687 accusativus
2990 4639 3045 4684 et
3087 4632 3368 4688 vocativus
3420 4632 3543 4701 plu-

1964 4727 2107 4782 rales
2130 4728 2183 4781 in
2210 4744 2287 4782 es.
2314 4726 2595 4782 Genitivus
2617 4724 2671 4777 in
2688 4739 2774 4776 um
2799 4721 2945 4793 [Ms.,
2971 4721 3026 4775 in
3049 4720 3209 4795 rum].
3244 4724 3463 4777 Dativus
3491 4732 3547 4777 et

1966 4817 2229 4872 ablativus
2255 4818 2306 4870 in
2326 4816 2453 4870 bus:
2480 4823 2536 4869 ut
2556 4814 2637 4868 ha:
2665 4829 2767 4877 res,
2788 4828 2984 4876 rerum,
3010 4811 3183 4878 rebus,
3206 4830 3313 4879 res,
3340 4830 3369 4867 ο
3391 4830 3494 4877 res,
3512 4830 3545 4867 a

1965 4907 2139 4962 rebus.
2162 4906 2324 4970 Num,
2356 4905 2584 4967 France,
2633 4903 2810 4957 adhuc
2838 4909 2923 4956 sat
2962 4902 3129 4956 habes
3178 4903 3246 4957 de
3295 4903 3547 4958 nomine?

2036 4998 2133 5052 Fa.
2165 4995 2260 5050 Sat
2298 4995 2630 5058 habuissem,
2662 4991 2828 5059 Saxo,
2876 4992 2923 5047 si
2971 5007 3078 5046 non
3134 4992 3380 5061 ciniphes
3426 4978 3585 5063 quae"

1966 5099 2092 5146 sunt
2118 5089 2171 5142 in
2202 5088 2363 5141 domo
2388 5085 2631 5155 magistri
2661 5100 2827 5140 aures
2853 5083 2987 5139 mihi
3014 5083 3421 5154 qumstiunculis
3433 5084 3546 5141 suis

1966 5178 2300 5247 implessent.
2331 5175 2534 5231 Tamen
2564 5176 2607 5230 si
2638 5176 2816 5245 placet
2839 5182 3179 5230 transeamus
3195 5176 3263 5230 ad
3277 5176 3400 5230 alia.
3424 5176 3546 5231 lllas

1967 5287 2179 5343 quoque
2215 5270 2377 5324 modo
2404 5270 2697 5326 excutiam.
2727 5268 2807 5324 Tu
2835 5268 3005 5322 transi
3032 5283 3141 5338 quo
3166 5268 3323 5333 velis,
3346 5283 3547 5338 sequar

1966 5375 2020 5418 te
2043 5378 2151 5431 quo
2178 5361 2343 5415 vadis.
2570 5420 2573 5423 _

2478 5451 2567 5505 DE
2607 5448 3025 5506 l‘RONOMlNE.

2035 5546 2136 5600 Fa.
2170 5544 2478 5599 Pronomen
2501 5544 2631 5612 quid
2660 5543 2783 5597 est?
2817 5572 2889 5585 -
2925 5540 3091 5596 Saxo.
3121 5539 3256 5595 Pars
3283 5540 3547 5596 orationis

1967 5654 2091 5695 cum
2129 5653 2255 5693 casu
2289 5637 2523 5707 positum
2556 5634 2710 5709 [Ms.,
2755 5631 2953 5705 posita]
2992 5631 3240 5721 Pominis
3283 5632 3425 5696 vice,
3469 5648 3538 5690 ne
