3906 6190
338 303 440 364 ετι

1188 288 1251 342 Β.
1303 286 1366 340 F.
1406 278 1634 338 ALBIM
1674 276 1802 331 SEU
1846 269 2128 329 ALCUlNl
2167 267 2453 334 OPERUM
2492 263 2672 320 PARS
2711 262 2818 321 VII.

3499 255 3602 312 872

338 418 535 491 ssepius
557 417 814 470 iteratum
836 423 1034 464 nomen
1065 405 1347 462 fastidium
1373 400 1537 454 faciat
1565 396 1719 469 [Ms.,
1768 393 1917 449 face-
1949 397 1996 454 Α
2025 405 2101 454 ce,
2143 387 2280 443 illice
2300 429 2314 453 ,
2344 386 2487 478 quod
2516 399 2612 454 per
2642 393 2919 451 apocopen
2949 374 3221 446 profertur
3245 375 3352 428 illic
3372 413 3386 436 ,
3417 372 3605 428 ultima

337 482 442 578 ret]
470 500 709 558 audienti
733 497 816 552 vel
845 493 1045 566 legenti
1076 507 1090 545 :
1125 498 1178 544 et
1209 489 1389 543 finitas
1411 482 1606 551 recipit
1631 493 1911 578 personas:

409 567 849 652 li‘n.Pronomini
903 593 1033 654 quot
1070 581 1321 636 accidunt
1381 573 1534 648 [Ms.,
1592 567 1918 639 accedunt]?

338 719 410 732 -—
437 685 602 741 Saxo.
636 680 743 735 Sex
775 697 789 732 :
824 676 1063 747 Species,
1094 683 1349 741 persona,
1408 677 1594 736 genus,
1643 672 1919 721 numerus,

340 782 534 852 ﬁgura,
562 788 744 831 casus.

413 837 578 940 280
605 866 705 920 Fu.
737 860 956 931 Species
980 851 1362 927 pronominum
1385 853 1518 916 quot
1544 842 1706 899 sunt?
1731 869 1801 880 ——
1830 837 1927 940 Ss-

342 929 606 1018 x0313}.
634 929 922 1023 Quia—sunt
945 945 1267 1018 pronomina
1282 946 1378 995 aut
1406 935 1700 1008 privativa,
1719 937 1810 986 aut
1828 929 1923 984 de-

345 1064 597 1112 rivattva.

416 1142 515 1196 Fu.
545 1134 823 1192 Primitiva
853 1135 985 1200 quot
1013 1125 1172 1181 sunt?
1200 1151 1267 1162 —-
1299 1120 1466 1174 Saxo.
1488 1116 1644 1172 Octo.
1678 1114 1810 1185 Ego,
1846 1121 1924 1176 tu,

344 1234 448 1296 sui,
477 1230 585 1293 ille,
614 1229 744 1297 ipse,
771 1225 890 1286 iste,
928 1221 1036 1282 hic,
1065 1219 1130 1270 is.

415 1293 512 1376 Fn.
531 1293 837 1374 Derivativa
855 1318 988 1381 quot
1013 1307 1176 1363 sunt?
1201 1334 1268 1346 --
1288 1301 1455 1357 Saxo.
1483 1298 1723 1368 Septem.
1759 1293 1927 1354 Meus,

343 1420 487 1474 tuus,
513 1425 661 1470 suus,
695 1409 1089 1467 noster,vester,
1106 1404 1330 1456 nostras,
1357 1398 1575 1444 vestras.

414 1473 494 1556 ιτῂ
548 1498 700 1553 Unde
729 1496 845 1548 h.cc
891 1484 1254 1562 [pronomina]
1279 1477 1628 1536 derivantur?
1653 1505 1724 1516 ——
1759 1473 1929 1528 Saxo.

345 1593 392 1647 Α
415 1587 668 1662 genitivis
694 1583 1116 1655 primitivorum.
1149 1577 1192 1629 A
1222 1573 1321 1627 mei
1351 1585 1524 1633 meus,
1549 1583 1580 1622 a
1626 1566 1705 1620 tui
1758 1573 1884 1617 tuus
1917 1579 1930 1613 :

348 1699 379 1738 a
403 1683 484 1738 sui
505 1695 634 1736 suus
665 1695 676 1728 :
709 1691 738 1729 a
773 1682 1007 1728 nostrum
1032 1677 1218 1722 noster
1245 1671 1300 1718 et
1325 1671 1540 1716 nostras
1573 1676 1585 1711 :
1620 1673 1651 1712 a
1701 1664 1932 1708 oestrum

2025 479 2276 554 [syllaba]
2307 465 2675 535 circumﬂexa.

2587 585 2678 639 DE
2724 580 3029 638 NUMERO.

2091 707 2191 761 Fu.
2221 705 2443 760 Numeri
2471 703 2849 772 pronominum
2881 709 3013 770 quot
3035 695 3459 754 suun—Suo.
3475 697 3608 752 Duo.

2025 798 2351 869 Singularis,
2376 803 2436 850 ut
2465 797 2580 848 iste.
2613 792 2864 856 Pluralis,
2897 798 2958 845 ut
2982 792 3089 844 isti.

2099 891 2236 945 Sunt
2254 898 2309 944 et
2333 902 2559 943 numero
2589 884 2913 944 communia,
2944 890 3002 936 ut
3037 881 3145 946 sui,
3175 880 3294 945 sibi,
3343 897 3419 944 se,
3456 896 3488 933 a
3536 896 3614 947 se,

2027 996 2145 1050 quae
2167 979 2499 1033 nominativo
2529 985 2736 1039 carent,
2768 975 2892 1043 quia
2925 973 2970 1028 si
2999 979 3142 1028 esset
3167 972 3225 1025 hi
3250 971 3332 1025 vel
3370 972 3416 1024 si
3441 971 3613 1025 nomi-

2029 1072 2264 1134 nativus,
2291 1066 2682 1122 dubitationem
2705 1063 2923 1119 fecisset
2952 1065 3096 1118 inter
3120 1063 3174 1115 hi
3222 1060 3367 1116 aliud
3419 1076 3616 1130 prono-

2031 1176 2176 1222 men,
2209 1168 2264 1214 et
2291 1159 2336 1210 si
2371 1154 2803 1224 conjunctionem
2822 1166 2867 1208 ι.
2915 1153 3010 1208 Vel
3060 1154 3188 1222 quia
3242 1153 3492 1207 transitio
3534 1152 3615 1206 vel

2033 1250 2392 1321 reciprocatio
2428 1262 2674 1317 persona:
2722 1246 2778 1299 in
2835 1247 3052 1301 nomine
3107 1261 3212 1300 non
3255 1252 3438 1314 potest
3475 1259 3614 1310 esse,

1982 1372 1990 1380 -
2033 1343 2172 1411 quod
2203 1340 2285 1394 sui
2307 1353 2520 1407 semper
2542 1338 2741 1391 habet:
2782 1336 3179 1404 Reciprocatio,
3207 1343 3285 1399 ut,
3320 1336 3404 1389 sui
3436 1336 3621 1390 memi-

2034 1437 2128 1489 nit.
2171 1434 2463 1497 Transitio,
2491 1440 2574 1496 ut,
2605 1447 2700 1484 suo
2726 1446 2871 1484 servo
2901 1429 3152 1498 loquitur.

2605 1562 2692 1616 DE
2741 1559 3049 1616 CASIBUS.

2108 1676 2210 1731 Fu.
2237 1676 2407 1732 Casus
2444 1673 2824 1745 pronominum
2872 1671 3072 1743 profer.
3124 1702 3196 1712 --
3226 1669 3394 1726 Saxo.
3454 1670 3620 1726 Casus

348 1785 530 1830 vester
554 1781 609 1825 et
629 1776 857 1824 vestras.
890 1762 1016 1816 llaec
1053 1765 1180 1813 sunt
1237 1751 1548 1824 quindecim
1601 1743 1925 1817 pronomina
1957 1746 2003 1810 Β
2030 1769 2407 1840 pronominum
2429 1774 2556 1821 sum
2581 1773 2641 1820 ut
2663 1764 2966 1828 nominum,
2988 1763 3091 1818 nisi
3130 1761 3274 1832 quod
3297 1764 3476 1832 prima
3506 1777 3626 1831 per

352 1866 407 1919 in
429 1864 624 1933 quibus
659 1857 805 1913 nulla
833 1849 1101 1909 dubitatio
1120 1855 1224 1902 est.

421 1929 520 2010 Fat.
553 1955 802 2006 Personae
848 1943 1228 2014 pronominum
1279 1944 1412 2006 quot
1458 1932 1618 2014 sunt?
1663 1960 1734 1969 ——
1766 1929 1933 1982 Saxo.

353 2051 505 2104 Tres.
540 2045 644 2100 Sed
675 2042 849 2113 prima
878 2050 1106 2107 persona
1134 2040 1189 2087 et
1217 2028 1450 2085 secunda
1479 2022 1939 2095 singulashabent

353 2153 534 2201 voces,
565 2135 691 2205 quia
722 2137 1018 2201 praesentes
1042 2137 1255 2192 semper
1279 2127 1407 2176 sunt
1431 2118 1574 2171 inter
1593 2129 1674 2179 se,
1701 2122 1760 2166 ut
1789 2129 1801 2164 :
1825 2127 1942 2180 ego,

355 2241 433 2285 tu.
463 2226 644 2282 Tertia
672 2236 802 2276 vero
833 2233 928 2274 sex
953 2217 1116 2272 habet
1142 2227 1324 2276 voces,
1353 2209 1478 2278 quia
1499 2207 1786 2261 tertiarum
1819 2217 1944 2273 per-

359 2333 618 2378 sonarum
659 2314 907 2385 plurimae
947 2316 1070 2364 sunt
1128 2304 1494 2365 diversitates,
1551 2307 1632 2362 ut,
1686 2297 1792 2359 sui,
1827 2293 1938 2355 ille,

354 2415 484 2483 ipse,
509 2406 832 2472 iste,hic,is.
850 2403 918 2457 Et
947 2400 1107 2456 tertia
1137 2409 1366 2467 persona
1397 2391 1555 2447 modo
1574 2402 1816 2460 praesens
1839 2393 1942 2448 est,

357 2511 421 2558 ut
464 2505 560 2558 iste
589 2517 604 2554 :
631 2498 790 2553 modo
817 2497 1032 2558 absens,
1065 2501 1125 2545 ut
1148 2488 1256 2542 ille.

645 2634 735 2689 DE
771 2625 1160 2687 GENERIBUS
1185 2615 1660 2678 PRONOMINUM.

434 2729 531 2782 Fu.
557 2725 765 2781 Genera
794 2718 1174 2791 pronominum
1200 2722 1332 2782 quot
1357 2709 1584 2764 sunt?-—-
1599 2705 1947 2772 Saxo.Quin-

363 2837 488 2891 que.
541 2816 915 2876 Masculinum,
975 2817 1056 2874 ut,
1103 2808 1222 2871 hic;
1275 2803 1616 2865 femininum,
1661 2807 1737 2862 ut,
1793 2798 1946 2861 hwc;

365 2919 634 2973 neutrum,
661 2915 738 2972 ut,
769 2906 901 2970 hoc;
932 2914 1236 2964 commune,
1292 2905 1371 2962 ut,
1430 2906 1658 2957 nostras,
1713 2900 1945 2955 vestras;

369 3005 533 3059 trium
565 3013 844 3072 generum,
887 3002 946 3051 ut
966 3011 1079 3065 ego,
1105 3001 1180 3045 tu.
1211 2990 1278 3045 Et
1302 2988 1484 3044 omnia
1512 2983 1832 3056 pronomina
1856 2997 1950 3036 ne-

365 3109 518 3152 cesse
539 3101 622 3147 est
645 3090 748 3144 tria
777 3101 973 3158 genera
1003 3085 1224 3146 habere,
1254 3081 1336 3134 vel
1366 3080 1420 3133 in
1463 3092 1570 3132 una
1596 3091 1727 3130 voce
1756 3072 1946 3132 confu-

366 3183 444 3249 sa‘,
477 3192 554 3246 ut,
584 3198 698 3253 ego,
763 3189 853 3239 tu;
901 3177 983 3229 vel
1031 3176 1083 3229 in
1130 3172 1360 3228 diversis
1404 3170 1652 3228 distincta
1691 3163 1952 3222 terminas

365 3275 622 3335 tionibus,
657 3280 714 3325 ut
737 3287 902 3332 meus,
924 3284 1062 3330 mea,
1088 3280 1279 3319 meum.
1313 3263 1449 3327 Quia
1485 3275 1583 3329 pro
1610 3255 1951 3325 uniuscujus-

366 3379 475 3436 que
508 3365 582 3418 rei
601 3361 832 3432 propriis
862 3359 1202 3426 accipiantur
1232 3347 1945 3422 nominibus[pronomina].

959 3489 1046 3542 DE
1087 3486 1383 3542 FIGURIS.

442 3587 540 3640 Fu.
583 3584 838 3653 Figuram
882 3579 1265 3650 pronominum
1319 3576 1426 3630 dic.
1476 3604 1548 3613 -
1613 3573 1780 3628 SAXO.
1815 3570 1955 3626 Sunt

371 3678 694 3753 pronomina
724 3672 1013 3742 simplicia,
1045 3681 1104 3724 ut
1131 3672 1249 3734 iste,
1304 3670 1407 3722 hic.
1457 3665 1594 3720 Sunt
1620 3663 1914 3734 composita
1937 3703 1952 3727 ,

371 3781 433 3826 ut
461 3769 601 3830 istic,
631 3765 773 3834 quod
794 3779 860 3817 ex
893 3764 987 3816 iste
1007 3769 1062 3816 et
1091 3761 1174 3814 hic
1202 3759 1560 3828 componitur.
1622 3755 1771 3809 Idem
1809 3770 1957 3810 com-

306 3881 308 3883 ’
371 3847 591 3936 ponitur
622 3858 764 3914 exis
800 3855 1120 3926 pronomine
1154 3861 1210 3906 et
1261 3851 1470 3905 demum
1526 3850 1843 3918 proverbio;
1903 3858 1957 3903 et

370 3961 458 4008 est
482 3963 706 4006 numero
738 3957 1046 4010 commune,
1077 3952 1138 3998 ut
1166 3941 1305 3996 idem
1348 3942 1429 3995 vir
1473 3948 1528 3996 et
1549 3941 1686 3994 idem
1710 3941 1807 3994 viri
1833 3957 1850 3994 :
1903 3941 1956 3992 in

372 4039 668 4096 masculino
695 4038 713 4091 i
736 4036 1018 4108 producta,
1077 4035 1129 4088 in
1151 4040 1344 4087 neutro
1368 4032 1386 4084 i
1412 4039 1658 4101 correpta
1697 4049 1708 4083 :
1744 4039 1799 4085 et
1842 4029 1958 4098 ejus

374 4131 692 4185 femininum
718 4127 919 4182 eadem.
969 4125 1290 4180 Geminatur
1327 4138 1541 4192 quoque
1572 4123 1690 4193 ejus
1741 4137 1960 4192 compo-

375 4224 500 4278 sitio
516 4212 572 4276 in
588 4230 802 4286 neutro,
827 4228 884 4274 et
905 4219 1100 4274 dicitur
1123 4217 1262 4271 idem
1286 4214 1424 4270 idem
1455 4213 1603 4287 [Ms.,
1627 4213 1958 4284 identidem],

377 4310 435 4368 id
467 4321 570 4377 est,
597 4312 739 4366 idem
765 4320 819 4365 et
850 4310 1013 4363 idem.
1583 4355 1590 4362 _

447 4401 855 4471 Componuntur
878 4397 1198 4468 pronomina
1227 4411 1350 4451 cum
1362 4396 1654 4460 adverbiis,
1680 4403 1740 4450 ut
1758 4412 1954 4460 eccum,

378 4493 436 4552 ld
460 4502 564 4559 est,
591 4508 716 4548 ecce
737 4492 890 4547 eum!
919 4488 1099 4554 ellum,
1129 4503 1254 4543 ecce
1280 4488 1449 4542 illum.
1490 4488 1706 4543 Etcum
1751 4489 1959 4556 pracpo-

379 4586 594 4650 sitione,
613 4584 707 4638 sed
718 4599 816 4653 per
829 4580 1210 4648 anastrophen,
1226 4586 1288 4633 ut
1308 4595 1530 4643 mecum,
1549 4588 1737 4644 tecum,
1753 4593 1924 4630 secum
1938 4593 1958 4642 ,-

378 4684 575 4731 etcum
604 4676 843 4739 nomine,
883 4682 940 4726 ut
963 4670 1288 4742 hujusmodi,
1321 4670 1638 4724 istiusmodi.

451 4766 552 4821 Fu.
594 4766 745 4822 Unde
774 4771 856 4820 est
881 4765 970 4818 illa
999 4763 1322 4832 compositio
1347 4780 1361 4815 :
1384 4770 1582 4832 egomet
1602 4768 1656 4815 et
1702 4759 1961 4830 hujusce?

380 4891 452 4902 ——
479 4859 649 4916 Suo.
678 4859 794 4915 Non
826 4868 908 4913 est
939 4857 1280 4928 compositio,
1316 4858 1410 4913 sed
1439 4871 1722 4927 paragoge,
1751 4856 1803 4910 id
1854 4864 1955 4920 est,

387 4950 617 5020 adjectio
645 4948 883 5019 syllabm.
915 4947 983 5001 Et
1019 4955 1385 5016 suntquatuor
1420 4946 1682 5014 ejusmodi
1701 4944 1960 5012 adiectio-

385 5056 502 5110 nes,
528 5050 651 5108 met,
679 5057 755 5105 ce,
797 5048 865 5105 te,
891 5049 996 5109 pte,
1025 5046 1106 5103 ut,
1135 5048 1352 5108 egomet,
1379 5048 1507 5104 tute,
1530 5047 1751 5108 meapte,
1781 5038 1964 5107 hujus-

455 5186 483 5216 ι
511 5173 641 5228 Cod.
679 5186 782 5226 ms.
829 5169 886 5224 S.
917 5169 1242 5224 Emmerami
1295 5169 1385 5226 hic
1437 5169 1508 5222 ita
1545 5169 1738 5238 pergit,
1775 5177 1830 5223 et
1851 5169 1967 5222 finit
2001 5146 2005 5151 ³

389 5245 536 5302 hunc
572 5243 856 5297 articulum
887 5256 900 5294 :
935 5259 952 5291 ‹
985 5241 1130 5302 Ideo,
1163 5240 1288 5308 quia
1314 5239 1524 5307 quoties
1550 5240 1650 5293 hoc
1669 5255 1966 5306 pronomen

389 5316 624 5384 ponitur,
649 5312 884 5368 ostendit
908 5311 1120 5365 tertiam
1161 5325 1445 5384 personam
1471 5309 1552 5362 vel
1581 5311 1772 5384 ipsam
1805 5324 1966 5384 agere

390 5379 549 5439 simul
584 5393 639 5439 et
666 5384 777 5453 pati
801 5398 831 5436 a
864 5397 941 5444 se,
970 5389 1028 5434 ut
1053 5398 1065 5433 :
1093 5382 1300 5450 paznitct
1333 5379 1484 5453 illum
1509 5381 1611 5444 sui,
1630 5380 1822 5453 inridet
1841 5379 1963 5438 sibi.

393 5463 602 5507 accusat
641 5451 714 5508 se.
749 5453 842 5507 γει
871 5461 926 5506 et
964 5453 1134 5522 ipsam
1159 5466 1318 5519 agere
1338 5458 1392 5522 et
1417 5451 1577 5504 aliam
1626 5451 1967 5522 extrinsecus

391 5522 448 5576 in
476 5538 620 5585 eam,
648 5531 707 5576 ut
737 5539 749 5573 :
781 5532 924 5592 rogat
954 5531 1008 5576 ut
1035 5522 1118 5576 sui
1160 5538 1320 5574 causa
1363 5521 1562 5592 facias];
1614 5522 1738 5592 petit
1769 5529 1824 5573 ut
1869 5521 1968 5592 sibi

392 5591 646 5644 concedas
676 5608 695 5654 ;
725 5590 968 5657 precatur
1004 5602 1060 5645 ut
1100 5606 1153 5643 se
1185 5591 1470 5645 custodias.
1520 5590 1673 5655 Quod
1715 5607 1837 5644 cum
1888 5591 1962 5650 fit,

394 5657 450 5712 id
475 5667 580 5720 est,
605 5659 818 5725 quando
844 5661 1032 5712 eadem
1051 5673 1284 5728 persona
1309 5668 1364 5714 et
1391 5661 1500 5730 agit
1533 5669 1582 5713 ct
1617 5663 1840 5727 patitur,
1885 5662 1966 5713 vel

2039 1877 2170 1917 sona
2199 1870 2254 1916 et
2281 1861 2443 1915 tertia
2467 1860 2588 1928 plus
2624 1859 2868 1928 quinque
2896 1857 3114 1912 casibus
3134 1857 3340 1911 habere
3364 1872 3474 1910 non
3499 1871 3625 1925 pos-

2040 1958 2185 2017 sunt,
2214 1951 2339 2020 quia
2365 1949 2649 2004 vocativus
2679 1948 2733 2002 in
2758 1948 2837 2002 eis
2863 1947 2980 2002 ﬁeri
3011 1962 3116 2002 non
3143 1954 3350 2016 potest,
3382 1946 3478 2016 qui
3498 1961 3628 2016 pro-

2039 2044 2192 2112 prius
2219 2050 2303 2098 est
2334 2043 2584 2097 secunda:
2606 2056 2873 2110 persona,
2903 2040 3061 2110 281
3082 2048 3308 2108 excepto
3339 2055 3483 2093 meus
3504 2053 3629 2108 pos—

2043 2137 2303 2192 sessivum
2334 2133 2854 2209 [Ms.,possessivo],
2884 2135 3029 2203 quod
3049 2134 3123 2187 mi
3145 2133 3275 2189 facit
3298 2133 3628 2198 vocativum,

2044 2228 2178 2284 duas
2198 2227 2392 2283 breves
2420 2244 2447 2282 e
2469 2243 2496 2281 e
2534 2226 2589 2280 in
2617 2224 2867 2298 [unam]i
2905 2225 3121 2295 longam
3161 2223 3445 2291 euphonia:
3467 2236 3633 2277 causa

2045 2327 2387 2374 convertens.
2421 2315 2588 2386 Cujus
2611 2314 2837 2387 pluralis
2863 2330 3080 2385 quoque
3107 2313 3413 2368 vocativum
3435 2312 3630 2366 habet:

2045 2426 2076 2464 0
2103 2418 2301 2463 ηοδιεν.

2117 2501 2215 2555 Fu.
2247 2499 2388 2566 Quot
2415 2499 2600 2555 forma:
2643 2498 2888 2554 casuales
2917 2497 3052 2552 fiunt
3079 2497 3133 2550 in
3181 2495 3636 2567 pronominibus?

2047 2623 2120 2635 -
2147 2591 2311 2647 Saxo.
2356 2591 2493 2646 Sunt
2519 2591 2840 2661 pronomina
2885 2596 3217 2657 monoptota,
3247 2596 3307 2642 ut
3336 2604 3534 2653 eccum,
3562 2585 3637 2639 el-

2051 2682 2184 2749 lum,
2237 2697 2460 2747 mecum,
2511 2690 2699 2737 tecum.
2732 2681 2851 2735 Alia
2875 2681 3120 2750 triptota,
3145 2689 3199 2732 ut
3233 2679 3337 2742 sui,
3377 2679 3507 2742 sibi,
3556 2695 3631 2742 se,

2051 2790 2244 2838 meum,
2275 2783 2442 2837 tuum,
2471 2790 2625 2826 suum
2656 2770 2844 2843 [Edit.,
2877 2787 3078 2824 mecum
3099 2811 3114 2835 ,
3159 2779 3364 2832 tecum,
3408 2768 3630 2839 secum].

2049 2863 2167 2927 Alia
2185 2872 2499 2933 tetraptota,
2513 2873 2654 2923 tuus,
2673 2879 2822 2922 suus,
2845 2861 2997 2925 illud,
3021 2861 3184 2914 istud.
3199 2859 3318 2914 Alia
3343 2868 3631 2928 pentapto—

2053 2965 2106 3010 ta
2126 2997 2140 3020 ,
2181 2956 2290 3021 ille,
2328 2958 2455 3026 ipse,
2488 2955 2603 3008 iste.
2636 2953 2770 3008 Nam
2803 2959 3104 3022 sextaptota
3132 2967 3237 3006 non
3278 2950 3631 3004 inveniuntur

2053 3050 2397 3121 pronomina.

1977 3119 2027 3184 (ἶ
2056 3119 2072 3121 7
2125 3137 2225 3192 Fu.
2273 3138 2409 3192 Dum
2457 3137 2776 3206 pronomina
2822 3151 2982 3191 casus
3025 3135 3227 3189 habent
3263 3140 3322 3187 et
3358 3145 3634 3196 numeros,

2051 3247 2272 3288 necesse
2293 3239 2377 3287 est
2404 3247 2499 3286 eos
2537 3231 2738 3286 habere
2763 3239 2819 3284 et
2847 3228 3258 3288 declinationes,
3289 3239 3520 3294 quarum
3549 3237 3636 3277 re-

2052 3321 2203 3394 gulas
2253 3329 2314 3374 ut
2358 3322 2628 3377 edisseras
2678 3320 2879 3391 ﬂagito.
2914 3351 2985 3360 ——
3016 3317 3181 3373 Saxo.
3247 3316 3529 3387 Improbus
3575 3328 3636 3369 es

2053 3420 2346 3468 scrutator.

2124 3502 2222 3557 Fn.
2271 3502 2408 3569 Quin
2460 3500 2616 3574 [Ms.,
2665 3499 2826 3572 Quia]
2881 3507 2939 3554 tu
2978 3507 3140 3554 tenax
3187 3512 3248 3552 es
3295 3495 3638 3567 largitor.—

2055 3595 2218 3650 Ssxo.
2238 3593 2476 3660 Quatuor
2488 3601 2614 3646 sunt
2629 3593 3017 3648 declinationes
3039 3589 3441 3661 pronominum.
3456 3585 3639 3638 Prima

2054 3693 2138 3740 est
2163 3699 2284 3755 qua:
2332 3684 2384 3736 in
2425 3683 2598 3738 tribus
2637 3682 3036 3751 primitivorum
3084 3677 3332 3748 personis
3375 3675 3638 3736 cernitur,

2055 3776 2207 3845 cujus
2242 3773 2511 3844 genitivus
2553 3779 2606 3827 et
2634 3772 2842 3827 dativus
2867 3771 2920 3826 in
2950 3771 2997 3836 i,
3021 3769 3377 3825 accusativus.
3395 3773 3451 3821 et
3485 3763 3632 3818 abla-

2056 3868 2200 3923 tivus
2228 3867 2280 3920 in
2307 3882 2335 3920 θ
2379 3865 2718 3934 productam,
2743 3871 2822 3926 ut,
2861 3879 2975 3933 ego,
3004 3863 3129 3925 mei,
3160 3860 3309 3924 mihi,
3347 3875 3446 3922 me,
3476 3875 3511 3910 a
3540 3872 3641 3910 me.

2059 3957 2162 4023 Tu,
2193 3955 2289 4020 tui,
2321 3955 2432 4018 tibi,
2475 3963 2541 4015 te,
2583 3971 2615 4006 a
2665 3962 2733 4006 te.
2780 3949 2894 4015 Sui,
2925 3951 3040 4014 sibi,
3072 3967 3159 4015 se,
3188 3967 3220 4003 a
3247 3966 3322 4004 se.
3353 3948 3552 4004 Prima)
3588 3959 3643 4005 et

2057 4046 2305 4103 secundm
2332 4059 2576 4116 persona:
2603 4041 2865 4112 plurales,
2913 4042 3306 4100 nominativum
3337 4047 3391 4094 et
3415 4055 3639 4095 accusa-

2061 4138 2226 4191 tivum
2258 4136 2312 4190 in
2335 4152 2423 4199 as;
2454 4134 2750 4205 genitivum
2796 4133 2851 4188 in
2881 4150 2968 4187 um
3005 4132 3090 4188 vel
3118 4133 3171 4187 in
3213 4134 3267 4195 i;
3304 4131 3548 4186 dativum
3589 4138 3641 4186 et

2058 4228 2350 4284 ablativum
2394 4227 2449 4281 in
2483 4227 2564 4291 is;
2600 4233 2660 4279 ut
2692 4242 2806 4290 nos,
2851 4235 3088 4280 nostrum
3116 4224 3202 4280 vel
3250 4225 3447 4289 nostri,
3477 4223 3639 4288 nobis,

2060 4336 2173 4383 nos,
2197 4335 2230 4371 a
2278 4317 2444 4372 nobis.
2476 4317 2739 4377 Similiter
2779 4324 2835 4371 et
2866 4333 2978 4371 vos.
3031 4316 3213 4371 Tertia
3267 4330 3498 4384 persona
3537 4328 3641 4368 non

2060 4408 2222 4463 habet
2249 4407 2664 4471 nominativum,
2685 4413 2741 4460 et
2767 4420 2864 4476 per
2892 4413 3116 4461 exteros
3143 4420 3303 4461 casus
3341 4402 3640 4462 communis

2063 4505 2146 4554 est
2183 4495 2414 4558 numeri,
2448 4496 2502 4554 iii
2530 4503 2614 4550 est
2643 4497 2747 4550 sui.

2133 4587 2232 4642 Fu.
2289 4587 2441 4643 Unde
2484 4601 2729 4657 personae
2783 4588 3156 4660 intelliguntur
3214 4588 3635 4659 pronominum?

2063 4708 2135 4718 —
2161 4674 2324 4732 Saxo.
2355 4677 2414 4732 In
2460 4678 2652 4747 primis
2703 4678 2969 4750 syllabis:
3002 4679 3055 4739 in
3093 4680 3354 4736 extremis
3388 4695 3549 4735 casus
3591 4692 3644 4734 et

2064 4770 2296 4825 numeri.
2345 4769 2595 4826 Secunda
2639 4771 2928 4827 declinatio
2960 4781 3042 4826 est
3072 4772 3126 4826 in
3157 4772 3382 4841 reliquis
3411 4774 3644 4843 quinque

2065 4864 2373 4934 primitivis,
2405 4879 2635 4934 quorum
2681 4865 2948 4935 genitivus
2996 4865 3053 4918 in
3091 4865 3207 4928 ius,
3251 4864 3466 4922 dativus
3495 4866 3550 4920 in
3589 4867 3641 4928 i,

2067 4955 2265 5010 desinit
2287 4970 2385 5025 per
2425 4957 2526 5010 tria
2554 4969 2750 5025 genera
2787 4974 2800 5008 :
2847 4963 3044 5026 praeter
3071 4956 3202 5017 huic
3236 4955 3435 5020 solum,
3463 4971 3532 5011 ne
3558 4956 3644 5008 hui

2068 5045 2372 5114 interjectio
2411 5054 2650 5114 putetur.
2680 5044 3036 5102 Accusativus
3075 5054 3258 5100 autem
3288 5053 3345 5099 et
3384 5045 3647 5100 ablativus

2071 5193 2100 5231 a
2136 5193 2193 5258 se
2225 5175 2315 5258 v‘el
2341 5176 2408 5257 ab
2437 5176 2540 5258 alia
2574 5193 2680 5258 non
2709 5177 2913 5258 indiget
2947 5178 3280 5258 nominativo
3307 5194 3456 5242 casu,
3478 5181 3647 5258 sedeo

2071 5247 2156 5302 cui
2187 5247 2492 5316 soletjungi
2520 5247 2742 5301 verbum
2773 5247 2914 5316 quod
2959 5257 3138 5302 actum
3190 5248 3550 5312 demonstrat,
3594 5249 3648 5302 id

2071 5327 2172 5381 est,
2207 5317 2462 5386 genitivo,
2497 5318 2577 5371 vel
2610 5317 2813 5380 dativo,
2845 5318 2927 5370 vel
2959 5319 3290 5384 accusativo,
3326 5319 3411 5372 vel
3450 5319 3643 5373 ablati-

2069 5403 2154 5457 vo,
2186 5402 2324 5455 quos
2352 5395 2406 5439 et
2429 5387 2593 5440 habet
2620 5389 2722 5442 hoc
2748 5403 3068 5456 pronomen.
3104 5389 3280 5457 Ipsum
3322 5391 3476 5444 enim
3530 5404 3646 5442 ver-

2068 5456 2196 5537 bum
2229 5458 2701 5537 agentisnpersonre
2736 5458 2787 5511 in
2821 5475 2878 5537 se
2925 5456 3340 5537 nontinativunt_
3363 5460 3544 5537 habet.
3589 5457 3647 5537 Si

2069 5527 2225 5607 enim.
2244 5525 2364 5581 dico
2392 5545 2402 5580 :
2426 5525 2609 5607 Rogat.
2627 5539 2674 5607 te
2699 5537 2756 5581 ut
2782 5529 2850 5583 ad
2879 5545 2933 5582 se
2960 5530 3154 5607 venias,
3173 5530 3294 5607 sine
3307 5529 3472 5607 dubio
3498 5527 3648 5607 intel—

2071 5595 2357 5677 ligis'ineo
2388 5595 2532 5666 quod
2561 5597 2703 5662 dixi,
2760 5609 2929 5668 rogat,
2989 5598 3150 5654 simul
3174 5608 3230 5654 et
3276 5598 3385 5663 ille,
3439 5600 3532 5670 qui
3565 5604 3652 5653 est

2073 5675 2455 5720 nominativus.
2496 5685 2513 5719 ι
