3866 6170
217 308 325 371 £73

1320 291 1784 348 mmscaucs.
1819 319 1891 328 —
1930 286 2406 361 GRAMMAle
2495 300 2503 308 θ

3358 286 3463 344 οτι

219 417 535 492 singularis,
555 423 612 472 et
643 430 833 472 omnes
860 394 1018 471 casus
1044 412 1280 485 plurales
1313 413 1368 467 in
1412 409 1712 468 masculino
1741 413 1796 460 ct
1823 404 1875 466 Α
1901 402 2277 473 inquisitiones
2320 401 2489 457 verbi.
2543 400 2623 465 Tu
2675 409 2726 455 te
2773 402 2841 457 ad
2883 401 3259 472 responsiones
3307 418 3462 474 para-
3518 471 3526 482 ἢ

209 517 413 574 neutro
451 507 699 563 secunda:
732 505 1128 571 declinationis,
1166 505 1440 559 nominum
1470 498 1797 557 terminatio-

220 613 319 654 nes
364 604 578 662 servat;
619 596 675 650 in
710 594 969 651 feminino
1008 593 1181 667 [vero]
1215 593 1426 662 primae.
1456 591 1527 647 Ut
1564 588 1676 654 ille,
1724 586 1794 641 il-

210 687 347 757 lius,
370 685 473 751 illi,
508 685 680 751 illum,
705 687 769 739 ab
797 686 910 740 illo.
940 685 1011 740 Et
1050 683 1334 754 pluraliter
1364 701 1376 737 :
1412 680 1526 745 Illi,
1560 679 1794 743 illorum,

220 782 348 849 illis,
371 781 511 846 illos,
536 780 602 833 ab
624 779 751 834 illis.
782 778 913 846 Illa,
952 779 1114 845 illius,
1138 780 1240 845 illi,
1267 780 1434 845 illam,
1461 779 1526 832 ab
1546 776 1661 833 illa.
1706 776 1797 849 [Et

216 870 525 944 pluraliter]
556 870 696 936 Ιιιω,
723 869 959 935 illarum,
1003 868 1131 935 illis,
1161 869 1305 936 illas,
1352 869 1417 923 ab
1466 867 1594 923 illis.
1629 866 1793 933 Illud,

221 962 389 1027 illius,
419 960 521 1027 illi,
548 960 705 1024 illud,
728 960 794 1013 ab
824 958 937 1013 illo.
970 957 1059 1030 [Et
1082 957 1386 1030 pluraliter]
1410 956 1538 1024 Illa,
1560 955 1797 1023 illorum,

221 1053 350 1118 illis,
380 1052 497 1117 illa,
524 1052 589 1105 ab
627 1050 754 1106 illis.
800 1049 891 1105 Sic
925 1058 979 1105 et
1006 1049 1210 1119 reliqua
1247 1057 1478 1118 quatuor
1523 1047 1796 1103 declinan-

222 1154 349 1209 tur;
392 1143 497 1198 nisi
534 1142 620 1195 hic
678 1149 733 1196 et
767 1141 879 1195 haec
927 1149 983 1195 et
1031 1140 1152 1205 hoc,
1188 1138 1375 1212 [quod]
1418 1155 1445 1192 c
1473 1153 1571 1209 per
1611 1151 1798 1192 omnes

220 1237 522 1307 singulares
536 1250 700 1291 casus
725 1233 971 1300 assumit,
1000 1240 1197 1303 praster
1218 1232 1532 1302 genitivum.

296 1347 480 1402 Tertia
504 1345 793 1401 declinatio
811 1352 898 1399 est
922 1344 1300 1414 pronominum
1345 1343 1400 1397 in
1438 1343 1676 1413 quinque
1707 1341 1802 1397 de-

222 1437 503 1501 rivativis,
551 1452 672 1507 quae
721 1434 1019 1491 secundum
1076 1434 1318 1505 regulam
1357 1434 1641 1489 nominum
1676 1447 1794 1487 mo-

221 1525 417 1580 bilium
459 1526 516 1580 in
551 1533 781 1595 utroque
809 1538 1035 1579 numero
1066 1523 1404 1595 declinantur
1439 1541 1452 1576 :
1485 1523 1542 1577 in
1581 1537 1799 1577 mascu-

224 1618 339 1671 lino
352 1623 410 1670 et
423 1623 615 1670 neutro
642 1615 957 1681 secundam,
972 1614 1026 1669 in
1042 1613 1301 1670 feminino
1314 1614 1543 1682 primam
1567 1628 1800 1681 sequens

225 1708 665 1764 declinationem.
710 1706 778 1761 Et
814 1712 940 1761 sunt
981 1705 1097 1760 haec
1137 1721 1151 1758 :
1200 1721 1366 1771 meus,
1413 1713 1570 1769 tuus,
1624 1719 1751 1757 suus
1777 1742 1794 1769 ,

225 1806 423 1861 noster,
454 1806 634 1850 uester.

298 1889 505 1955 Quarta
530 1887 811 1943 declinatio
836 1893 922 1943 est
955 1886 1318 1943 communium
1358 1903 1373 1940 :
1416 1893 1472 1940 et
1516 1883 1794 1940 declinan-

224 1988 321 2034 tur
349 1979 491 2033 sicut
517 1980 572 2035 in
614 1979 820 2035 duobus
854 1978 1097 2048 reliquis,
1137 1992 1259 2047 qua:
1300 1983 1599 2045 sequuntur
1624 1975 1798 2030 tertiae

225 2068 608 2124 declinationis
647 2068 885 2122 nomina.
928 2066 1018 2132 Ut,
1042 2067 1127 2121 hic
1167 2074 1223 2121 et
1255 2065 1367 2121 haec
1417 2073 1654 2129 nostras,
1712 2080 1798 2117 ve-

222 2168 365 2214 stras
395 2172 415 2211 :
456 2165 512 2212 et
540 2157 636 2211 hoc
676 2165 935 2223 nostrate,
979 2165 1227 2224 vestrate;
1274 2155 1554 2220 nostratis,
1606 2161 1800 2209 vestra-

225 2249 293 2302 tis
323 2261 371 2301 ι.

298 2338 447 2410 [(Ex
500 2339 624 2412 ms.)
653 2337 751 2393 Fn.
787 2338 964 2406 Quare
1001 2353 1110 2394 non
1156 2327 1496 2400 declinantur
1525 2338 1640 2391 haec
1676 2349 1801 2405 pro—

225 2430 448 2485 nomina
488 2447 502 2484 :
542 2429 758 2497 Eccum,
815 2446 989 2483 eccam
1019 2442 1039 2481 :
1084 2427 1264 2493 ellum,
1309 2426 1509 2482 ellum?
1535 2458 1607 2467 —
1633 2425 1796 2482 Saxo.

223 2519 361 2586 Quia
384 2535 450 2575 ex
478 2519 696 2591 obliquo
721 2528 776 2574 et
794 2518 1154 2575 indeclinabili
1176 2526 1328 2589 parte
1353 2515 1798 2589 componuntur.]

225 2608 368 2665 Ecce
391 2610 561 2665 habes
585 2624 705 2680 qua:
724 2608 778 2663 vi
797 2608 1093 2664 extorsisti.

296 2723 401 2778 Fu.
447 2723 635 2779 Melius
673 2732 757 2779 est
792 2722 845 2777 vi
872 2729 1211 2793 extorquere,
1247 2736 1411 2792 quam
1438 2735 1547 2775 non
1575 2720 1798 2775 habere.

202 2814 328 2879 Dic
357 2822 540 2869 tamen
567 2814 633 2869 de
653 2829 683 2867 ο
704 2855 719 2881 ,
747 2813 840 2884 qui
861 2813 1109 2868 vocativo
1133 2813 1283 2867 casui
1326 2812 1382 2867 in
1409 2811 1720 2866 nominibus
1747 2816 1803 2865 et

202 2904 641 2977 pronominibus
664 2912 719 2958 et
738 2903 1038 2973 participiis
1066 2901 1343 2973 jungitur;
1369 2909 1456 2958 est
1478 2914 1802 2972 pronomen,

224 3014 299 3053 an
350 2996 495 3051 non?
518 3026 589 3036 —
614 2994 777 3050 Suo.
828 2994 946 3050 Non
992 3002 1075 3049 est
1116 3008 1434 3064 pronomen,
1479 2992 1576 3048 sed
1615 2991 1805 3048 adver-

222 3089 383 3143 bium
412 3085 638 3142 vocandi
683 3085 766 3141 vel
815 3085 1069 3155 optandi;
1115 3083 1357 3154 ejusdem
1391 3084 1803 3156 signiﬁcationis
1827 3101 1873 3164 ρ

223 3181 361 3235 dum
399 3179 551 3244 dicis,
582 3178 709 3233 heus
732 3179 941 3249 juvenis
964 3217 983 3242 ,
1026 3185 1083 3232 et
1106 3193 1136 3231 ο
1155 3178 1384 3248 juvenis.
1432 3178 1503 3236 Et
1539 3176 1674 3237 nulli
1700 3175 1796 3241 alii

222 3284 483 3341 personae
499 3277 675 3340 potest
695 3270 872 3341 iungi,
894 3266 1001 3325 nisi
1025 3268 1297 3325 secundae.

304 3383 408 3439 Fs.
437 3382 643 3438 Memor
670 3391 808 3448 esto,
840 3382 1044 3439 dixisse
1075 3392 1128 3438 te
1152 3381 1459 3452 quindecim
1481 3382 1804 3451 pronomina

227 3488 374 3529 esse.
426 3472 534 3529 Sed
558 3473 693 3542 quid
717 3480 801 3529 est
834 3473 981 3542 quod
1020 3473 1260 3528 Donatus
1308 3473 1453 3527 inter
1485 3472 1806 3541 pronomina

223 3566 433 3634 posuit,
470 3565 608 3635 quis,
647 3564 839 3636 qualis,
882 3564 1025 3631 talis,
1069 3576 1227 3635 quot,
1256 3574 1355 3633 tot,
1384 3573 1607 3636 quotus,
1643 3573 1803 3629 totus,

229 3653 487 3726 [quantus
510 3693 526 3719 ,
588 3653 827 3725 tantus]?
868 3684 945 3697 —
981 3652 1147 3709 Suo.
1198 3654 1416 3710 Memini
1466 3669 1554 3710 me
1606 3655 1808 3711 dixisse

226 3747 544 3818 quindecim
570 3762 689 3802 esse
709 3746 1052 3817 pronomina,
1074 3747 1131 3801 in
1156 3747 1353 3817 quibus
1380 3747 1525 3802 nulla
1544 3746 1806 3803 dubitatio

222 3849 397 3897 esset.
439 3840 513 3895 De
565 3839 684 3896 istis
725 3839 871 3894 enim
909 3853 1031 3909 quat
1068 3838 1260 3908 ponis,
1296 3837 1563 3893 dubitatio
1609 3845 1695 3892 est
1736 3852 1806 3891 an

222 3933 348 3987 sint
367 3932 705 4002 pronomina,
736 3946 806 3985 an
835 3930 1076 3986 nomina.
1114 3929 1427 3984 Priscianus
1463 3927 1671 3982 Latinae
1697 3927 1809 3983 elo-

222 4023 471 4093 quetize
508 4023 672 4081 decus
697 4022 917 4078 nomina
947 4020 1333 4091 interrogativa
1358 4020 1444 4074 vel
1468 4018 1694 4074 relativa
1720 4019 1807 4075 vel

223 4112 500 4169 redditiva
528 4127 591 4167 ea
617 4112 836 4167 omnino
884 4110 1036 4183 [Ms.,
1061 4110 1303 4182 nomina]
1343 4109 1496 4175 dicit,
1531 4116 1589 4163 et
1610 4123 1812 4178 prono-

226 4206 391 4261 mina
419 4211 577 4273 negat
623 4218 744 4261 esse
780 4216 961 4272 posse,
995 4202 1124 4272 quia
1169 4200 1350 4256 ﬁnitas
1400 4214 1661 4270 personas
1701 4215 1808 4254 non

224 4298 466 4362 habent,
505 4295 647 4366 quod
682 4295 965 4365 proprium
1005 4299 1091 4347 est
1131 4290 1467 4361 pronominis
1509 4305 1633 4345 cum
1678 4304 1810 4344 casu

222 4390 412 4460 iuncti
437 4406 450 4442 :
487 4389 627 4444 sicut
650 4395 706 4443 et
730 4386 834 4441 alia
862 4399 1054 4440 novem
1097 4382 1316 4437 nomina
1345 4380 1563 4435 mobilia
1589 4381 1810 4450 quidam

223 4495 430 4538 errore
453 4478 653 4535 seducti
676 4476 991 4548 pronomina
1014 4474 1200 4529 dicunt
1224 4485 1362 4536 esse,
1385 4471 1511 4541 quia
1536 4471 1812 4541 pronomi-

222 4584 371 4626 num
390 4568 798 4623 declinationem
828 4566 1048 4629 habent,
1078 4564 1130 4618 id
1157 4569 1263 4627 est,
1302 4578 1460 4629 unus,
1492 4561 1635 4617 ullus
1653 4602 1670 4628 ,
1699 4562 1815 4617 nul-
1868 4585 1875 4589 ·

223 4660 349 4725 lus,
391 4657 558 4722 solus,
587 4666 748 4722 totus,
792 4655 964 4720 alius,
1009 4653 1159 4717 alter,
1209 4662 1350 4712 uter.
1400 4663 1584 4709 neuter
1607 4667 1627 4707 :
1678 4669 1813 4724 quos

225 4747 428 4803 multa:
454 4746 700 4802 lectionis
720 4745 858 4799 ratio
880 4744 1127 4799 revincit.
1800 4762 1807 4767 ’

311 4860 481 4931 282
505 4858 588 4913 An
626 4874 791 4922 meus,
814 4866 954 4921 tuus,
978 4872 1124 4923 suus,
1150 4857 1369 4912 nomina
1398 4856 1624 4911 dicenda
1650 4864 1810 4921 sunt;

224 4953 370 5024 quia
401 4967 494 5021 per
523 4965 710 5006 omnes
738 4964 898 5004 casus
935 4948 1212 5003 nominum
1248 4957 1549 5018 sequuntur
1577 4946 1814 5002 declina-

222 5042 482 5098 tionem?
532 5040 803 5108 Quantum
852 5037 919 5094 ad
968 5039 1229 5109 puerilem
1278 5048 1520 5094 nostram
1575 5038 1816 5108 disputa-

223 5136 445 5190 tionem
479 5131 749 5203 pertinere
795 5129 969 5184 visum
1023 5137 1140 5194 est,
1176 5128 1244 5183 de
1290 5127 1612 5199 pronomine
1649 5127 1819 5183 habes

227 5223 589 5281 sullicienter.
619 5221 724 5276 Sed
750 5227 922 5276 totum
946 5229 998 5275 te
1030 5218 1263 5275 transfer
1295 5220 1364 5274 ad
1391 5221 1638 5276 verbum.

309 5316 414 5372 Fs.
448 5314 632 5401 {tacet
663 5312 808 5383 quod
858 5313 1051 5376 habeo,
1098 5311 1227 5366 licet
1272 5311 1397 5380 plus
1443 5310 1813 5382 indiguissem.

224 5398 502 5462 Attamen
553 5411 728 5459 totum
776 5416 865 5458 me
887 5442 906 5470 ,
943 5410 1007 5457 ut
1062 5401 1260 5457 suades
1283 5439 1299 5467 ,
1360 5399 1683 5456 transferam
1748 5398 1818 5457 ad

312 5574 338 5603 ι
364 5558 501 5616 Cod.
531 5573 633 5614 ms.
670 5574 683 5611 :
716 5575 735 5606 ι
762 5556 967 5624 Quarta
997 5554 1283 5611 declinatio
1305 5562 1392 5610 est
1417 5554 1473 5611 in
1499 5555 1708 5612 duobus
1725 5571 1817 5613 re-

222 5631 427 5702 liquis,
450 5642 572 5702 qua;
599 5635 899 5702 sequuntur
935 5625 1368 5702 etdeclinantur,
1405 5625 1545 5702 sicut
1571 5639 1818 5702 commu-

225 5694 332 5757 nia
378 5694 596 5756 nomina
650 5694 824 5751 tertia:
868 5696 1274 5760 declinationis;
1322 5705 1418 5763 ut,
1474 5695 1559 5749 hic
1607 5702 1664 5750 et
1706 5694 1818 5750 lucc

648 5790 926 5852 Parnm.
972 5789 1072 5850 Cl.

1893 523 1967 534 —
1988 492 2153 549 Suo.
2168 492 2403 549 Faciam.

2490 581 2579 637 DE
2624 582 2871 640 VERBO.

1962 695 2067 753 Fs.
2095 696 2279 752 Primo
2317 646 2557 751 omnium
2595 696 2745 751 verbi
2788 695 3156 753 deﬁnitionem
3183 697 3270 755 dic
3310 700 3465 754 mihi.

1892 818 1968 830 —
1993 784 2158 842 Suo.
2191 786 2361 856 Magis
2388 787 2783 858 interrogemus
2823 787 3143 857 magistrum
3164 827 3180 854 ,
3238 803 3358 859 qua:
3398 789 3470 844 sit

1894 876 2049 931 verbi
2078 874 2321 931 deﬁnitio
2352 875 2651 930 secundum
2690 873 3085 944 philosophiam

1966 965 2081 1021 Dis.
2114 964 2198 1019 An
2232 966 2416 1031 habet,
2470 966 2746 1036 magister,
2785 964 2939 1034 juxta
2984 965 3338 1037 philosoth
3388 983 3470 1023 ra-

1898 1054 2097 1111 tionem
2140 1054 2255 1109 haec
2297 1063 2406 1109 tam
2452 1054 2765 1124 principalis
2793 1068 2919 1124 pars
2946 1054 3314 1112 deﬁnitionem
3342 1072 3473 1127 pro-

1895 1146 2093 1216 priam,
2122 1146 2288 1201 veluti
2320 1159 2516 1200 nomen
2552 1142 2794 1217 [habet]?
2819 1143 2957 1200 MAG.
3006 1145 3179 1201 Habet
3216 1147 3468 1203 subtilem

1897 1236 2264 1293 deﬁnitionem
2294 1246 2349 1292 et
2378 1236 2632 1302 nobilem,
2658 1244 2714 1291 et
2749 1243 2833 1290 est
2858 1235 3165 1304 bujusmodi
3194 1254 3209 1293 :
3233 1238 3469 1293 Verbum

1859 1344 1862 1345 '
1898 1338 1985 1386 est
2006 1345 2112 1385 vox
2144 1329 2501 1401 signiﬁcativa
2528 1328 2823 1384 secundum
2860 1328 3138 1397 placitum,
3171 1344 3294 1384 cum
3339 1338 3472 1384 tem-

1898 1434 2050 1489 pore,
2073 1419 2351 1475 deﬁnitum
2372 1419 2574 1490 aliquid
2597 1418 2911 1489 signiﬁcans
2932 1425 2986 1474 et
3001 1419 3252 1474 accidens
3270 1417 3481 1490 [Edit.,.

1899 1509 2207 1584 accedens].

1968 1600 2083 1654 Dis.
2108 1601 2351 1670 Expone,
2390 1608 2567 1670 pater,
2616 1599 2758 1654 hanc
2784 1598 2942 1659 nobis
2989 1598 3376 1654 deﬁnitionem.
3401 1627 3473 1638 —

1899 1688 2041 1745 MAG.
2095 1689 2231 1765 Dum
2274 1689 2436 1756 dico,
2484 1688 2630 1759 lego,
2678 1698 2858 1745 actum
2906 1689 3148 1759 signiﬁco
3191 1678 3470 1760 legentis:

1898 1795 2061 1851 quem
2108 1788 2289 1835 actum
2327 1779 2433 1834 alia
2473 1777 2694 1834 Graecus
2742 1778 3011 1848 signiﬁcat
3043 1793 3206 1844 voce;
3247 1785 3304 1833 et
3353 1778 3472 1833 ideo

1899 1871 2124 1928 verbum
2160 1870 2447 1925 secundum
2489 1869 2742 1941 placitum
2776 1878 2862 1925 est
2907 1887 2919 1922 :
2950 1878 3251 1941 tempusque
3304 1876 3475 1924 attra-

1897 1960 1997 2016 hit.
2049 1960 2353 2031 Deﬁnitum,
2394 1960 2448 2014 id
2497 1968 2601 2025 est,
2652 1968 2859 2015 certum
2905 1959 3108 2028 aliquid
3161 1958 3469 2031 signiﬁcat:

1898 2061 1948 2107 et
1989 2052 2261 2127 accidens;
2310 2050 2506 2106 accidit
2550 2050 2694 2105 enim
2722 2051 2865 2106 actio
2901 2050 2985 2104 vel
3026 2051 3208 2119 passio
3242 2048 3470 2105 homini.

1901 2144 2008 2200 Sed
2031 2152 2266 2201 vestram
2281 2160 2378 2200 vos
2399 2145 2597 2200 intrate
2611 2144 3058 2214 disputationem;
3091 2146 3206 2201 haec
3232 2144 3389 2200 alias.
3404 2173 3472 2185 -

1899 2235 2013 2292 Dis.
2040 2236 2161 2291 Fiat
2176 2244 2236 2292 ut
2253 2235 2435 2305 jubes.

1970 2329 2069 2385 Fn.
2102 2328 2310 2393 Profer,
2363 2327 2539 2394 Saxo,
2584 2328 2973 2399 proprietatem
3012 2328 3184 2384 verbi.
3210 2359 3280 2368 —
3303 2327 3469 2383 Suo.

1901 2421 2141 2476 Verbum
2202 2429 2284 2475 est
2332 2434 2460 2491 pars
2511 2419 2776 2476 orationis
2837 2435 2960 2475 cum
3026 2419 3359 2489 temporibus
3420 2428 3476 2473 ct

1900 2510 2104 2576 modis,
2153 2509 2269 2565 sine
2302 2524 2442 2575 casu
2464 2549 2481 2575 ,
2534 2509 2727 2580 agendi
2777 2509 2861 2565 vel
2914 2510 3154 2581 patiendi
3198 2510 3473 2582 signiﬁca-

1902 2600 2091 2655 tivum.

1970 2689 2070 2745 Fu.
2109 2689 2168 2745 Si
2209 2691 2376 2749 verba
2422 2698 2605 2746 actum
2649 2690 2735 2746 vel
2776 2690 3080 2760 passionem
3121 2691 3468 2763 signiﬁcant,

1900 2780 2043 2835 unde
2088 2778 2343 2836 dicuntur
2393 2781 2630 2836 neutra?
2664 2810 2735 2820 —
2788 2779 2965 2851 Suo.
2994 2779 3111 2835 Non
3163 2782 3284 2836 ideo
3333 2785 3477 2852 quod

1902 2877 2083 2925 actum
2132 2869 2216 2924 vel
2267 2870 2572 2939 passionem
2625 2867 2779 2943 [non]
2825 2869 3134 2942 signiﬁcent
3182 2869 3381 2943 [Edit.,
3410 2889 3480 2927 ne

1903 2960 2272 3034 signiﬁcent],
2313 2963 2409 3016 sed
2455 2962 2576 3016 ideo
2629 2962 2754 3030 quia
2807 2978 2972 3017 unum
3026 2962 3219 3017 horum
3270 2963 3476 3033 signiti-

1904 3058 2048 3106 cant.
2089 3051 2225 3107 Nam
2244 3052 2419 3106 activa
2442 3051 2497 3106 in
2521 3060 2708 3108 nostro
2748 3061 2873 3109 actu
2918 3053 3143 3108 alterius
3169 3055 3477 3125 passionem

1903 3139 2243 3211 signiﬁcant,
2300 3139 2484 3212 [sicut
2527 3150 2584 3197 et
2630 3144 2844 3212 passiva
2899 3144 2951 3211 in
3005 3151 3189 3198 nostra
3227 3145 3480 3213 passione

1903 3238 2085 3284 actum
2113 3230 2339 3286 alterius
2361 3229 2710 3303 signiﬁcant].
2738 3230 2874 3299 Nam
2900 3233 3188 3289 dum-dico
3217 3248 3232 3287 :
3260 3252 3379 3289 amo
3407 3247 3479 3300 te,

1902 3318 2131 3391 patiaris
2173 3317 2326 3390 [Ms.,
2382 3318 2606 3392 pateris]
2639 3329 2820 3375 actum
2849 3337 3054 3387 meum,
3095 3322 3151 3378 id
3198 3332 3304 3389 est,
3336 3326 3481 3394 quod

1905 3424 2029 3463 amo
2057 3416 2125 3477 te.
2158 3407 2226 3463 Et
2246 3408 2372 3463 dum
2408 3409 2528 3464 dico
2561 3427 2573 3463 :
2604 3426 2755 3465 amor
2780 3428 2812 3465 α
2840 3420 2887 3465 te
2909 3451 2925 3477 ,
2964 3411 3142 3481 patior
3168 3428 3267 3485 ego
3296 3425 3482 3485 actum

1904 3510 2077 3566 tuum,
2106 3500 2160 3556 id
2186 3509 2287 3566 est,
2310 3503 2452 3571 quod
2478 3511 2537 3556 tu
2577 3518 2727 3559 amas
2753 3518 2858 3561 me.
2887 3503 3089 3561 Neutra
3119 3521 3245 3561 vero
3270 3507 3481 3579 unifor-

1904 3594 2066 3649 miter
2109 3590 2435 3664 signiﬁcant,
2476 3594 2561 3649 vel
2612 3604 2897 3664 agentem;
2931 3605 2992 3651 ut
3038 3597 3270 3664 ambulo,
3303 3616 3485 3665 curro,

1904 3688 2168 3758 prandeo;
2201 3688 2283 3743 vel
2329 3689 2657 3759 patientem,
2700 3699 2760 3745 ut
2801 3691 2998 3758 ardeo,
3050 3709 3224 3756 aeneo,
3274 3691 3484 3763 vapulo.

1908 3777 2014 3835 Sed
2034 3788 2090 3834 et
2115 3780 2331 3835 casibus
2367 3796 2477 3836 non
2501 3789 2684 3851 egent,
2711 3782 2908 3851 quibus
2944 3782 3121 3837 activa
3150 3782 3235 3836 vel
3264 3783 3480 3851 passiva

1906 3877 2086 3941 egent.
2131 3869 2267 3924 Nam
2311 3872 2489 3925 activa
2533 3874 2844 3928 accusativo
2891 3875 3041 3928 casui
3075 3859 3489 3943 jungunturfut

1907 3977 2027 4015 amo
2050 3970 2132 4026 te;
2159 3975 2302 4039 saepe
2327 3968 2385 4015 et
2408 3961 2669 4032 genitivo,
2690 3969 2751 4015 ut
2773 3977 2971 4016 memor
3005 3979 3123 4019 sum
3162 3966 3241 4018 tui
3257 3981 3276 4031 ;
3307 3971 3363 4019 et
3392 3966 3487 4020 da-

1909 4049 2042 4117 tivo,
2089 4060 2148 4105 ut
2195 4052 2314 4104 dico
2363 4051 2476 4105 tibi.
2525 4051 2751 4107 Passiva
2802 4051 3038 4109 ablativo
3081 4052 3404 4127 junguntur,
3431 4067 3493 4112 ut

1909 4156 2059 4194 amor
2086 4159 2118 4194 a
2156 4150 2225 4196 te.
2260 4140 2464 4198 Neutra
2487 4143 2737 4200 absoluta
2764 4150 2893 4199 sunt
2932 4152 2989 4200 et
3019 4161 3116 4216 per
3141 4161 3201 4201 se
3226 4145 3508 4219 [plenum]

1909 4243 2127 4284 sensum
2154 4229 2479 4300 signiﬁcant,
2501 4240 2562 4289 ut
2587 4233 2901 4303 vivo,spiro,
2927 4251 3106 4305 pergo.

1981 4315 2081 4371 Fn.
2126 4318 2301 4374 Verbo
2347 4329 2478 4390 quot
2517 4321 2801 4377 accidunt?
2837 4354 2908 4363 —
2936 4323 3102 4381 Saxo.
3135 4323 3373 4396 Septem.
3407 4326 3493 4383 Si-

1841 4408 2211 4503 Dgniﬁcatio,
2256 4421 2474 4481 quaeet
2507 4400 2677 4483 genus
2723 4415 2940 4478 dicitur.
2995 4425 3226 4495 tempus,
3272 4418 3485 4484 modus,

1914 4500 2145 4573 species,
2174 4499 2366 4570 ﬁgura,
2388 4516 2646 4572 persona,
2672 4519 2954 4560 numerus.

1988 4586 2323 4660 Signiﬁcatio
2360 4591 2652 4650 verborum
2692 4592 2909 4663 proprie
2946 4592 3000 4647 in
3052 4593 3263 4649 actione
3302 4594 3388 4650 vel
3436 4594 3492 4650 in

1915 4672 2166 4749 passione
2194 4689 2298 4749 est,
2337 4699 2455 4752 qua:
2485 4683 2782 4741 secundum
2813 4683 3114 4755 analogiam
3138 4685 3349 4742 duabus
3380 4698 3491 4741 ter-

1917 4771 2193 4827 minantur
2221 4771 2436 4839 littcris,
2465 4790 2495 4827 o
2525 4780 2579 4829 et
2606 4791 2651 4827 r.
2678 4774 2737 4828 In
2765 4791 2795 4828 ο
2818 4775 2997 4831 activa
3025 4784 3079 4832 et
3114 4778 3400 4834 neutralia.
3431 4776 3492 4833 ln

1918 4878 1946 4914 r
1967 4862 2201 4931 passiva,
2231 4861 2553 4933 deponentia
2581 4871 2636 4919 et
2656 4864 2986 4920 communia.
3025 4864 3093 4922 Et
3118 4867 3234 4923 haec
3254 4876 3381 4922 sunt
3402 4882 3494 4939 ge-

1916 4971 2047 5013 nera
2071 4956 2359 5010 verborum
2386 4956 2643 5026 quinque.
3487 5002 3493 5009 .

1985 5045 2176 5104 Activa
2229 5056 2374 5114 sunt,
2404 5063 2526 5120 quae
2571 5064 2785 5121 semper
2830 5059 3013 5129 actum
3042 5049 3491 5125 signiﬁcant,out,

1916 5155 2036 5193 amo
2063 5147 2132 5192 te.
2165 5134 2410 5210 [Passiva
2461 5147 2607 5206 sunt,
2644 5155 2764 5211 quin
2812 5155 3026 5213 semper
3067 5140 3377 5212 passionem
3428 5138 3497 5196 si-

1917 5226 2193 5299 gniﬁcant,
2221 5235 2304 5295 ut,
2332 5245 2484 5285 amor
2504 5247 2534 5284 a
2565 5228 2637 5303 te]
2673 5248 2688 5284 :
2718 5238 2899 5291 tamen
2931 5230 2981 5284 si
3017 5230 3143 5301 quis
3176 5226 3340 5288 altius
3366 5240 3497 5286 con-

1920 5318 2125 5376 sideret
2151 5327 2206 5376 et
2231 5318 2286 5375 in
2317 5316 2517 5377 activis
2531 5320 2713 5376 verbis
2741 5320 3085 5390 passionem.
3096 5328 3152 5373 et
3172 5320 3227 5377 in
3266 5319 3500 5392 passivis

1923 5412 2213 5477 actionem,
2258 5409 2399 5466 sicut
2439 5423 2600 5481 supra
2649 5408 2887 5491 diximus
2908 5450 2923 5475 ,
2976 5409 3238 5467 inveniet.
3293 5407 3497 5467 Neutra

1923 5551 2160 5689 hydras,
2199 5570 2255 5620 et
2278 5562 2374 5619 hoc
2412 5572 2671 5634 nostrate,
2716 5561 2980 5625 nostratis.
3017 5562 3279 5619 Similiter
3321 5562 3376 5621 et
3419 5579 3502 5618 reb

1923 5650 1947 5689 s
1973 5650 2082 5689 ras.
2864 5662 2867 5667 ι
2950 5656 2953 5661 ·
3134 5654 3141 5661 -

1922 5650 2082 5690 σεται.
2864 5662 2867 5667 ·
2950 5656 2953 5661 ·
3134 5654 3141 5661 '

3035 5750 3114 5861 ἐξ
