3866 6170
306 304 436 359 ’3Ἱὸ

1164 302 1228 356 ιι.
1263 303 1328 356 r.
1365 286 1610 354 mm
1654 274 1799 352 seu
1831 292 2114 351 ALCUINI
2151 292 2437 351 orenam
2474 291 2654 349 pnas
2692 290 2800 348 vn.

3532 289 3635 347 ιιι

320 456 326 480 ι
351 423 693 487 uniformlter
743 430 956 488 semper
983 413 1352 487 proferuntur,
1381 408 1441 464 id
1482 415 1591 471 est,
1630 415 1726 463 aut
1755 414 1940 462 actum
1966 406 2021 467 Α
2045 404 2263 460 teritum
2290 414 2346 460 et
2374 403 2637 460 futurum.
2665 402 2926 470 Quamvis
2953 400 3133 473 itaque
3158 417 3398 475 praesens
3421 410 3638 474 tempus

355 521 551 578 solum.
585 521 681 570 aut
705 509 1017 582 passionem
1046 506 1220 563 solum
1246 502 1579 575 signiﬁcant.
1615 501 1834 567 Actum,
1863 508 1943 567 ut,

356 609 642 673 manduco,
668 618 822 658 curro
860 599 1012 673 [Ms.,
1057 595 1292 667 ambulo]
1322 612 1334 648 :
1364 591 1695 664 pasionem,
1746 601 1825 653 ut.
1858 610 1947 648 aa—

355 698 479 772 puio
504 706 638 761 ate,
683 693 862 767 [aenea
892 708 925 744 a
968 687 1062 760 te].
1119 686 1256 741 Sunt
1302 699 1518 755 quoque
1554 684 1820 739 neutralia
1871 683 1949 738 in-

359 790 628 845 trinsecus
659 785 717 840 in
760 781 953 851 seipsis
979 776 1233 834 habentia
1283 774 1591 845 passionem
1613 813 1628 839 ,
1657 782 1848 831 etnon
1876 773 1946 827 ab

357 883 465 939 alio
516 879 877 940 extrinsecus,
924 880 1006 937 ut,
1056 869 1236 932 rubea,
1269 867 1462 937 ferveo,
1509 865 1678 931 calea,
1729 873 1945 936 aegrota,

360 992 477 1032 ruo.
500 969 830 1043 Deponentia
853 976 1070 1035 quoque
1109 975 1274 1016 unam
1304 973 1520 1029 semper
1547 959 1748 1013 habent
1772 956 1947 1028 signi-

360 1067 814 1128 ﬁcationem,aut
836 1058 1093 1120 activam,
1125 1061 1210 1119 ιιι,
1240 1069 1429 1125 sequar
1461 1062 1530 1119 te,
1553 1049 1833 1122 praestolar
1850 1060 1900 1105 te
1928 1065 1949 1104 :

358 1159 445 1215 vel
470 1159 585 1213 sine
612 1151 913 1222 adiectione
938 1162 1116 1212 casus,
1132 1153 1208 1209 ut,
1239 1143 1427 1209 luctor,
1457 1146 1684 1215 loquar:
1709 1151 1805 1197 aut
1820 1157 1951 1212 pas-

357 1249 563 1311 sivam,
594 1251 695 1309 ιιι,
744 1255 935 1296 nascar
964 1256 996 1293 a
1026 1247 1076 1291 te
1098 1278 1113 1303 ,
1160 1236 1337 1307 patiar
1364 1253 1396 1289 a
1446 1244 1517 1300 te,
1560 1250 1764 1288 merear
1798 1250 1831 1288 a
1877 1243 1945 1287 te.

360 1331 680 1394 Communia
724 1331 856 1389 duas
880 1330 1083 1384 habent
1122 1325 1177 1381 in
1207 1341 1314 1380 una
1342 1339 1477 1379 voce
1521 1322 1951 1394 signiﬁcationes

362 1429 573 1504 agentis
597 1434 653 1481 et
677 1421 954 1496 patientis,
983 1427 1062 1484 ut,
1094 1415 1304 1472 osculor
1327 1426 1395 1480 te,
1428 1414 1639 1493 osculor
1686 1432 1718 1468 a
1745 1424 1815 1504 te.

430 1519 531 1574 Fn.
556 1516 700 1584 Quot
726 1513 904 1569 modis
930 1509 1272 1565 declinantur
1299 1505 1484 1561 verba.
1506 1536 1578 1545 —
1610 1504 1774 1559 Suo.
1806 1503 1952 1559 Duo-

364 1611 467 1665 bus
515 1606 712 1662 modis.
756 1601 895 1657 Nam
923 1607 1115 1655 neutra
1166 1597 1491 1661 activorum,
1542 1593 1868 1660 deponentia
1897 1603 1954 1648 et

2047 495 2285 552 instabili
2322 503 2474 552 motu
2509 494 2836 550 naturaliter
2871 493 3187 549 exsolvatur
3223 491 3374 567 [11s.
3395 536 3410 558 ,
3444 492 3639 551 volva-

2047 588 2202 662 tur],
2230 597 2285 644 et
2308 603 2436 659 pars
2459 585 2577 657 ejus
2600 587 2714 659 jam
2739 594 3057 658 praetereat,
3087 600 3325 658 parsque
3351 595 3639 660 sequatur,

2049 689 2230 736 tamen
2261 681 2331 735 ad
2366 679 2766 735 ordinationem
2802 676 2994 749 [Edit.
3013 717 3028 743 ,
3054 676 3439 750 ornationem]
3469 678 3644 734 diver-

2049 787 2233 828 sorum
2267 779 2543 841 gestorum
2580 779 2827 839 tempora
2856 767 3171 824 dividimus.

2119 862 2221 917 Fn.
2261 862 2401 916 Num
2430 860 2486 916 in
2517 862 2770 917 omnibus
2797 861 2974 917 modis
3001 861 3184 916 omnia
3215 861 3463 930 tempora
3497 862 3648 918 inve-

2050 956 2320 1014 niuntur?
2349 986 2422 995 —
2460 954 2625 1011 Suo.
2680 953 3052 1026 Nequaquam.
3100 953 3235 1008 Nam
3287 954 3653 1024 imperativus

2051 1045 2285 1103 naturali
2317 1046 2643 1101 necessitate
2670 1060 2778 1100 non
2810 1045 2974 1100 habet
3000 1045 3359 1115 praeteritum.
3410 1045 3553 1113 Quia
3585 1062 3650 1102 ea

2052 1137 2167 1192 sola
2198 1137 2529 1206 imperamus
2556 1151 2677 1205 qua:
2709 1136 2762 1189 in
2792 1136 3049 1205 praesenti
3080 1145 3206 1191 sunt
3233 1136 3317 1192 vel
3350 1138 3405 1192 in
3436 1137 3647 1194 futuro.

2052 1228 2317 1285 Cteterum
2344 1227 2671 1281 indicativus
2696 1235 2752 1281 et
2776 1226 3153 1297 subjunctivus
3178 1242 3275 1297 per
3296 1229 3484 1284 omnia
3515 1238 3652 1284 tem-

2052 1336 2188 1392 pora
2216 1327 2463 1375 currunt.
2495 1318 2783 1387 Optativus
2818 1332 3036 1388 quoque
3062 1326 3120 1373 et
3143 1318 3477 1385 infinitivus,
3528 1321 3654 1377 licet

2054 1410 2277 1467 confusa
2322 1424 2491 1476 voce,
2541 1410 2596 1465 in
2647 1411 2972 1480 quibusdam
3002 1419 3182 1468 tamen
3209 1414 3395 1469 omnia
3444 1414 3654 1471 habent

2056 1512 2296 1575 tempora
2314 1544 2329 1570 ,
2362 1510 2423 1558 ut
2448 1502 2654 1557 utinam
2685 1501 2905 1573 legerem
2937 1520 3076 1558 nunc
3100 1514 3148 1559 et
3176 1505 3291 1559 lteri
3312 1523 3333 1570 ;
3360 1514 3419 1559 et
3446 1506 3652 1561 utinam

2056 1594 2295 1666 legissem
2324 1602 2461 1658 ante,
2495 1601 2634 1655 ante,
2666 1601 2721 1648 et
2745 1600 2867 1647 ante
2895 1594 3275 1665 quinquaginta
3301 1612 3493 1650 annos.
3520 1595 3653 1651 Item

367 1698 675 1756 communia
698 1695 1037 1767 passivorum
1058 1690 1300 1760 regulam
1330 1689 1383 1742 in
1401 1687 1760 1743 declinatione
1781 1686 1953 1741 maxi-
1986 1756 2029 1767 __
2057 1684 2225 1756 legere
2267 1700 2348 1739 me
2387 1682 2501 1738 rola
2545 1692 2600 1738 et
2640 1681 2871 1738 valebam
2895 1697 2914 1736 :
2960 1692 3016 1739 et
3057 1684 3246 1755 legisse
3289 1701 3372 1740 me
3421 1686 3564 1742 colui
3597 1696 3655 1743 et
3692 1687 3703 1697 '

367 1803 456 1845 me
497 1756 816 1859 sequuntur.
860 1783 998 1839 Sunt
1027 1788 1289 1853 prmtarea
1336 1788 1531 1833 neutra
1568 1778 1805 1843 passiva,
1837 1790 1956 1847 qua:
1986 1756 2033 1818 Β
2062 1776 2348 1832 volueram.

370 1886 425 1938 in
460 1880 738 1953 praeterito
784 1876 1027 1948 perfecto
1082 1882 1137 1928 et
1186 1869 1718 1944 plusquamperfecto
1755 1869 1956 1939 passivi

370 1972 788 2030 declinationem
802 1966 1021 2024 habent.
1044 1966 1111 2019 Et
1136 1972 1265 2019 sunt
1292 1964 1408 2019 haec
1445 1963 1596 2018 sola:
1626 1960 1832 2026 Audea,
1862 1974 1959 2012 au-

370 2078 460 2118 sus
500 2077 638 2118 sum.
667 2058 930 2133 [Gaudea,
957 2057 1166 2128 gavisus
1206 2071 1343 2109 sum.
1370 2052 1545 2118 Soleo,
1570 2051 1756 2106 salitus
1793 2046 1955 2121 sum].

372 2155 538 2221 Fida,
568 2154 699 2224 ﬁsus
728 2167 865 2206 sum.
898 2147 1020 2214 Fia,
1052 2148 1224 2217 factus
1264 2161 1380 2200 sum
1411 2158 1431 2197 :
1466 2151 1522 2199 et
1550 2143 1594 2199 si
1625 2158 1732 2213 qua
1769 2156 1837 2196 ex
1873 2141 1961 2195 his

373 2253 788 2318 componuntur.
824 2241 973 2297 ‘Sunt
1007 2240 1111 2294 alia
1153 2238 1369 2309 passivo
1410 2244 1609 2291 neutra
1660 2232 1961 2307 superiori-

371 2340 474 2394 bus
497 2334 771 2393 coutraria
804 2351 820 2389 :
852 2331 1187 2403 Compereor,
1219 2344 1440 2392 mereor,
1464 2328 1731 2393 divertor;
1754 2324 1961 2379 faciunt

372 2433 516 2488 enim
543 2427 903 2501 prteteritum,
933 2421 1202 2492 comperii,
1237 2419 1424 2484 merui,
1455 2418 1658 2473 diverti.

446 2516 609 2592 283
646 2518 746 2573 Fu.
789 2513 1043 2584 Nunquid
1080 2519 1260 2566 certas
1297 2510 1503 2564 habent
1547 2522 1767 2577 semper
1795 2505 1961 2561 verba

378 2605 851 2683 signiﬁcationes?
878 2632 949 2642 —
978 2601 1149 2656 Suo.
1188 2598 1541 2668 Nequaquam
1585 2611 1801 2668 semper
1843 2612 1962 2652 cer.

380 2710 488 2753 tas.
533 2696 642 2752 Sed
687 2695 791 2748 alia
824 2699 951 2746 sunt
992 2706 1113 2760 qua:
1154 2704 1262 2743 una
1301 2701 1433 2742 voce
1461 2688 1548 2743 vel
1588 2687 1963 2759 conjugatione

381 2788 627 2843 diversas
657 2784 863 2838 habent
894 2777 1319 2849 signiﬁcationes
1337 2818 1353 2843 ,
1381 2785 1442 2832 ut
1470 2776 1618 2843 calo,
1649 2793 1748 2849 pro
1777 2777 1960 2850 diligo,

382 2888 438 2937 et
472 2877 648 2933 habita
669 2916 683 2943 ,
715 2884 771 2930 et
811 2890 905 2928 ara
938 2872 1223 2942 accipitur.
1262 2869 1568 2936 Committa,
1593 2886 1697 2942 pro
1725 2870 1879 2925 credo
1909 2877 1964 2926 et

382 2966 706 3026 commenda.
737 2963 938 3027 Canda,
966 2977 1067 3034 pro
1104 2961 1310 3030 (ediﬁce
1338 2969 1394 3017 et
1419 2960 1547 3015 celo.
1576 2960 1829 3016 Gratulor
1863 2976 1962 3031 pro

382 3060 582 3117 raudea
622 3065 678 3114 et
702 3059 903 3129 gratias
946 3072 1045 3126 ago
1076 3055 1317 3125 ponitur.
1360 3052 1501 3109 Sunt
1537 3051 1640 3108 alia
1673 3067 1793 3123 quae
1832 3067 1957 3107 cum

378 3152 605 3224 coniuga
614 3152 757 3207 tione
778 3157 987 3205 mutant
1009 3146 1480 3219 signiﬁcationem.
1500 3145 1629 3202 Haec
1646 3146 1700 3200 in
1720 3146 1957 3201 secunda

382 3243 613 3315 persdna
652 3240 982 3297 discet-nitur
1014 3258 1028 3293 :
1066 3246 1125 3295 ut
1161 3239 1386 3303 manda,
1426 3237 1680 3302 mandas,
1729 3253 1760 3291 a
1806 3253 1961 3291 man-

381 3335 596 3399 dando;
629 3334 854 3397 manda,
888 3333 1132 3397 mandis,
1185 3347 1217 3384 a
1261 3322 1521 3384 manduca
1545 3370 1559 3393 ,
1600 3328 1773 3401 [Ms.,
1812 3338 1964 3381 man-

381 3423 631 3495 denda];
666 3423 856 3493 funda,
889 3421 1104 3491 fundas,
1143 3436 1174 3475 a
1208 3421 1506 3491 fundanda;
1539 3420 1726 3489 funda,
1759 3419 1960 3489 fundis,

381 3530 411 3567 ιι
443 3512 713 3582 fundendo
738 3529 757 3577 ;
787 3510 922 3575 cola,
952 3511 1117 3575 volas,
1148 3524 1179 3564 a
1208 3509 1474 3575 volando;
1506 3510 1645 3575 uola,
1676 3510 1782 3576 vis,
1816 3524 1845 3564 a
1878 3527 1965 3564 va-

381 3608 581 3660 luntate
608 3602 769 3677 [Ms.,
797 3603 1014 3658 valendo
1032 3602 1075 3675 ].
1107 3602 1256 3667 Sera,
1288 3620 1456 3669 seras,
1482 3602 1651 3657 seravi
1672 3620 1692 3668 ;
1717 3620 1854 3669 sera,
1884 3620 1965 3658 se-

381 3699 486 3761 ris,
515 3696 620 3751 sevi
647 3713 664 3761 ;
696 3694 809 3765 lego
829 3735 844 3760 ,
876 3692 1019 3764 legas
1048 3710 1066 3758 ;
1102 3701 1157 3748 et
1189 3692 1300 3764 (ego
1321 3735 1336 3758 ,
1366 3693 1496 3764 legis
1520 3710 1539 3758 ;
1581 3693 1700 3747 dico
1722 3735 1736 3759 ,
1773 3694 1922 3749 dicas
1944 3734 1960 3762 ,

381 3788 564 3845 brevis
594 3787 681 3852 di;
714 3782 853 3850 dico,
882 3785 1039 3851 dicis,
1072 3784 1231 3855 longa
1259 3784 1348 3849 di;
1378 3783 1581 3856 appella
1610 3794 1666 3840 et
1690 3784 1957 3857 compello,

383 3877 667 3950 campellas
691 3919 706 3942 ,
726 3877 785 3932 id
809 3884 925 3942 est,
960 3868 1135 3932 clamo
1153 3918 1168 3941 ,
1192 3875 1434 3931 acclamo
1459 3894 1474 3943 ;
1513 3875 1717 3947 appella
1735 3917 1751 3943 ,
1786 3875 1964 3947 appel-

383 3971 476 4035 lis,
512 3968 567 4024 id
594 3976 710 4034 est,
742 3967 983 4038 applico;
1015 3966 1206 4038 repello
1227 4007 1241 4032 ,
1271 3966 1543 4039 compello,
1576 3968 1630 4022 id
1659 3975 1773 4034 est,
1808 3983 1960 4039 cogo.

382 4060 532 4127 llaec,
558 4059 769 4115 France
786 4100 801 4126 ,
826 4060 893 4115 de
913 4060 1066 4115 varia
1088 4061 1376 4114 verborum
1403 4058 1798 4130 signiﬁcatione
1820 4060 1964 4116 dicta

382 4151 653 4208 sufﬁciant
679 4166 694 4216 ;
726 4166 870 4204 nunc
896 4150 963 4203 ad
991 4157 1231 4219 tempora
1259 4164 1421 4204 curro
1451 4148 1471 4222 [
1496 4148 1598 4204 Ms.
1619 4190 1634 4216 ,
1664 4148 1889 4222 curre].

455 4241 555 4296 Fn.
595 4240 733 4294 Fiat.
773 4239 960 4293 Primo
995 4237 1082 4293 dic
1118 4239 1250 4293 mihi
1271 4283 1286 4306 ,
1318 4239 1462 4294 unde
1495 4240 1699 4295 dictum
1731 4241 1802 4296 sit
1831 4248 1965 4296 tem-

380 4350 483 4406 pus
503 4334 529 4388 ?
560 4361 633 4374 ——-
666 4330 830 4385 Saxo.
866 4330 913 4383 Α
951 4337 1397 4399 temperamento.
1435 4330 1571 4398 Quia
1601 4332 1783 4386 omnia
1818 4347 1966 4388 mor-

385 4425 513 4483 talia
547 4431 756 4492 tempus
786 4420 1001 4475 habent.

453 4512 571 4572 Fn.‘
593 4513 861 4583 Tempora
894 4519 1028 4580 quot
1062 4510 1228 4565 sunt?
1262 4540 1335 4552 ——
1367 4508 1533 4567 Saxo.
1588 4511 1716 4568 Tria
1767 4528 1963 4570 secun-

384 4609 516 4665 dum
569 4613 817 4661 naturam
849 4621 862 4657 :
902 4602 1245 4673 praeteritum
1269 4643 1284 4668 ,
1320 4609 1379 4656 ut
1415 4601 1551 4673 legi;
1590 4618 1866 4673 prtesens,
1906 4614 1969 4661 ut

382 4703 539 4774 lego;
577 4708 632 4754 et
668 4698 941 4761 futurum,
973 4705 1035 4750 nt
1061 4694 1249 4766 legam.
1283 4695 1523 4763 Quadam
1563 4705 1743 4753 tamen
1780 4714 1969 4754 neces-

386 4793 545 4848 sitate
580 4790 918 4859 prmteritum
964 4796 1176 4858 tempus
1220 4786 1275 4841 in
1311 4795 1422 4843 tres
1464 4786 1726 4843 dividitur
1762 4790 1968 4846 distan-

387 4883 531 4947 tias;
567 4879 695 4952 quia
736 4879 981 4949 quaedam
1029 4885 1157 4933 sunt
1185 4884 1305 4948 qua:
1350 4877 1520 4934 multo
1566 4888 1693 4935 ante
1737 4881 1968 4939 dicimus

382 4979 657 5029 transacta
686 5010 702 5037 ,
761 4976 823 5023 ut
876 4968 1123 5038 legeram.
1176 4967 1482 5038 Aliquando
1540 4972 1788 5041 Quaedam
1847 4988 1967 5044 qua:

378 5048 543 5135 paulo
566 5064 722 5124 ante,
754 5066 817 5114 ut
839 5055 942 5129 legi
967 5057 1103 5113 lteri.
1134 5054 1391 5124 Quaedam
1420 5060 1673 5117 inchoata
1701 5063 1720 5136 ι
1744 5062 1852 5129 .41.,
1886 5064 1967 5119 in-

381 5154 676 5231 choativa]
706 5160 867 5222 sum,
898 5154 992 5210 sed
1028 5154 1269 5211 nondum
1306 5144 1576 5226 perfecta,
1617 5166 1678 5211 ut
1712 5156 1960 5229 legebam.

380 5250 447 5306 Et.
480 5250 602 5308 idco
626 5246 866 5320 Quinque
893 5248 1136 5318 tempora
1164 5244 1645 5302 annumerabim'us
1676 5249 1730 5302 i'n
1760 5248 1961 5306 verbis.

449 5338 550 5398 Fit.
591 5326 747 5409 Quod
793 5340 990 5395 nurum
1041 5338 1251 5409 tempus
1300 5332 1473 5411 [m.,
1508 5338 1851 5414 temporum]
1904 5342 1960 5397 in

378 5433 563 5491 verbis
608 5429 969 5502 principalem
1014 5431 1158 5485 inter
1202 5424 1400 5484 uetera
1452 5430 1597 5485 tenet
1634 5429 1856 5486 ldcum?
1893 5464 1961 5474 ~—

380 5522 548 5583 Ssxa.
577 5524 858 5589 Pusaeus,
888 5523 1017 5592 quia
1047 5522 1104 5577 in
1134 5522 1252 5591 ipsa
1278 5537 1499 5587 sumus,
1530 5522 1661 5589 dum
1688 5523 1961 5593 loquimur

382 5617 448 5668 de
479 5615 755 5683 praeterito
781 5624 836 5669 et
863 5614 1064 5671 futuro.
1091 5612 1159 5667 Et
1187 5630 1217 5668 a
1243 5615 1498 5684 praesenti
1525 5616 1796 5672 ducuntur
1821 5630 1959 5688 pm.

457 5740 484 5769 ι
519 5724 938 5792 Salaccophanes
968 5724 1287 5794 indulgentia
1318 5728 1499 5784 szcculi
1526 5728 1623 5783 illi.
1656 5729 1881 5785 Βιεκις.

2131 1868 2230 1923 Fn.
2266 1868 2350 1923 An
2404 1869 2459 1924 in
2497 1871 2751 1927 omnibus
2785 1870 2967 1928 verbis
3003 1873 3120 1929 haec
3153 1872 3406 1945 quinaria
3448 1882 3657 1947 tempo-

2062 1976 2184 2017 rum
2235 1961 2431 2019 divisio
2468 1963 2797 2019 invenitur?
2836 1996 2909 2006 —
2958 1962 3126 2023 Saxo.
3164 1967 3301 2022 Non.
3338 1967 3486 2036 Quia
3533 1978 3656 2025 sunt

2062 2055 2226 2110 verba
2261 2069 2381 2125 quae
2415 2055 2682 2111 rationem
2723 2064 3027 2128 temporum
3058 2073 3164 2113 non
3200 2068 3456 2126 servant,
3484 2070 3548 2116 ut
3574 2062 3654 2116 in-

2062 2154 2315 2210 choativa
2343 2155 2510 2210 verba
2548 2154 2604 2209 in
2639 2155 2790 2210 omni
2828 2156 3107 2227 praeterito
3138 2153 3380 2225 perfecto
3412 2160 3472 2210 et
3500 2153 3649 2224 plus-

2062 2247 2471 2319 quamperfecto
2516 2247 2797 2304 deﬁciunt.
2839 2249 2972 2304 Item
3012 2248 3195 2304 omnia
3230 2247 3653 2318 impersonalia,

2062 2354 2182 2410 qua:
2219 2354 2250 2393 a
2290 2353 2348 2394 se
2382 2347 2708 2405 nascuntur,
2748 2336 2801 2394 in
2841 2338 3020 2394 futuro
3057 2337 3309 2394 inﬁnitivi
3356 2337 3654 2403 deﬁciunt,

2062 2439 2122 2485 ut
2145 2431 2407 2496 paenitere,
2432 2432 2732 2502 paenituisse
2749 2449 2769 2497 ;
2794 2439 2849 2486 et
2872 2431 3130 2503 pleraque
3158 2438 3353 2486 neutra
3383 2431 3441 2485 in
3468 2430 3653 2486 futuro

2062 2520 2311 2575 inﬁnitivi
2360 2518 2649 2588 deﬁciunt,
2699 2529 2759 2577 ut
2797 2522 3020 2588 horrea,
3069 2524 3318 2589 horrere,
3361 2521 3656 2579 horruisse.

2062 2611 2198 2667 Nam
2230 2613 2476 2683 pmnitum
2511 2615 2589 2668 ire
2627 2629 2734 2669 non
2771 2613 3002 2670 dicimus
3024 2654 3038 2680 ,
3076 2623 3183 2669 etc.

2134 2700 2274 2755 Sunt
2310 2715 2526 2771 quoque
2560 2703 2725 2758 verba
2762 2718 2883 2773 quas
2920 2702 3252 2773 przeteritum
3290 2710 3513 2773 tempus
3547 2718 3652 2761 non

2062 2793 2294 2859 habent,
2325 2794 2429 2850 nisi
2458 2809 2527 2850 ex-
2552 2795 2674 2851 aliis
2703 2803 2991 2851 sumantur
3019 2794 3187 2869 [Πεη
3211 2795 3505 2870 sumatur]
3537 2812 3660 2853 ver-

2062 2886 2178 2949 bis.
2210 2895 2269 2941 ut
2302 2889 2538 2958 percutio
2558 2929 2574 2955 ,
2600 2889 2838 2960 percussi
2860 2902 2879 2941 :
2909 2887 3048 2944 ferio
3077 2903 3186 2944 non
3217 2888 3383 2943 habet
3409 2889 3659 2959 praeteri-

2061 2985 2211 3045 tum,
2254 2979 2358 3034 nisi
2396 2978 2581 3045 dicas,
2613 2982 2867 3052 percussi.
2900 2980 2993 3037 Sic
3021 2989 3226 3047 statua,
3253 2982 3421 3037 statui
3440 2999 3462 3047 ;
3496 2983 3660 3050 sisto,

2062 3069 2267 3135 statui;
2305 3069 2525 3124 sustolla
2546 3111 2560 3137 ,
2600 3070 2831 3136 sustuli;
2869 3079 2927 3126 et
2962 3072 3191 3141 suffero,
3223 3072 3462 3139 sustuli;
3493 3071 3662 3139 tollo,

2067 3160 2207 3227 tuli;
2235 3170 2291 3217 et
2321 3162 2451 3232 fera,
2485 3163 2611 3232 fers,
2645 3162 2778 3233 fert,
2810 3163 2907 3217 tuli
2935 3161 3106 3231 facit;
3138 3164 3366 3231 insania,
3399 3164 3661 3230 insanivi,

2058 3258 2120 3304 et
2149 3250 2296 3320 furca
2332 3252 2591 3317 insanivi;
2628 3269 2804 3319 cerno,
2835 3255 2995 3321 crevi,
3028 3265 3084 3310 et
3111 3271 3307 3321 cresco,
3339 3256 3481 3310 crevi
3511 3255 3660 3312 facit.

2060 3341 2196 3399 Item
2228 3358 2445 3414 quoque
2472 3344 2781 3401 inchoativa
2812 3354 2869 3401 et
2902 3346 3221 3401 meditativa
3249 3362 3359 3402 non
3389 3356 3569 3403 solum
3609 3348 3663 3403 in

2063 3437 2338 3507 prmterito
2362 3477 2378 3504 ,
2415 3437 2513 3507 sed
2543 3438 2709 3493 etiam
2750 3439 2803 3493 in
2840 3438 3023 3495 futuro
3061 3440 3317 3503 inﬁnitivi
3351 3439 3655 3496 deﬁciunt:

2064 3537 2350 3599 tepescere,
2382 3531 2669 3600 parturire.
2701 3528 2838 3585 Item
2872 3531 3059 3586 verbis
3096 3531 3152 3584 in
3190 3547 3253 3586 or
3284 3529 3665 3587 desinentibus

2067 3622 2265 3675 desunt
2315 3628 2560 3705 tempora
2603 3621 2881 3691 praeterita
2926 3619 3166 3690 perfecta
3212 3620 3313 3694 [et
3342 3622 3662 3693 plusquam-

2065 3710 2408 3785 perfectum]
2452 3720 2513 3767 et
2559 3711 2803 3768 futurum
2850 3712 3186 3783 coniunctivi
3232 3712 3407 3786 μίση
3438 3715 3663 3785 subjun-

2065 3803 2262 3877 ativi],
2291 3805 2383 3859 sed
2410 3821 2509 3876 per
2533 3806 2819 3876 participia
2844 3804 3015 3878 [Ms.,
3057 3807 3442 3880 participium]
3472 3807 3493 3880 ί
3520 3823 3660 3878 pra-

2066 3896 2166 3951 teri
2176 3897 2214 3950 ti
2242 3895 2541 3969 temporis]
2570 3903 2628 3951 et
2655 3898 2882 3952 verbum
2912 3898 3316 3953 substantivum
3345 3915 3468 3953 sunt
3490 3899 3659 3955 decli-

2065 3998 2288 4056 nantur,
2335 3997 2396 4045 ut
2435 3998 2644 4043 amatus
2687 4004 2804 4043 sum
2829 4029 2847 4051 ,
2895 3999 3106 4044 amatus
3152 3988 3357 4056 fueram
3387 4030 3404 4055 ,
3451 4000 3661 4045 amatus

2062 4088 2308 4146 era,etc

2457 4168 2548 4224 DE
2597 4167 2809 4226 MODIS
2857 4169 3261 4227 VERBORUM.

2138 4258 2238 4313 Fn.
2279 4259 2422 4317 Modi
2461 4263 2752 4333 verborum
2785 4263 2916 4333 quid
2949 4261 3085 4335 [Al.,
3113 4263 3206 4333 qui
3234 4273 3283 4316 et
3312 4262 3469 4335 quot]
3501 4263 3659 4318 sunt?

2065 4381 2139 4394 —
2168 4350 2335 4407 Suo.
2368 4352 2511 4409 Μοῶ
2542 4363 2669 4408 sunt
2694 4353 2923 4410 diversa!
2954 4355 3334 4410 inclinationes
3360 4353 3382 4425 1,
3410 4354 3539 4417 Ma,
3571 4355 3656 4409 de-

1989 4458 2040 4519 n
2065 4441 2405 4514 clinationes]
2434 4445 2630 4509 animi,
2661 4446 2843 4501 varios
2870 4444 2988 4513 ejus
3017 4444 3241 4501 allectus
3270 4446 3656 4501 demonstran-

2067 4540 2169 4587 tes.
2202 4532 2269 4587 Et
2296 4542 2424 4588 sunt
2449 4534 2689 4604 quinque
2714 4555 2728 4590 :
2757 4536 3093 4600 indicativus,
3121 4536 3213 4606 qui
3241 4543 3297 4590 et
3325 4534 3653 4596 deﬁnitivus,

2066 4638 2174 4693 quo
2207 4622 2512 4680 indicamus
2540 4626 2626 4679 vel
2666 4624 2955 4680 deﬁnimus
2984 4625 3113 4695 quid
3143 4631 3337 4695 agatur
3368 4624 3455 4679 vel
3487 4624 3655 4693 patia-

2067 4725 2155 4771 tur
2180 4731 2213 4771 a
2243 4717 2399 4771 nobis
2429 4729 2455 4757 ε
2481 4734 2496 4783 ;
2528 4717 2620 4787 qui
2648 4718 2771 4773 ideo
2804 4718 3014 4787 primus
3051 4718 3289 4788 ponitur,
3321 4716 3450 4787 quia
3483 4714 3656 4786 perfa-

2068 4818 2188 4864 ctus
2215 4818 2299 4864 est
2324 4809 2574 4879 personis
2601 4816 2658 4865 et
2687 4810 3019 4879 temporibus
3047 4850 3059 4863 .
3090 4819 3143 4865 ct
3172 4810 3264 4866 alii
3296 4810 3449 4867 modi
3489 4825 3558 4865 es
3594 4822 3654 4863 eo

2068 4900 2307 4970 regulam
2344 4908 2583 4956 sumunt.
2619 4900 2717 4956 Vel
2754 4902 2898 4971 quod
2930 4916 2998 4957 ex
3032 4917 3103 4958 eo.
3129 4902 3419 4972 participia
3454 4902 3544 4958 vel
3567 4916 3654 4958 na-

2067 4990 2215 5045 mina
2248 4990 2335 5046 vel
2368 4993 2533 5047 verba
2573 4992 2934 5059 derivantur;
2970 5002 3029 5048 ut
3067 5009 3097 5048 a
3134 4994 3306 5059 duca,
3342 4994 3589 5050 ducens:
3623 5007 3653 5047 s

2068 5082 2201 5137 dumi
2228 5084 2424 5139 ductus
2445 5124 2461 5149 ,
2490 5094 2546 5140 et
2574 5083 2683 5138 dux
2713 5099 2726 5138 :
2759 5100 2791 5139 a
2822 5084 2991 5147 ferrea
3012 5126 3029 5149 ,
3073 5084 3321 5143 fervens.
3371 5084 3651 5147 fervesco.

2067 5171 2269 5228 fervor.

2136 5265 2305 5338 235
2337 5265 2684 5337 Imperatiaus
2721 5276 2831 5331 est,
2874 5283 2984 5339 quo
3016 5269 3353 5339 imperamus
3380 5268 3547 5339 aliis,
3596 5275 3650 5321 ut

2066 5336 2390 5417 {acuat—vel
2423 5336 2725 5428 patiantur.
2764 5359 2834 5415 Et
2866 5336 2952 5417 est
2982 5336 3180 5431 pet-vsa
3211 5336 3528 5425 absolutus,
3554 5374 3650 5415 nec

2068 5448 2208 5520 [per
2236 5449 2336 5524 se]
2366 5450 2593 5506 alterius
2630 5451 2835 5523 indiget
2867 5454 3039 5523 partis
3081 5455 3151 5509 ad
3191 5453 3607 5525 signiﬁcandum
3627 5467 3645 5504 :

2063 5546 2119 5594 et
2166 5541 2288 5596 ideo
2331 5542 2629 5598 secandum
2674 5548 2822 5598 tenet
2869 5544 3048 5601 locum
3095 5546 3150 5601 in
3194 5546 3388 5602 modis.
3437 5544 3505 5603 Et
3547 5539 3645 5599 hoc

2063 5641 2282 5687 orantes
2313 5633 2611 5707 saepissime
2642 5634 2882 5699 utimur;
2914 5644 2972 5690 ιιι
2997 5654 3012 5691 :

3442 5813 3480 5827 Ὗ
