3866 6170
326 335 433 397 877

450 452 604 517 Busa,
633 455 755 506 mibi
780 469 954 508 causas
971 468 1188 513 memora

321 555 526 612 Deinde
560 558 851 629 optativus,
886 575 985 630 per
1023 576 1182 632 quem
1217 570 1486 634 optamus.
1516 563 1619 632 Qui
1650 566 1769 621 ideo
1799 576 1908 622 ter-

320 649 432 705 tius
470 650 524 704 in
564 650 755 707 ordine
788 652 1043 724 ponitur,
1079 656 1205 727 quia
1242 654 1467 712 inferior
1501 667 1585 714 est
1621 660 1714 731 qui
1754 669 1908 731 aptat

320 756 487 811 quam
518 742 613 812 qui
652 742 922 815 imperat;
961 754 1016 801 et
1052 747 1308 803 adverbio
1337 750 1559 818 optandi
1599 749 1804 821 indiget
1835 751 1906 807 ad

318 833 694 902 complendum
724 848 972 901 sensum,
1004 846 1094 905 ιιι,
1126 839 1328 893 utinam
1356 839 1595 911 legerem.

389 922 595 992 Quarto
638 926 758 983 loco
802 928 1164 999 subjunc’tivus
1210 932 1433 1000 ponitur
1474 941 1531 987 et
1572 934 1715 1004 jure.
1769 934 1905 1003 Eget

313 1020 459 1073 cnim
499 1035 607 1074 non
644 1019 808 1074 modo
846 1020 1103 1076 adverbio
1141 1022 1225 1077 vel
1263 1023 1678 1093 conjunctione,
1711 1037 1901 1079 verum

313 1111 478 1164 etiam
528 1110 702 1165 altero
749 1111 949 1177 verbo,
1001 1119 1064 1166 ut
1107 1111 1410 1182 perfectum
1458 1113 1728 1186 signiﬁcet
1773 1129 1899 1170 scn-

313 1220 455 1258 sum.
511 1202 663 1260 Unde
709 1211 767 1258 et
819 1202 1195 1274 subjunctivus
1242 1206 1484 1274 dicitur;
1530 1216 1591 1262 ut
1642 1208 1899 1279 Virgilius

313 1295 331 1368 (
356 1294 538 1366 Eclog.
570 1310 629 1350 ιιι
654 1312 671 1360 ,'
702 1294 765 1349 77
788 1292 810 1367 ]
837 1309 854 1349 :

435 1403 555 1454 Cum
578 1404 748 1454 faciam
779 1404 927 1455 vitula
954 1403 1096 1468 [λίβη
1122 1404 1365 1470 vitulam],
1392 1406 1728 1531 pro
1753 1409 1863 1473 ipse

308 1552 378 1607 Et
410 1551 661 1607 omnibus
698 1550 821 1607 aliis
853 1550 1031 1607 modis
1066 1552 1265 1609 sociari
1298 1562 1517 1625 potest;
1557 1565 1616 1611 ut
1650 1557 1774 1612 dum
1823 1558 1897 1613 le-

306 1659 499 1715 gerem,
537 1642 723 1713 scripsi
752 1655 772 1693 :
802 1649 878 1707 et,
918 1641 1045 1697 dum
1083 1642 1274 1714 legam,
1306 1646 1504 1711 scribe;
1539 1654 1629 1713 et,
1664 1648 1791 1701 dum
1821 1647 1896 1703 leo

305 1755 479 1808 gerem
494 1780 508 1803 ,
541 1737 743 1791 utinam
775 1737 1071 1792 scriberem.

1412 345 1884 407 DIDASCALICA.
1924 381 1995 393 —-
2033 352 2507 413 GRAMMATICA.

1932 472 1982 528 Α
2009 484 2105 534 as;
2130 485 2332 536 merso,
2363 487 2466 538 as;
2497 489 2662 540 nexo,
2696 490 2798 537 as;
2826 484 2882 529 et
2906 475 3042 530 ﬁunt
3068 473 3235 549 [Hm
3263 479 3422 554 sunt]
3455 498 3595 538 sem-

3494 368 3603 433 878

2011 577 2106 632 per
2134 573 2325 619 neutra
2356 564 2539 636 [sicut
2563 566 2658 640 et]
2691 569 3018 625 inchoativa.

2083 655 2389 712 Meditativa
2435 658 2491 713 in
2539 660 2658 715 ario
2704 662 2958 718 desinunt
2996 670 3053 718 et
3093 671 3302 734 quartae
3342 663 3596 738 [tantum

2008 746 2150 819 (Ms.
2179 762 2283 801 om.
2314 748 2590 823 tantum)]
2617 750 3012 823 conjugationis
3036 762 3201 821 sunt;
3230 766 3322 822 ut,
3353 755 3594 821 lecturio,

2005 837 2052 890 is
2074 853 2093 902 ;
2122 838 2296 892 esurio
2315 879 2330 903 ,
2359 839 2405 893 is
2426 880 2440 905 ,
2472 841 2617 909 quod
2646 840 2713 896 ab
2740 841 2838 896 edo
2867 843 3163 900 derivatur.

2077 928 2216 985 Sunt
2254 930 2373 986 alia:
2414 946 2633 1002 quoque
2674 934 2885 1004 species
2925 936 3389 1005 derivativorum;
3432 947 3524 1005 ut,
3559 954 3590 994 a

2003 1019 2180 1085 rideo,
2208 1020 2325 1075 viso
2345 1062 2361 1087 ,
2390 1022 2443 1077 id
2472 1030 2556 1079 est
2582 1025 2740 1095 cupio
2769 1025 2952 1081 videre
2977 1044 2991 1091 ;
3024 1044 3054 1082 a
3085 1029 3248 1099 facio,
3279 1030 3526 1099 facesso;
3559 1047 3588 1087 a

2003 1112 2175 1181 capio,
2201 1125 2461 1182 capesso;
2492 1128 2523 1167 a
2547 1113 2744 1182 lacero,
2774 1116 3013 1184 lacesso;
3044 1120 3113 1174 ab
3138 1138 3308 1187 arceo,
3337 1136 3585 1192 arcesso;

2001 1200 2071 1254 ab
2100 1217 2254 1256 arceo
2273 1243 2288 1267 ,
2319 1214 2561 1260 accessu.
2596 1204 2727 1272 Quae
2755 1205 3150 1277 frequentativa
3176 1227 3282 1267 non
3310 1228 3432 1269 esse
3459 1231 3589 1271 eon-

1994 1290 2205 1361 jngatio
2230 1294 2490 1348 ostendit.
2521 1292 2659 1349 Sunt
2685 1311 2901 1367 quoque
2924 1299 3026 1353 alia
3052 1315 3150 1370 per
3175 1302 3585 1361 diminutionem

1999 1383 2294 1440 derivativa
2336 1384 2504 1457 [Μεη
2550 1388 2869 1462 derivata],
2916 1401 2975 1445 ιιι
3012 1407 3043 1446 a
3081 1394 3292 1459 sorbeo,
3323 1396 3579 1463 sorbillo;

1998 1488 2028 1526 a
2054 1476 2233 1544 garrio
2251 1516 2265 1541 ,
2299 1476 2554 1547 garrulo;
2585 1494 2616 1533 a
2644 1477 2821 1545 calvo,
2854 1481 3085 1538 calvitio.
3129 1483 3264 1539 Item
3293 1501 3323 1540 a
3350 1488 3582 1543 nomini-

1996 1565 2098 1621 bus
2124 1567 2419 1623 dcrivativa
2445 1570 2620 1634 ﬁunt;
2652 1580 2740 1637 ιιι,
2769 1587 2799 1625 a
2825 1583 2994 1643 patre,
3023 1577 3257 1644 patrisso
3281 1594 3296 1643 ;
3329 1592 3359 1631 a
3388 1595 3579 1648 gra'co,

1994 1659 2267 1728 graecisso.
2312 1660 2696 1741 lmpcrsonalia
2735 1678 2951 1734 quoque
2978 1681 3116 1735 pene
3143 1671 3327 1725 omnia
3357 1672 3423 1725 ab
3448 1674 3582 1728 acti-

1994 1748 2078 1804 vis
2131 1750 2320 1824 [Edit.
2348 1793 2363 1817 ,
2392 1751 2715 1827 adjectivis]
2766 1757 2851 1811 vel
2901 1758 3237 1815 neutralibus
3284 1762 3582 1819 derivativa

380 1829 678 1898 Inﬁnitivus
705 1836 823 1895 est,
850 1830 940 1899 qui
972 1837 1029 1885 et
1053 1832 1302 1900 personis
1325 1842 1382 1888 et
1409 1835 1651 1890 numeris
1677 1835 1892 1901 deﬁcit,
1923 1837 1969 1906 Β
1997 1848 2161 1907 sunt;
2193 1850 2291 1907 ut,
2320 1859 2353 1897 a
2382 1842 2515 1915 lego,
2547 1844 2783 1915 legitur;
2816 1863 2846 1901 a
2874 1857 2975 1913 sto,
3009 1856 3203 1904 statur.
3233 1849 3583 1908 Inveniuntur

302 1931 361 1976 et
398 1930 519 1993 eget
554 1936 662 1977 uno
694 1936 761 1978 ex
796 1922 1125 1993 supradictis
1157 1933 1394 1994 quatuor
1430 1928 1643 1995 modis,
1680 1936 1743 1983 ut
1770 1929 1886 1999 ple—

303 2027 435 2068 num
486 2011 688 2082 aliquid
734 2013 1039 2083 signiﬁcet,
1085 2025 1170 2081 ut,
1213 2016 1381 2088 legere
1426 2035 1686 2090 propero,
1720 2021 1888 2093 legere

300 2119 521 2175 propera
536 2143 551 2167 ,
582 2104 789 2159 utinam
827 2102 996 2175 legere
1022 2122 1356 2176 properarem
1378 2148 1392 2174 ,
1420 2125 1540 2164 cum
1568 2109 1735 2181 legere
1758 2128 1884 2183 pro-

297 2211 555 2251 perorem.

371 2286 735 2359 Impersonale
776 2291 1003 2345 verbum
1049 2307 1079 2345 a
1128 2293 1334 2349 neutris
1377 2293 1569 2350 activae
1613 2295 1885 2366 signiﬁca-

301 2379 462 2434 tionis
503 2379 587 2434 vel
631 2380 700 2435 ab
739 2381 933 2437 activis
976 2383 1243 2450 nascitur,
1291 2392 1351 2441 ut
1385 2387 1639 2453 curritur,
1670 2389 1879 2454 vivitur,

296 2469 504 2539 legitur,
537 2478 773 2525 amatur.
814 2471 882 2525 Et
910 2486 1006 2541 per
1031 2487 1220 2529 omnes
1250 2475 1439 2531 modos
1463 2484 1518 2531 et
1545 2492 1804 2547 personas
1827 2487 1883 2535 et

299 2567 544 2630 tempora
575 2568 630 2615 et
658 2576 946 2627 numeros,
971 2561 1181 2633 junctis
1218 2565 1630 2635 pronominibus
1659 2567 1765 2621 rite
1792 2567 1882 2622 de-

294 2653 570 2709 clinantur
600 2653 740 2726 Uis.
770 2655 1105 2730 declinatur]
1133 2674 1146 2712 :
1180 2660 1415 2714 curritur
1442 2679 1477 2715 a
1503 2677 1613 2727 me,
1645 2679 1677 2715 α
1705 2671 1786 2728 te,
1813 2662 1879 2717 ab

294 2746 419 2812 illo;
451 2748 689 2802 curritur
714 2767 747 2803 ιι
772 2749 941 2815 nobis,
972 2766 1005 2803 α
1029 2750 1194 2817 vobis,
1224 2751 1289 2805 ab
1312 2751 1440 2807 illis.
1468 2753 1749 2809 Praeterito
1781 2754 1880 2808 im-

293 2838 569 2909 perfecto,
601 2840 866 2914 legebatur
891 2841 964 2915 [a
989 2859 1072 2898 me
1091 2843 1135 2916 ].
1168 2843 1453 2900 Praeterito
1491 2844 1765 2915 perfecto,
1805 2846 1880 2902 le-

292 2940 434 2987 ctum
464 2942 539 2987 est
569 2931 677 3006 [vel
704 2932 895 2988 lectum
918 2933 1021 3004 fuit
1046 2952 1079 2989 a
1104 2932 1230 3007 me].
1261 2934 1544 2990 Praeterito
1565 2936 1879 3006 plusquam-

291 3024 555 3094 perfecto,
586 3025 771 3080 lectum
803 3034 935 3081 erat.
968 3024 1270 3092 Futurum,
1298 3025 1494 3097 legetur
1524 3026 1589 3099 [a
1616 3026 1753 3099 me].
1786 3027 1877 3085 Sic

291 3124 347 3170 et
371 3130 473 3184 per
497 3115 634 3171 alios
662 3116 872 3172 modos.

360 3208 461 3264 Fs.
499 3209 639 3277 Quid
667 3218 751 3265 est
784 3210 928 3265 inter
955 3209 1311 3281 impersonale
1335 3218 1391 3265 et
1417 3208 1786 3266 inﬁnitivum?

293 3302 457 3360 Suo.
494 3302 706 3376 [Quod]
732 3302 999 3358 inﬁnitiva
1029 3302 1406 3376 [voluntariis]
1436 3302 1620 3359 verbis
1642 3303 1878 3375 jungun-

292 3407 411 3463 tur;
442 3405 538 3451 ut:
571 3395 738 3467 legere
765 3395 900 3451 vola.
926 3394 1311 3465 lmpersonalia
1337 3394 1786 3465 pronominibus;
1818 3404 1878 3453 ιιι

292 3486 483 3559 legitur
511 3506 543 3541 a
571 3504 670 3541 me.

360 3578 462 3633 Fn.
502 3578 647 3645 Quot
691 3576 879 3632 forma:
913 3586 1040 3633 sunt
1081 3577 1568 3649 impersonalium?
1598 3607 1672 3618 —
1706 3576 1872 3635 Saxo.

291 3698 360 3713 υ-
386 3672 649 3739 Quatuor.
679 3670 786 3726 Aut
810 3671 865 3725 in
893 3681 1004 3736 tur,
1034 3680 1128 3725 aut
1155 3671 1208 3725 in
1235 3680 1322 3737 at,
1353 3680 1447 3726 aut
1486 3671 1543 3726 in
1579 3672 1654 3736 it,
1686 3679 1781 3726 aut
1818 3672 1874 3727 in

291 3773 339 3818 et
373 3770 611 3819 exeunt:
654 3770 967 3828 ut,-statur,
998 3770 1190 3825 restat,
1223 3762 1505 3831 contingit,
1545 3761 1727 3834 pudet.
1768 3761 1875 3818 Sed

291 3872 412 3928 qua
440 3859 495 3913 in
522 3867 570 3911 et
600 3866 830 3922 exeunt,
860 3855 1028 3910 alia-a
1054 3855 1237 3911 verbis
1265 3856 1490 3911 veniunt
1510 3897 1529 3922 ,
1555 3866 1619 3912 ut
1642 3857 1871 3912 miseret.

292 3949 407 4005 Alia
437 3966 469 4005 a
494 3965 555 4006 se
582 3950 853 4014 oriuntur,
882 3954 944 4003 ut
969 3948 1161 4019 pudet,
1188 3948 1427 4019 paenitet,
1456 3947 1622 4002 decet.
1782 4002 1789 4005 _

361 4040 461 4096 Fu.
497 4040 629 4108 Qua
669 4047 798 4095 sunt
837 4039 1027 4108 supina
1066 4048 1122 4095 et
1159 4038 1565 4108 participialia?
1603 4064 1675 4078 -
1704 4036 1869 4094 Saxo.

292 4132 538 4203 Quinque
561 4141 687 4187 sunt
712 4130 978 4203 ejusmodi
1000 4144 1164 4188 vaces
1189 4148 1205 4197 ;
1238 4137 1299 4187 ut
1321 4145 1336 4184 :
1365 4130 1568 4201 legendi
1588 4171 1603 4196 ,
1634 4129 1872 4202 legendo,

292 4222 563 4294 legendum
582 4264 599 4287 ,
645 4222 864 4286 lectum,
908 4219 1066 4275 lectu.
1115 4220 1263 4288 Quas
1300 4220 1611 4277 Priscianus
1653 4221 1873 4276 omnino

296 4317 509 4372 nomina
539 4315 653 4371 vult
677 4329 829 4382 esse,
862 4314 990 4385 quia
1032 4313 1367 4384 temporibus
1406 4321 1631 4379 carent,
1661 4319 1715 4369 et
1751 4326 1874 4383 per-

294 4426 456 4468 sonas
482 4427 589 4467 non
617 4412 968 4476 discernunt,
997 4416 1055 4464 et
1092 4408 1568 4481 prmpositionibus
1605 4409 1873 4481 separatis

287 4501 584 4575 junguntur
608 4520 624 4569 ;
657 4511 738 4569 ut,
770 4503 840 4558 ad
866 4501 1141 4574 legendum
1169 4500 1323 4568 uado,
1345 4502 1431 4557 vel
1459 4501 1673 4573 legendo
1702 4502 1866 4557 venio.

358 4594 459 4649 Fn.
497 4577 737 4651 intentus
784 4610 903 4650 sum
958 4594 1026 4650 de
1074 4593 1376 4665 specierum
1426 4594 1636 4652 ratione
1683 4594 1872 4650 audire

292 4685 560 4752 maxime,
603 4687 731 4757 quia
770 4686 874 4743 hoc
905 4686 1157 4743 accidens
1192 4686 1345 4742 verbi
1376 4686 1616 4743 Donatus
1643 4685 1869 4742 dimisit.

289 4807 359 4820 «-
396 4779 565 4835 Saxo.
608 4779 723 4836 Non
760 4780 1005 4845 dimisit,
1044 4781 1141 4836 sed
1176 4780 1232 4836 in
1271 4779 1461 4838 formis
1503 4782 1701 4853 attigit.
1733 4780 1869 4837 Nam

290 4870 504 4939 species
529 4871 815 4926 verborum
844 4870 964 4927 dum
991 4879 1155 4926 sunt:
1190 4887 1296 4926 una
1324 4871 1671 4943 principalis,
1700 4887 1865 4942 quam

292 4959 530 5015 Donatus
554 4959 849 5032 perfectam
876 4960 1107 5018 formam
1146 4963 1428 5027 nominat;
1460 4972 1550 5029 nt,
1590 4963 1725 5034 lego.
1767 4965 1863 5019 Αι-

290 5060 406 5109 tera
432 5053 729 5109 derivativa
747 5094 763 5119 ,
789 5070 952 5125 quam
992 5055 1083 5112 ille
1120 5056 1489 5112 meditativam
1510 5096 1524 5122 ,
1556 5058 1869 5129 frequenta-

289 5144 491 5208 tivam,
519 5143 605 5199 vel
634 5143 797 5217 [Λίδη
823 5144 917 5217 et]
947 5146 1311 5203 inchoativum
1337 5147 1517 5203 dicere
1542 5150 1748 5216 voluit;
1776 5159 1865 5215 ιιι,

289 5250 322 5289 a
350 5234 496 5306 lego,
525 5235 754 5292 lecturio
776 5246 835 5293 et
860 5237 1064 5293 lectito.
1095 5238 1163 5293 Et
1191 5252 1220 5291 a
1251 5237 1422 5306 ferveo
1441 5279 1456 5301 ,
1495 5239 1758 5297 ferve;-co.
1800 5243 1868 5298 Et

290 5329 439 5396 hac,
467 5329 523 5387 id
559 5338 646 5386 est
685 5331 1011 5394 inchoativa,
1052 5345 1270 5402 semper
1306 5330 1361 5386 in
1400 5346 1490 5387 sco
1522 5331 1779 5387 desinunt
1813 5342 1869 5388 et

288 5421 464 5478 tertia:
508 5430 636 5477 sunt
679 5422 1118 5493 coniugationis;
1169 5429 1268 5487 ut,
1317 5420 1522 5477 calesco
1544 5463 1559 5487 ,
1608 5422 1865 5489 solacis;

1996 1948 2210 2002 quoque
2237 1941 2294 1989 et
2320 1934 2387 1990 ab
2416 1935 2685 1993 adverbiis
2715 1940 2878 1995 verba
2913 1941 3185 2009 derivari;
3231 1952 3292 1998 ut
3330 1960 3362 1999 a
3400 1961 3582 2016 peren-

1994 2025 2112 2091 die,
2140 2028 2476 2096 perendino;
2508 2036 2564 2084 et
2592 2044 2622 2084 a
2656 2047 2795 2096 cras,
2825 2034 3203 2101 procrastino;
3238 2039 3386 2092 etab
3412 2037 3577 2103 intus,

1995 2117 2141 2173 intro
2201 2120 2374 2177 intras
2395 2160 2411 2186 ,
2442 2120 2680 2194 [intravi
2701 2121 2745 2195 ].

2275 2249 2438 2321 285
2479 2250 2568 2305 DE
2593 2250 2869 2308 FlGUI-llS
2906 2253 3299 2312 VERBORUM.

2060 2354 2159 2409 Fu.
2209 2355 2494 2428 Figuratas
2544 2360 2833 2416 verborum
2878 2366 3315 2435 compositiones,
3363 2384 3577 2439 precor,

1991 2462 2221 2517 expone.
2248 2477 2320 2488 -—
2341 2447 2502 2504 Saxo.
2558 2449 2696 2506 Sunt
2731 2454 2893 2509 verba
2946 2455 3244 2526 simplicia,
3298 2468 3356 2513 ιιι
3394 2462 3542 2531 cupis
3564 2503 3578 2526 ,

1989 2549 2151 2596 taceo.
2180 2542 2245 2596 Et
2277 2540 2446 2615 [sunt]
2496 2546 2812 2614 composita,
2864 2545 2967 2620 [ut]
2999 2551 3272 2620 concupio,
3321 2552 3574 2608 conticeo.

1989 2632 2129 2688 Sunt
2154 2640 2210 2688 et
2245 2634 2636 2705 decnmposita,
2667 2636 2721 2691 id
2764 2647 2869 2705 est,
2913 2656 2944 2694 a
2988 2643 3301 2712 compositis
3331 2644 3576 2701 derivata

1989 2721 2182 2797 [Edit.,
2214 2724 2570 2800 derivativa],
2614 2735 2677 2782 ut
2720 2730 3050 2801 concupisco,
3093 2733 3398 2793 contieesco.
3439 2732 3577 2789 Sunt

1984 2826 2041 2871 et
2089 2831 2158 2872 ex
2208 2817 2381 2872 tribus
2435 2817 2681 2887 partibus
2731 2819 3064 2892 composita,
3125 2831 3184 2877 ut
3229 2823 3574 2893 perterriﬁco.

1987 2905 2123 2960 Sunt
2148 2915 2204 2961 et
2229 2920 2349 2976 qua:
2374 2915 2588 2962 mutant
2612 2908 2665 2961 in
2691 2909 3084 2979 compositione
3112 2909 3572 2982 coniugationem,

1985 3005 2081 3052 ut:
2112 2997 2204 3063 do,
2225 2998 2345 3061 das,
2372 2996 2502 3052 facit
2531 2998 2716 3065 reddo,
2755 2999 2965 3066 reddis;
2995 3001 3158 3071 facio,
3189 3002 3344 3072 facis,
3381 3003 3572 3075 ampli-

1984 3088 2104 3157 ﬁco,
2148 3087 2458 3159 ampli/iras.
2506 3085 2645 3142 Sunt
2670 3089 2991 3158 composita,
3031 3105 3260 3159 quorum
3306 3092 3569 3163 simplicia

1810 3241 1878 3251 _
1902 3190 1952 3257 α
1981 3179 2037 3234 in
2085 3195 2185 3234 usu
2226 3193 2334 3234 non
2380 3186 2528 3244 sunt,
2562 3186 2622 3233 nt
2660 3179 2887 3249 offendo,
2926 3180 3145 3250 aspicio,
3169 3183 3366 3251 aperio,
3400 3183 3571 3252 refra-

1978 3282 2094 3338 gor.
2136 3263 2185 3319 F
2188 3265 2320 3321 endo
2352 3264 2572 3339 [enim],
2597 3273 2652 3322 et
2684 3266 2867 3337 spicio,
2894 3274 2950 3322 et
2970 3268 3139 3339 peric.
3168 3277 3224 3324 et
3251 3269 3436 3340 fragor
3461 3286 3568 3329 non

1979 3358 2176 3428 reperi.
2224 3356 2361 3412 Sunt
2403 3373 2525 3429 quae
2565 3372 2736 3431 genus
2789 3366 3003 3415 mutant
3038 3361 3093 3415 in
3127 3364 3563 3433 compositione:

1980 3447 2206 3519 Sperno,
2251 3449 2470 3521 spernis,
2516 3450 2785 3517 activum;
2825 3467 3098 3523 aspernor.
3131 3456 3448 3524 asperneris,
3475 3459 3568 3514 de-

1976 3553 2203 3611 ponens.
2261 3539 2468 3612 [Sentio
2490 3581 2504 3606 ,
2553 3550 2839 3605 neutrum;
2894 3544 3181 3609 assentior,
3242 3545 3563 3622 deponens.)

1978 3629 2163 3697 Sedeo,
2188 3632 2354 3697 sedes,
2371 3643 2653 3700 neutrum;
2676 3632 2918 3701 insidior,
2941 3635 3233 3702 insidiaris,
3255 3636 3559 3708 deponens;

1976 3722 2187 3780 obsideo
2214 3740 2344 3780 vero
2365 3733 2420 3780 et
2456 3725 2672 3781 adsideo
2695 3726 2867 3780 activa
2894 3736 3039 3783 sunt.
3072 3728 3152 3783 Eo
3182 3738 3237 3784 et
3264 3730 3404 3799 facio
3432 3750 3565 3790 neu-

1977 3822 2060 3871 tra
2097 3824 2253 3881 sunt;
2301 3816 2455 3881 adeo,
2501 3816 2679 3881 subeo,
2709 3816 2944 3887 perﬁcio,
2989 3818 3234 3887 conﬁcio,
3280 3829 3336 3875 et
3375 3837 3443 3877 ex
3484 3825 3564 3879 eis

1976 3907 2271 3976 composita
2304 3907 2476 3961 activa
2499 3914 2653 3969 sunt;
2689 3906 2893 3961 faciunt
2918 3905 3111 3980 [enim]
3137 3909 3319 3975 adeor,
3353 3913 3560 3978 subeor,

1975 3995 2240 4066 perﬁciar,
2278 3995 2548 4064 conﬁcior.
2597 3994 2677 4050 Ex
2705 3995 2844 4065 facie
2874 4012 3090 4067 quoque
3117 4008 3331 4068 neutro,
3360 4006 3562 4075 versiﬁ-

1976 4100 2088 4150 cor,
2135 4085 2467 4155 oersiﬁcaris,
2520 4094 2574 4140 et
2602 4085 2893 4156 gratiﬁcer,
2926 4087 3267 4157 gratiﬁcaris,
3295 4093 3564 4164 deponen-

1977 4175 2052 4229 tia
2093 4185 2409 4231 nascuntur.
2462 4173 2779 4246 Complecto,
2811 4176 3079 4244 activum;
3131 4174 3435 4251 amplector,
3472 4186 3566 4241 de-

1975 4280 2202 4337 ponens.
2243 4264 2651 4338 Componuntur
2691 4267 2856 4323 verba
2880 4281 3003 4322 cum
3035 4270 3366 4341 nominibus,
3409 4277 3564 4332 ut-ab

1976 4359 2149 4431 amplo
2181 4366 2236 4414 et
2258 4357 2419 4427 facio,
2450 4358 2736 4430 ampliﬁce,
2760 4375 2829 4415 ex
2853 4375 2961 4431 quo
2994 4363 3338 4434 participium
3375 4369 3563 4440 ampli-

1973 4449 2259 4519 ﬁcans:et
2304 4464 2427 4505 cum
2474 4450 2645 4506 altero
2683 4452 2868 4519 verbo,
2912 4462 2974 4509 ut
3007 4454 3296 4526 calefacio,
3343 4457 3398 4519 id
3440 4468 3559 4526 est,

1901 4554 1951 4616 ι)
1975 4539 2145 4596 calere
2188 4541 2358 4613 facio;
2395 4542 2480 4597 vel
2526 4556 2649 4598 cum
2698 4544 2985 4613 adverbio,
3036 4555 3123 4615 ut,
3164 4549 3446 4621 benedico;
3475 4559 3562 4611 vel

1973 4649 2095 4690 cum
2123 4635 2522 4706 praepositione,
2549 4637 2825 4704 ut-indico,
2854 4639 3031 4695 subeo.
3064 4640 3171 4698 Sed
3218 4648 3558 4718 prtepositio-

1973 4726 2131 4782 nibus
2175 4741 2273 4797 per
2316 4728 2763 4798 compositionem
2795 4728 3098 4802 junguntur
3161 4741 3376 4809 semper
3417 4740 3561 4799 sicut

1971 4818 2303 4875 nominativo
2340 4832 2469 4875 casu
2500 4820 2692 4894 [Edit.,
2736 4823 2947 4898 casui],
2998 4828 3155 4900 cujus
3190 4832 3309 4888 ‘vim
3357 4835 3558 4907 ubique

1967 4906 2213 4963 obtinent
2233 4909 2395 4964 verba
2437 4924 2536 4982 per
2578 4926 2769 4970 omnes
2809 4928 3092 4986 personas,
3136 4930 3218 4989 ut,
3269 4924 3411 4994 facio
3437 4906 3552 4999 ego,

1970 4994 2102 5066 facis
2125 5008 2203 5065 tu,
2236 4998 2363 5069 facit
2388 4999 2495 5068 ille,
2527 5002 2634 5058 nisi
2656 5002 2975 5076 imperativa
3003 5012 3254 5068 secundae
3284 4994 3552 5085 pel-sonte,

1973 5086 2137 5163 [mne]
2159 5091 2464 5147 vocativum
2493 5090 2646 5168 [Ed.,
2673 5097 2888 5174 vocem]
2916 5098 3247 5169 adsciscunt,
3272 5112 3333 5159 ιιι
3366 5108 3553 5175 scribe,

1985 5176 2168 5249 l’irgi‘li
2198 5200 2215 5234 :
2237 5181 2367 5253 lege,
2401 5181 2628 5242 Terenti.

2219 5316 2308 5374 DE
2344 5317 2862 5383 CONJUGATIONE
2898 5327 3299 5391 VERBORUM.

2040 5431 2138 5486 Fs.
2176 5430 2316 5489 Ecce
2342 5433 2409 5489 de
2435 5434 2626 5508 ﬁguris
2647 5437 2841 5496 habeo.
2870 5438 2977 5500 Sed
3000 5441 3443 5516 coniugationum
3469 5452 3554 5508 di-

286 5529 589 5586 rssperaseo
609 5554 625 5579 ,
664 5514 997 5584 vesperascis.
1042 5512 1110 5569 Et
1145 5513 1483 5584 prateritum
1519 5529 1627 5574 non
1670 5515 1868 5570 habent

288 5610 503 5675 tempus
521 5645 537 5669 ,
567 5618 669 5663 nec
691 5603 973 5676 participia
1000 5602 1166 5660 futuri
1195 5603 1472 5674 temporis.

360 5694 767 5769 Frequentatica
788 5698 979 5768 prima!
1002 5703 1129 5753 sunt
1153 5696 1570 5769 conjugationls,
1591 5707 1651 5753 ut
1675 5699 1730 5755 in
1749 5700 1864 5766 tito,

302 5787 382 5842 vel
409 5793 482 5851 lo,
500 5786 589 5844 vel
610 5803 692 5850 so.
719 5788 803 5844 vel
831 5804 898 5843 eo
926 5787 1209 5855 desinunt;
1244 5799 1302 5846 ιιι
1319 5831 1335 5863 ,
1364 5788 1557 5861 lectito,
1588 5808 1679 5859 as;
1704 5791 1893 5870 dicto,‘

1964 5524 2199 5581 stantias
2242 5524 2331 5582 die
2360 5526 2516 5583 mihi.
2546 5527 2617 5585 Et
2637 5530 2897 5600 primum,
2941 5536 3086 5593 unde
3129 5539 3272 5597 dicta
3303 5542 3377 5598 sit
3415 5556 3549 5601 eou-

1959 5613 2192 5707 iugatio,
2210 5631 2438 5688 expme.
2462 5644 2537 5661 --
2555 5619 2719 5676 Suo.
2743 5620 3060 5694 Cunjugatio
3099 5628 3243 5685 dicta
3285 5639 3372 5689 est
3404 5635 3549 5707 quod

1969 5706 2023 5760 in
2064 5721 2230 5852 {2mm
2277 5708 2653 5770 declinationis
2688 5712 2951 5774 rationem
2995 5719 3226 5790 plurima
3275 5706 3549 5798 canjungit

1969 5808 2063 5853 ver
2137 5834 2152 5853 .
