3866 6170
312 335 425 393 £79

1147 329 1203 381 Β.
1246 328 1307 382 F.
1350 326 1574 382 ALBINI
1613 325 1746 381 SEU
1780 325 2057 381 ALlZl’lNl
2094 324 2375 381 OFERUM
2413 324 2593 381 PARS
2632 324 2735 379 ΥΠ.

3483 322 3596 380 880

394 446 490 503 Fu.
514 441 928 515 Corsiugationes
951 448 1081 510 (plot
1101 450 1224 494 sunt
1238 441 1259 492 ?
1284 468 1336 478 »-
1381 438 1544 491 Suo.
1570 437 1723 506 Apud
1750 435 1896 491 ϐιω-
1925 441 1972 498 Α
2000 437 2237 505 optativo
2265 436 2593 490 communia.
2643 435 2775 489 Item
2814 434 3065 504 optativi,
3108 433 3347 488 lutumm
3377 444 3431 489 et
3458 435 3595 491 sub‘

319 557 413 597 cos
436 541 617 596 decem
643 534 799 609 [δίδη
824 534 1021 597 decim,
1053 550 1155 587 non
1185 530 1341 594 male,
1366 530 1456 584 sed
1491 530 1737 599 antique;
1766 528 1902 583 unde
1994 525 2281 595 junctativi
2319 525 2472 598 ills,
2513 523 2937 597 subiunctivum]
2964 540 3203 595 praesens
3228 542 3240 576 :
3268 527 3474 589 Ament,
3510 543 3590 592 es,

319 627 616 701 undecim].
645 625 797 696 Apud
827 624 1047 679 Latinos
1090 630 1341 691 quatuor.
1385 620 1451 673 Et
1477 633 1661 673 eorum
1700 633 1820 688 qua:
1848 620 1900 671 in

319 740 350 776 ο
378 722 553 792 prima
585 732 815 788 persona
860 714 1083 777 desinit;
1105 713 1198 768 sed
1241 711 1478 766 seCunda
1515 711 1572 764 in
1605 727 1663 763 as
1696 708 1898 773 linitur,

322 826 379 869 ut
401 830 542 877 amo,
558 827 724 871 amas,
744 818 846 874 sto,
861 818 991 871 stas,
1009 806 1121 859 haec
1138 804 1313 873 prima
1334 802 1555 856 dicitur.
1581 801 1649 855 Et
1670 800 1902 855 secunda

322 909 375 959 in
400 919 477 967 es,
506 910 567 956 nt
602 915 803 960 moneo,
830 912 1026 951 mones.
1056 892 1237 947 Tertia
1266 891 1318 944 in
1344 891 1388 944 is
1413 891 1650 953 brevem,
1684 897 1744 944 ut
1769 888 1898 958 lego,

319 998 467 1069 legis.
501 995 701 1062 Quarta
729 992 781 1045 in
810 988 1095 1057 islongum
1125 983 1272 1056 [Ms.,
1313 981 1567 1054 longam],
1603 988 1661 1034 ut
1702 980 1900 1043 munia,

320 1087 514 1141 munis.
546 1086 746 1140 Eorum
775 1080 1081 1141 verborum,
1113 1092 1235 1147 quae
1271 1076 1325 1130 in
1367 1092 1427 1128 or
1458 1075 1628 1145 prima
1673 1086 1902 1143 persona

319 1178 525 1242 ﬁnitur,
551 1185 605 1229 et
635 1175 688 1228 in
731 1173 839 1225 aris
881 1169 1140 1233 secunda,
1175 1168 1349 1237 prima
1379 1175 1463 1220 est
1488 1163 1813 1234 coniugatio,
1845 1169 1904 1217 ut

317 1282 489 1329 amor,
536 1263 754 1327 amaris,
794 1260 1064 1324 criminor,
1101 1257 1418 1322 criminaris,
1449 1255 1639 1320 luctor,
1662 1254 1900 1307 luctaris.

321 1357 568 1413 Secunda
617 1355 671 1408 in
702 1341 810 1408 eris
834 1353 1095 1424 producta
1143 1349 1435 1419 penultima
1472 1346 1606 1419 [.il.,
1644 1362 1781 1416 pene
1824 1345 1906 1399 ul-

316 1448 493 1523 tima],
530 1458 592 1502 ut
620 1448 829 1511 doceor,
861 1446 1085 1509 deceris,
1120 1461 1256 1508 reor,
1296 1442 1445 1497 reris.
1482 1441 1660 1495 Tertia
1704 1440 1761 1493 in
1803 1440 1905 1493 eris

316 1548 566 1611 correpta
603 1537 917 1608 penultima,
957 1535 1119 1606 legor,
1163 1533 1370 1603 leg:ris,
1405 1548 1610 1603 sequor,
1652 1530 1901 1601 sequeris.

317 1633 520 1699 Quarta
543 1630 598 1683 in
625 1629 715 1682 iris
744 1628 1005 1698 producta
1044 1624 1358 1695 penultima,
1391 1621 1619 1685 munior,
1660 1619 1904 1683 muniris,

316 1720 528 1786 molior,
558 1717 776 1774 moliris.

2002 632 2071 687 et,
2094 640 2261 688 cuius,
2308 623 2424 686 etis,
2473 630 2578 675 ent.
2632 619 2937 675 Secundum
2986 619 3157 673 tertiac
3195 616 3595 689 coniugationis

2002 730 2242 785 pnnsens
2273 699 2328 768 et
2356 713 2633 768 indicativi
2659 712 2915 774 futurum,
2957 710 3147 779 prima:
3171 719 3225 764 et
3265 709 3517 763 secundm
3541 718 3597 763 ct

2003 811 2209 872 quarm:
2236 802 2290 856 in
2319 819 2378 855 eo
2408 801 2726 866 desinentis,
2758 809 2814 855 et
2849 798 3233 867 subiunctativi
3258 799 3591 869 prmtcritum

2000 894 2299 965 perfectum
2328 901 2384 945 ct
2412 892 2668 955 futurum,
2702 891 2808 946 nisi
2836 892 2891 946 in
2921 891 3080 947 tertia
3114 904 3343 959 persona
3373 890 3593 960 plurali,

2004 1003 2037 1040 ιι
2064 993 2277 1041 mutant
2313 984 2368 1038 in
2399 985 2438 1050 i,
2483 991 2543 1038 ut
2581 982 2714 1053 lego,
2754 982 2903 1054 legis,
2946 981 3089 1052 legit,
3123 980 3368 1063 legimus,
3399 980 3593 1052 legitis,

2002 1077 2209 1148 legunt;
2231 1077 2523 1142 amabo,is,
2540 1077 2602 1142 it,
2628 1076 2786 1141 imus,
2815 1077 2921 1141 itis,
2965 1084 3090 1144 unt;
3117 1074 3331 1140 docebo,
3365 1074 3465 1138 bis,
3496 1073 3592 1139 bit,

2004 1172 2191 1237 bimus,
2225 1170 2365 1237 bitis,
2395 1169 2539 1224 bunt.
2586 1168 2984 1241 Sulijunctativi
3033 1167 3369 1238 praeteritum
3416 1165 3596 1236 perfe—

2003 1270 2149 1317 ctum
2183 1281 2195 1316 :
2228 1262 2544 1324 Amaverim,
2574 1262 2639 1325 is,
2672 1262 2731 1325 it,
2772 1262 2930 1326 imus,
2960 1259 3065 1327 itis,
3089 1260 3186 1314 int.
3213 1258 3347 1315 ltem
3377 1277 3391 1313 :
3432 1259 3597 1312 Ama-

2003 1370 2146 1419 vero,
2168 1352 2232 1419 is,
2264 1353 2323 1415 it,
2353 1353 2509 1417 imus,
2542 1352 2650 1417 itis,
2686 1352 2780 1405 int.
2812 1351 2881 1405 Et
2908 1360 3151 1421 quartae:
3185 1350 3304 1417 Ibo,
3332 1351 3455 1416 ibis,
3477 1350 3597 1415 ibit,

2004 1442 2213 1507 ibimus,
2250 1443 2409 1506 ibitis,
2460 1441 2627 1495 ibunt.
2663 1442 2867 1496 Horum
2910 1450 3090 1496 autem
3118 1442 3358 1496 omnium
3401 1442 3599 1497 verbo-

2005 1548 2148 1597 rum,
2177 1548 2298 1602 qua:
2327 1533 2450 1588 bina
2482 1531 2615 1604 [Al.,
2668 1531 2832 1603 trina]
2882 1532 3228 1588 distinctione
3278 1548 3309 1585 a
3358 1532 3597 1586 secunda

2003 1639 2235 1693 persona
2271 1624 2633 1689 declinantur,
2659 1625 2833 1693 prima
2857 1638 3087 1695 persona
3116 1633 3207 1679 aut
3249 1624 3303 1678 in
3333 1641 3386 1687 ο,
3418 1633 3514 1679 aut
3544 1625 3597 1678 in

2007 1732 2115 1781 am,
2156 1722 2249 1771 aut
2278 1715 2333 1770 in
2362 1732 2466 1782 em,
2497 1726 2591 1770 aut
2619 1718 2672 1771 in
2702 1717 2770 1770 im
2794 1716 3011 1772 desinit.

386 1832 485 1887 Fu.
515 1831 651 1885 Num
683 1829 890 1900 singula
914 1826 1078 1882 verba
1122 1834 1300 1879 certas
1346 1823 1547 1877 habent
1576 1820 1908 1891 coniugatio—
1938 1807 1984 1866 Β
2082 1826 2180 1881 Fu.
2213 1828 2491 1895 Quomodo
2516 1829 2851 1899 praeteritum
2886 1828 3185 1899 perfectum
3223 1837 3277 1882 et
3316 1828 3598 1899 imperati-

314 1925 447 1981 nes?
468 1953 542 1964 —
560 1921 726 1976 Saxo.
753 1920 891 1975 Sunt
918 1918 1078 1972 Verba
1107 1917 1159 1971 in
1182 1916 1356 1987 prima
1378 1928 1610 1984 persona
1638 1911 1861 1967 confusa
1887 1929 1899 1963 :

315 2016 374 2069 in
417 2010 650 2069 secunda
690 2025 818 2065 vero
847 2024 1011 2063 sensu
1047 2016 1103 2062 et
1148 2003 1343 2077 [certa]
1387 2001 1764 2072 coniugatione
1798 1999 1905 2055 dis-

316 2112 632 2169 cernuntur,
681 2109 741 2155 ut
767 2101 908 2165 dico,
940 2099 1092 2163 dicis,
1137 2105 1192 2150 et
1239 2095 1378 2159 dico,
1417 2094 1603 2158 dicas;
1636 2090 1774 2157 volo,
1805 2091 1901 2154 ris,

315 2209 371 2255 et
390 2197 530 2264 volo,
569 2196 747 2261 volas;
772 2193 960 2265 fundo,
989 2191 1203 2261 fundas,
1229 2187 1414 2259 fundo,
1443 2185 1653 2256 fundis;
1684 2182 1901 2248 mando,

314 2287 559 2353 mandas,
586 2285 798 2349 mando,
824 2282 1030 2336 mundis
1064 2279 1213 2353 Dis,
1249 2277 1461 2338 mundo,
1487 2275 1732 2339 mandas,
1752 2290 1905 2327 mun-

314 2382 403 2445 do,
431 2374 685 2449 mundis].
723 2374 863 2430 Sunt
900 2374 1146 2444 quaedam
1169 2385 1199 2425 e
1225 2368 1500 2423 contrario
1541 2367 1701 2420 unius
1746 2363 1906 2435 signi-

316 2468 607 2533 ﬁcationis,
638 2468 731 2523 sed
758 2466 985 2520 diversa:
1017 2460 1434 2532 coniugationis,
1481 2466 1541 2511 ut
1566 2456 1747 2519 denso,
1777 2456 1906 2508 den-

315 2579 425 2624 sas,
446 2569 499 2615 et
529 2558 738 2621 'lenseo,
762 2555 943 2608 denses
964 2569 981 2616 ;
1004 2552 1221 2616 strideo,
1240 2548 1460 2612 atrides;
1481 2546 1667 2608 strido,
1688 2543 1901 2609 stridis;

316 2651 511 2721 ferveo,
560 2650 746 2718 fervcs,
786 2641 1282 2716 ([indc]-fervesco,
1329 2637 1445 2708 cis),
1497 2637 1659 2706 ferro,
1713 2635 1901 2705 ferris;

316 2741 447 2803 rieo,
485 2737 628 2801 cies;
675 2737 776 2799 cio,
822 2737 931 2798 cis;
962 2731 1147 2795 dureo,
1195 2729 1371 2793 dares,
1420 2727 1562 2781 unde
1591 2727 1809 2779 duresco
1849 2734 1903 2780 et

316 2830 470 2893 duro,
498 2827 689 2891 duras;
732 2834 900 2887 tneor,
954 2821 1324 2884 tueris;tuor,
1373 2818 1554 2881 tueris,
1602 2815 1901 2885 penultima

318 2928 599 2990 correpta;
624 2916 821 2988 fulgeo,
846 2913 1044 2985 fulges;
1067 2911 1231 2983 fulgo,
1256 2909 1444 2981 fulgis;
1470 2906 1716 2973 arcelleo,
1737 2906 1902 2961 excel-

314 3017 421 3081 les;
445 3009 659 3075 excello,
688 3006 932 3072 excellis;
972 3021 1120 3070 sono,
1161 3018 1354 3067 sonas;
1382 3015 1530 3066 sono,
1566 2998 1741 3062 sonis;
1772 3013 1897 3057 uno,

317 3120 486 3170 unas;
515 3102 662 3167 unio,
693 3100 829 3154 unis.

2009 1936 2108 1975 vus
2129 1921 2444 1976 declinanda
2469 1922 2629 1976 sunt?
2645 1953 2717 1962 —
2737 1921 2902 1976 Suo.
2925 1920 3097 1976 Omne
3119 1921 3454 1990 prateritum
3475 1936 3600 1990 per-

2010 2010 2234 2077 fectum,
2269 2013 2314 2067 si
2335 2011 2493 2081 juxta
2517 2013 2781 2068 rationem
2809 2012 3127 2075 declinatur,
3166 2012 3220 2066 in
3247 2012 3265 2065 i
3292 2011 3463 2067 mittit
3488 2012 3599 2080 pri-

2011 2120 2154 2159 mam
2178 2119 2497 2175 personam;
2528 2105 2582 2159 in
2607 2104 2841 2159 secunda
2866 2105 2919 2159 in
2946 2104 3034 2168 sti,
3062 2102 3351 2175 syllabam;
3378 2103 3596 2156 tertiam

2012 2200 2065 2254 in
2094 2201 2152 2266 it,
2183 2208 2237 2254 et
2258 2200 2518 2270 pluralem
2544 2217 2827 2257 numerum
2857 2202 2910 2256 in
2936 2202 3091 2268 imus,
3127 2202 3181 2256 in
3209 2201 3340 2268 istis,
3367 2203 3424 2257 in
3444 2214 3597 2257 erum

2008 2291 2094 2345 vel
2122 2308 2227 2356 ere,
2257 2292 2413 2364 longa
2440 2309 2486 2358 e,
2516 2293 2699 2348 mittit.

2081 2382 2178 2439 Fu.
2215 2386 2517 2454 lmperativi
2558 2386 2747 2442 ﬁnales
2772 2386 2986 2442 litteras
3023 2376 3298 2457 deprome.
3325 2418 3399 2427 -
3425 2387 3591 2443 Saxo.

2010 2474 2180 2531 Omne
2216 2477 2591 2545 imperativum
2642 2478 2913 2549 singulare
2949 2480 3200 2548 primam,
3254 2489 3450 2535 natura
3497 2481 3595 2534 ab—

2010 2566 2240 2631 dicante,
2267 2580 2552 2636 personam
2588 2585 2693 2622 non
2721 2569 2884 2624 habet
2926 2580 2980 2624 et
3021 2571 3263 2625 vocativo
3292 2572 3445 2626 casui
3469 2568 3594 2639 iun-

2009 2658 2175 2729 gitur,
2222 2660 2349 2728 quia
2393 2661 2643 2730 prtesenti
2691 2660 2918 2731 imperat
2968 2661 3021 2715 in
3064 2662 3298 2718 secunda
3337 2678 3591 2733 persona,

2009 2762 2128 2816 quae
2157 2748 2210 2801 in
2239 2749 2410 2818 prima
2438 2747 2815 2821 coniugatione
2840 2768 2872 2805 a
2900 2751 3059 2823 longa
3091 2752 3297 2818 linitur,
3338 2761 3403 2807 ut
3431 2770 3591 2819 ama;

2009 2840 2063 2894 in
2090 2843 2321 2896 secunda
2350 2858 2377 2897 e
2407 2858 2621 2912 quoque
2665 2842 2839 2912 longa,
2882 2851 2944 2899 ut
2981 2862 3075 2900 ave
3102 2844 3253 2917 [δίδη
3284 2844 3491 2918 habe];
3539 2847 3592 2901 in

2011 2932 2166 2986 tertia
2195 2948 2223 2985 e
2248 2932 2446 2998 brevis,
2490 2941 2551 2987 ut
2575 2932 2711 3004 lege;
2745 2934 2799 2988 in
2826 2944 3019 3004 quarta
3049 2936 3069 2988 ί
3108 2935 3288 3006 longa,
3334 2944 3398 2989 ut
3441 2935 3589 2990 audi.

2008 3021 2138 3087 Quae
2174 3022 2392 3091 ubique,
2426 3023 2479 3077 in
2509 3024 2691 3079 verbis
2729 3025 2810 3079 vel
2839 3027 3168 3091 nominibus,
3198 3027 3218 3080 i
3258 3025 3315 3081 in
3363 3026 3472 3082 ﬁne
3498 3042 3592 3098 po-

2008 3113 2112 3167 sita
2132 3114 2464 3181 producitur.
2489 3113 2668 3169 Tertia
2695 3130 2923 3184 persona
2949 3117 3002 3170 in
3024 3116 3195 3187 prima
3213 3116 3591 3188 coniugatione

385 3216 426 3272 F
432 3234 484 3272 ιι.
515 3216 657 3284 Quot
680 3215 851 3271 modis
885 3212 1221 3270 declinantur
1246 3210 1443 3264 verba?
1467 3238 1536 3262 .——
1563 3206 1727 3262 Saxo.
1757 3206 1901 3272 Quo-
1926 3179 1975 3246 (ἶ
2005 3203 2057 3256 in
2087 3179 2174 3258 et:
2203 3204 2258 3257 in
2283 3204 2497 3259 caeteris
2534 3179 2999 3275 coniugationibus
3122 3216 3200 3275 at,
3226 3215 3284 3261 ut
3302 3179 3464 3273 amet,
3494 3208 3589 3262 lia-

316 3324 435 3362 rum
461 3304 854 3362 rationabiliter
876 3303 1047 3373 prima
1079 3316 1307 3372 persona
1334 3298 1389 3352 in
1415 3315 1444 3351 o
1474 3297 1694 3361 desinit,
1728 3295 1902 3349 tribus

314 3402 493 3456 modis
529 3398 889 3463 declinantur,
911 3398 1113 3465 absque
1140 3394 1412 3464 praeterito
1434 3391 1672 3463 perfecto
1694 3391 1900 3446 indica-

317 3492 436 3556 tivi,
465 3497 519 3543 et
558 3487 876 3556 imperativo
904 3493 959 3539 et
985 3483 1269 3538 inﬁnitive.
1311 3482 1445 3537 Nam
1483 3481 1639 3551 iuxta
1662 3495 1903 3549 praesens

314 3594 531 3652 tempus
576 3581 736 3636 trium
781 3577 1214 3648 coniugationum
1255 3590 1354 3644 per
1394 3588 1583 3629 omnes
1612 3573 1801 3631 modos
1847 3579 1904 3626 et

318 3681 562 3743 tempora
587 3667 845 3724 declinari
864 3666 1042 3722 solent
1070 3664 1253 3728 verba,
1275 3662 1376 3717 nisi
1397 3662 1730 3733 praescripta.
1757 3661 1900 3716 Prte-

316 3764 538 3819 teritum
593 3775 720 3815 vero
783 3757 1154 3828 imperfectum
1204 3764 1258 3811 et
1315 3751 1898 3825 plusquamperfectum

314 3856 504 3928 primm
553 3848 948 3922 coniugationis
994 3846 1184 3901 :~item
1230 3844 1478 3900 secunda:
1528 3854 1581 3899 et
1608 3845 1798 3906 tertiae,
1848 3852 1901 3898 et

315 3954 522 4018 quartae
541 3942 787 4015 optativi,
810 3939 1048 3995 futurum
1074 3948 1128 3992 et
1149 3950 1384 4006 prazsens
1397 3933 1721 4004 subiunctivi
1743 3932 1897 4007 [Hs.,

317 4031 724 4105 subiunctativi]
757 4029 1052 4086 secundum
1092 4026 1280 4097 prima:
1324 4039 1566 4094 praesens
1596 4031 1808 4096 tempus
1846 4025 1900 4080 in

314 4125 522 4182 ultimis
560 4118 753 4179 litteris
797 4133 1011 4188 semper
1050 4116 1411 4183 declinantur,
1452 4123 1513 4169 ut
1559 4130 1701 4181 amo,
1729 4132 1895 4185 amas,

315 4194 481 4282 amat,
530 4228 789 4275 amamus,
840 4209 1053 4274 amatis,
1083 4215 1295 4270 amant;
1342 4205 1617 4271 amabam,
1661 4205 1895 4269 amabas,

315 4306 558 4371 amabat,
591 4302 917 4365 amabamus,
947 4297 1224 4361 amabatis,
1272 4295 1549 4360 amabant;
1579 4312 1895 4361 amaveram,

314 4411 608 4461 amareras,
632 4400 922 4453 amaverat,
964 4403 1343 4450 amaveramus,
1373 4386 1709 4452 amaveratis,
1753 4404 1899 4439 ama-

314 4496 513 4557 verunt.
559 4483 819 4556 Optativi,
859 4479 1101 4535 futurum
1141 4486 1196 4531 et
1241 4492 1479 4547 praesens
1525 4475 1847 4545 subiunctivi
1882 4495 1892 4530 :

317 4582 563 4645 Doceam,
587 4579 794 4639 doceas,
827 4574 1033 4637 doceat,
1056 4571 1353 4635 doceamus,
1391 4570 1514 4635 atis,
1543 4578 1653 4622 ant.
1688 4568 1887 4624 Secun-

312 4675 442 4729 dum
479 4684 719 4743 prmsens
748 4677 957 4737 tempus
1004 4663 1252 4720 secundm
1299 4661 1694 4732 coniugationis
1734 4663 1901 4736 286

315 4766 481 4823 futuri
505 4763 779 4821 indicativi
825 4761 976 4835 [Ed.,
1009 4759 1301 4816 secundum
1334 4757 1765 4831 coniugationem
1815 4758 1899 4814 fu-

313 4858 423 4914 turi
471 4853 718 4928 indicat].
757 4855 817 4909 In
862 4853 1021 4907 tertia
1054 4860 1109 4906 et
1159 4858 1352 4920 quarta
1392 4865 1550 4905 omne
1578 4865 1816 4921 prmsens
1843 4858 1899 4905 et

310 4946 648 5019 praeteritum
663 4944 885 5015 optativi
896 4984 910 5009 ,
924 4951 978 4998 et
990 4940 1447 5010 subiunctalivum
1458 4943 1788 5012 prmteritum
1804 4943 1898 4997 im-

312 5039 612 5112 perfectum
633 5036 807 5108 longas
836 5034 990 5108 [Ed.,
1014 5032 1249 5106 longam]
1273 5034 1327 5089 in
1350 5035 1665 5105 penultima,
1681 5044 1735 5091 et
1755 5036 1900 5106 plus-

313 5129 779 5207 quamperfectum
798 5129 854 5184 in
872 5127 1022 5183 omni
1042 5124 1447 5196 coniugatione,
1472 5126 1661 5196 primae
1682 5142 1899 5199 quoque

313 5224 603 5295 optativus,
632 5220 869 5277 futurum
901 5226 957 5273 et
1000 5216 1401 5288 subiunctivum
1444 5231 1681 5286 praesens
1710 5216 1792 5287 (ut
1826 5216 1899 5271 le-

314 5332 458 5385 gam,
497 5312 659 5385 leges,
703 5309 852 5381 leget,
883 5324 1053 5375 emus,
1100 5308 1223 5371 etis,
1261 5316 1380 5372 ent;
1418 5307 1599 5373 doceo,
1649 5324 1752 5374 ces,
1798 5317 1897 5373 cet,

314 5424 508 5471 remus,
546 5404 687 5468 cotis,
711 5386 871 5475 cient),
896 5414 923 5442 η
962 5401 1045 5458 sic
1077 5398 1399 5455 dedicanda
1428 5405 1556 5452 sunt
1584 5416 1598 5452 :
1627 5397 1897 5465 Amorem,

314 5513 541 5563 limares,
582 5502 807 5558 amaret,
833 5507 1154 5555 amaremus,
1201 5488 1345 5553 retis,
1392 5498 1536 5552 rent;
1566 5489 1896 5553 amovissent,

312 5607 423 5654 ses,
456 5600 555 5653 set,
589 5601 755 5649 emus,
794 5584 910 5648 etis,
940 5597 1071 5652 sent,
1110 5597 1232 5650 qua:
1273 5588 1399 5635 sunt
1426 5577 1823 5649 subiunctativo
1846 5589 1901 5634 ct

390 5759 416 5784 ι
440 5739 861 5797 Parcutlxesibus
892 5741 1098 5794 inclusa
1129 5728 1243 5795 alio.
1267 5744 1539 5810 pcrtincre
1572 5741 1839 5798 videntur.

2004 3295 2140 3360 beat,
2170 3294 2328 3366 legat,
2378 3295 2580 3349 audiat.
2619 3295 2800 3350 Prima
2849 3311 3080 3366 persona
3118 3299 3170 3352 in
3215 3313 3445 3353 numero
3470 3297 3588 3368 plu-

2002 3386 2101 3439 rali
2128 3386 2182 3440 in
2211 3402 2359 3450 mus;
2384 3387 2437 3440 in
2462 3387 2699 3441 secunda
2723 3388 2779 3441 in
2808 3397 2891 3451 te;
2931 3389 3088 3444 tertia
3111 3390 3165 3443 in
3194 3400 3299 3454 ent,
3327 3389 3381 3443 in
3409 3390 3586 3460 prima

2002 3474 2408 3543 coniugatione;
2463 3476 2514 3530 in
2566 3478 2776 3533 eietcris
2828 3487 2941 3545 ant,
2985 3488 3045 3533 ut
3092 3495 3347 3543 amemus,
3386 3492 3583 3545 aurato,

2001 3575 2206 3632 ament;
2233 3566 2533 3632 doceamus,
2560 3568 2762 3634 docete,
2791 3570 3034 3635 doceant,
3060 3581 3189 3635 etc.,
3228 3571 3430 3642 ubique
3456 3584 3587 3641 pen-

2000 3659 2188 3714 ultima
2235 3661 2422 3729 prima:
2470 3676 2713 3731 personae
2755 3671 2812 3718 et
2855 3664 3105 3719 secunda:
3152 3663 3340 3733 longa,
3380 3662 3589 3733 absque

2002 3753 2178 3807 tertiae
2210 3752 2609 3825 coniugationis
2641 3755 2878 3810 secunda
2922 3770 3170 3826 persona,
3201 3755 3344 3825 quod
3381 3765 3488 3821 est,
3517 3755 3593 3810 le-

2000 3846 2121 3915 gite.
2164 3846 2429 3900 Fumrum
2452 3847 2760 3916 imperativi
2797 3848 2853 3902 in
2881 3856 2934 3900 to
2975 3849 3208 3902 secunda
3250 3862 3505 3918 persona,
3531 3855 3591 3902 ut

2000 3945 2198 4001 amato,
2233 3936 2444 4002 habeto,
2482 3936 2656 4007 legito,
2697 3937 2903 4004 audito,
2931 3938 3088 4010 longa
3124 3938 3419 4009 penultima
3458 3939 3586 3993 abs-

1999 4044 2106 4098 que
2144 4030 2318 4083 tertia:
2354 4029 2744 4099 coniugationis
2783 4029 2940 4103 [Ms.,
2980 4032 3186 4102 absque
3225 4032 3386 4086 tertia
3425 4031 3592 4087 decli-

2001 4121 2260 4195 natione].
2303 4122 2484 4179 Tertia
2528 4136 2760 4193 persona
2796 4123 2961 4179 futuri
3014 4125 3214 4181 similis
3260 4134 3345 4180 est
3387 4124 3587 4195 ubique

1999 4215 2294 4283 prmsenti:
2333 4215 2491 4269 tertia
2520 4230 2751 4286 persona
2793 4225 2848 4270 et
2887 4216 3060 4285 prima
3106 4216 3332 4286 pluralis
3373 4215 3586 4271 numeri

2000 4308 2191 4363 similis
2219 4323 2432 4379 quoque
2479 4316 2564 4364 est
2599 4309 2791 4379 plurali
2830 4312 3132 4381 przesentis.
3170 4311 3418 4367 Secunda
3460 4327 3582 4383 per.

2000 4413 2131 4453 sona
2178 4398 2402 4469 pluralis
2444 4400 2496 4454 in
2539 4408 2665 4465 tote,
2701 4410 2762 4455 ut
2789 4411 3035 4467 amatote,
3067 4402 3325 4469 habetote,
3352 4402 3578 4475 legitote,

2000 4488 2250 4543 auditote.
2280 4488 2459 4544 Tertia
2494 4489 2614 4544 ﬁnit
2652 4491 2703 4545 in
2738 4501 2846 4557 nto,
2877 4500 2938 4546 ιιι
2955 4502 3191 4559 amanto,
3231 4494 3467 4559 docento,
3508 4495 3580 4550 le-

2000 4589 2183 4648 gunto,
2222 4579 2499 4633 audiunto.

2070 4669 2169 4724 Fu.
2196 4670 2274 4726 De
2297 4670 2578 4727 inﬁnitivis
2618 4673 2725 4728 dic.
2748 4704 2817 4716 -~
2849 4674 3013 4731 Suo.
3050 4675 3224 4733 Omne
3254 4677 3580 4739 inﬁnitivum

1998 4763 2315 4832 praesensin
2342 4779 2415 4828 re,
2445 4771 2501 4819 et
2530 4765 2866 4835 prmteritum
2890 4767 2942 4821 in
2976 4784 3048 4831 se,
3087 4776 3139 4823 et
3166 4769 3409 4825 futurum
3434 4770 3582 4825 inire

1998 4856 2082 4910 vel
2118 4872 2227 4912 esse
2262 4858 2319 4911 in
2357 4860 2502 4913 omni
2541 4859 2916 4931 coniugatione
2971 4861 3168 4917 desinit
3191 4904 3205 4926 ,
3263 4871 3323 4917 ut
3380 4880 3581 4927 amare,

1999 4962 2220 5010 amasse,
2258 4957 2492 5001 amatum
2527 4949 2621 5013 ire,
2651 4948 2735 5004 vel
2758 4959 3057 5003 amaturum
3094 4965 3222 5005 esse.

2019 5115 2024 5119 ~
2069 5035 2168 5090 Fu.
2209 5035 2346 5104 Quid
2383 5038 2450 5093 de
2486 5039 2723 5109 quinque
2766 5040 3044 5109 gerundiis
3084 5040 3211 5113 [Al.,
3252 5043 3580 5115 gerendivis]

1998 5121 2337 5183 seruiendum
2377 5130 2763 5187 est?——-Suo.
2806 5132 2945 5199 de
2984 5134 3153 5200 aliud,
3193 5135 3296 5190 nisi
3335 5145 3396 5191 ut
3432 5139 3580 5208 prius

1999 5220 2129 5285 dixi,
2173 5221 2317 5290 quod
2361 5222 2607 5290 omnino,
2632 5224 2932 5279 secundum
2962 5224 3320 5291 Priscianum,
3362 5230 3579 5284 nomine

1996 5321 2141 5364 sunt.
2172 5310 2307 5365 Nam
2326 5313 2730 5382 praepositiones
2747 5323 3026 5384 separatas
3044 5317 3385 5373 accusativae
3419 5333 3576 5375 casus

1999 5410 2054 5458 et
2075 5402 2340 5458 ablativos
2369 5402 2523 5474 illa,
2549 5404 2841 5465 accusativi
2867 5420 3026 5461 casus
3066 5415 3123 5461 et
3149 5407 3394 5481 ablativi]
3434 5408 3573 5465 accio

1997 5496 2151 5565 piunt
2200 5504 2257 5551 ιιι
2293 5494 2407 5567 [ad]
2446 5494 2763 5562 amandum,
2800 5496 2860 5552 in
2897 5498 3154 5563 ornando,
3212 5499 3358 5569 quod
3412 5498 3574 5554 verbo

2000 5604 2107 5643 non
2137 5595 2314 5659 potest
2335 5588 2597 5644 accidere.
