3866 6170
320 233 424 294 881

1403 241 1874 299 DIDASCALICA.
1914 274 1981 285 -—
2018 243 2501 301 GRAMMATICA.

3492 250 3597 305 83?.

397 345 498 403 Fs.
524 345 664 415 Quid
683 354 861 404 tamen
883 349 1051 405 distat
1072 350 1231 417 inter,
1254 356 1559 420 amandum,
1583 357 1831 422 amando,
1853 366 1908 413 et
1937 370 1985 429 Α
2004 355 2235 428 iungere
2261 357 2365 413 sibi
2399 358 2501 412 nisi
2536 358 2772 422 tertiam,
2799 367 2876 422 ut,
2905 369 2960 413 tu
2992 370 3040 413 et
3069 360 3155 414 ille
3181 360 3375 417 facitis.
3416 361 3599 416 Tertia

329 446 584 500 amatum,
609 447 790 492 amata
803 438 831 492 ?
848 470 915 479 —
936 438 1101 497 Saxo.
1137 442 1291 509 Quod
1309 446 1597 499 amandum
1617 447 1912 502 necessita-

328 538 437 583 tem
476 529 678 583 amoris
716 531 1015 602 signiﬁcat;
1052 545 1285 590 amatum
1323 537 1537 592 initium
1572 540 1792 595 amoris.
1827 539 1912 595 Si-

328 621 530 676 militer
581 621 810 675 amando
851 622 905 676 in
960 623 1077 694 ipso
1113 640 1325 693 amore;
1379 638 1559 684 amata
1615 645 1712 699 pro
1763 645 1913 685 ama-

327 715 498 778 tione,
521 713 576 767 id
596 721 702 778 est,
730 730 830 784 pro
869 715 984 783 ipsa
1011 732 1072 772 re
1098 718 1390 788 accipitur.

395 802 497 857 Fn.
522 803 729 857 Passivi
771 803 923 876 [Ed.,
960 807 1184 879 passim]
1214 808 1426 880 regulas
1463 812 1639 880 pande
1666 813 1818 867 mihi.
1844 843 1915 852 —

326 892 495 948 Saxo.
539 893 777 949 Pandam
802 895 1059 962 breviter,
1083 913 1152 951 ne
1170 899 1429 968 prolixior
1456 901 1583 965 sim,
1603 917 1766 971 quam
1789 903 1914 957 huic

324 986 658 1056 puerililudo
684 987 874 1042 deceat
891 987 1006 1059 (Sic
1031 988 1203 1061 και).
1237 987 1408 1046 Omne
1426 994 1703 1063 passivmu
1728 1009 1797 1049 ex
1826 1010 1915 1049 ac-

327 1077 439 1132 tivo
479 1076 621 1149 [suo]
661 1077 733 1132 sit
775 1078 975 1148 ubique
1027 1095 1126 1150 per
1178 1096 1366 1136 omnes
1400 1081 1823 1155 coniugationes.
1867 1083 1911 1139 0

328 1167 479 1223 finita
508 1168 593 1222 vel
622 1185 671 1222 ιη
707 1168 761 1221 in
800 1170 991 1224 activis
1022 1178 1262 1239 tempore
1286 1174 1540 1241 praesenti
1564 1183 1617 1229 et
1640 1175 1914 1243 praeterito

328 1258 668 1327 imperfecto,
711 1268 765 1314 et
817 1258 998 1316 futuro
1048 1271 1332 1317 assumunt
1379 1281 1405 1316 r
1451 1264 1507 1319 in
1546 1265 1807 1335 passivis,
1856 1273 1917 1320 ut

329 1345 522 1417 [amo,
575 1348 760 1420 amor]
811 1352 1029 1415 amabo,
1088 1353 1342 1418 amabor;
1395 1365 1610 1420 amato,
1669 1366 1913 1421 amator;

328 1450 585 1507 amanto,
646 1452 928 1505 amanter,
996 1446 1272 1510 amabam,
1328 1447 1581 1512 amabar;
1638 1432 1912 1514 amarem,

330 1546 573 1596 amarer;
631 1549 819 1593 amem,
862 1550 1048 1601 amer;
1084 1534 1276 1605 legam,
1316 1536 1485 1607 legar,
1535 1547 1641 1593 etc.
1692 1539 1916 1596 Caetera:

330 1637 578 1693 personae
627 1625 923 1679 secundum
979 1626 1264 1696 praedictas
1315 1627 1528 1699 regulas
1582 1630 1745 1685 trium
1789 1647 1919 1686 con-

2011 461 2142 501 vero
2180 461 2282 501 nec
2311 447 2543 515 primam
2576 464 2678 503 nec
2729 449 3045 513 secundant,
3093 450 3186 505 sed
3228 449 3453 505 alteram
3492 461 3601 507 ter-

2013 538 2162 601 tiam,
2216 546 2297 601 ut,
2343 538 2441 591 iste
2484 547 2533 591 et
2575 537 2661 592 ille
2700 537 2924 606 facium.
2965 540 3022 594 ln
3061 541 3393 611 imperativis
3426 542 3599 612 prima

2011 641 2251 696 persona
2274 626 2564 697 singularis
2590 643 2695 682 non
2727 637 2903 698 potest
2938 646 3077 696 esse,
3106 631 3232 700 quia
3275 631 3604 688 naturaliter

2012 716 2306 784 imperans,
2334 718 2403 771 ab
2432 731 2496 771 eo
2517 717 2604 772 cui
2626 717 2860 787 imperat
2886 718 3164 774 dividitur.
3199 720 3412 775 Infinita
3436 719 3598 794 μὴ..

2014 807 2301 881 lnfinitiva]
2326 823 2545 879 quoque
2565 818 2621 865 et
2644 811 3023 882 impcrsoualia
3050 822 3104 870 et
3129 814 3390 885 gerundia
3414 824 3604 871 carent

2016 898 2332 953 naturaliter
2358 900 2625 979 personis.

2597 1039 2685 1095 DE
2724 1040 3036 1097 NUMERO.

2087 1147 2184 1201 Fu.
2229 1148 2521 1203 Numerum
2568 1151 2750 1206 verbis
2781 1154 3129 1208 accedentem
3161 1152 3313 1225 [.lIs.,
3354 1156 3605 1211 acciden-

2018 1236 2148 1310 tcm]
2180 1239 2374 1309 pande.
2406 1268 2476 1278 -—
2505 1237 2671 1295 Saxo.
2709 1240 2977 1297 Numerus
3007 1243 3327 1313 singularis,
3376 1253 3435 1299 ut
3467 1246 3603 1315 lego,

2013 1326 2259 1397 pluralis,
2309 1336 2366 1381 ut
2404 1326 2642 1399 legimus,
2697 1332 2906 1386 accedit
2942 1334 3108 1387 verbo
3140 1334 3304 1388 veluti
3348 1336 3603 1390 omnibus

2015 1417 2259 1488 partibus
2278 1419 2584 1475 casualibus
2615 1439 2627 1474 :
2660 1422 2753 1476 sed
2780 1421 2832 1475 in
2864 1423 3030 1477 verbo
3058 1423 3155 1478 sub
3176 1441 3279 1479 una
3310 1441 3441 1481 voce
3464 1442 3607 1482 nun-

2018 1526 2182 1581 quam
2209 1511 2500 1582 singularis
2529 1521 2583 1566 et
2620 1512 2847 1584 pluralis
2881 1513 3154 1568 invenitur
3186 1532 3443 1571 numerus
3468 1518 3609 1572 sicut

2019 1599 2073 1654 in
2103 1602 2314 1655 caeteris
2338 1602 2605 1672 partibus,
2637 1611 2694 1655 ut
2719 1600 2852 1667 dies,
2884 1620 2984 1668 res,
3023 1604 3389 1660 nominativus
3419 1606 3607 1678 singu-

324 1691 660 1781 jugmiomlm
712 1691 997 1782 pmsemis'
1055 1717 1314 1785 temporis
1366 1691 1722 1774 aeditumum
1780 1720 1914 1776 Nam
1949 1722 1993 1783 Β
2019 1691 2152 1785 laris
2187 1701 2241 1785 et
2285 1692 2553 1785 pluralis;
2584 1692 2695 1785 isti,
2731 1692 3079 1785 illi,idativus
3107 1694 3396 1764 singularis
3433 1705 3486 1751 et
3520 1712 3610 1751 no-

332 1802 568 1857 secunda
608 1818 836 1872 persona
866 1804 921 1859 in
961 1804 1032 1860 ris
1069 1806 1154 1861 vel
1194 1807 1249 1861 in
1292 1824 1346 1862 re
1385 1808 1612 1873 desinit,
1662 1810 1818 1865 tertia
1860 1811 1917 1865 in

332 1902 454 1957 tur;
506 1900 559 1948 et
599 1895 773 1965 prima
813 1896 865 1951 in
903 1896 1098 1967 plurali
1128 1897 1181 1954 in
1221 1915 1358 1966 mur,
1404 1903 1641 1959 secunda
1673 1902 1727 1956 in
1765 1902 1913 1968 mini,

333 1986 496 2039 tertia
524 1986 579 2039 in
605 1996 743 2051 utut.
776 1987 1029 2044 Omnium
1052 1991 1334 2047 modorum
1354 1994 1689 2062 pneteritum
1719 1993 1914 2066 [Edil..

331 2076 549 2148 praeter]
579 2078 873 2147 perfectum
898 2090 952 2136 et
989 2081 1573 2153 plusquamperfectum
1615 2093 1669 2139 et
1698 2084 1918 2153 subjun-

331 2166 456 2221 ctivi
481 2166 721 2223 futurum
757 2186 856 2241 per
880 2172 1221 2242 participium
1248 2175 1512 2243 prieteriti
1543 2176 1833 2244 temporis,
1865 2184 1919 2230 et

331 2274 445 2310 sum
476 2257 829 2327 subjectivum
855 2263 1079 2319 verbum
1102 2266 1601 2340 declinatur,287
1632 2278 1690 2323 ιιι
1709 2278 1917 2324 amatus

332 2369 469 2417 sum,
499 2355 579 2407 vel
602 2355 719 2425 fui:
750 2368 957 2413 ainatus
998 2376 1165 2426 eram,
1199 2361 1281 2416 vel
1326 2361 1550 2431 fueram.
1596 2362 1913 2432 Optativus:

332 2454 538 2498 amatus
565 2462 728 2501 essent
754 2447 834 2502 vel
862 2448 1097 2519 fuissem.
1123 2450 1505 2521 Subjunetivus
1537 2471 1550 2508 :
1580 2463 1786 2508 amatus
1818 2453 1917 2508 sim

333 2532 413 2585 vel
438 2534 663 2602 fuerim;
684 2553 847 2591 essem
874 2538 957 2593 vel
986 2539 1219 2609 fuissem.
1254 2541 1516 2597 Futurum
1547 2561 1559 2595 :
1599 2554 1804 2597 amatus
1829 2559 1918 2599 ero

334 2622 415 2675 vel
443 2623 618 2692 fuero.
640 2624 861 2682 Passiva
885 2629 1192 2700 imperativi
1228 2634 1475 2688 secundae
1505 2649 1749 2703 personze
1779 2649 1919 2704 pra:-

333 2714 503 2768 scntis
529 2712 834 2790 [temporis]
874 2719 928 2775 in
966 2723 1112 2779 omni
1139 2723 1510 2797 coniugatione
1539 2725 1743 2781 similes
1783 2726 1919 2783 acti-
1960 2773 1965 2777 .

332 2805 411 2859 vis
434 2805 734 2873 infinitivis,
764 2819 823 2865 ut
850 2828 1052 2878 nutare,
1074 2815 1276 2881 docere,
1314 2815 1503 2887 legere,
1543 2816 1748 2883 audire,
1787 2832 1920 2889 pen-

334 2896 524 2952 ultiina
554 2899 733 2971 longa,
755 2902 857 2957 nisi
889 2905 1047 2959 tertia
1075 2905 1468 2978 coniugatione.
1499 2907 1680 2963 Tertia
1706 2924 1832 2964 vero
1861 2909 1917 2963 in

330 2997 422 3041 tur
452 2991 592 3056 exit,
633 2993 804 3064 prima
845 2995 1066 3065 pluralis
1113 2997 1169 3051 in
1203 3013 1341 3062 mur,
1384 3001 1618 3054 secunda
1666 2999 1721 3053 in
1752 2998 1914 3066 mini,

2019 1782 2310 1837 minativus
2361 1782 2606 1852 pluralis.
2663 1782 2955 1838 Sciendum
3005 1801 3218 1855 quoque
3265 1796 3348 1841 est
3400 1786 3527 1851 tibi,
3575 1803 3609 1842 ο

2018 1873 2260 1940 France,
2302 1876 2447 1944 quod
2487 1890 2821 1945 quaecunque
2853 1878 3015 1932 verba
3055 1880 3302 1948 personis
3330 1880 3605 1946 deﬁciunt,

2019 1980 2233 2034 semper
2278 1973 2333 2020 et
2376 1982 2605 2021 numero
2635 1965 2899 2022 defectiva
2941 1967 3098 2033 fiunt,
3126 1976 3186 2023 ut
3226 1969 3609 2040 impersonalia

2018 2064 2074 2109 et
2123 2056 2409 2110 infinitive.
2452 2057 2578 2112 ideo
2624 2058 3039 2128 pronominibus
3087 2059 3288 2115 additis
3329 2072 3614 2117 assumunt

2018 2161 2279 2216 personas
2321 2154 2376 2201 et
2414 2163 2691 2213 numeros,
2744 2156 2822 2212 ut,
2872 2146 3061 2217 legitur
3103 2166 3136 2202 a
3174 2164 3277 2214 me,
3323 2166 3357 2203 a
3397 2148 3543 2204 nobis
3590 2163 3609 2201 :

2019 2235 2185 2307 legere
2213 2246 2261 2291 te
2286 2237 2418 2303 rolo,
2450 2245 2506 2295 et
2537 2236 2705 2308 legere
2731 2255 2817 2292 vos
2847 2237 2981 2293 volo.

2091 2350 2188 2405 Fs.
2225 2349 2332 2406 Sed
2376 2352 2504 2422 quia
2543 2352 2810 2409 defectiva
2856 2367 2978 2408 esse
3024 2354 3188 2409 verba
3241 2354 3609 2421 introduxisti.

2020 2440 2199 2495 subito
2245 2438 2511 2497 defectiva
2549 2456 2649 2512 per
2684 2441 2901 2511 singula
2935 2442 3237 2497 accidentia
3266 2457 3402 2513 opus
3436 2443 3612 2502 habeo

2019 2532 2302 2602 ut'pandas
2322 2532 2723 2598 mihi,maxime
2744 2533 2868 2604 quia
2885 2535 3126 2589 Donatus
3143 2534 3404 2606 magister
3426 2545 3613 2592 noster

2018 2624 2135 2680 haec
2160 2625 2314 2682 valde
2343 2627 2571 2682 obscure
2597 2635 2652 2689 et
2689 2627 2927 2683 breviter
2960 2627 3154 2699 tetigit.
3186 2655 3258 2667 -—
3292 2626 3458 2683 Saxo.
3493 2627 3611 2684 Non

2019 2733 2139 2772 sum
2169 2719 2266 2774 tibi
2293 2718 2505 2773 debitor
2541 2718 3023 2783 irrationabilium,
3064 2718 3158 2774 sed
3188 2718 3608 2782 rationabilium,

2018 2815 2286 2863 eteorum
2312 2824 2431 2878 qua:
2457 2809 2657 2880 regulis
2686 2808 3020 2878 subjaceant.
3052 2809 3328 2875 Attamen,
3360 2809 3439 2863 uti
3469 2809 3613 2865 scias

2018 2915 2128 2955 non
2154 2914 2240 2954 me
2276 2900 2598 2956 inuidiosum
2628 2915 2748 2956 esse
2779 2901 2830 2954 in
2863 2909 2942 2965 te,
2978 2902 3120 2957 sicut
3145 2916 3247 2957 nec
3276 2909 3331 2957 te
3360 2899 3610 2955 fastidio-

2020 3004 2138 3045 sum
2166 2990 2426 3062 intelligo,
2467 2990 2699 3060 pandam
2741 2990 2920 3058 aliqua
2956 3007 3023 3045 ex
3067 2990 3189 3045 illis.
3230 2989 3426 3047 Tribus
3461 2991 3609 3045 enim

332 3079 501 3151 [quod
536 3084 589 3138 in
629 3086 919 3143 indicativo
946 3098 998 3143 et
1038 3089 1355 3160 imperativo
1380 3092 1627 3149 similiter
1647 3091 1918 3161 profertur

2024 3081 2197 3136 modis
2224 3081 2411 3146 verba,
2436 3081 2519 3135 vel
2548 3080 2701 3153 [.lfs.,
2731 3081 2894 3153 velut]
2932 3082 3052 3136 alia:
3086 3090 3272 3151 partes
3298 3080 3482 3154 [fiunt]
3514 3080 3609 3135 de-

334 3172 532 3240 (Edit.,
562 3176 702 3245 quod
737 3177 1088 3247 imperativus
1125 3190 1179 3234 et
1199 3180 1503 3237 infinitivus
1526 3182 1778 3237 similiter
1799 3197 1922 3253 pro-

333 3263 636 3338 feruntur)]
671 3269 723 3323 in
763 3271 935 3338 prima
970 3270 1365 3344 eonjugatione.
1399 3272 1581 3328 Tertia
1605 3271 1826 3343 pluralis
1866 3272 1923 3326 in

332 3357 529 3426 prima,
578 3359 633 3413 in
674 3370 858 3428 enlur;
888 3363 1007 3419 aliis
1060 3364 1115 3419 in
1156 3375 1353 3419 antur:
1387 3373 1443 3420 et
1472 3364 1637 3420 futuri
1666 3364 1925 3437 temporis

335 3452 572 3505 secunda
600 3468 833 3523 persona
862 3455 918 3509 in
944 3464 1043 3522 tor,
1073 3464 1130 3511 et
1169 3458 1331 3513 tertia
1374 3458 1428 3513 in
1466 3467 1554 3512 tur
1574 3471 1593 3509 .·
1622 3463 1675 3513 et
1700 3456 1925 3529 pluralis

335 3541 507 3608 prima
532 3542 584 3595 in
611 3560 696 3609 ur,
718 3553 770 3599 et
789 3547 1027 3601 secunda
1053 3547 1107 3602 in
1129 3550 1319 3614 minor,
1344 3555 1399 3602 et
1430 3552 1589 3603 tertia
1620 3548 1671 3602 in
1700 3558 1838 3615 utor,
1861 3555 1922 3602 ut

336 3649 534 3696 (tutare,
568 3644 806 3699 ametur;
842 3654 1098 3703 amemur,
1134 3639 1450 3703 amaminor,
1480 3649 1717 3694 amentor
1743 3656 1760 3694 .'
1785 3655 1925 3694 ame-

336 3730 436 3783 tor,
472 3731 710 3787 ametur;
732 3741 988 3791 amemur,
1018 3727 1325 3793 ameminor,
1362 3739 1618 3782 amentor.
1653 3728 1922 3785 lnfinitiva

337 3813 553 3881 passiva
575 3830 788 3886 semper
805 3815 857 3869 in
874 3816 893 3869 i
903 3818 1185 3887 prmsentis
1202 3819 1480 3888 temporis,
1494 3827 1553 3873 ut
1568 3819 1757 3884 amari,
1772 3819 1897 3874 doce
1912 3852 1924 3861 -

338 3901 404 3965 ri,
423 3900 541 3973 legi,
558 3904 754 3959 audiri.
771 3905 840 3961 Et
858 3907 1189 3976 praeteritum
1204 3925 1301 3979 per
1317 3908 1662 3980 participium
1677 3909 1924 3966 neutrale

338 4000 517 4046 etesse
538 3994 619 4048 vel
639 3993 821 4064 fuisse,
843 4004 903 4050 ut
921 3997 1130 4052 doctum
1152 4016 1260 4053 esse
1274 3999 1358 4057 vel
1382 4000 1565 4072 fuisse.
1593 4000 1661 4054 Et
1681 3999 1921 4055 futurum

341 4082 394 4135 in
432 4082 520 4148 iri,
568 4092 629 4137 ut
668 4095 901 4141 amatum
936 4088 1023 4142 iri.
1062 4088 1200 4144 Ecce
1247 4089 1446 4155 babes,
1493 4074 1727 4154 France,
1778 4089 1923 4160 quod

342 4174 611 4241 ﬂllfeeiSli;
655 4176 748 4231 sed
798 4187 890 4233 tua
937 4180 1224 4235 curiositas
1266 4190 1317 4237 te
1356 4180 1485 4237 facit
1528 4197 1634 4236 non
1683 4190 1924 4237 amatum

343 4280 356 4316 1
366 4280 406 4317 ΙΊ

415 4304 427 4316 ο

408 4354 505 4409 Fu.
536 4355 645 4412 Nec
668 4365 755 4413 tua
783 4368 835 4415 te
860 4361 1057 4417 indivia
1082 4373 1295 4434 gratum
1314 4364 1401 4420 iri.
1425 4397 1498 4407 —
1520 4366 1684 4423 Suo.
1717 4366 1917 4424 Caute!

2021 3171 2266 3237 fectivae;
2304 3181 2396 3227 aut
2428 3180 2637 3228 natum
2680 3174 3025 3240 necessitate,
3065 3181 3159 3228 aut
3200 3173 3429 3229 fortunae
3460 3189 3609 3238 casu,

2020 3265 2105 3319 vel
2132 3263 2445 3320 differentia:
2469 3279 2655 3319 causa.
2687 3264 2902 3319 Naturae
2924 3265 3268 3330 necessitate,
3295 3273 3376 3330 ut,
3402 3265 3450 3320 si
3476 3265 3610 3321 veli~

2021 3373 2143 3413 mus
2191 3357 2552 3415 masculinum
2599 3358 2782 3414 dicere
2831 3359 2900 3413 ab
2953 3375 3036 3421 eo,
3072 3360 3216 3429 quod
3258 3358 3386 3432 [est]
3423 3369 3608 3429 nupta.

2022 3460 2213 3521 nuptas
2257 3464 2275 3501 :
2325 3450 2468 3507 vela
2501 3466 2789 3522 puerpera,
2832 3468 3141 3523 puerperas,
3185 3460 3451 3525 repugnat
3496 3452 3614 3521 ipsa

2022 3557 2202 3598 rerum
2232 3551 2427 3598 natura
2461 3561 2475 3598 :
2503 3543 2589 3607 vel
2618 3544 3041 3600 incensonantiie
3077 3560 3272 3611 causa;
3306 3552 3382 3611 ut,
3413 3544 3458 3599 si
3484 3543 3613 3597 veli-

2020 3651 2141 3690 mus
2153 3652 2185 3690 a
2200 3652 2390 3692 cursor
2401 3638 2629 3691 curstrix-
2652 3635 2834 3692 facere
2854 3636 3173 3691 femininum
3185 3677 3198 3702 ,
3214 3638 3356 3692 sicut
3383 3653 3413 3691 a
3436 3635 3614 3690 victor

2020 3725 2230 3788 victrix,
2264 3723 2617 3778 inconsonum
2639 3723 2789 3796 [est].
2818 3725 2877 3781 In
2904 3723 3134 3779 fortuna:
3163 3740 3313 3789 casu,
3348 3723 3607 3778 inusitata

1986 3883 1990 3887 .
2021 3822 2077 3869 et
2104 3813 2278 3883 turpia
2306 3812 2574 3873 vitantur,
2618 3820 2674 3867 et
2696 3813 2896 3882 quibus
2924 3822 3179 3867 auctores
3208 3826 3313 3864 non
3347 3818 3609 3876 utuntur;

2022 3905 2294 3977 quomodo
2327 3920 2356 3958 a
2392 3904 2460 3958 do
2507 3902 2606 3957 dor
2644 3901 2940 3957 secundum
2982 3901 3221 3971 regulam
3254 3900 3362 3957 dici
3399 3900 3607 3970 potuit;

2022 3994 2117 4049 sed
2163 3995 2288 4065 quia
2338 3994 2393 4047 in
2435 3993 2749 4048 auctoribus
2796 4007 2902 4046 non
2946 3992 3242 4056 invenitur,
3297 4006 3611 4049 recusamus

2021 4085 2221 4142 dicere.
2264 4085 2591 4141 Differcntia:
2626 4100 2841 4157 quoque
2867 4101 3028 4140 causa
3068 4084 3300 4155 plurima
3344 4086 3607 4151 vitantur,

2022 4184 2103 4243 ut,
2128 4176 2261 4246 fero,
2291 4175 2418 4246 fers,
2445 4175 2543 4245 fert
2570 4192 2666 4247 per
2695 4192 2986 4249 syncopam
3025 4177 3142 4233 sine
3168 4178 3186 4230 i
3212 4177 3391 4235 littera
3430 4179 3486 4233 in
3524 4194 3611 4235 δε·

2022 4267 2197 4323 cunda
2218 4274 2276 4322 et
2298 4267 2460 4321 tertia
2498 4283 2727 4338 persona
2758 4266 3035 4339 profertur
3054 4308 3069 4333 ,
3098 4284 3165 4323 ne
3191 4270 3235 4324 si
3266 4268 3424 4339 feris,
3463 4267 3610 4338 ferit,

2025 4359 2191 4424 dicas,
2224 4375 2255 4412 a
2296 4340 2429 4426 ferio
2461 4367 2678 4430 putetur
2722 4359 2928 4413 venire.
2979 4358 3070 4415 Sic
3112 4359 3225 4421 edo,
3265 4376 3341 4425 es,
3387 4368 3483 4426 est,
3529 4370 3609 4423 et,

340 4462 405 4500 ne
441 4447 626 4504 audiat
654 4450 746 4518 qui
782 4450 1054 4524 ﬂagellare
1082 4421 1248 4512 ξοιει.
1291 4453 1401 4512 Sed
1439 4421 1770 4529 prosequere
1809 4421 1919 4513 cui.
1946 4421 1998 4481 D
2023 4421 2183 4518 volo,
2212 4421 2311 4517 vis,
2344 4421 2477 4515 stult,
2504 4450 2820 4528 differentia:
2850 4467 3013 4506 causa
3062 4421 3363 4506 anomalam
3409 4421 3613 4508 habent

342 4546 472 4593 tera.

407 4630 506 4685 Fn.
545 4631 616 4687 Ut
650 4649 793 4701 reor,
833 4636 968 4691 ordo
1005 4638 1363 4694 accidentium
1390 4640 1631 4710 deposcit
1654 4656 1920 4709 personas

337 4722 627 4777 verborum
659 4723 1006 4798 investigare.
1036 4758 1107 4767 -—
1141 4727 1305 4785 Saxo.
1338 4727 1591 4803 Personae
1629 4729 1921 4783 verborum

341 4818 450 4867 tres
487 4822 633 4867 sunt.
666 4814 846 4870 Prima
876 4824 976 4882 est,
1007 4835 1128 4889 qua:
1150 4819 1216 4873 de
1240 4819 1415 4890 seipsa
1444 4818 1684 4889 loquitur
1703 4825 1758 4873 et
1784 4819 1920 4874 alias

339 4902 589 4957 ostendit.
624 4902 893 4971 Secunda,
931 4906 1000 4960 ad
1026 4923 1187 4976 quam
1211 4906 1466 4977 loquitur.
1496 4905 1696 4969 Tertia,
1731 4907 1797 4961 de
1816 4923 1922 4977 qua

338 4992 591 5065 loquitur.
630 4997 753 5065 ,Nisi
803 4999 946 5053 enim
996 4999 1067 5053 sit
1120 5000 1328 5070 prima,
1377 5013 1496 5067 quas
1546 4995 1755 5068 profert
1808 5014 1923 5053 ser-

339 5103 570 5153 nionem,
603 5090 721 5146 alia:
760 5107 880 5147 esse
933 5109 1037 5147 non
1073 5101 1315 5162 possunt.
1361 5092 1430 5146 Et
1472 5092 1661 5162 prima:
1700 5090 1920 5162 quidem

339 5192 389 5237 et
434 5185 684 5240 secundm
738 5186 1030 5241 verborum
1086 5203 1331 5257 persona:
1381 5187 1544 5241 finitae
1582 5195 1739 5252 sunt;
1782 5202 1921 5257 prae-

338 5284 519 5330 sentes
553 5275 697 5330 enim
741 5277 1138 5333 demonstrant.
1191 5278 1374 5332 Tertia
1404 5293 1533 5332 vero
1560 5277 1768 5332 infinita
1801 5286 1917 5343 est,

338 5366 521 5438 itaque
559 5377 682 5440 eget
728 5368 1047 5441 plerumque
1095 5371 1447 5441 praenomine,
1490 5378 1550 5423 ut
1609 5369 1917 5426 definiatur.

338 5458 399 5511 Et
432 5458 606 5529 prima
661 5461 877 5530 quidem
922 5470 1099 5533 potest
1139 5463 1238 5516 sibi
1285 5470 1341 5516 et
1385 5461 1677 5515 secundum
1726 5470 1779 5515 et
1820 5471 1924 5516 ter-

341 5549 467 5603 tiam
517 5552 879 5623 conjungere,
910 5562 1001 5618 ut,
1048 5569 1139 5623 ego
1186 5562 1233 5605 et
1279 5559 1366 5617 tu,
1405 5561 1454 5605 et
1505 5568 1597 5604 nos
1643 5550 1915 5621 facimus:

335 5653 428 5710 ego
464 5651 514 5695 et
558 5640 647 5697 ille
679 5642 921 5714 facimus.
964 5644 1212 5701 Secunda
1240 5660 1368 5699 vero
1408 5659 1509 5698 non
1537 5641 1759 5716 [potest]
1793 5659 1920 5700 con-

2017 4542 2398 4598 litteraturam.
2447 4544 2514 4597 Et
2556 4542 2669 4599 volo
2718 4543 3041 4597 naturaliter
3080 4542 3396 4612 imperativo
3450 4542 3610 4598 modo

2020 4642 2189 4699 caret,
2222 4635 2347 4703 quia
2384 4634 2640 4703 imperata
2676 4633 3019 4689 necessitatis
3048 4641 3191 4699 sunt,
3228 4650 3333 4689 non
3360 4634 3608 4690 volunta-

2018 4724 2109 4780 tis.
2139 4724 2232 4779 Sie
2258 4724 2364 4793 fac,
2382 4722 2502 4787 duc,
2532 4723 2637 4789 dic,
2660 4723 2759 4794 fer,
2786 4723 2991 4793 placuit
3014 4726 3324 4782 auctoribus
3351 4742 3447 4797 per
3471 4742 3607 4796 apo—

2019 4829 2209 4883 copam
2241 4812 2471 4883 proferri
2502 4812 2815 4869 differentia:
2842 4815 3011 4886 288
3047 4831 3232 4881 causa,
3277 4832 3345 4871 ne
3382 4818 3427 4872 si
3470 4818 3608 4888 face,

2024 4907 2179 4975 duce,
2205 4906 2340 4973 dice,
2368 4906 2497 4977 fere,
2525 4905 2853 4973 diceremus,
2879 4907 3021 4963 aliud
3050 4908 3361 4980 significare
3384 4917 3607 4979 putare-

2026 5016 2166 5057 mus.
2217 4998 2349 5054 ltem
2394 4999 2561 5054 multa
2600 5015 2708 5055 non
2750 5001 3026 5067 dicuntur,
3055 5000 3183 5071 quia
3211 5001 3266 5056 in
3298 5002 3610 5058 auctoribus

2024 5110 2134 5151 non
2179 5093 2544 5158 inveniuntur,
2577 5094 2644 5149 de
2688 5095 2884 5164 quibus
2928 5110 3028 5165 per
3069 5093 3279 5166 singula
3309 5093 3608 5151 accidentia

2025 5185 2205 5255 aliqua
2233 5194 2338 5241 tua:
2364 5186 2595 5255 pandam
2622 5186 2888 5240 aviditati.

2095 5276 2229 5331 Nam
2268 5292 2445 5346 quwso
2475 5291 2583 5330 non
2624 5276 2788 5331 habet
2816 5274 2949 5330 alios
2982 5275 3171 5329 modos
3213 5275 3316 5331 nisi
3353 5274 3603 5333 indicati-

2024 5382 2180 5431 vum;
2201 5380 2489 5436 personam
2517 5365 2747 5435 primam
2774 5364 2827 5417 in
2855 5372 3080 5435 utroque
3103 5380 3350 5431 numero,
3381 5375 3437 5421 et
3462 5364 3609 5438 [que-

2022 5457 2156 5530 sere]
2196 5457 2538 5513 infinitivum.
2577 5457 2709 5511 Item
2742 5465 2857 5510 ovat
2883 5463 2941 5510 et
2966 5455 3104 5525 inﬁt,
3136 5473 3244 5512 non
3273 5458 3473 5516 habent
3500 5459 3603 5515 nisi

2024 5548 2237 5602 tertiam
2263 5563 2579 5619 personam;
2610 5555 2665 5603 et
2690 5563 2848 5601 orans
2870 5546 3229 5617 participium.
3255 5547 3388 5604 Item
3408 5549 3601 5614 ausim,

2023 5639 2075 5695 id
2100 5647 2202 5709 est,
2235 5641 2613 5698 auctoritatem
2641 5638 2871 5695 habeam
2897 5656 2909 5693 :
2935 5645 2989 5694 et
3008 5638 3238 5711 inquam,
3266 5648 3455 5697 contra
3484 5654 3601 5697 mo-
