3906 6190
288 309 391 368 835

1108 306 1166 360 Β.
1208 306 1269 362 F.
1311 303 1536 360 ALBINI
1572 298 1705 358 SEU
1745 296 2022 355 ALCUINI
2062 248 2343 354 OPEIlUM
2380 292 2562 350 PARS
2600 293 2712 351 VII.

3439 288 3548 346 εει

290 443 409 483 rem
436 427 488 482 in
519 425 690 499 prima
728 437 956 495 persona
991 421 1355 492 proferuntur.
1394 416 1547 471 Salve
1590 423 1645 470 et
1679 411 1870 467 salvete
1899 414 1945 472 Α
1973 406 2204 463 fuerant.
2258 404 2487 460 Futuro.
2532 404 2662 468 Ero,
2708 402 2840 466 eris,
2891 409 3013 457 erit.
3072 398 3277 456 Plural.
3308 400 3549 464 Erimus,

290 521 609 592 imperative
662 526 873 573 tantum
940 514 1233 571 secundam
1302 523 1587 580 personam
1644 506 1862 559 habent.

287 613 445 676 Item,
491 610 615 666 cede
642 623 741 679 pro
777 608 845 663 da
872 605 1027 679 μίση
1056 604 1188 676 die].
1215 600 1335 656 Cete
1365 598 1513 671 [Ms.,
1544 595 1743 669 Cedite]
1771 610 1868 666 pro

287 706 429 760 date.
478 702 764 758 Terentius
794 719 807 755 :
838 699 961 755 Cete
1008 697 1147 769 patri
1192 711 1327 759 meo,
1370 694 1551 757 idest,
1583 692 1705 745 date
1739 707 1752 744 :
1802 690 1870 745 Et

286 814 404 861 ave,
434 810 532 867 pro
557 794 729 866 gaude
771 812 784 847 :
821 802 877 847 et
905 801 1047 846 arcte
1083 803 1184 859 pro
1212 786 1439 859 gaudete
1468 783 1715 840 secundae
1741 796 1868 852 per-

288 902 434 944 sonu:
460 894 605 942 sunt.
628 885 763 941 Item
793 884 940 954 faxo,
966 896 1066 952 pro
1088 878 1282 934 faciam
1314 876 1478 931 futuri
1506 873 1762 946 temporis
1787 880 1871 928 est

289 986 500 1031 tantum
525 973 799 1030 indicativi
831 971 996 1033 modi,
1027 978 1084 1023 et
1127 968 1255 1024 facit
1283 985 1296 1022 :
1324 967 1470 1037 fama,
1504 966 1663 1036 faxis,
1693 964 1867 1034 faxit;

290 1066 542 1135 faximus,
571 1064 771 1133 faxitis,
800 1062 1009 1133 faxuut,
1034 1058 1214 1124 idest,
1240 1057 1457 1113 facient.
1475 1057 1606 1111 Item
1632 1069 1646 1108 :
1670 1056 1869 1125 facesso

289 1166 343 1209 et
374 1171 605 1224 capesso,
643 1162 699 1208 et
733 1152 862 1217 viso,
895 1150 1258 1205 desiderativa
1289 1154 1433 1212 sunt,
1466 1162 1574 1200 non
1619 1143 1870 1215 frequen-

289 1243 475 1307 tativa,
510 1244 636 1313 quia
665 1228 853 1313 primm
879 1256 987 1296 non
1030 1248 1155 1295 sunt
1180 1237 1592 1310 coniugationis.
1618 1233 1869 1299 Facesso,

290 1337 345 1391 id
398 1346 499 1401 est,
549 1337 799 1392 desidero
841 1334 1038 1390 facere.
1080 1331 1328 1405 Capesso,
1371 1330 1618 1388 desidero
1655 1341 1867 1396 capere.

302 1426 443 1492 Viso,
474 1426 527 1481 id
550 1434 651 1489 est,
689 1425 937 1480 desidero
958 1424 1159 1478 videre.
1186 1423 1321 1478 Item
1341 1422 1436 1487 sis,
1468 1420 1520 1474 id
1542 1425 1648 1483 est,
1678 1417 1723 1471 si
1750 1415 1830 1470 vis
1856 1433 1868 1467 :

290 1530 347 1575 et
363 1520 532 1584 sodes,
559 1519 610 1573 id
640 1528 745 1582 est,
766 1518 810 1573 si
832 1519 1017 1583 audes,
1042 1516 1291 1572 secunda:
1308 1528 1551 1587 personae
1574 1518 1715 1566 sunt.
1739 1507 1871 1562 Item

291 1610 445 1677 foret,
471 1623 567 1677 pro
594 1615 756 1669 esset,
780 1616 834 1660 et
858 1606 1025 1675 forent
1047 1620 1145 1676 pro
1171 1614 1352 1659 essent
1374 1618 1390 1657 :
1417 1610 1473 1658 et
1496 1600 1610 1670 fore
1633 1614 1733 1671 pro
1754 1612 1874 1652 esse

292 1701 583 1753 invenitur.
622 1697 753 1751 Item
781 1698 864 1750 aio
891 1704 947 1752 et
973 1696 1105 1750 meio
1135 1695 1189 1750 in
1220 1692 1405 1749 multis
1431 1692 1704 1747 delicium.
1736 1689 1872 1745 Nam

1967 498 2141 563 eritis,
2167 504 2346 552 erunt.
2373 493 2709 578 'Imperativo
2726 491 2888 548 modo
2914 499 3158 561 tempore
3179 492 3457 563 praesenti,
3484 494 3552 547 ad

1965 592 2255 647 secundam
2280 598 2337 645 et
2355 586 2571 644 tertiam
2598 600 2883 655 personam
2909 604 2923 640 :
2956 584 3045 640 Sis
3068 585 3244 647 vetes,
3273 585 3362 640 sit.
3390 583 3548 638 I’fur.

1962 682 2148 737 Simus
2182 682 2378 753 [estote
2428 676 2532 751 vel]
2558 677 2699 742 sitis,
2745 677 2885 742 sint;
2932 685 2981 729 et
3025 684 3183 731 sunto
3227 685 3274 728 et
3314 683 3551 729 suntote.

1966 775 2220 847 Optativo
2249 772 2408 828 modo
2436 779 2648 840 tempus
2670 785 2901 840 pra'sens
2926 776 2976 821 et
3007 765 3346 821 Pruteritum
3366 766 3570 835 imper-

1968 865 2088 935 fect.
2120 864 2338 920 Utinam
2358 875 2559 926 essem,
2583 874 2753 924 esses,
2780 866 2925 913 esset
2969 875 2982 910 :
3028 854 3238 909 Plural.
3267 854 3544 935 Essemus,

1967 932 2180 1017 essetis,
2206 960 2406 1007 essent.
2456 948 2720 1004 Prwterit.
2768 945 2994 1016 Perfert.
3042 955 3090 998 et
3136 932 3550 1014 Piusquamper-

1970 1045 2091 1115 fect.
2135 1044 2402 1107 Fuissem,
2448 1041 2667 1101 fuisses,
2704 1038 2916 1092 fuisset.
2958 1032 3166 1089 Pturat.
3214 1033 3548 1092 Fuisscmus.

1969 1135 2229 1200 fuissetis,
2273 1133 2516 1188 fuissent.
2557 1129 2838 1184 Futurum.
2877 1126 3015 1192 Sim,
3045 1127 3139 1189 sis,
3180 1126 3295 1180 sit:
3340 1121 3551 1177 Plural.

1970 1228 2173 1291 Simus,
2226 1227 2365 1290 sitis,
2395 1226 2522 1280 sint.
2553 1222 2905 1293 Conjunctivo
2940 1221 3101 1275 modo
3146 1228 3376 1290 tempore
3418 1234 3558 1288 prcr-

1970 1321 2103 1376 senti
2129 1328 2306 1375 :‘eum
2334 1319 2457 1383 sim,
2503 1319 2596 1381 sis,
2626 1317 2714 1370 sit.
2750 1312 2958 1367 Plural.
3007 1311 3208 1376 Simus,
3240 1310 3383 1374 sitis,
3422 1311 3551 1364 sint.

1973 1408 2289 1481 Imperfecto
2325 1422 2342 1459 :
2376 1408 2561 1462 Essem
2582 1448 2595 1472 ,
2624 1420 2793 1470 esses,
2823 1411 2989 1459 esset.
3035 1399 3240 1455 Plural.
3276 1401 3554 1463 Essemus,

1970 1500 2187 1565 essetis,
2219 1507 2422 1554 essent.
2455 1495 2775 1566 Perfectum.
2814 1494 2947 1549 Cum
2971 1493 3185 1555 fuerim,
3224 1492 3410 1554 fueris,
3445 1491 3559 1545 fue-

1973 1593 2066 1647 rit.
2110 1591 2257 1645 Plur.
2288 1590 2593 1653 Fuerimus,
2618 1585 2850 1651 fueritis,
2884 1584 3106 1639 fuerint.
3144 1579 3559 1652 Piusquamper-

1975 1684 2167 1758 fectum
2194 1697 2215 1737 :
2251 1683 2386 1739 Cum
2409 1679 2653 1745 fuissem,
2680 1677 2898 1742 fuisses,
2922 1675 3127 1731 fuisset.
3158 1671 3367 1727 Plural.
3404 1673 3560 1726 Fuis-

291 1791 397 1854 aio,
426 1791 525 1855 ais,
554 1789 670 1843 ait:
703 1798 758 1844 et
784 1789 921 1850 uitis,
962 1788 1134 1853 aiunt,
1178 1786 1338 1853 facit;
1377 1785 1433 1841 in
1469 1785 1644 1857 prima
1678 1782 1869 1854 plurali
1898 1771 1947 1831 Β
1972 1793 2179 1844 scmus,
2226 1775 2480 1838 fuissetis,
2539 1773 2787 1828 fuissent.
2850 1768 3138 1823 Futurum.
3197 1766 3333 1822 Cum
3382 1763 3559 1827 fuero,

290 1878 472 1934 deficit
505 1895 519 1932 :
555 1886 610 1933 et
648 1877 718 1931 ait
744 1877 1074 1947 pmteritum
1100 1875 1398 1948 perfectum
1429 1893 1442 1928 :
1475 1874 1614 1929 sicut
1639 1873 1771 1927 meio
1794 1873 1875 1927 in-

284 1970 559 2026 finitivum
588 1972 775 2024 meiere
800 1955 949 2023 facit.
983 1967 1154 2032 Sunt,
1184 1983 1307 2037 qum
1335 1967 1478 2021 idem
1507 1966 1708 2020 habent
1736 1978 1873 2034 prm-

288 2077 417 2117 sens
459 2068 513 2116 et
552 2061 887 2131 prmteritum
919 2058 1295 2128 imperfectum
1345 2054 1479 2129 [Αι.,
1527 2051 1872 2125 perfectum],

287 2153 407 2207 hzec
447 2151 560 2205 sola
592 2165 606 2205 :
644 2149 753 2213 odi,
786 2148 904 2202 novi
923 2189 938 2213 ,
978 2147 1221 2212 memini,
1270 2146 1416 2216 ccepi,
1448 2144 1640 2216 pepigi,
1673 2143 1790 2198 [nec
1819 2140 1871 2195 in

285 2242 604 2315 imperfecto
623 2241 756 2316 [Al.,
781 2237 1124 2315 imperativo]
1145 2239 1403 2295 deﬁciunt
1421 2246 1619 2311 praeter
1640 2235 1873 2300 memini,

287 2335 430 2404 quod
452 2343 707 2388 memento
734 2339 788 2386 et
818 2340 1127 2387 mementote
1153 2330 1315 2397 facit;
1348 2338 1404 2384 et
1430 2330 1484 2384 in
1514 2328 1697 2383 futuro
1717 2335 1773 2383 et
1793 2326 1876 2381 in-

284 2424 496 2481 ﬁnitive
523 2424 683 2479 modo
712 2431 768 2479 et
796 2423 850 2477 in
887 2422 1111 2493 supinis,
1154 2436 1259 2477 nec
1298 2436 1404 2475 non
1445 2420 1501 2473 ia
1548 2418 1870 2490 participiis,

282 2520 530 2589 utrisque
559 2517 891 2589 temporibus
935 2514 1070 2589 [Αι.,
1111 2515 1396 2584 utriusque
1437 2509 1715 2583 temporis]
1745 2508 1876 2565 deli-

286 2610 456 2674 ciunt,
488 2617 684 2678 prseter
713 2607 821 2671 odi,
871 2604 1015 2675 quod
1058 2605 1136 2678 [in
1182 2602 1354 2674 ﬁgura
1400 2599 1722 2673 composita]
1768 2602 1874 2656 duo

286 2702 574 2772 participia
614 2700 898 2774 [praeteriti
942 2695 1221 2769 temporis]
1262 2695 1394 2751 facit
1442 2713 1455 2749 :
1510 2710 1722 2760 exosus,
1751 2709 1872 2764 per-

286 2806 431 2845 osus.
457 2789 595 2845 Sunt
616 2789 832 2860 passiva
857 2802 1070 2859 quoque
1084 2786 1495 2857 etdeponentia,
1521 2801 1641 2856 qua:
1656 2785 1708 2839 in
1736 2799 1876 2856 prae-

284 2883 451 2937 terito
477 2881 762 2947 deficiunt,
806 2881 911 2935 nisi
958 2880 1172 2936 aliunde
1206 2878 1274 2935 ad
1319 2878 1749 2949 supplementum
1784 2878 1877 2933 de-

286 2974 599 3029 clinationis
627 2981 937 3028 assumatur
962 2972 1316 3044 prmteritum.
1361 2969 1457 3035 Ut,
1498 2970 1661 3041 feror,
1688 2969 1872 3040 fen’or,

285 3064 463 3131 tollor,
515 3081 723 3135 poscor,
778 3078 1008 3134 urgeor;
1064 3060 1269 3117 faciunt
1318 3062 1464 3117 enim
1515 3059 1873 3130 prasteritum,

288 3158 428 3213 latus
453 3174 593 3222 sum,
624 3158 760 3212 ictus
782 3172 899 3210 sum
917 3197 932 3222 ,
959 3154 1199 3210 sublatus
1227 3171 1375 3220 sum,
1410 3151 1706 3226 postulatus
1734 3167 1874 3217 sum,
1899 3120 1948 3186 ο

288 3250 552 3305 convictus
579 3267 714 3305 sum.
752 3250 886 3304 Item
916 3247 1241 3318 deponentia
1272 3262 1287 3301 :
1318 3262 1515 3311 vescor,
1560 3243 1729 3315 fruor,
1764 3260 1875 3300 me—

290 3340 436 3403 deor,
476 3340 665 3410 liquor,
695 3340 1002 3394 reminiscor
1031 3337 1221 3409 [Edit.,
1264 3334 1611 3407 remuneror],
1647 3335 1871 3397 faciunt,

287 3437 470 3497 pastus
494 3444 609 3481 sum
629 3469 644 3493 ,
674 3429 867 3497 potitus
894 3444 1033 3492 sum,
1070 3429 1358 3482 medicatus
1378 3443 1494 3482 sum
1513 3467 1528 3491 ,
1560 3425 1872 3497 liquefactus

284 3534 425 3583 sum,
451 3518 756 3572 recordatus
783 3535 920 3572 sum.

361 3611 493 3668 Sum
519 3610 771 3677 verbum,
819 3613 962 3681 quod
1009 3612 1333 3683 inmqualem
1366 3613 1530 3668 habet
1561 3610 1871 3668 declinatio-

288 3718 434 3769 nem,
463 3704 578 3759 sive
626 3704 680 3758 in
721 3704 952 3774 simplici
994 3704 1298 3777 participio,
1336 3705 1450 3760 sive
1476 3705 1531 3760 in
1560 3704 1874 3775 compositis

288 3793 570 3861 praesentis
592 3794 854 3863 temporis
875 3792 1078 3857 deﬁcit,
1103 3793 1205 3850 nisi
1233 3794 1286 3849 in
1314 3793 1522 3850 duobus
1552 3793 1620 3848 ab
1642 3807 1708 3848 eo
1728 3807 1875 3848 com-

285 3881 498 3952 positis,
536 3882 590 3938 id
618 3891 724 3947 est,
757 3883 941 3939 absum
975 3892 1030 3939 et
1058 3901 1305 3959 pressum,
1338 3884 1479 3956 quod
1510 3883 1660 3951 facit,
1688 3883 1874 3938 absens

286 3980 345 4027 et
367 3988 614 4043 pra-scus.
650 3972 898 4041 Possum,
927 3985 1092 4046 potes,
1123 3987 1339 4049 postest,
1363 3986 1574 4033 mutant
1599 3994 1624 4032 s
1649 3978 1703 4032 in
1736 3987 1753 4031 t
1781 3992 1875 4033 eu-

286 4064 501 4133 phonia:
519 4079 701 4120 causa.
725 4066 794 4121 Et
811 4084 1045 4137 prosum,
1071 4069 1279 4139 prodes,
1306 4068 1536 4141 prodest,
1561 4069 1790 4125 assumit
1811 4068 1869 4134 d,

288 4157 473 4212 hiatus
500 4174 664 4214 causa
691 4160 986 4215 devitandi.
1034 4160 1163 4217 Volo
1192 4178 1325 4218 vero
1364 4170 1420 4218 et
1449 4162 1587 4217 malo
1627 4171 1684 4219 et
1711 4178 1779 4220 ex
1807 4179 1873 4220 eo

287 4251 650 4322 compositum
691 4250 841 4324 [Λίδη
877 4251 1221 4326 composita],
1269 4254 1324 4309 id
1357 4265 1463 4320 est,
1514 4256 1685 4327 magis
1727 4256 1869 4322 volo,

288 4342 520 4397 naturali
539 4344 864 4399 necessitate
883 4344 1205 4413 imperativo
1226 4353 1432 4409 carent,
1459 4346 1584 4415 quia
1612 4347 1874 4415 imperata

1974 1868 2166 1933 fueris,
2214 1866 2395 1921 fuerit.
2447 1862 2657 1919 Plural.
2703 1860 3007 1925 Fuerimus,
3048 1858 3280 1922 fueritis,
3330 1856 3558 1911 fuerint.

1978 1959 2249 2029 Infinitivo
2282 1956 2458 2021 modo,
2485 1969 2713 2010 numero
2747 1962 2802 2009 et
2836 1951 3115 2023 personis,
3145 1958 3387 2021 tempore
3416 1966 3562 2019 pne-

1974 2048 2155 2104 seuti:
2190 2062 2329 2103 esse.
2356 2045 2631 2101 Prceterito
2655 2058 2674 2095 :
2710 2043 2894 2097 fuisse.
2923 2040 3162 2105 Futuro;
3190 2054 3332 2104 esse,
3364 2048 3414 2092 et
3458 2039 3563 2099 ire,

1976 2148 2026 2193 et
2063 2136 2199 2195 fore.

2048 2252 2216 2325 289
2250 2250 2419 2327 Cujus
2441 2264 2680 2322 praesens
2703 2246 3047 2320 participium
3076 2252 3291 2301 veteres
3312 2260 3401 2296 ens
3422 2258 3560 2312 pros

1977 2344 2261 2409 ferebant,
2314 2341 2460 2398 unde
2507 2339 2848 2411 componitur
2874 2347 3072 2409 potens.
3125 2334 3263 2391 Nam
3309 2332 3561 2391 futurum

1977 2438 2150 2509 magis
2181 2453 2210 2492 a
2239 2437 2312 2507 ﬁo
2336 2436 2503 2492 verbo
2530 2436 2748 2490 videtur
2794 2431 2964 2488 nasci.
3007 2431 3192 2487 Potest
3221 2437 3400 2483 tamen
3442 2434 3503 2479 et
3530 2441 3563 2477 a

1979 2526 2059 2598 fui
2085 2542 2205 2583 esse
2230 2525 2555 2582 existimari.
2588 2523 2682 2580 Sic
2707 2524 2850 2578 enim
2894 2517 3216 2578 declinanda
3238 2524 3363 2573 sunt
3390 2531 3461 2571 ex
3494 2531 3571 2570 eo

1978 2618 2278 2689 composita
2311 2635 2325 2670 :
2372 2614 2630 2679 Prosum,
2664 2615 2876 2679 adsum,
2904 2612 3110 2677 desum,
3138 2609 3337 2671 obsum,
3367 2606 3576 2680 [inter-

1976 2729 2115 2778 sum,
2138 2727 2389 2783 pra-sum,
2405 2708 2724 2781 supersum].
2750 2707 2819 2763 Et
2837 2721 2905 2761 ex
2921 2706 3000 2761 eis
3021 2701 3279 2777 [tantum]
3302 2701 3407 2757 duo
3428 2713 3578 2769 par-

1978 2802 2158 2873 ticipia
2186 2801 2472 2873 praesentis
2515 2798 2775 2870 temporis
2817 2794 3023 2870 [sunt],
3073 2793 3127 2851 id
3163 2801 3290 2850 est:
3323 2809 3577 2863 pris-sem

1976 2903 2033 2950 et
2054 2895 2256 2949 absens.

2054 2984 2192 3040 Fero
2216 2981 2442 3039 verbum
2471 2980 2813 3039 discretionis
2840 2996 3003 3037 causa
3039 2994 3139 3049 per
3161 2991 3428 3050 syncopen
3464 2976 3578 3029 ah-

1974 3074 2142 3145 jiciti
2184 3075 2238 3129 in
2267 3073 2502 3129 secunda
2551 3081 2607 3127 et
2647 3071 2807 3126 tertia
2849 3084 3113 3143 persona,
3160 3074 3378 3137 prapter
3419 3064 3578 3135 ferio

1978 3168 2224 3232 verbum,
2274 3165 2419 3234 quod
2463 3161 2627 3233 ferio,
2670 3162 2799 3232 feris
2822 3202 2836 3226 ,
2868 3160 3010 3233 ferit,
3046 3158 3195 3214 facit.
3230 3157 3390 3220 Fero,
3422 3154 3575 3217 fers,

1977 3261 2103 3316 fert.
2132 3255 2344 3312 Plural.
2376 3257 2656 3323 Ferimus,
2684 3256 2870 3321 fertis,
2924 3253 3124 3309 fern-nt.
3157 3251 3577 3324 Imperfectum.

1974 3353 2260 3411 Fereham,
2296 3349 2528 3414 ferebas,
2556 3348 2782 3404 ferebat.
2807 3346 3016 3402 Plural.
3037 3345 3382 3409 Ferebamus,
3414 3342 3579 3399 fere—

1975 3443 2139 3507 batis,
2169 3440 2436 3495 ferebant.
2462 3437 2801 3494 Prwteritum
2839 3437 3053 3510 perfect.
3078 3435 3217 3501 Tuli,
3245 3435 3434 3498 tulisti,
3473 3444 3574 3488 ti:-

1974 3531 2058 3588 iit.
2111 3529 2320 3586 Plural.
2356 3531 2621 3595 Tulimus,
2678 3530 2893 3595 tulistis,
2954 3529 3193 3584 tulerunt
3244 3526 3320 3581 rel
3350 3525 3569 3581 tulere.

1977 3624 2314 3679 Prteteritum
2338 3620 2925 3694 plusquamperfectum.
2985 3619 3270 3683 Tuleram,
3327 3615 3580 3679 tuleras,

1976 3715 2195 3771 tulerat.
2229 3711 2386 3768 Plur.
2414 3712 2757 3779 Tuleramus,
2785 3711 3053 3774 toleratis,
3083 3710 3336 3765 tulerant.
3376 3706 3575 3762 Futu-

1975 3821 2112 3860 rum.
2141 3805 2355 3870 Feram,
2387 3805 2562 3872 feres,
2593 3804 2750 3859 feret.
2805 3800 2961 3857 Plur.
3016 3801 3310 3864 Feremus,
3341 3796 3573 3865 feretis,

1974 3897 2170 3955 ferent.
2199 3896 2570 3969 Imperativus.
2600 3895 2708 3952 Fer
2739 3895 2862 3969 [vel]
2888 3894 3051 3961 feras,
3084 3893 3238 3949 ferat.
3271 3888 3418 3945 Plut.
3456 3891 3577 3946 Fe-

1976 4005 2195 4055 ramus,
2241 3989 2398 4055 ferte,
2455 3986 2651 4043 ferant.
2702 3985 2967 4042 Futurum
2999 4005 3011 4040 :
3044 3984 3206 4041 Ferto
3236 3982 3335 4057 [vel
3357 3981 3573 4055 feras],

1973 4082 2135 4139 ferat.
2167 4082 2234 4138 Et
2260 4080 2415 4138 Plur.
2444 4079 2726 4148 Fer-amas,
2754 4080 2985 4149 fertote,
3013 4079 3209 4136 ferant.
3251 4076 3573 4149 Optatim.

1976 4172 2244 4247 [Utinam]
2285 4173 2506 4240 ferrem,
2540 4172 2732 4240 ferres,
2770 4172 2959 4229 ferret.
2990 4169 3203 4225 Plural.
3232 4169 3571 4238 Ferremus,

1974 4263 2210 4328 ferretis,
2237 4262 2465 4319 ferrent.
2503 4260 3013 4334 Piusquamperfect.
3057 4259 3321 4316 Tulissem
3344 4299 3360 4325 ,
3387 4259 3573 4315 tulis-

1974 4370 2082 4419 ses,
2129 4354 2361 4411 tulisset.
2407 4351 2617 4408 Plural.
2666 4352 3028 4416 Tulissemus,
3087 4349 3362 4415 tulissetis,
3393 4349 3575 4405 tulis-

288 4433 784 4538 necessitatissunt
818 4450 925 4539 pou
948 4434 1262 4501 voluntatis,
1295 4437 1439 4506 quod
1473 4443 1654 4490 tamen
1683 4438 1738 4490 in
1763 4437 1870 4491 alio
1902 4478 1950 4539 Β
1973 4453 2111 4501 sem,
2145 4441 2434 4499 Futurum,
2466 4443 2696 4509 lteram,
2748 4442 2909 4507 fel-as,
2943 4440 3101 4497 (erat,
3133 4437 3340 4495 Ριυται,
3376 4438 3574 4496 Fel-3-

288 4541 387 4581 suo
412 4525 714 4596 composito
750 4525 935 4591 habet,
964 4526 1017 4581 id
1038 4533 1142 4592 est,
1172 4525 1326 4592 nolo;
1354 4526 1484 4582 facit
1511 4527 1654 4581 enim
1683 4527 1792 4582 noli
1815 4536 1871 4583 et

288 4615 469 4672 nolite.

359 4707 472 4762 ΐιιμ
494 4707 799 4765 Pleniorem
843 4717 1023 4765 tamen
1052 4709 1465 4767 declinationem
1496 4711 1689 4767 horum
1735 4725 1872 4782 qua-

288 4809 413 4853 tuor
438 4800 745 4865 verborum,
768 4809 828 4854 ut
848 4802 1042 4856 reddas
1063 4802 1215 4867 mihi,
1236 4801 1497 4872 deposco;
1532 4802 1585 4857 id
1602 4810 1706 4869 est,
1727 4818 1867 4870 sum,

287 4891 419 4957 fern,
451 4889 569 4954 edo,
603 4889 737 4957 uolo.
762 4920 835 4930 -—
857 4891 1022 4947 Saxo.
1047 4892 1310 4948 Inusitata
1335 4904 1421 4947 est
1450 4893 1714 4950 in'multis
1736 4894 1870 4950 locis

289 4981 504 5036 illorum
526 4981 834 5038 declinatio.
854 4982 1106 5038 Attamen
1128 4993 1188 5038 ut
1210 4984 1265 5038 in
1290 4986 1670 5055 magistrorum
1693 5001 1877 5043 exemo

288 5072 392 5141 plis
418 5087 609 5127 eorum
641 5072 912 5142 reperitur
957 5073 1124 5137 ratio,
1162 5072 1418 5142 pandam.
1467 5073 1598 5129 Sum
1649 5076 1874 5131 verbum

292 5169 533 5225 neutrale
566 5177 683 5235 est,
713 5167 856 5239 quod
895 5168 1196 5223 declinatur
1222 5169 1344 5223 sic:
1387 5167 1547 5234 Sum,
1594 5184 1691 5234 es,
1732 5177 1816 5224 est
1856 5187 1870 5223 :

294 5260 502 5316 Plural.
550 5259 768 5325 Sumus,
823 5259 978 5325 estis,
1023 5268 1167 5314 sunt.
1208 5256 1543 5313 Prwteritum
1579 5259 1868 5330 imperfect.

290 5351 473 5417 Eram,
521 5366 665 5417 eras,
708 5359 844 5407 erat.
899 5347 1108 5404 Plural.
1157 5351 1409 5415 Eramus,
1460 5350 1648 5415 eratis,
1691 5358 1869 5404 erant.

296 5442 630 5500 Praeteritum
653 5444 865 5515 perfect.
892 5443 1013 5509 Fui,
1036 5442 1210 5507 fuisti,
1243 5440 1364 5497 fuit.
1391 5439 1601 5496 Plural.
1624 5440 1870 5507 Fuimus,

293 5535 490 5601 fuistis,
508 5533 746 5598 fuerunt,
769 5534 856 5589 vel
876 5535 1047 5591 fuere.
1074 5531 1340 5588 Prteterit.
1363 5532 1868 5606 Plusquamperfect.

293 5627 548 5688 Fuci-am,
571 5624 773 5688 fueras,
802 5623 995 5678 fuerat.
1042 5623 1250 5680 Ptural.
1277 5627 1593 5693 Fueramus,
1624 5625 1867 5693 fueratis,

369 5751 392 5778 δ
430 5732 731 5791 Infinitivus
751 5732 1106 5788 desideratur.

1977 4550 2123 4603 mus,
2146 4533 2353 4599 feratis,
2376 4533 2575 4591 ferant.
2609 4531 2943 4605 Conjuactivi
2988 4532 3154 4605 [modi
3188 4541 3343 4603 temp.
3385 4547 3571 4601 pra's.

1978 4625 2126 4700 cum]
2161 4624 2354 4691 feram,
2374 4624 2539 4691 feras,
2572 4623 2730 4680 ferat.
2762 4621 2970 4678 Plural.
3026 4622 3067 4677 F
3071 4637 3311 4688 eramus,
3338 4620 3568 4685 feratis.

1976 4716 2172 4774 ferant.
2198 4715 2591 4789 Imperfectum.
2622 4716 2865 4781 Ferrem,
2896 4714 3091 4782 ferres,
3118 4714 3304 4770 ferret.
3338 4711 3571 4770 Plural.

1977 4811 2286 4876 Ferremus,
2312 4807 2551 4877 ferretis,
2582 4808 2808 4863 ferrent.
2841 4804 3072 4877 Perfeci.
3109 4804 3367 4870 Tuierim,
3416 4805 3578 4859 tule-

1976 4900 2092 4966 ris,
2151 4898 2357 4955 tulerit.
2417 4896 2573 4953 Plur.
2611 4895 2946 4964 Tulerimus,
2980 4895 3251 4961 tuleritis,
3303 4893 3573 4950 tulerint.

1980 4992 2488 5065 Piusquamperfect.
2512 4989 2803 5057 Tulissem,
2834 4989 3075 5055 tulisses,
3115 4988 3341 5043 tulisset.
3388 4982 3569 5040 Plur.

1978 5084 2350 5149 Tulissemus,
2412 5081 2715 5145 tulissetis,
2777 5081 3048 5136 tulissent.
3108 5073 3392 5133 Futui'um.
3443 5077 3574 5132 Tu-

1976 5176 2130 5240 iero,
2172 5173 2399 5240 tuleris,
2437 5172 2643 5227 tulerit.
2681 5168 2836 5226 Plur.
2888 5170 3195 5226 Tulerimus
3293 5166 3571 5235 tuleritis,

1976 5269 2217 5325 tulerint.

2047 5376 2071 5403 ι
2103 5362 2221 5416 Edo
2246 5361 2471 5417 verbum
2500 5357 2780 5428 inaequale,
2809 5357 2966 5428 cujus
3009 5355 3243 5411 secunda
3286 5361 3339 5407 et
3385 5354 3576 5409 tertia

1972 5471 2225 5528 persona,
2270 5469 2437 5510 causa
2462 5452 2811 5517 differentias,
2855 5465 2954 5522 per
2976 5448 3339 5505 concisioucin
3369 5444 3573 5516 profe-

1976 5554 2186 5602 runtur.
2217 5545 2352 5610 Edo,
2375 5559 2453 5607 es,
2489 5552 2594 5600 est.
2624 5540 2832 5597 Ptural.
2865 5541 3117 5605 Edimus,
3166 5538 3328 5601 estis,
3358 5535 3569 5591 edunt.

1976 5634 2311 5690 Prwteritum
2362 5633 2661 5705 Imperfect.
2719 5633 2957 5689 Edcbani
2985 5672 3000 5696 ,
3046 5631 3243 5685 edebas
3268 5669 3283 5696 ,
3325 5625 3559 5681 edebat.
