3906 6190
378 337 480 395 887

1205 329 1273 385 B.
1310 330 1374 384 F.
1407 323 1633 383 ALBlNl
1668 321 1797 379 SEU
1836 317 2114 376 ALCUINI
2150 315 2434 373 OPERUM
2467 314 2647 371 PARS
2683 311 2793 369 VII.

3547 304 3647 360 883

376 455 586 528 species
612 448 840 523 habet]?
875 478 948 490 —
986 446 1152 503 Saxo.
1205 443 1544 517 Sigiiilicatio
1576 440 1953 496 adverbiorum
1985 436 2035 495 Α
2057 451 2156 505 que
2201 451 2473 505 perparce.
2526 432 2617 487 Sic
2672 445 2888 501 quoque
2918 427 3218 499 jurativum
3249 434 3350 482 est.
3383 412 3647 496 Virgilius

381 526 626 607 diversas
680 546 889 617 species
935 544 1120 600 habet.
1173 540 1313 597 Sunt
1342 540 1485 594 enim
1539 536 1702 608 [Ed.,
1752 526 1957 599 autem]

378 641 723 713 temporalia,
765 646 825 693 ut
869 636 1094 710 pridem,
1140 648 1338 704 nuper,
1382 626 1781 683 nudiustertius.
1821 620 1962 676 Sunt

378 751 500 807 qua:
527 747 768 804 praesens
793 738 1004 786 tantum
1051 735 1264 797 tempus
1292 722 1625 793 significant,
1658 727 1746 784 ut,
1798 731 1956 779 nunc,

378 833 591 897 prwsto.
632 821 790 886 Sunt,
823 835 944 890 qum
984 815 1353 888 praeteritum,
1378 818 1467 875 ut,
1511 811 1648 875 heri,
1695 808 1956 861 hesterno.

381 913 681 981 Sunt,qu:e
701 911 962 974 futurum,
987 914 1048 960 ut
1069 921 1210 968 eras,
1233 901 1496 976 perendie.
1522 898 1661 954 Sunt
1684 896 1790 952 alia
1810 909 1960 951 com-

382 1003 571 1058 munia
626 1001 960 1055 diversorum
1015 1004 1339 1063 temporum,
1391 999 1483 1052 ut,
1541 987 1684 1051 olim,
1735 984 1951 1054 dudum,

380 1090 717 1164 [quondam].
745 1084 1032 1151 Praeteriti,
1058 1093 1118 1139 ut
1132 1084 1321 1139 Horat.
1350 1080 1492 1153 (Sat.
1526 1079 1563 1143 l,
1587 1096 1626 1142 ι,
1651 1083 1753 1132 sal.
1788 1074 1843 1142 8)
1871 1087 1885 1124 :

504 1200 632 1251 Olim
654 1205 857 1248 truncus
876 1209 1009 1247 eram
1031 1194 1255 1254 ficulnus,
1284 1191 1459 1242 inutile
1483 1189 1687 1251 lignum.

387 1303 700 1367 Prmsentis,
727 1310 789 1356 ut
816 1300 1097 1373 [Virgilius
1119 1297 1333 1370 (Georg.
1362 1312 1426 1364 ii,
1454 1289 1625 1367 405)]
1657 1310 1673 1347 :

501 1412 571 1462 Ac
588 1413 685 1475 jam
707 1411 819 1461 olim
842 1423 979 1461 seras
1002 1412 1162 1474 posuit
1185 1421 1297 1460 cum
1320 1410 1467 1458 vinea
1489 1403 1710 1456 frondes.

379 1519 644 1575 Futurum
671 1516 812 1571 idem
840 1513 990 1586 Virg.
1017 1513 1172 1586 (Ain.
1204 1530 1263 1578 ii,
1292 1511 1419 1583 207)
1449 1528 1461 1564 :

508 1666 569 1690 ...
593 1631 779 1682 Forsan
798 1636 847 1680 el
871 1630 980 1678 haec
1001 1627 1113 1677 olim
1134 1625 1416 1674 meminisse
1436 1622 1643 1685 juvabit.

381 1746 597 1802 Dudum
652 1758 669 1796 :
707 1734 1038 1810 praeteritum
1067 1772 1082 1797 ,
1140 1730 1233 1802 [ut
1269 1727 1556 1782 Terentius
1608 1722 1778 1795 (And.
1822 1718 1916 1773 III
1942 1760 1957 1783 ,

383 1852 437 1896 Ν
456 1882 471 1906 ’
635 1876 816 1974 dudum
839 1919 1061 1970 nonnihil
1083 1916 1269 1966 veritus
1288 1925 1417 1961 sum.

377 2031 668 2092 Prmsentis
691 2026 972 2101 [Virgilius
1001 2021 1156 2095 (.En.
1183 2036 1243 2083 ιι,
1280 2016 1442 2089 105)]
1485 2033 1498 2067 :

506 2144 660 2206 idque
682 2140 854 2191 audire
875 2146 952 2187 sat
973 2144 1083 2195 est;
1108 2134 1207 2195 jam
1229 2132 1412 2180 dudum
1431 2128 1612 2177 sumite
1639 2136 1823 2189 pinnas.

381 2247 693 2317 Quondam;
743 2241 1077 2312 praeteritum
1131 2255 1145 2290 :
1203 2234 1483 2301 Quondam
1510 2232 1609 2301 fuit
1637 2231 1738 2283 ista
1761 2229 1817 2280 in
1861 2228 1959 2281 hac

377 2337 645 2411 republica
686 2335 849 2389 virtus
884 2331 1020 2404 (Cic.
1051 2346 1066 2383 ι
1097 2325 1282 2392 Catil.,
1310 2324 1386 2397 ὅ).
1419 2323 1665 2378 Praesens
1696 2317 1955 2390 Virgilius

383 2431 542 2506 (En.
573 2444 634 2494 ιι,
659 2424 784 2496 367)
812 2443 824 2477 ε
1718 2420 1737 2427 -

510 2540 757 2604 Quondam
786 2538 931 2587 etiam
956 2536 1094 2585 victis
1118 2533 1244 2582 redit
1266 2534 1314 2580 ιιι
1343 2528 1601 2591 praecordia
1628 2518 1801 2575 virtus.

378 2649 649 2704 Futurum
684 2663 699 2699 :
732 2643 954 2713 Tempus
988 2639 1083 2693 erit
1110 2634 1372 2709 quondam
1401 2644 1449 2685 ιι.
1481 2629 1742 2711 Similiter
1784 2642 1849 2680 ex
1890 2639 1957 2679 eo

382 2740 721 2812 composita;
764 2732 1070 2806 aliquando,
1105 2726 1401 2800 nequando,
1429 2738 1549 2794 qum
1578 2722 1632 2775 in
1657 2717 1956 2789 penultimo

369 2811 515 2903 μισ,
543 2821 987 2897 antepeiiultima]
1023 2827 1307 2875 accentum
1333 2816 1555 2879 habent,
1585 2828 1652 2867 ne
1676 2811 1795 2866 dure
1831 2823 1956 2879 par-

377 2901 461 2979 tes
488 2929 762 2993 putentur.
793 2916 898 2972 Sed
925 2913 1157 2987 quando,
1211 2921 1267 2967 et
1310 2908 1571 2982 quomodo
1592 2946 1607 2966 .
1638 2904 1796 2974 291
1828 2901 1918 2955 ubi
1937 2941 1951 2965 ,

376 3013 517 3068 unde
539 3011 668 3084 [Al.,
692 3006 874 3082 unde],
898 3024 1024 3079 qua,
1061 3021 1185 3076 quo,
1222 2998 1609 3072 interrogativa
1651 3002 1948 3058 acuuntur;

379 3083 603 3159 i'elativa
626 3106 921 3172 gravantur
954 3112 1050 3168 per
1084 3107 1272 3150 omnes
1301 3091 1534 3162 syllabas
1565 3106 1577 3141 :
1612 3094 1666 3141 et
1687 3092 1813 3140 sunt
1839 3083 1954 3155 [eo-

376 3192 522 3264 rum]
547 3190 863 3247 differentia:
883 3193 1133 3257 quatuor.
1160 3182 1275 3249 Quo
1289 3181 1357 3237 ad
1371 3181 1568 3235 locum.
1591 3175 1712 3241 Ubi,
1734 3176 1788 3230 in
1810 3175 1950 3230 loco.

382 3283 531 3337 Unde
553 3322 567 3345 ,
604 3280 830 3335 deloco.
893 3276 1012 3342 Qua
1038 3316 1053 3340 ,
1081 3289 1180 3344 per
1207 3273 1402 3328 locum.
1464 3267 1689 3334 Quando
1741 3277 1957 3333 quoque

378 3389 478 3443 pro
514 3369 715 3426 causali
769 3367 1150 3436 conjunctione
1203 3362 1502 3431 accipitur;
1562 3355 1748 3427 Virgil.
1796 3353 1951 3424 (.En.

379 3462 599 3534 1,265)
633 3481 654 3516 τ

506 3575 600 3627 illo
623 3574 730 3637 tibi,
752 3572 888 3623 labor
911 3572 1066 3632 enim,
1086 3568 1278 3632 quando
1302 3567 1405 3617 haec
1424 3573 1474 3615 te
1496 3575 1614 3637 pura
1640 3561 1893 3637 remordet

1491 3627 1634 3688 (ηδε,
1655 3623 1954 3684 momordit).

381 3739 606 3807 Quando
630 3753 729 3810 pro
748 3737 995 3810 quoniam
1016 3743 1216 3804 posuit.
1247 3730 1354 3787 Sed
1387 3736 1445 3784 et
1479 3727 1589 3782 alia
1613 3734 1739 3782 sunt
1764 3722 1959 3777 localia

380 3837 613 3900 quatuor
640 3827 971 3885 differentias
990 3823 1266 3880 habentia.
1306 3819 1389 3875 Ad
1416 3820 1599 3875 locum
1622 3835 1636 3871 :
1658 3818 1783 3895 huc,
1805 3813 1950 3868 illuc.

382 3922 441 3976 in
467 3920 607 3986 loco,
633 3921 718 3975 hic
746 3918 875 3973 illic.
903 3916 979 3973 De
1000 3916 1118 3972 loco
1148 3933 1169 3977 ς,
1188 3915 1331 3979 hinc,
1352 3910 1520 3976 illinc,
1551 3908 1690 3974 inde,
1721 3914 1775 3960 et
1796 3921 1863 3960 ex
1891 3919 1957 3959 eo

286 4026 293 4062 .‘
380 4012 680 4083 composita
719 4030 732 4065 :
767 4010 1008 4073 subinde,
1040 4007 1284 4078 perinde,
1314 4002 1525 4067 exinde,
1568 3998 1808 4071 proinde,
1837 4011 1958 4066 qua:

175 4104 178 4108 λ
284 4110 285 4115 ‘
379 4104 561 4158 omnia
587 4102 943 4173 penultimam
982 4098 1145 4171 [Ms.,
1198 4089 1699 4165 antepenultimam]
1736 4096 1956 4147 acuunt.

296 4194 300 4197 ’
380 4194 486 4249 Per
514 4194 693 4249 locum
733 4211 746 4246 :
776 4193 898 4257 hac,
925 4190 1067 4247 illac.
1099 4188 1237 4244 Sunt
1262 4199 1476 4257 quoque
1500 4198 1532 4238 a
1555 4198 1761 4237 versum
1785 4187 1840 4234 et
1861 4194 1964 4235 no-

383 4285 527 4339 mine
563 4292 617 4338 et
650 4282 967 4352 pronomine
1009 4278 1307 4348 composita
1362 4275 1517 4349 [Ms.,
1547 4282 1675 4329 sunt
1714 4272 1958 4342 quaedam

382 4390 545 4429 unam
572 4374 676 4429 loci
700 4371 1150 4442 signiﬁcationem
1176 4369 1452 4424 habentia.
1475 4367 1559 4421 Ad
1577 4366 1773 4429 locum,
1800 4360 1956 4436 etc.].

381 4468 461 4521 Ad
487 4468 661 4529 locum
694 4485 706 4518 :
739 4464 994 4529 "orsum,
1022 4462 1288 4525 deorsum,
1317 4476 1551 4524 sursum,
1571 4459 1953 4523 sinistrorsum,

382 4560 734 4612 dextrorsum.
765 4556 982 4611 Italiam
1008 4570 1231 4610 versum.
1262 4552 1617 4632 thuarsum,
1652 4547 1707 4603 id
1725 4555 1828 4612 est,
1850 4561 1958 4616 quo

382 4663 620 4704 versum.
651 4648 770 4702 Alia
804 4647 1152 4712 dehortativa,
1202 4652 1279 4708 ut,
1325 4660 1419 4708 ne,
1451 4640 1597 4710 quod
1629 4653 1729 4709 pro
1758 4652 1955 4706 neque,

384 4748 438 4792 et
456 4753 554 4807 pro
574 4754 706 4804 non,
727 4746 785 4792 et
818 4753 917 4809 pro
946 4737 1102 4792 valde
1124 4735 1406 4804 accipitur.
1436 4731 1627 4787 Cicero
1677 4747 1691 4783 :
1739 4726 1824 4783 Ne
1852 4728 1960 4782 dici

384 4830 593 4902 quidem
614 4847 741 4902 opus
771 4840 866 4894 est,
895 4844 1018 4901 pro,
1043 4844 1206 4900 neque
1232 4826 1359 4881 dici.
1393 4823 1614 4881 Terent.
1663 4820 1746 4876 Nc
1781 4820 1962 4875 dicunt

383 4922 526 4987 dolo,
554 4939 671 4992 pro,
697 4940 799 4976 non
828 4923 1021 4976 dicam.
1054 4921 1198 4975 idem
1228 4938 1240 4973 :
1272 4916 1354 4972 Ne
1389 4915 1484 4971 illa
1511 4914 1661 4970 illum
1681 4912 1824 4969 haud
1846 4928 1960 4965 mo-

384 5014 477 5078 rit,
514 5028 631 5083 pro,
660 5013 808 5067 valde
838 5013 948 5067 illa.
975 5012 1093 5067 Alia
1126 5008 1485 5079 conﬁrmativa
1514 5021 1532 5060 :
1562 5006 1817 5079 profecto,
1851 5003 1957 5058 sci-

387 5107 527 5171 licet,
566 5107 772 5177 quippe,
822 5103 1081 5168 videlicet,
1134 5117 1334 5172 nempe.
1364 5099 1717 5162 Inveniuntur
1745 5110 1961 5167 quoque

387 5199 506 5253 dum
530 5207 711 5267 partes
732 5210 829 5266 pro
855 5195 939 5250 his
967 5194 1112 5265 poni,
1142 5200 1219 5258 ut,
1253 5192 1466 5265 quidni,
1495 5208 1590 5245 cur
1620 5206 1682 5245 ne
1705 5231 1719 5255 ,
1750 5190 1824 5260 sic
1851 5198 1956 5253 est,

386 5289 511 5359 quid
558 5290 695 5343 istic.
734 5287 849 5342 Alia
869 5329 883 5352 ,
927 5287 1183 5358 jurativa,
1216 5293 1296 5350 ut,
1325 5283 1522 5356 (edepol
1541 5325 1554 5349 ,
1588 5293 1829 5347 (ecastor,
1856 5282 1960 5353 [er-

387 5379 509 5451 cle],
541 5379 740 5435 medius
765 5379 945 5449 ﬁdius.
995 5376 1096 5432 Per
1131 5392 1346 5448 quoque
1391 5375 1697 5447 praepositio
1744 5390 1851 5444 pro
1874 5374 1961 5428 bis

388 5470 672 5539 accipitur,
701 5478 762 5524 ut
787 5468 1044 5540 Virgilius
1066 5467 1219 5541 (rEn.
1255 5484 1310 5533 ιι,
1338 5467 1464 5540 596)
1495 5485 1508 5521 :

513 5580 612 5629 Per
628 5587 700 5639 te,
725 5594 813 5642 per
835 5584 919 5643 qui
942 5587 994 5631 to
1018 5580 1166 5631 talem
1190 5593 1436 5643 genuere,
1460 5587 1707 5641 parentes.

392 5662 489 5717 Est
516 5676 728 5729 quoque
756 5680 847 5729 per
869 5665 1322 5719 confirmativam.
1354 5664 1641 5720 Terentius
1679 5681 1690 5717 :
1730 5664 1807 5718 Tu
1834 5681 1961 5734 quo-

467 5770 497 5801 ⁸
536 5767 682 5839 Virg.
715 5771 852 5841 apud
883 5772 1241 5828 Priscianum.

2066 525 2274 596 (Eclog.
2308 541 2387 591 ix,
2417 523 2508 592 50)
2544 541 2557 576 :

2183 640 2266 688 Sic
2296 649 2493 701 quoque
2511 635 2734 698 Cyl-uaeas
2756 632 2941 697 fugiant
2963 632 3190 682 examina
3216 638 3377 681 taxos.

2058 740 2179 796 Alia
2207 739 2458 810 optativa,
2501 746 2582 804 ut,
2625 738 2847 801 utinam,
2881 736 3026 805 quod
3072 735 3433 805 compositum
3464 742 3554 787 est
3576 748 3643 788 es

2060 830 2138 883 uti
2168 836 2224 884 et
2254 828 2400 883 enim
2431 825 2564 897 [Al.,
2595 825 2766 897 nam].
2798 824 2842 878 0
2884 831 2939 879 et
2959 824 3025 879 si.
3057 823 3315 894 Virgilius
3344 840 3359 876 :
3413 820 3573 876 Adsis
3612 838 3646 875 ο

2060 921 2295 975 tandem.
2331 920 2478 975 Idem
2503 918 2660 989 (ίΕη.
2686 934 2761 982 Vl,
2796 917 2919 988 187)
2952 936 2964 970 :
3538 901 3552 913 ’

2184 1031 2235 1143 3i
2258 1043 2386 1142 pun:
2410 1044 2467 1142 te
2490 1030 2629 1080 nobis
2651 1029 2737 1078 ille
2762 1040 2945 1079 aureus
2966 1029 3145 1078 arbore
3162 1040 3329 1079 ramus

2230 1106 2256 1141 s
2280 1106 2346 1142 en
2380 1106 2406 1141 a
2436 1129 2449 1142 .
2607 1109 2611 1113 ·

2230 1106 2307 1142 διε
2316 1106 2406 1142 110³
2413 1106 2449 1142 ι.
2607 1109 2611 1113 ’

2061 1175 2178 1230 Alia
2200 1175 2475 1239 hortativa,
2500 1181 2579 1238 ut,
2605 1174 2710 1239 eia,
2730 1174 2811 1228 aie
2839 1172 2970 1245 [Al.,
3002 1171 3150 1244 age].
3179 1172 3301 1228 Alia
3324 1174 3597 1228 remissior:
3623 1188 3645 1227 :

2040 1264 2394 1337 pedetentim,
2416 1263 2692 1334 paulatim,
2721 1264 2933 1319 sensim.
2961 1262 3083 1317 Alia
3109 1264 3501 1333 congregatim,
3536 1264 3642 1320 loci

2061 1367 2117 1414 et
2146 1358 2407 1429 temporis
2454 1356 2781 1422 communia,
2814 1362 2905 1420 ut,
2959 1353 3138 1420 simul,
3166 1372 3310 1420 una;
3360 1356 3419 1409 in
3446 1356 3643 1412 eodem

2062 1450 2181 1505 loco
2205 1457 2260 1503 et
2297 1449 2489 1504 eodem
2518 1456 2779 1517 tempore.
2811 1446 2929 1500 Alia
2954 1444 3252 1510 discretim,
3269 1455 3352 1510 ut,
3379 1463 3639 1513 seorsum,

2062 1557 2229 1605 secus,
2254 1539 2537 1611 separatim
2561 1580 2574 1603 ,
2605 1547 2831 1600 secreto,
2877 1537 3122 1607 utrinque
3166 1534 3375 1608 [divise]
3402 1536 3640 1606 singilla-

2063 1631 2178 1696 tim,
2220 1630 2464 1698 bifariam
2486 1670 2500 1695 ,
2543 1628 2905 1697 omnifariam.
2935 1626 3055 1681 Alia
3079 1666 3097 1691 ,
3133 1627 3530 1694 similitudinis,
3560 1638 3637 1695 ut,

2063 1738 2178 1786 ceu,
2207 1721 2357 1791 quasi
2376 1719 2536 1785 velut,
2565 1716 2724 1782 velut,
2740 1716 2921 1781 ueluti,
2949 1718 3049 1782 sic,
3076 1717 3253 1783 sicuti,
3277 1726 3369 1783 ut,
3401 1718 3509 1771 uti.
3523 1718 3640 1772 Alia

1988 1787 2037 1850 Β
2064 1787 2328 1868 ordinalia
2347 1851 2364 1877 ,
2384 1818 2444 1864 ut
2465 1850 2480 1876 ,
2520 1808 2732 1874 deinde,
2759 1808 3027 1873 continuo,
3061 1816 3322 1878 protinus,
3362 1817 3637 1878 printer“.

2059 1904 2178 1959 Alia
2203 1904 2477 1967 intensiva,
2505 1910 2584 1964 ut,
2627 1899 2779 1954 valde
2800 1940 2816 1966 ,
2860 1899 3096 1963 nimium,
3125 1915 3375 1969 prorsus,
3411 1901 3638 1969 penitus,

2062 1995 2293 2050 omnino.
2319 1992 2438 2046 Alia
2462 1992 2838 2061 comparativa,
2865 1998 2946 2057 ιιι,
2982 1990 3147 2060 magis
3165 2030 3181 2054 ,
3207 2006 3382 2044 minus
3402 2030 3420 2051 .
3457 1991 3603 2046 ocius
3620 2032 3636 2057 ,

2060 2085 2204 2156 quod
2228 2101 2257 2138 a
2285 2083 2473 2138 Graeco
2498 2082 2775 2137 derivatur
2805 2083 2957 2142 ὠκύς.

2129 2175 2229 2229 Fit.
2258 2172 2540 2244 Nunquid,
2570 2188 2691 2243 quae
2724 2173 2793 2227 ab
2820 2172 2941 2227 aliis
2973 2173 3309 2238 derivantur,
3336 2173 3645 2245 primitivo-

2061 2280 2179 2321 rum
2201 2264 2649 2335 signiﬁcationem
2673 2264 2758 2318 vel
2776 2264 3090 2333 qualitatem
3109 2266 3363 2320 servant?
3381 2296 3453 2308 —-
3473 2264 3638 2320 Sno.

2060 2358 2291 2413 Servaiit
2314 2358 2520 2427 utique,
2547 2363 2607 2411 ut
2631 2371 2662 2410 a
2685 2354 2879 2420 Tullio,
2904 2354 3175 2421 Tulliane;
3203 2371 3234 2409 a
3264 2372 3499 2425 corpore,
3521 2371 3641 2412 cor-

2056 2451 2349 2520 poraliter;
2391 2451 2459 2506 ab
2487 2447 2628 2514 alio,
2659 2448 2844 2515 aliter;
2879 2464 2907 2502 a
2951 2464 3157 2519 grteco,
3194 2463 3401 2519 graece;
3438 2464 3472 2503 ει
3510 2448 3638 2514 viro,

2058 2539 2308 2594 viriliter.

2126 2630 2225 2685 Fu.
2252 2629 2605 2701 Prosequere.
2630 2662 2697 2671 --
2719 2630 2886 2686 Saxo.
2910 2630 3030 2686 Alia
3054 2640 3183 2687 sunt
3210 2631 3526 2696 numeratio,
3553 2640 3638 2695 ut,

2056 2722 2125 2777 ab
2176 2738 2281 2777 uno
2319 2721 2524 2788 semel;
2557 2737 2587 2774 a
2621 2721 2823 2776 duobus
2862 2722 2979 2787 bis,
3007 2737 3130 2791 qua:
3161 2722 3274 2777 sola
3300 2722 3642 2792 inaequaliter

2055 2810 2425 2883 proferuntur.
2452 2808 2651 2866 Crateri
2672 2824 2803 2865 vero
2833 2809 3046 2865 numeri
3082 2824 3119 2863 a
3154 2808 3376 2867 vocibus
3412 2809 3525 2865 suis
3560 2809 3643 2864 la-

2056 2904 2207 2960 ciunt
2233 2901 2507 2965 adverbia,
2538 2909 2619 2967 ut,
2650 2916 2680 2955 a
2712 2910 2836 2967 tres,
2871 2909 2984 2967 ter;
3007 2910 3306 2973 aquatuor,
3333 2911 3556 2973 quater;
3582 2912 3641 2958 et

2056 2999 2135 3055 sic
2161 2998 2331 3054 decies
2366 2994 2619 3071 [millies].
2648 2995 2773 3051 Alia
2792 2994 3201 3051 demonstrativa
3217 3036 3241 3061 ,
3264 3004 3350 3059 ut,
3378 3013 3474 3060 en,
3501 3013 3647 3051 ecce.-

2055 3088 2173 3143 Alia
2210 3086 2611 3159 interrogatioa,
2640 3094 2735 3152 ut,
2763 3102 2879 3152 cur,
2904 3103 3098 3158 quare,
3127 3088 3481 3153 quantobrem.
3519 3087 3645 3141 Alia

2057 3180 2314 3251 negativa,
2333 3185 2413 3244 ιιι,
2431 3194 2557 3245 non,
2578 3178 2746 3244 haud,
2764 3189 3053 3249 nunquam,
3072 3179 3287 3234 minime
3304 3186 3408 3244 est,
3423 3179 3647 3249 quando

2057 3273 2176 3327 duae
2200 3278 2380 3341 partes
2406 3285 2505 3341 pro
2525 3270 2613 3326 his
2638 3269 2998 3340 accipiuntur,
3024 3276 3105 3336 ut,
3136 3268 3284 3324 nullo
3309 3269 3489 3335 modo,
3520 3270 3644 3324 nul-

2057 3365 2284 3421 latenus.

2129 3455 2226 3510 Fu.
2268 3453 2521 3525 Nunquid
2557 3454 2810 3510 adverbia
2828 3495 2841 3519 ,
2883 3468 3179 3525 synonyma
3203 3454 3290 3509 vel
3317 3453 3641 3525 polyonytna

2057 3554 2282 3619 possunt
2308 3545 2462 3601 esse?
2484 3576 2557 3586 —
2585 3544 2750 3602 Suo.
2780 3546 3031 3601 Possunt.
3072 3544 3211 3601 Sunt
3233 3562 3552 3617 synonyma,
3582 3547 3648 3600 id

2058 3646 2163 3702 est,
2189 3637 2315 3693 dum
2345 3635 2527 3691 multae
2553 3650 2717 3692 voces
2749 3650 2912 3691 unam
2940 3650 3055 3691 rem
3088 3635 3429 3707 significant;
3457 3645 3517 3691 ut
3534 3677 3549 3701 ,
3572 3655 3649 3691 eis

2059 3747 2192 3784 ecce.
2231 3730 2298 3783 Et
2320 3743 2456 3798 pene
2488 3730 2543 3784 in
2581 3729 2831 3784 omnibus
2865 3727 3351 3799 signiﬁcationibus
3378 3729 3642 3784 invenies.

2063 3817 2387 3891 Polyonyma
2408 3861 2423 3886 ,
2453 3828 2544 3883 ut,
2573 3820 2693 3885 ubi,
2721 3836 2823 3890 quo
2841 3860 2855 3885 ,
2878 3836 3016 3892 qua,
3041 3822 3332 3890 quomodo,
3362 3835 3482 3889 qum
3514 3829 3649 3876 sunt

2061 3910 2254 3965 inﬁniti
2264 3926 2323 3964 va
2343 3951 2360 3976 ,
2382 3917 2439 3965 et
2464 3911 2843 3979 interrogativa
2865 3918 2921 3964 et
2942 3910 3184 3966 relativo.
3221 3907 3290 3976 Ο,
3321 3925 3532 3985 quoque
3546 3912 3657 3966 (ιι-ί

2060 4020 2245 4059 versas
2270 4004 2433 4060 habet
2453 4003 2896 4074 signiﬁcationes.
2927 4002 3025 4058 Est
3046 4002 3365 4059 adverbium
3389 4004 3645 4060 vocandi.

2061 4092 2316 4163 Virgilius
2343 4092 2496 4165 (Ain.
2525 4110 2570 4159 ι,
2591 4092 2717 4165 528)
2751 4110 2767 4146 ι

2188 4205 2235 4257 0
2259 4208 2452 4269 regina,
2479 4217 2653 4256 novam
2678 4205 2756 4255 cui
2772 4203 2990 4255 condere
3014 4203 3212 4268 Jupiter
3235 4206 3431 4258 urbem.

2059 4311 2158 4368 Est
2177 4311 2497 4367 admirandi.
2527 4307 2800 4365 Iuvenalis
2830 4307 3000 4382 (Sat.,
3023 4325 3078 4375 ιι,
3103 4307 3227 4383 15⁵1)
3262 4330 3275 4364 :

2185 4421 2225 4472 Ο
2246 4422 2400 4485 qualis
2421 4420 2674 4472 iacies.....

1986 4494 2034 4552 υ
2060 4531 2157 4587 Est
2183 4531 2494 4603 indignandi
2514 4572 2529 4599 ,
2558 4540 2653 4600 ιιι,
2682 4532 2726 4589 0
2750 4533 3016 4605 tempora!
3046 4549 3080 4601 ρ
3112 4534 3318 4590 mores!
3343 4535 3438 4590 Est
3459 4543 3516 4591 et
3540 4552 3647 4606 op-

2061 4623 2230 4707 tandi.
2261 4622 2517 4694 Virgilius
2544 4643 2563 4678 ι

2183 4737 2328 4789 Adsis
2340 4750 2372 4789 o
2388 4738 2584 4790 tandem
2609 4738 2751 4803 (In.
2776 4747 3004 4804 tantum.

2056 4842 2115 4897 In
2168 4843 2289 4900 aliis
2337 4858 2553 4916 quoque
2600 4845 2787 4903 multis
2832 4846 3104 4903 adverbiis
3148 4847 3392 4903 invenies
3440 4846 3647 4902 multas

2059 4935 2479 5007 signiﬁcationes
2524 4936 2578 4992 in
2634 4954 2740 4993 una
2783 4938 3081 5010 eademque
3139 4954 3304 5007 voce;
3366 4939 3643 5010 quomodo

2059 5027 2222 5082 etiam
2247 5042 2278 5082 a
2305 5028 2577 5084 contrario
2595 5029 2652 5083 in
2678 5029 2903 5085 diversis
2928 5029 3149 5085 vocibus
3175 5044 3340 5084 unam
3369 5028 3645 5101 signiﬁca-

2059 5119 2258 5177 tionem
2278 5162 2293 5186 ,
2323 5128 2413 5184 ut,
2441 5120 2755 5193 aliquando,
2795 5121 2920 5178 olim
2942 5162 2958 5187 ,
2987 5121 3217 5187 dudum,
3259 5123 3359 5176 cito
3377 5163 3392 5188 ,
3422 5139 3645 5193 propere

2062 5212 2207 5285 [Ed.,
2234 5212 2439 5285 prope],
2464 5212 2713 5275 celeriter,
2743 5223 2997 5267 actutum.

2129 5302 2229 5359 Fu.
2267 5304 2349 5359 An
2375 5304 2780 5360 convenientius
2818 5314 3202 5376 praeponuntur
3237 5304 3522 5370 adverbia,
3552 5305 3646 5360 vel

2060 5394 2469 5473 subponuntur?
2495 5428 2565 5437 —-—
2590 5395 2752 5452 Suo.
2792 5394 3073 5451 Manileste
3108 5397 3286 5467 aptius
3320 5412 3647 5465 pra‘ponun-

2063 5498 2173 5553 tur,
2192 5487 2462 5558 quomodo
2486 5486 2746 5556 adjectiva
2775 5487 3015 5554 nomina,
3041 5495 3124 5552 ut,
3153 5488 3318 5542 bonus
3339 5487 3492 5541 homo
3514 5486 3649 5541 bene

2062 5579 2201 5648 agit;
2228 5579 2684 5653 [ortis'imperator
2709 5578 2913 5648 fortiter
2936 5588 3154 5649 pugnat.
3192 5576 3396 5634 Tamen
3425 5591 3643 5648 pranso-

2062 5677 2205 5724 stcrc
2238 5668 2582 5724 inveniuntur
2608 5669 2730 5739 poni
2780 5669 2978 5737 multa,
3015 5677 3212 5739 praeter
3246 5668 3643 5740 monosyllabo,

3086 5774 3115 5795 Ι
