3866 6170
322 394 427 451 889

1412 384 1885 443 DlDASCALICA.
1917 416 1985 425 —
2024 386 2159 442 CBA
2170 386 2499 443 MMATICA.

3477 390 3583 449 890

321 526 404 579 ut.
433 531 555 578 non,
584 513 733 577 dum.
763 528 848 576 en.
880 527 991 564 cur.
1023 507 1452 564 Demonstraliva
1490 520 1703 575 quoque
1732 511 1785 559 et
1812 504 1895 558 in-
1924 503 1976 561 Α
1999 503 2319 569 dicendum;
2366 504 2488 569 sed,
2528 504 2640 575 lego
2683 514 2730 558 et
2757 505 2927 559 scribo
2958 546 2972 570 ,
3018 505 3176 560 doceo
3219 517 3268 561 et
3305 510 3483 567 discis.
3524 511 3585 572 Si

320 605 651 678 terrogativa
679 612 734 659 et
752 603 1038 668 hortativa,
1061 608 1116 654 et
1147 598 1532 665 similitudinis,
1564 596 1806 652 vocativo
1847 604 1902 650 et

320 698 555 769 optativa
593 693 848 751 adverbia
890 701 1293 762 pmponuntur,
1335 696 1429 755 ut,
1462 707 1525 744 en
1547 730 1561 755 ,
1598 706 1744 752 ecce,
1784 704 1898 752 cur,

316 804 513 860 quare,
533 786 641 852 eia,
665 801 782 856 age,
809 798 901 838 ceu
918 822 933 849 ,
956 781 1137 853 quasi,
1163 781 1290 835 heus
1308 821 1322 848 ,
1350 788 1573 834 utinam.
1602 778 1683 833 En
1709 778 1900 843 habes,

317 876 551 941 France,
578 875 646 930 de
674 872 926 928 adverbio
952 871 1102 925 satis.

390 966 493 1023 Fn.
552 965 672 1022 Non
733 964 908 1029 satis;
966 977 1256 1033 pausemus
1313 968 1493 1017 tamen
1556 959 1625 1015 ad
1684 958 1895 1014 horam.

315 1093 389 1111 σσ-
415 1061 582 1118 Saxo.
608 1058 928 1115 Pausemus.

843 1189 936 1245 DE
966 1186 1369 1244 PARTICIPIO.

391 1326 553 1402 292
570 1328 671 1386 Fn.
696 1327 888 1398 Surge,
913 1324 1076 1380 Saxo.
1093 1324 1339 1379 —SAXO.
1364 1322 1502 1392 Quid
1526 1323 1630 1389 vis,
1653 1322 1899 1379 France?

389 1423 490 1478 Fn.
522 1421 594 1478 Ut
618 1420 830 1491 regulas
854 1417 1260 1490 participiorum
1291 1415 1496 1486 pandas
1536 1412 1670 1469 mihi
1714 1414 1894 1469 velim.

316 1546 391 1558 -—
418 1514 583 1570 Suo.
618 1511 876 1567 Pandam.
913 1507 1018 1564 Sed
1058 1507 1147 1562 illa
1180 1521 1308 1576 pars
1339 1521 1530 1575 parum
1568 1504 1697 1575 quid
1736 1503 1902 1559 habet

322 1603 685 1663 obscuritatis.
721 1601 925 1656 Tamen
968 1600 1014 1655 si
1046 1598 1172 1668 quid
1204 1613 1339 1667 opus
1376 1597 1570 1662 habes,
1604 1596 1896 1666 interroga.

390 1693 489 1748 Fs.
528 1692 713 1747 Primo
742 1685 1179 1756 interrogandum
1216 1698 1358 1749 reor,
1389 1681 1527 1736 unde
1552 1681 1899 1752 participium

321 1784 524 1840 dictum
570 1783 661 1837 sit.
703 1811 776 1821 —
815 1777 979 1834 Saxo.
1022 1774 1373 1845 Participium
1399 1773 1601 1827 dictum
1628 1780 1741 1835 est,
1771 1771 1899 1841 quia

317 1875 533 1948 partem
559 1871 793 1927 nominis
820 1876 1132 1939 partemque
1164 1865 1316 1920 verbi
1348 1870 1526 1928 tenet,
1564 1871 1622 1917 et
1658 1862 1893 1916 medium
1927 1847 1970 1907 Β

323 1968 467 2021 inter
492 1978 556 2019 ea
581 1962 755 2017 locum
782 1960 975 2024 habet,
1004 1966 1059 2012 et
1082 1971 1295 2027 semper
1332 1955 1387 2009 in
1414 1953 1744 2010 derivatione
1782 1962 1895 2019 est;

322 2056 467 2128 quod
498 2055 643 2110 nulla
677 2052 778 2107 alia
802 2067 930 2122 pars
961 2048 1222 2106 orationis
1255 2044 1448 2110 habet,
1476 2044 1601 2098 dum
1628 2043 1746 2098 aliae
1770 2059 1897 2114 par-

324 2160 404 2205 tes
440 2145 744 2216 primitivas
773 2141 973 2196 habent
1000 2138 1206 2209 species
1227 2178 1242 2203 ,
1270 2136 1414 2190 unde
1451 2135 1785 2198 derivantur,
1818 2142 1896 2197 ut,

322 2256 352 2294 a
381 2255 518 2308 rege,
549 2233 746 2305 regalis
775 2216 848 2287 :ﬁa
873 2230 1004 2295 mei,
1034 2243 1187 2284 meus
1215 2244 1228 2281 :
1255 2243 1286 2280 a
1324 2227 1491 2296 ferveo
1509 2266 1524 2290 ,
1560 2225 1834 2291 fervesco;
1867 2240 1898 2279 a

319 2344 508 2400 prope,
536 2324 759 2396 propius
791 2341 804 2376 :
847 2323 915 2376 ab
941 2337 1037 2385 ex,
1078 2325 1254 2373 extra.
1283 2316 1569 2386 Participia
1601 2330 1729 2370 vero
1758 2331 1901 2370 sem-

320 2434 417 2491 per
443 2433 473 2472 a
506 2415 689 2471 verbis
712 2413 1047 2477 derivantur,
1078 2417 1133 2465 et
1160 2406 1617 2477 comparationem
1646 2418 1752 2460 non
1782 2421 1904 2476 pos-

319 2520 446 2568 sunt
468 2509 695 2570 habere.
727 2505 786 2563 Si
815 2510 1216 2575 comparantur,
1248 2508 1528 2555 transeunt
1553 2500 1606 2554 in
1636 2500 1853 2554 nomina
1882 2518 1895 2554 :

319 2610 413 2666 ut,
456 2613 645 2654 amans
676 2594 746 2651 ab
791 2610 908 2649 amo
942 2591 1106 2648 verbo
1143 2590 1384 2645 veniens.
1425 2588 1485 2644 Si
1518 2585 1653 2643 facis
1689 2605 1896 2654 amans,

319 2692 604 2757 amantior,
649 2685 1074 2750 amantissimus,
1127 2697 1325 2738 nomen
1375 2688 1490 2750 est,
1533 2695 1725 2736 carens
1761 2689 1899 2735 tem-

388 2799 472 2840 re.

388 2800 472 2840 re.

317 2800 484 2928 νοιδιι.
529 2868 639 2925 Sed
674 2867 814 2923 unde
851 2877 1084 2936 agnosco
1126 2878 1194 2918 an
1236 2876 1432 2918 nomen
1463 2862 1533 2918 sit
1565 2862 1655 2918 vel
1681 2862 1900 2933 partici-

314 2966 467 3038 pium
501 2962 629 3017 talis
657 2959 853 3016 dictio?
876 2988 942 2997 —
978 2956 1142 3047 δμο.
1173 2952 1250 3009 Ex
1287 2969 1509 3009 casuum
1538 2953 1899 3009 circumstan-

314 3060 411 3115 tia.
444 3055 580 3110 Nam
610 3051 947 3124 participium
990 3044 1173 3105 casum
1212 3045 1296 3101 sui
1339 3044 1492 3101 verbi
1517 3046 1782 3116 sequitur,
1813 3054 1894 3111 ut,

2003 595 2345 665 participium
2373 593 2494 649 loco
2523 594 2721 665 prioris
2750 594 2901 650 verbi
2930 610 3117 665 ponas,
3151 599 3286 653 bene
3312 598 3428 653 sine
3457 618 3585 658 con-

1992 686 2271 757 junctione
2308 687 2601 758 profertur,
2636 696 2726 754 ut,
2758 687 2930 759 legens
2962 690 3151 755 scribo,
3182 690 3370 747 docens
3401 694 3582 750 discis.

1998 779 2168 849 Igitur
2192 779 2539 849 participium
2567 780 2843 834 inventum
2869 790 2970 845 est,
2998 789 3060 835 ut
3085 782 3139 836 in
3171 783 3506 841 nominativo
3533 797 3588 842 et

1998 869 2246 924 vocativo
2266 869 2383 924 sine
2404 870 2782 941 conjunctione
2797 869 3105 939 proferatur
3125 887 3247 927 cum
3269 874 3374 930 alio
3395 878 3584 943 verbo,

1999 965 2077 1021 ut,
2106 957 2279 1029 legens
2309 960 2499 1026 doceo,
2530 975 2659 1030 pro,
2691 961 2809 1031 lego
2840 970 2895 1016 et
2922 963 3090 1019 doceo
3121 983 3134 1019 :
3167 972 3242 1032 et,
3275 966 3447 1038 legens
3477 969 3584 1039 fac,

1998 1063 2115 1119 pro,
2140 1047 2256 1120 lege
2281 1058 2335 1105 et
2354 1048 2457 1112 fac.
2483 1067 2603 1121 quae
2626 1051 2823 1121 positio
2852 1052 3191 1108 intransitiva
3217 1064 3320 1111 est.
3353 1057 3455 1113 hoc
3478 1070 3582 1124 est,

2001 1140 2171 1210 ipsam
2198 1142 2437 1197 ostendit
2461 1143 2517 1196 in
2550 1157 2608 1197 se
2636 1158 2853 1200 manere
2882 1159 3185 1214 personam.
3211 1146 3425 1219 Obliqui
3458 1165 3587 1205 vero

2000 1244 2161 1285 casus
2186 1231 2595 1301 participiorum
2621 1233 2687 1287 ad
2714 1233 2817 1287 hoc
2841 1242 2968 1288 sunt
2987 1235 3166 1298 utiles,
3196 1238 3339 1305 quod
3367 1254 3470 1292 non
3501 1248 3588 1293 so-

2000 1323 2110 1376 lum
2133 1323 2249 1378 sine
2270 1322 2648 1391 conjunctione
2672 1324 3042 1394 proteruntur,
3069 1328 3162 1381 sed
3183 1328 3347 1382 etiam
3368 1328 3433 1382 ad
3452 1330 3587 1384 alias

2002 1421 2282 1468 transeant
2316 1428 2607 1484 personas;
2650 1422 2729 1480 ut,
2762 1415 2995 1470 docentis
3032 1418 3223 1487 potior,
3259 1419 3465 1474 docenti
3506 1439 3588 1476 re-

1998 1503 2249 1583 spondeo,
2284 1505 2551 1558 docentem
2578 1504 2759 1568 audio,
2782 1503 2873 1558 illo
2897 1504 3111 1560 docente
3130 1507 3311 1562 didici.

2069 1593 2167 1648 Fu.
2205 1594 2349 1662 Quot
2371 1593 2623 1649 accidunt
2648 1595 2937 1664 participio
2965 1593 3097 1665 [Al.,
3123 1598 3387 1652 accedunt
3416 1602 3586 1668 parti-

1999 1683 2312 1756 cipiis]?—
2336 1682 2499 1740 Saxo.
2541 1683 2670 1739 Sex.
2710 1683 2915 1749 Genus,
2947 1702 3100 1739 casus
3138 1700 3204 1741 ex
3243 1690 3476 1757 nomine,
3514 1694 3586 1745 si-

1998 1774 2305 1847 gniﬁcatio,
2345 1783 2547 1845 tempus
2593 1789 2663 1829 ex
2706 1776 2910 1842 verbo,
2958 1791 3244 1845 numerus,
3288 1777 3463 1850 ﬁgura
3516 1798 3583 1838 ex

2000 1873 2248 1936 utroque.

2068 1957 2169 2012 Fn.
2208 1957 2351 2026 Quot
2389 1974 2590 2031 genera
2625 1961 2831 2017 habet?
2855 1992 2929 2002 ——
2958 1960 3125 2020 Saxo.
3155 1963 3413 2030 Quatuor.
3447 1966 3586 2024 Mas—

1999 2046 2268 2114 culiuum,
2306 2058 2386 2116 ut,
2419 2059 2647 2105 amatus.
2679 2050 3051 2117 Femininum,
3086 2061 3168 2119 ut,
3212 2065 3410 2111 amata.
3443 2057 3587 2112 Neu-

1996 2142 2167 2203 trum,
2200 2145 2279 2204 ut,
2312 2148 2569 2193 amatum.
2600 2138 2791 2195 Omnis
2821 2143 3062 2211 generis,
3094 2149 3175 2209 ut,
3202 2144 3286 2197 hic
3311 2154 3365 2200 et
3392 2145 3502 2201 Iure
3532 2159 3587 2203 et

1997 2226 2095 2281 hoc
2118 2245 2321 2283 amans.
2347 2228 2480 2283 Nam
2510 2245 2794 2285 commune
2822 2233 2984 2287 duum
3017 2248 3274 2303 generum
3304 2245 3360 2291 et
3386 2239 3586 2307 epicur-

1998 2333 2229 2374 nomena
2259 2318 2389 2392 [Al.,
2422 2321 2704 2395 epicenon]
2752 2322 2807 2376 in
2855 2325 3141 2394 participio
3185 2327 3445 2394 inveniri,
3490 2347 3586 2385 na-

1999 2417 2121 2464 tura
2150 2410 2265 2481 ipsa
2291 2412 2559 2482 prohibet.
2593 2412 2727 2469 Cum
2759 2416 2902 2470 enim
2932 2417 3099 2471 verba
3120 2458 3135 2483 ,
3170 2434 3233 2473 ex
3266 2423 3460 2489 quibus
3488 2438 3583 2478 na-

1998 2511 2224 2557 scuntur
2248 2504 2555 2574 participia,
2585 2506 2793 2576 pariter
2821 2507 3072 2564 omnibus
3092 2507 3391 2582 iungantur
3418 2529 3582 2584 gene-

1998 2598 2182 2665 ribus,
2205 2607 2293 2663 ut,
2325 2598 2445 2671 legit
2478 2602 2572 2665 rir,
2617 2599 2738 2673 legit
2773 2593 3005 2672 femina,
3049 2603 3172 2675 legit
3214 2611 3532 2681 mancipium
3564 2628 3583 2665 :

1997 2691 2307 2746 necessario
2346 2692 2687 2763 participium
2712 2733 2726 2757 ,
2777 2692 2921 2763 quod
2966 2709 3033 2749 ex
3089 2711 3155 2751 eo
3198 2699 3583 2770 proﬁciscitur,

1996 2781 2198 2837 eisdem
2236 2774 2523 2852 generibus
2563 2784 2880 2838 associatur.
2918 2783 2987 2839 Et
3029 2800 3189 2841 omne
3233 2788 3581 2860 participium

1997 2872 2052 2926 in
2081 2888 2178 2926 aus
2196 2872 2281 2926 vel
2302 2872 2355 2926 in
2378 2889 2491 2937 ens,
2511 2889 2751 2943 prmscns
2776 2884 2831 2930 et
2848 2876 3182 2945 praeteritum
3206 2879 3583 2950 imperfectum

1997 2963 2110 3017 sive
2155 2962 2316 3016 trium
2344 2976 2600 3030 generum
2630 2972 2748 3029 est;
2781 2972 2868 3031 ut,
2907 2966 2993 3019 hic
3023 2974 3081 3022 et
3119 2968 3230 3022 lucc
3257 2978 3311 3024 et
3340 2969 3437 3025 hoc
3466 2972 3588 3029 lau-

1997 3052 2150 3116 dans,
2191 3053 2379 3106 docens
2398 3093 2412 3115 ,
2443 3052 2613 3123 legens
2632 3095 2647 3118 ,
2671 3054 2912 3109 audiens.
2947 3054 3003 3111 Si
3034 3072 3161 3112 vero
3199 3059 3252 3112 in
3292 3077 3352 3113 us
3384 3062 3582 3117 liniun-

312 3168 436 3207 amo
462 3149 646 3213 illum,
671 3160 853 3200 amans
878 3140 1045 3196 illum.
1076 3138 1281 3194 Nomen
1320 3152 1449 3192 vero
1479 3137 1523 3191 si
1556 3134 1677 3200 ﬁet,
1707 3151 1894 3206 casum
1934 3218 1966 3224 _
1994 3153 2106 3208 tur,
2136 3143 2411 3212 praeterita
2439 3144 2524 3198 vel
2550 3144 2753 3211 futura,
2780 3147 2997 3201 mobilia
3026 3158 3149 3203 sunt
3175 3167 3272 3220 per
3298 3153 3395 3207 tria
3424 3170 3586 3224 gene-

308 3239 551 3297 verbalis
589 3235 719 3309 [Al.,
750 3229 1025 3304 verbialis]
1054 3228 1287 3285 nominis
1326 3226 1587 3297 sequitur,
1622 3233 1701 3292 ut,
1749 3242 1895 3279 ama-

2004 3249 2054 3288 ra
2074 3275 2089 3299 ,
2118 3242 2179 3288 ut
2199 3243 2407 3288 amatus
2425 3275 2440 3300 ,
2469 3245 2667 3302 amata,
2701 3246 2955 3290 amatum.
2982 3237 3288 3306 Amaturus,
3313 3218 3583 3311 amalura,

311 3342 399 3386 tor
420 3330 592 3394 illius,
621 3328 700 3382 sic
725 3324 988 3380 dicimus:
1015 3337 1198 3376 amans
1222 3318 1386 3373 illius.
1409 3318 1575 3374 Vides
1600 3312 1747 3388 quod
1769 3333 1896 3387 par-

311 3422 558 3492 ticipium
586 3415 916 3479 accusativo,
939 3427 1135 3469 nomen
1163 3410 1399 3482 genitivo
1419 3407 1684 3480 jungitur.
1713 3406 1819 3462 Sed
1842 3415 1897 3463 et

310 3511 595 3585 participia
621 3517 835 3577 tempus
860 3504 1183 3575 signiﬁcant.

386 3601 487 3657 Fu.
510 3598 763 3670 Nunquid
789 3608 896 3651 non
923 3593 1171 3665 quaedam
1199 3593 1415 3647 nomina
1442 3606 1658 3662 quoque
1688 3599 1895 3661 tempus

311 3689 657 3763 signiﬁcant,
687 3693 749 3739 ut
777 3699 979 3747 annus,
1020 3682 1255 3746 mensis,
1294 3681 1441 3745 dies,
1489 3682 1658 3746 hora,
1696 3690 1753 3737 et
1791 3681 1895 3738 alia

315 3782 485 3847 multa
498 3780 601 3834 2-
615 3776 780 3832 Suo.
798 3773 1136 3846 Signiﬁcant.
1157 3771 1264 3827 Sed
1280 3772 1659 3841 interestquod
1676 3773 1894 3827 nomina

313 3874 403 3929 illa
427 3869 565 3926 nihil
588 3867 732 3923 aliud
755 3864 1086 3936 signiﬁcant,
1110 3861 1217 3917 nisi
1239 3863 1414 3932 ipsum
1434 3868 1651 3930 tempus
1678 3874 1775 3930 per
1799 3876 1857 3916 se
1877 3879 1893 3916 :

313 3961 600 4033 participia
626 3959 807 4027 itaque
829 3956 1096 4011 actionem
1122 3954 1209 4010 vel
1236 3952 1541 4023 passionem
1582 3952 1634 4005 in
1657 3950 1898 4020 quolibet

314 4066 561 4125 tempore
603 4050 724 4106 ﬁeri
758 4050 1159 4111 demonstrant,
1185 4060 1292 4100 non
1321 4045 1497 4114 ipsum
1532 4051 1745 4113 tempus
1774 4059 1788 4096 :
1828 4042 1897 4097 Et

313 4149 458 4218 quod
477 4143 819 4216 participium
838 4138 1153 4210 exsequitur
1174 4151 1351 4201 casus,
1376 4148 1513 4204 quos
1535 4142 1591 4188 et
1612 4134 1802 4200 verba,
1827 4147 1894 4187 ex

314 4237 512 4308 quibus
537 4241 835 4290 nascuntur
863 4246 878 4285 :
904 4239 961 4286 et
987 4228 1131 4299 quod
1159 4225 1446 4281 verborum
1474 4223 1895 4294 signiﬁcationes

315 4328 546 4392 habent,
573 4334 629 4380 et
667 4324 808 4396 quod
843 4338 942 4395 pro
967 4320 1132 4376 verbo
1158 4325 1452 4389 ponuntur.
1494 4314 1647 4372 Unde
1675 4314 1894 4385 quidam

313 4418 654 4492 participium
687 4416 913 4470 verbum
961 4410 1178 4468 casuale
1223 4408 1535 4473 nominant;
1582 4408 1707 4476 quia
1750 4406 1895 4475 quod

311 4511 481 4568 verbo
503 4524 603 4580 per
621 4524 681 4571 se
704 4508 857 4562 deest
873 4546 887 4571 ,
919 4505 974 4559 id
1000 4510 1084 4558 est
1107 4515 1264 4557 casus
1281 4540 1295 4566 ,
1323 4496 1565 4568 possidet
1593 4497 1655 4552 in'
1674 4494 1895 4567 partici-

311 4606 418 4675 pio.
463 4601 587 4657 Ideo
626 4601 680 4655 in
720 4596 1119 4654 constructione
1154 4608 1253 4664 per
1286 4591 1532 4661 obliquos
1567 4603 1760 4655 casus,
1799 4586 1891 4642 ubi

310 4697 537 4751 verbum
560 4693 714 4765 jungi
737 4706 844 4746 non
874 4697 1071 4762 potest,
1101 4686 1443 4759 participium
1477 4684 1596 4739 loco
1623 4681 1775 4737 verbi
1802 4695 1893 4735 su-

308 4789 420 4854 bit;
454 4797 515 4843 ut
550 4787 713 4841 bonus
748 4782 949 4857 [homo]
993 4780 1301 4853 loquebatur
1331 4792 1350 4831 :
1382 4778 1503 4833 boni
1543 4776 1768 4830 hominis
1814 4773 1893 4827 lo-

307 4879 516 4950 quentis
561 4876 849 4930 orationem
890 4872 1098 4938 audivi;
1141 4871 1274 4924 bono
1308 4867 1507 4923 homini
1547 4867 1776 4937 loquenti
1810 4880 1892 4918 re-

309 4968 532 5041 spondi;
568 4967 759 5021 bonum
800 4964 1058 5019 hominem
1093 4962 1383 5033 loquentem
1417 4958 1630 5024 audivi;
1666 4966 1723 5011 tu
1762 4958 1891 5011 bone

308 5064 466 5116 homo
494 5058 735 5131 loquere;
757 5073 791 5110 a
819 5056 957 5110 bono
971 5052 1179 5107 homine
1204 5050 1443 5123 loquente
1463 5049 1649 5103 didici.
1676 5046 1787 5121 [Et]
1824 5061 1892 5103 ex

308 5170 376 5211 eo
404 5151 770 5209 nominativus
805 5158 861 5204 et
882 5148 1162 5202 vocativus
1183 5144 1316 5200 recti
1342 5157 1502 5199 casus
1524 5141 1890 5208 nominantur,

310 5246 436 5315 quia
466 5258 563 5314 per
589 5256 648 5296 se
671 5239 848 5296 verbis
866 5237 1022 5310 jungi
1051 5245 1294 5307 possunt.

379 5340 480 5395 Fs.
522 5338 694 5406 Quam
730 5335 1018 5391 utilitatem
1055 5332 1218 5389 habet
1247 5330 1586 5403 participium
1623 5329 1679 5384 in
1721 5330 1895 5385 nomi-

313 5437 496 5492 nativo
524 5441 580 5490 et
601 5431 877 5495 vocativo,
908 5429 956 5485 si
995 5429 1077 5485 sic
1103 5426 1254 5483 verbi
1291 5426 1411 5482 loco
1448 5425 1679 5495 obliquis
1698 5421 1894 5495 junga-

314 5527 437 5583 tur?
458 5557 528 5566 -—
558 5525 724 5580 Saxo.
754 5521 909 5590 Quod
944 5522 1109 5577 verba
1149 5520 1264 5574 sine
1303 5515 1681 5584 conjunctione
1711 5514 1767 5570 in
1797 5528 1895 5569 no-

313 5619 575 5676 minativo
600 5625 657 5672 et
679 5615 928 5671 vocativo
954 5611 1278 5682 conjungere
1307 5616 1481 5680 potes.
1519 5605 1653 5662 Nam
1681 5604 1892 5662 diversa

271 5704 296 5719 ⁴
314 5709 483 5767 verba
504 5708 622 5764 sine
648 5704 1029 5776 conjunctione
1057 5701 1190 5759 recti
1217 5699 1374 5773 [Ms.,
1401 5696 1571 5770 recte]
1601 5695 1752 5767 jungi
1785 5710 1891 5751 non

314 5807 575 5880 possunt,
601 5806 692 5869 ut,
723 5796 866 5870 lego,
896 5796 1098 5862 scribo;
1127 5793 1213 5853 vel
1246 5793 1425 5859 doceo,
1454 5790 1643 5858 discis,
1677 5804 1783 5844 non
1813 5797 1896 5844 est

1995 3334 2314 3379 amaturum.

2062 3414 2162 3469 Fu.
2199 3414 2367 3471 Casus
2408 3417 2819 3489 participiorum
2866 3435 3076 3491 expone
3121 3422 3272 3477 mihi.
3308 3456 3376 3464 —
3413 3424 3580 3483 Ssx'o.

1993 3505 2165 3563 Casus
2185 3506 2598 3578 participiorum
2624 3524 2716 3564 sex
2747 3517 2891 3575 sunt,
2918 3511 3059 3566 sicut
3079 3520 3133 3567 et
3156 3515 3451 3570 nominum.
3475 3515 3587 3573 Nec

1993 3605 2119 3652 sunt
2145 3597 2361 3651 inventa
2391 3598 2675 3669 participia
2703 3599 2756 3654 in
2790 3599 2971 3670 aliquo
3000 3616 3128 3657 casu
3156 3603 3481 3672 deﬁcientia,
3513 3608 3587 3663 si-

1992 3697 2085 3743 cut
2112 3683 2273 3761 293
2304 3705 2402 3745 nec
2433 3692 2649 3745 nomina
2674 3691 2892 3746 mobilia
2922 3693 3005 3748 vel
3034 3710 3088 3748 tn
3116 3693 3250 3750 duas
3276 3697 3584 3755 desinentes

1993 3788 2371 3834 consonantes.
2402 3779 2531 3846 Quae
2559 3782 2702 3836 enim
2741 3781 3029 3849 deﬁciunt,
3060 3781 3167 3838 ﬁxa
3197 3796 3351 3853 sunt;
3382 3797 3470 3855 ut,
3501 3790 3583 3859 fas

1996 3866 2241 3941 [ditione]
2269 3868 2410 3921 tabo.

2065 3958 2163 4012 Fa.
2204 3957 2485 4025 Quomodo
2513 3958 2852 4014 declinantur
2877 3962 3285 4033 participia?—
3309 3965 3474 4024 Saxo.
3501 3969 3585 4025 Ad

1994 4049 2402 4104 similitudinem
2441 4049 2718 4104 nominum
2760 4050 2815 4104 in
2855 4068 2945 4106 ens
2982 4053 3378 4125 desinentium,
3408 4058 3493 4115 vel
3529 4060 3583 4115 in

1993 4156 2057 4193 us
2085 4139 2388 4194 mobilium.
3576 4204 3581 4209 θ

2063 4229 2163 4283 Fu.
2207 4228 2470 4299 Tempora
2509 4231 2918 4303 participiorum
2957 4228 3195 4304 qualiter
3227 4241 3490 4294 currunt?
3515 4273 3583 4284 ——

1996 4319 2161 4377 Saxo.
2188 4319 2485 4390 Participia
2516 4321 2804 4391 conjuncta
2832 4325 3062 4391 habent,
3097 4324 3236 4383 sicut
3262 4330 3427 4384 verba
3457 4329 3581 4386 inﬁ-

1995 4414 2182 4477 nitiva,
2213 4413 2267 4469 id
2289 4422 2390 4479 est,
2417 4430 2653 4485 prmsens
2674 4423 2888 4487 tempus
2917 4416 3109 4491 [Edit.,
3138 4422 3422 4490 praesentis
3447 4431 3583 4478 tem-

1993 4504 2163 4577 poris]
2213 4513 2268 4560 et
2315 4507 2647 4575 praeteritum
2701 4507 3098 4578 imperfectum.
3144 4509 3275 4564 Item
3319 4513 3578 4583 prazterit.

1994 4597 2219 4667 perfect.
2267 4605 2322 4652 et
2386 4597 2898 4669 plusquamperfect.
2970 4599 3198 4669 pariter,
3249 4608 3309 4654 ut
3350 4619 3363 4654 :
3408 4599 3582 4672 legem

1993 4687 2181 4753 scribo,
2207 4686 2378 4757 legens
2401 4687 2721 4752 scribebam;
2745 4687 2906 4741 lectus
2933 4688 3030 4758 fui,
3059 4688 3223 4744 lectus
3248 4689 3474 4760 fueram.

2062 4778 2161 4834 Fu.
2197 4779 2281 4833 An
2325 4794 2389 4833 ex
2437 4779 2585 4833 omni
2632 4776 3021 4848 signiﬁcatidne
3060 4781 3351 4836 verborum
3398 4781 3581 4839 omnia

1994 4879 2236 4938 tempora
2259 4868 2604 4923 inveniuntur
2631 4867 2686 4921 in
2710 4868 3047 4938 participiis?
3066 4901 3137 4909 —
3163 4869 3327 4927 Saxo.
3362 4870 3577 4943 Nequa-

1994 4975 2176 5030 quam.
2207 4959 2340 5014 Nam
2365 4975 2486 5015 cum
2514 4960 2751 5029 quinque
2776 4961 2887 5015 sint
2914 4963 3201 5018 verborum
3227 4963 3577 5035 signiﬁcatio-

1995 5066 2110 5115 nes,
2144 5050 2341 5116 activa,
2362 5050 2598 5120 passiva,
2621 5057 2836 5118 neutra,
2862 5055 3188 5119 communia,
3221 5054 3573 5124 deponentia;

1996 5140 2278 5213 participia
2318 5141 2385 5196 ab
2430 5141 2621 5196 activis
2673 5143 2890 5210 quidem
2936 5151 2991 5197 et
3035 5145 3245 5199 neutris
3294 5144 3579 5215 prtesentis

1996 5232 2259 5304 temporis
2279 5232 2624 5286 inveniuntur
2645 5239 2700 5288 et
2718 5231 2915 5299 futuri;
2946 5242 3007 5287 ut
3029 5250 3234 5298 amans,
3259 5244 3530 5288 amaturus
3555 5247 3575 5284 :

1996 5339 2175 5392 stans,
2213 5334 2448 5383 staturus
2479 5337 2496 5376 :
2535 5322 2629 5379 sed
2665 5325 2949 5393 praesentis
2987 5324 3327 5395 participium
3362 5335 3418 5381 et
3449 5326 3580 5381 sub-

1996 5419 2289 5476 stantivum
2318 5416 2539 5472 verbum
2568 5433 2713 5481 sum,
2739 5416 3072 5485 pneteritum
3108 5414 3405 5487 perfectum
3444 5431 3573 5486 pro-

1995 5508 2248 5574 ferimus;
2292 5516 2382 5574 ut,
2424 5522 2609 5560 amans
2655 5506 2770 5575 fui,
2801 5504 2978 5575 fuisti,
3020 5505 3152 5575 fuit,
3197 5521 3327 5578 pro,
3372 5508 3577 5573 amavi,

1996 5600 2264 5667 amavisti,
2298 5600 2524 5660 amavit;
2565 5606 2621 5652 et
2655 5599 2735 5654 sic
2772 5614 2871 5669 per
2912 5613 3099 5654 omnes
3135 5599 3323 5655 modos
3352 5598 3407 5654 in
3439 5607 3579 5656 tem-

1996 5709 2128 5766 porc
2157 5689 2430 5764 przeterito
2454 5687 2696 5761 perfecto
2724 5698 2780 5744 et
2816 5687 3357 5760 plusquamperfecto.
3389 5689 3578 5759 Itaque

1997 5785 2139 5858 quod
2186 5782 2336 5840 deest
2384 5781 2705 5839 naturaliter
2736 5779 2965 5852 simplici
3007 5779 3279 5865 dictione,
3322 5779 3573 5850 impletur
