3866 6170
287 337 382 394 89!

1100 330 1161 384 Β.
1197 331 1260 384 ιτ.
1297 319 1530 382 ALBlNl
1569 321 1708 380 SEU
1748 320 2022 378 ALCUlNl
2060 323 2343 382 OPERUM
2383 325 2562 380 PARS
2600 320 2709 377 Vll.

3437 318 3546 376 893

281 457 550 526 juncturae
584 450 809 504 ratione.
849 445 1192 500 inveniuntur
1226 451 1405 494 tamen
1452 437 1504 490 in
1541 435 1865 505 quibusdam
1893 434 1945 494 Δ
1968 449 2158 490 amans
2187 454 2199 489 :
2223 436 2408 501 habeo,
2430 435 2610 498 habes,
2633 433 2858 494 habens,
2890 430 3206 501 interposita
3235 447 3271 484 η
3294 432 3550 486 secundat

291 545 496 601 neutris
523 541 802 613 participia
833 537 1100 609 praeterita
1122 576 1136 599 ,
1163 543 1221 588 ut
1239 575 1253 597 ,
1285 547 1314 584 a
1343 546 1486 584 coeno
1514 537 1758 582 coenatus
1789 546 1800 580 :
1835 541 1868 580 a

288 635 520 708 prandeo
545 647 772 702 pransus
810 649 821 682 :
857 647 886 683 a
911 629 1089 698 placeo
1122 625 1351 694 placitus
1385 640 1398 674 :
1434 638 1464 674 a
1493 621 1627 708 nubo
1658 629 1822 690 nupta
1849 637 1864 675 :

292 707 498 798 apatco
527 738 738 793 passus.
774 720 1025 790 Virgilius
1056 717 1210 788 (.En.
1236 731 1273 780 ι,
1304 713 1429 783 484)
1465 707 1523 766 ε·

476 835 701 884 Crinibus
727 832 902 880 Iliades
941 831 1092 890 passis
1113 861 1128 884 ,

293 915 346 969 id
374 923 475 979 est,
505 913 778 982 dispersis.
809 910 896 964 Fit
924 922 1137 978 quoque
1160 922 1192 960 a
1219 906 1393 973 patior
1429 920 1618 975 passus
1649 923 1662 958 :
1694 921 1723 959 a
1743 903 1870 975 jura

285 1004 502 1074 juratus
536 1023 548 1056 :
583 1004 650 1056 ab
679 1001 928 1054 adsuesco
954 1000 1208 1052 adsuetus
1241 1014 1252 1048 :
1285 1011 1314 1049 a
1340 994 1504 1048 titubo
1533 996 1793 1050 titubatus
1817 1002 1872 1049 et

293 1097 420 1150 talia
448 1095 646 1153 multa;
679 1102 766 1156 ut,
797 1093 1085 1154 discessus,
1111 1090 1381 1152 interitus,
1415 1088 1600 1150 obitus,
1635 1105 1868 1151 occasus,

291 1199 474 1259 potus,
503 1196 708 1242 enectus
752 1185 901 1258 [Ed.,
937 1182 1218 1254 senectus].
1252 1181 1451 1236 Neutra
1496 1195 1710 1250 quoque
1745 1195 1870 1249 pas-

293 1280 441 1342 siva,
489 1293 608 1347 qua:
648 1276 883 1345 quinque
929 1282 1085 1339 sunt,
1132 1274 1297 1327 trium
1336 1281 1637 1342 temporum
1675 1272 1874 1326 habent

292 1369 610 1438 participia;
638 1375 716 1432 ut,
743 1366 966 1438 gaudeo,
991 1365 1254 1435 gaudens,
1282 1364 1518 1434 gavisus,
1550 1363 1822 1432 gavisurus
1853 1374 1872 1414 :

292 1459 482 1522 audeo,
512 1457 730 1520 audens,
756 1472 937 1520 ausus,
963 1471 1192 1508 ausurus
1222 1467 1239 1505 :
1263 1453 1423 1519 soleo,
1447 1451 1639 1512 solens.
1667 1451 1871 1516 solitus,

291 1548 543 1601 soliturus
593 1562 610 1598 :
656 1547 758 1614 ﬁo,
799 1546 969 1614 ﬁcns,
1018 1545 1222 1613 factus,
1266 1544 1508 1613 futurus;
1560 1541 1876 1596 dill‘erentia:

293 1651 477 1701 causa,
510 1652 578 1690 ne
601 1637 646 1690 si
674 1636 913 1705 facturus
939 1635 1228 1700 diceretur,
1257 1650 1287 1688 a
1312 1633 1450 1702 facio
1479 1634 1644 1686 verbo
1665 1639 1878 1701 putare-

296 1737 399 1792 tur,
433 1729 577 1798 quod
607 1729 715 1782 vim
738 1726 969 1782 activam
999 1727 1180 1791 habet,
1205 1723 1358 1792 cujus
1384 1725 1654 1793 passivum
1677 1722 1748 1790 ﬁo
1771 1731 1872 1777 est.

296 1818 433 1872 Fido
460 1834 702 1888 quoque,
729 1817 925 1885 ﬁdens,
956 1816 1117 1884 ﬁsus,
1158 1815 1355 1884 ﬁsurus
1393 1813 1538 1868 facit.
1579 1813 1625 1866 Λ
1663 1814 1877 1882 passiva

294 1907 687 1978 signiﬁcatione
713 1908 818 1962 duo
852 1921 1066 1977 quoque
1095 1906 1313 1960 veniunt
1341 1904 1627 1974 participia
1646 1944 1660 1969 ,
1688 1912 1878 1973 praete-

294 1997 462 2053 ritum
491 2006 545 2053 et
573 1996 843 2060 futurum;
881 2003 970 2061 ut,
1004 2004 1212 2048 amatus
1231 2035 1245 2059 ,
1276 1994 1568 2057 amandus;
1598 2009 1696 2063 pro
1725 1993 1878 2060 cujus

293 2087 547 2158 prresenti
579 2101 718 2155 szepe
745 2084 1082 2139 necessitatis
1117 2099 1278 2138 causa
1317 2092 1568 2137 auctores
1603 2082 1877 2152 praeterito

295 2178 375 2233 uti
401 2177 766 2232 inveniuntur.
792 2175 838 2230 A
862 2175 1135 2232 communi
1178 2174 1342 2229 verbo
1375 2180 1608 2242 quatuor
1645 2188 1878 2228 nascun-

294 2279 385 2324 tur
403 2269 718 2339 participia;
752 2276 806 2323 et
833 2283 939 2322 non
968 2268 1188 2332 mirum,
1211 2267 1336 2336 quia
1366 2265 1595 2319 activam
1622 2265 1788 2319 habet
1806 2265 1879 2319 si-

294 2361 694 2432 gniﬁcationem
717 2367 772 2415 et
789 2360 1060 2430 passivam
1086 2373 1372 2414 commune
1394 2357 1638 2412 verbum.
1663 2359 1731 2412 Et
1756 2359 1877 2413 ideo

294 2452 577 2522 utriusque
599 2452 1009 2521 signiﬁcationis
1029 2452 1194 2506 habet
1215 2449 1533 2520 participia;
1563 2447 1772 2513 activae,
1795 2457 1874 2514 ut,

295 2545 580 2596 criminans
619 2551 675 2597 et
711 2543 1086 2597 criminaturus
1122 2556 1140 2595 :
1171 2541 1390 2610 passiva:
1410 2579 1424 2604 ,
1457 2547 1546 2603 ut,
1573 2539 1877 2593 criminatus

293 2642 350 2687 et
376 2633 756 2688 criminandus.
794 2631 900 2686 Sed
927 2631 1232 2685 criminatus
1269 2629 1323 2682 in
1351 2636 1579 2697 utraque
1607 2629 1879 2682 invenitur

297 2724 711 2794 signiﬁcatione.
757 2721 1047 2778 Sciendum
1089 2729 1173 2775 est
1219 2719 1350 2783 tibi,
1389 2735 1422 2774 ο
1459 2718 1690 2774 France!
1735 2719 1878 2788 quod

295 2814 477 2869 omnia
519 2813 804 2884 participia
842 2814 898 2870 iu
934 2812 1034 2866 dus
1075 2811 1376 2866 desinentia
1419 2811 1608 2866 eadem
1651 2818 1880 2880 possunt

299 2920 418 2959 esse
447 2912 501 2958 et
535 2904 772 2958 nomina.

370 2996 468 3050 Fu.
512 2997 579 3050 Et
613 2997 880 3068 quomodo
921 3010 1171 3065 possum,
1201 3010 1233 3048 ο
1261 2994 1432 3049 Saxo!
1463 2995 1632 3059 scire,
1673 3009 1740 3047 an
1772 2994 1881 3047 sint

299 3089 518 3144 nomina
547 3088 628 3143 vel
657 3089 977 3159 participia?
1007 3118 1078 3127 —-
1120 3085 1284 3142 SAXO.
1317 3087 1451 3140 Dum
1490 3085 1705 3140 nomina
1731 3092 1876 3149 sunt,

1967 539 2211 594 personae
2237 525 2443 579 ultimis
2473 523 2688 578 litteris.
2716 521 2770 573 ln
2805 522 2962 575 tertia
2991 528 3044 575 et
3072 530 3263 589 quarta
3285 536 3549 590 conjuga-

1966 615 2112 669 tione
2156 632 2186 668 ο
2233 604 2493 668 conversa
2532 612 2584 666 in
2619 628 2707 664 ens
2745 610 2884 665 ﬁunt
2920 610 3236 680 participia,
3275 610 3440 683 294
3466 621 3548 675 ιιι,

1966 703 2099 774 lego,
2129 704 2340 772 legens;
2370 702 2550 766 audio,
2579 701 2819 754 audiens.
2849 701 3112 754 Pratteriti
3141 701 3400 770 temporis
3425 718 3556 772 par-

1967 795 2148 864 ticipia
2176 803 2230 848 et
2257 793 2421 847 futuri
2451 794 2672 847 veniunt
2702 809 2730 846 a
2768 794 2959 862 supino
2983 793 3148 847 verbo
3176 809 3209 846 u
3249 792 3422 857 ﬁnito,
3457 795 3556 848 ad-

1969 887 2079 942 dita
2100 904 2125 939 s
2149 886 2201 940 in
2225 885 2528 956 prazterito;
2555 902 2643 938 rus
2665 885 2717 938 in
2740 882 2921 938 futuro
2946 902 2958 937 :
2984 891 3062 944 ut,
3086 894 3288 949 amatu,
3315 893 3551 948 amatus,

1970 988 2248 1033 amaturus
2280 995 2294 1029 :
2325 986 2548 1038 comata,
2579 984 2841 1039 ccenatus,
2865 983 3177 1029 cmuaturus
3201 992 3213 1027 :
3241 975 3552 1039 criminatu,

1971 1069 2307 1130 criminatus,
2332 1067 2715 1124 criminaturus
2732 1084 2743 1118 :
2762 1064 2960 1126 locutu,
2991 1064 3220 1128 locutus,
3247 1063 3552 1118 locuturus.

1973 1159 2215 1213 Mortuus
2245 1158 2417 1213 solum
2445 1173 2475 1211 a
2510 1157 2708 1211 morior
2739 1156 2844 1210 duo
2875 1171 2910 1207 u
2936 1155 3117 1210 habet.
3163 1152 3380 1208 Passiva
3415 1153 3554 1224 [Al.,

1970 1248 2277 1320 participia]
2321 1263 2450 1302 vero
2485 1246 2662 1300 futura
2689 1245 2912 1299 veniunt
2954 1260 2982 1297 a
3014 1243 3248 1314 genitivo
3285 1244 3561 1313 participii

1972 1339 2255 1410 praesentis
2285 1337 2573 1407 temporis,
2600 1337 2666 1390 tis
2696 1336 2750 1390 in
2779 1334 2876 1388 dus
2905 1349 3162 1389 conversa
3181 1373 3195 1398 ,
3227 1342 3316 1399 ut,
3347 1350 3560 1398 amans,

1975 1433 2220 1496 amantis,
2254 1428 2534 1484 amandus.

2048 1521 2143 1576 Fa.
2185 1520 2229 1576 Ο
2254 1521 2298 1575 si
2325 1520 2588 1574 voluisses
2625 1516 2874 1588 colligere
2911 1513 3210 1570 difﬁciliora
3238 1514 3402 1568 verba
3433 1531 3558 1569 cum

1975 1611 2250 1682 praeterito
2288 1608 2526 1680 perfecto
2563 1617 2616 1663 et
2646 1606 2796 1679 [Ms.,
2833 1605 2885 1678 a]
2932 1607 3122 1674 supino
3157 1611 3212 1659 et
3248 1606 3556 1675 participio,

1937 1737 1946 1756 .
1979 1717 2138 1772 quam
2160 1703 2520 1757 necessarium
2543 1700 2714 1755 esset!
2731 1729 2798 1736 -
2813 1696 2974 1753 ΞΑιιο.
2990 1696 3370 1752 Necessarium
3395 1702 3557 1764 es‘set,

1911 1782 1953 1842 Β
1979 1797 2071 1851 sed
2100 1796 2316 1850 modum
2343 1793 2509 1849 nostri
2541 1792 2649 1847 ludi
2683 1792 2984 1846 excederet.

2049 1885 2146 1940 Fu.
2186 1885 2385 1940 Tamen
2417 1884 2596 1954 aliqua
2629 1883 2812 1953 profer
2849 1881 3169 1954 [difﬁciliora
3191 1879 3380 1954 verba]
3409 1900 3422 1934 :
3454 1896 3560 1936 cm-

1978 1988 2094 2034 tcra
2125 1977 2333 2033 facilius
2357 1974 2604 2044 conjicio.
2629 2006 2701 2015 —
2729 1974 2892 2030 Sno.
2921 1973 3158 2029 Faciam.
3191 1974 3348 2033 Amo,
3389 1990 3561 2038 amas,

1978 2069 2170 2133 amavi,
2195 2077 2449 2131 amatum,
2474 2074 2700 2120 amatus.
2728 2063 2915 2130 Necto,
2935 2065 3113 2128 nectis,
3141 2064 3319 2126 nexui,
3345 2079 3560 2127 nexum,

1978 2177 2172 2226 nexus,
2203 2168 2258 2216 et
2292 2175 2358 2214 ex
2395 2175 2459 2214 eo
2498 2157 2951 2228 frequentativum
2986 2174 3136 2212 nexo.
3177 2157 3244 2210 Et
3281 2156 3350 2209 do
3372 2198 3388 2220 ,
3419 2155 3565 2220 dedi,

1978 2253 2182 2316 datum,
2213 2251 2459 2316 daturus,
2481 2269 2513 2305 a
2541 2251 2692 2305 brevi
2718 2250 2936 2320 ubique.
2965 2247 3092 2313 Oro,
3134 2249 3299 2313 oravi,
3330 2259 3560 2311 oratum,

1979 2351 2243 2397 oraturus.
2271 2339 2424 2406 Seco,
2461 2339 2626 2405 secui,
2653 2349 2871 2403 sectum,
2905 2349 3160 2392 secturus.
3195 2337 3363 2398 Neco,
3391 2338 3563 2402 necui,

1979 2441 2203 2500 nestum,
2236 2443 2478 2487 necturus
2501 2450 2520 2486 :
2547 2447 2579 2490 a
2607 2448 2730 2486 neco
2757 2446 2971 2502 quoque
2997 2439 3234 2484 necatum
3264 2430 3564 2492 invenitur,

1979 2523 2069 2578 sed
2104 2533 2318 2578 necatus
2337 2564 2351 2589 ,
2383 2519 2528 2577 ferro
2555 2522 2768 2578 occisus
2781 2524 2808 2588 ,'
2828 2521 3059 2588 dicitur;
3098 2531 3273 2575 nectus
3301 2535 3433 2574 vero
3457 2519 3567 2574 alio

1977 2611 2215 2684 quolibet
2242 2612 2420 2667 modo.
2453 2609 2604 2666 Plico
2640 2620 2696 2667 et
2721 2610 2937 2682 plicari,
2970 2620 3024 2666 et
3049 2611 3210 2682 plicui
3241 2609 3373 2665 facit
3400 2629 3412 2664 :
3445 2611 3566 2664 ideo

1977 2711 2032 2760 et
2066 2703 2314 2774 plicatam
2343 2710 2397 2757 et
2423 2701 2659 2774 plicitum
2684 2700 2984 2767 invenitur;
3028 2699 3104 2755 ita
3134 2709 3188 2756 et
3215 2716 3282 2756 ex
3324 2715 3389 2754 eo
3417 2715 3568 2754 com-

1976 2795 2149 2867 posita
2179 2813 2192 2848 :
2220 2794 2443 2865 explica,
2466 2793 2692 2865 duplica,
2718 2793 2943 2864 implico,
2973 2793 3255 2863 dupliciter
3272 2790 3567 2860 proferun-

1979 2895 2086 2941 tur.
2118 2885 2252 2940 Nam
2284 2885 2386 2940 lavi
2415 2894 2469 2940 et
2495 2887 2607 2940 cavi
2635 2895 2688 2941 et
2719 2885 2824 2955 {avi
2853 2883 3357 2960 diﬁ'erentiarcausa
3384 2900 3416 2935 a
3443 2882 3563 2936 lon-

1979 2991 2098 3046 gam
2127 2975 2179 3029 in
2210 2993 2278 3028 au
2305 2983 2537 3039 mutant,
2563 2981 2640 3038 ut,
2673 2974 2819 3028 lauta
2844 2981 2900 3028 ct
2926 2973 3133 3038 lautus;
3164 2982 3323 3026 cantu
3352 2981 3406 3026 et
3433 2989 3564 3025 cau-

1982 3076 2101 3133 tus;
2125 3067 2276 3137 fautu
2300 3075 2353 3120 et
2379 3066 2556 3135 fautus
2583 3065 2806 3130 faciunt,
2835 3064 2959 3135 quia
2989 3063 3185 3129 latum,
3214 3071 3267 3118 et
3301 3073 3475 3117 catum
3514 3071 3571 3116 et

301 3181 556 3236 amittunt
594 3136 870 3250 tempora:
901 3187 961 3234 ut
996 3178 1123 3235 olim
1160 3178 1257 3233 tibi
1301 3178 1411 3232 dixi
1455 3197 1466 3232 :
1501 3185 1588 3241 ut,
1618 3176 1879 3231 docendus

1987 3136 2153 3229 fatum
2181 3158 2314 3213 alias
2347 3157 2546 3212 habent
2574 3155 3011 3226 significationes.
3047 3153 3164 3232 Sto,
3189 3163 3320 3217 stas,
3348 3163 3568 3218 statum,

299 3290 416 3328 sum
448 3272 792 3343 participium
815 3280 898 3326 est
931 3289 944 3324 :
974 3270 1043 3324 ad
1073 3269 1360 3324 docendam
1399 3267 1706 3322 rhetoricam
1746 3267 1882 3332 veni,

303 3377 498 3416 nomen
540 3369 644 3417 est.
687 3361 729 3414 A
774 3361 1063 3430 deponenti
1109 3361 1273 3415 trium
1316 3368 1617 3429 temporum
1661 3359 1886 3412 veniunt

302 3453 616 3522 participia;
641 3452 924 3522 praesentis
948 3459 1001 3505 et
1019 3451 1279 3520 praeteriti
1299 3449 1599 3521 imperfect.
1624 3465 1839 3520 sequens
1863 3461 1882 3500 :

302 3542 565 3612 praeteriti
602 3541 828 3611 perfect.
869 3548 925 3596 et
961 3539 1468 3613 plusquamperfect.
1510 3549 1715 3593 secutus
1748 3552 1765 3590 :
1797 3537 1884 3592 fu-

305 3633 435 3697 turi,
465 3642 758 3687 secuturus.
784 3631 890 3688 Sed
917 3631 1058 3703 apud
1088 3632 1337 3701 antiquos
1357 3647 1423 3687 ex
1444 3630 1744 3702 hujusmodi
1763 3647 1883 3686 ver-

303 3727 390 3782 bis
417 3726 701 3796 participia
727 3725 990 3796 praeteriti
1030 3725 1288 3794 temporis
1316 3733 1424 3778 tam
1455 3723 1684 3778 activam
1720 3739 1885 3794 quam

304 3819 577 3885 passivam
615 3815 1061 3884 signiﬁcationem
1097 3814 1350 3868 habentia
1399 3814 1762 3880 inveniuntur,
1803 3823 1883 3879 ut,

303 3907 614 3972 meditatus,
659 3905 980 3972 auxiliatus,
1029 3904 1395 3974 amplexatus,
1444 3905 1882 3972 adminiculatus,

304 3998 586 4069 utriusque
613 3997 1021 4068 signiﬁcationis
1045 4006 1271 4066 possunt
1295 4013 1435 4053 esse.

374 4089 471 4143 Fu.
507 4088 770 4146 Numeros
805 4089 1210 4160 participiorum
1247 4089 1447 4159 profer.
1479 4120 1550 4130 —
1578 4089 1742 4146 Suo.
1773 4090 1884 4144 Nu-

305 4181 440 4235 mcri
467 4180 871 4250 participiorum
899 4180 1004 4235 duo
1023 4188 1166 4236 sunt.
1194 4178 1514 4251 Singularis,
1540 4192 1618 4247 ut,
1651 4198 1883 4235 currens.

305 4273 570 4338 Pluralis,
600 4280 689 4337 ut,
717 4281 1001 4327 currentes.
1032 4273 1100 4327 Et
1139 4275 1282 4328 sicut
1316 4289 1419 4327 non
1457 4274 1712 4329 deﬁciunt
1749 4274 1889 4328 casi-

303 4365 425 4427 bus,
457 4363 535 4418 sic
564 4377 664 4417 nec
692 4362 931 4418 numeris
958 4360 1221 4417 defectiva
1250 4363 1490 4418 invenies
1513 4363 1814 4433 participia.

375 4452 474 4506 Fu.
502 4451 712 4523 Figura:
743 4452 1151 4522 participiorum
1179 4452 1320 4507 unde
1349 4453 1603 4506 veniunt?
1623 4481 1693 4492 -—-
1715 4452 1882 4508 Suo.

305 4543 349 4597 Λ
383 4513 824 4612 verbisvsemper,
851 4549 910 4596 ut
935 4513 1003 4596 ab
1023 4542 1206 4612 efﬁcio,
1233 4539 1506 4596 elﬁciens:
1540 4542 1607 4598 ab
1631 4541 1883 4612 intelligo,
1917 4513 1966 4573 ο

308 4632 632 4702 intelligens.
660 4629 793 4684 Nam
817 4645 914 4702 per
942 4647 1001 4686 se
1039 4645 1312 4702 nunquam
1349 4630 1687 4701 componitur
1721 4632 1890 4700 parti-

307 4724 526 4794 cipium,
557 4723 660 4778 nisi
690 4723 839 4794 prius
865 4732 1218 4792 componatur
1246 4723 1363 4798 ejus
1388 4723 1632 4778 verbum.
1659 4721 1717 4778 Si
1743 4724 1887 4780 enim

309 4817 424 4884 ipsa
473 4823 867 4885 componuntur
907 4831 1004 4886 per
1049 4831 1138 4880 se,
1181 4823 1462 4871 transeunt
1508 4815 1561 4869 in
1611 4817 1888 4872 nominum

310 4907 449 4972 vim;
478 4915 556 4971 ut,
583 4923 763 4971 noceo,
787 4922 1010 4971 nocens;
1033 4906 1279 4961 innocens
1301 4922 1496 4962 nomen
1521 4915 1620 4971 est,
1645 4908 1890 4964 innocen-

311 4997 413 5053 tior
441 4995 646 5053 faciens
679 5012 694 5052 :
741 4999 908 5068 sapio,
945 4999 1183 5067 sapiens;
1227 4999 1476 5068 insipiens
1518 4997 1886 5071 [insipientior]

313 5108 510 5147 nomen
536 5100 638 5148 est.
671 5089 946 5160 Simplicia
975 5089 1120 5143 enim
1147 5104 1331 5144 eorum
1352 5099 1578 5161 possunt
1595 5101 1650 5146 et
1669 5092 1890 5147 nomina

310 5191 368 5242 et
398 5183 683 5256 participia
724 5196 843 5239 csse
877 5199 890 5234 :
933 5181 1229 5250 composita
1261 5197 1388 5239 vero
1419 5191 1628 5238 tanaim
1671 5183 1891 5240 nomina

311 5290 452 5332 esse.

383 5367 482 5422 Fu.
526 5365 743 5422 Memini
767 5373 817 5422 te
843 5365 1046 5423 dixisse
1076 5367 1256 5422 omnia
1285 5368 1571 5440 participia
1598 5383 1718 5425 esse
1745 5367 1891 5426 deri-

319 5461 489 5517 vativa
519 5474 549 5513 a
570 5459 770 5514 verbis.
809 5457 980 5516 Velim
1008 5458 1148 5516 scire
1171 5473 1201 5514 a
1236 5459 1429 5530 quibus
1453 5459 1784 5529 temporibus
1808 5457 1894 5514 vel

318 5552 490 5606 modis
519 5552 626 5607 sint
661 5551 939 5609 derivata?
975 5577 1039 5590 —-—
1079 5549 1245 5610 Saxo.
1283 5549 1364 5605 Ab
1403 5551 1694 5612 indicativo
1735 5551 1893 5608 tundo

1982 3259 2275 3314 staturum,
2307 3248 2462 3320 longa
2489 3265 2519 3301 a
2551 3262 2673 3302 cum
2701 3246 2752 3300 in
2794 3229 3257 3315 nominibus’IAl”
3292 3241 3566 3313 omnibus]

1984 3341 2052 3395 ab
2079 3354 2143 3394 eo
2173 3339 2427 3394 derivatis
2448 3337 2645 3408 ubique
2671 3336 2963 3402 brevietur,
3000 3344 3059 3391 ut
3096 3344 3281 3399 status,
3311 3333 3516 3389 stabilis
3549 3347 3566 3384 :

1984 3439 2043 3484 ut
2073 3429 2322 3485 Lucanus
2353 3427 2430 3500 (ιι,
2460 3428 2586 3502 240)
2617 3447 2628 3482 :

2324 3574 2336 3584 .
2359 3573 2375 3589 .
2398 3572 2414 3587 .
2441 3573 2456 3588 .
2481 3539 2694 3598 Quorum
2716 3545 2839 3588 stata
2861 3541 3080 3600 tempora
3104 3535 3261 3585 flatus.

1982 3639 2136 3706 Juvo,
2174 3641 2308 3710 juvi,
2339 3640 2550 3710 jutum,
2594 3640 2753 3712 longa
2786 3657 2842 3694 u.
2884 3639 3036 3696 Unde
3072 3641 3310 3709 adjutus.
3354 3638 3570 3703 Sterno,

1984 3731 2166 3797 stravi,
2189 3739 2435 3794 stratum,
2461 3739 2741 3784 straturus.
2770 3729 2909 3795 Edo,
2931 3729 3042 3796 edi,
3071 3746 3236 3794 esum,
3257 3746 3478 3794 esurus;
3505 3744 3573 3784 ex

1985 3838 2094 3894 quo
2131 3822 2304 3878 esurio
2345 3821 2580 3894 [esurit].
2622 3821 2792 3887 Erue,
2831 3821 2993 3888 eruis,
3028 3833 3254 3888 erutum,
3298 3831 3576 3876 eruturus.

1987 3919 2104 3986 Cio,
2127 3921 2246 3986 civi,
2282 3920 2461 3985 citum,
2486 3922 2706 3975 siturus.
2744 3919 2949 3986 Moveo,
2979 3921 3134 3986 movi,
3156 3930 3378 3984 motum,
3403 3930 3575 3974 motu-

1987 4025 2096 4064 rus.
2137 4008 2325 4075 Sedeo,
2355 4010 2487 4074 sedi,
2518 4026 2732 4074 sessum,
2765 4027 3036 4074 sessurus;
3077 4012 3217 4079 quod
3244 4011 3488 4082 geminat
3525 4028 3571 4074 s,

1987 4116 2056 4156 ne
2081 4101 2201 4158 duae
2229 4111 2410 4173 partes
2437 4107 2710 4174 putentur.
2743 4100 2937 4169 Faveo,
2963 4103 3087 4172 fovi,
3119 4103 3306 4172 fotum,
3340 4103 3571 4172 foturus.

1987 4191 2176 4257 Facio,
2217 4193 2336 4262 feci,
2368 4193 2589 4263 fectant,
2611 4191 2870 4262 facturus.

2059 4281 2128 4335 Et
2153 4281 2544 4337 observandum
2569 4289 2655 4336 est
2680 4282 2805 4344 tibi,
2831 4298 2864 4337 ο
2891 4281 3098 4337 France
3115 4321 3131 4346 ,
3168 4282 3312 4350 quod
3350 4299 3490 4353 pene
3521 4284 3576 4338 in

1988 4372 2242 4428 omnibus
2278 4373 2460 4428 verbis
2499 4387 2618 4442 quae
2656 4373 2904 4428 minuunt
2943 4373 3174 4445 syllabas
3205 4374 3258 4428 in
3296 4376 3581 4444 praeterito

1990 4461 2251 4532 perfecto,
2277 4478 2490 4532 semper
2508 4464 2832 4534 penultimas
2852 4467 3186 4536 producunt,
3208 4466 3339 4522 licet
3359 4467 3415 4523 in
3435 4484 3575 4539 prae-

1990 4554 2133 4610 senti
2162 4561 2424 4623 correptae
2451 4564 2652 4610 essent.

2061 4645 2160 4699 Fu.
2202 4645 2354 4700 Unde
2385 4646 2488 4701 hoc
2525 4646 2625 4701 ﬁt?
2649 4678 2720 4690 —
2760 4649 2922 4704 SAXO.
2954 4649 3024 4705 Ut
3056 4659 3408 4721 compensent
3445 4661 3577 4706 tem-

1989 4738 2213 4808 poribus
2234 4739 2379 4808 quod
2403 4739 2555 4794 deest
2580 4741 2634 4796 in
2673 4740 2913 4811 syllabis,
2953 4751 3032 4807 ut,
3055 4760 3190 4807 sero,
3221 4745 3348 4809 sevi,
3379 4754 3575 4808 satum,

1989 4837 2220 4892 saturus,
2245 4829 2387 4884 unde
2412 4839 2600 4884 sertus.
2627 4829 2777 4897 Sino,
2801 4832 2919 4896 sivi,
2942 4833 3119 4898 situm,
3149 4834 3370 4889 siturus.
3402 4833 3574 4898 Pono,

1989 4920 2164 4988 posui,
2201 4921 2448 4990 positum,
2487 4921 2770 4991 positurus.
2807 4921 2962 4989 Lino,
3001 4923 3110 4990 (ivi,
3148 4925 3320 4990 litum,
3366 4926 3569 4981 litum.

1993 5007 2097 5072 Eo,
2123 5009 2212 5075 ivi,
2237 5010 2389 5074 itum,
2417 5010 2606 5066 iturus.
2634 5010 2822 5076 Rideo,
2858 5013 2968 5077 risi,
3009 5014 3192 5079 risum,
3223 5015 3451 5071 risums.
3489 5015 3575 5071 Vi—

1992 5098 2111 5165 deo,
2137 5100 2260 5165 vidi,
2279 5102 2476 5176 visum,
2519 5102 2747 5156 visurus.
2778 5103 2973 5169 Ardea,
3009 5105 3136 5168 arsi,
3174 5121 3376 5170 orsum,
3419 5123 3575 5162 arsu-

1995 5204 2104 5242 rus.
2139 5188 2376 5254 Mordeo,
2405 5191 2684 5256 momordi,
2713 5208 2965 5258 morsum,
3007 5211 3297 5250 mersuras.
3337 5194 3576 5260 Pendeo.

1990 5281 2230 5351 pependi,
2259 5299 2498 5352 pensum,
2531 5282 2737 5356 [pensu]
2765 5302 3041 5354 pensurus.
3084 5286 3313 5353 Tondeo,
3353 5291 3576 5352 totondi,

1995 5381 2220 5436 tonsum,
2263 5372 2460 5447 [tonsu]
2501 5383 2768 5430 tonsuras.
2810 5373 3081 5446 Spondeo,
3112 5381 3388 5450 spopondi,
3426 5399 3584 5449 spon-

1996 5478 2132 5526 sum,
2169 5479 2454 5532 sponsurus
2496 5479 2515 5518 .'
2554 5464 2698 5534 quod
2725 5481 2750 5520 s
2779 5465 2832 5520 in
2860 5468 3094 5523 secunda
3121 5469 3319 5524 amittit
3355 5471 3578 5542 syllaba.

1999 5552 2230 5619 Candeo,
2280 5556 2483 5622 studeo,
2516 5555 2734 5624 frondea
2775 5557 2920 5630 [Ed.,
2953 5559 3166 5633 fundo],
3199 5561 3464 5620 splendeo.
3497 5565 3578 5613 Ca-

318 5640 599 5710 priesentis
613 5638 869 5708 temporis
895 5638 1028 5696 ﬁunt
1053 5641 1333 5710 participia
1357 5641 1660 5710 praesentia,
1687 5649 1904 5696 etscm-
1999 5646 2147 5700 ciunt
2174 5647 2364 5716 supina
2391 5665 2402 5699 :
2432 5647 2718 5710 conditum,
2753 5649 3028 5716 studitum,
3065 5651 3380 5720 pandum,
3403 5651 3576 5725 splen-

319 5749 413 5803 [νει
440 5731 492 5785 in
539 5747 632 5784 ans
678 5731 756 5784 vel
805 5730 855 5785 in
897 5748 985 5786 ens
1029 5733 1312 5801 desinunt,
1356 5742 1411 5788 ut
1444 5733 1510 5789 ab
1545 5751 1681 5801 amo,
1723 5752 1889 5802 amas,

2001 5736 2196 5804 ditant,
2218 5737 2342 5793 licet
2371 5735 2647 5794 rarissmc
2677 5754 2704 5793 a
2732 5741 2935 5799 neutris
2965 5740 3211 5798 secunda:
3245 5743 3578 5816 conjugatio-
