3906 6190
283 352 397 410 393
1376 355 1844 414 DIDASCALICA.
1880 390 1951 401 —
1983 358 2458 422 GRAMMATICA.
3442 380 3546 437 89.:

274 468 368 523 uis
399 466 592 536 supina
629 465 714 521 vel
758 466 1041 538 participia
1084 466 1358 534 invenias;
1399 477 1461 524 ut
1492 468 1661 535 cales,
1699 478 1866 541 tepeo,
1895 476 1945 533 Α
1970 482 2315 528 commntum
2342 488 2362 527 :
2386 476 2654 547 adipiscar
2681 480 2949 551 adeptum.
2977 482 3186 551 Tunde,
3211 489 3409 554 tutudi,
3432 501 3548 545 tun-

272 559 489 623 Iwrrco,
535 561 716 621 rubea,
758 557 950 628 palleo,
991 568 1048 614 et
1081 567 1278 618 caetera
1320 559 1470 615 talia.
1510 559 1619 617 Sed
1647 576 1753 617 non
1783 570 1868 617 est
1968 578 2145 618 surus.
2176 562 2353 631 Rodo,
2408 568 2535 631 rasi,
2572 566 2801 642 [rasum]
2849 588 3089 629 rasurus.
3141 574 3330 642 Credo,
3379 583 3547 633 credi-
3580 570 3585 581 ’

270 661 413 715 opus
448 646 548 701 tibi
589 654 649 701 ut
683 646 1038 715 quadriformi
1070 648 1286 704 tramite
1320 664 1422 720 per
1460 648 1672 721 singula
1698 650 1865 705 verba
1966 659 2097 717 tum,
2131 654 2447 710 crediturus.
2476 656 2645 723 Cado,
2685 674 2866 716 casum
2909 681 2943 718 a
2984 664 3264 733 producta.
3303 667 3361 723 in
3397 672 3545 727 omni

268 754 513 794 curram.
544 737 759 794 Poteris
788 755 856 793 ex
896 738 1104 808 supinis
1128 741 1410 812 participia
1448 742 1746 812 intelligere
1778 742 1864 797 vel
1966 742 2110 798 enim
2136 745 2327 814 supino
2352 755 2404 801 et
2442 749 2729 818 participio
2768 754 3029 821 praeteriti
3074 758 3334 826 temporis
3360 776 3393 813 a
3418 774 3544 829 pro-

267 844 341 886 ει
365 829 667 899 participiis
693 831 908 900 supina.
1610 876 1637 895 ,

341 920 442 976 Fs.
482 920 609 986 Fac,
637 930 696 976 ut
726 923 936 993 placeat
962 930 1162 988 tamen,
1202 932 1265 980 ut
1301 925 1616 982 obscuriora
1646 941 1865 1000 semper

267 1011 497 1082 pandas.
524 1042 596 1055 -—
626 1012 791 1069 Suo.
832 1014 879 1068 A
913 1024 1087 1085 patec,
1131 1017 1296 1087 potui,
1337 1032 1553 1088 passum
1595 1020 1857 1075 nascitur.

267 1103 434 1171 Heio,
463 1105 615 1172 misi,
646 1106 891 1171 mictum,
936 1114 1009 1172 et,
1052 1108 1249 1178 mingo,
1294 1110 1491 1175 minxi,
1538 1111 1780 1178 mictum,
1822 1131 1858 1168 n

265 1199 552 1268 euphoniae
592 1214 757 1256 causa
798 1200 1053 1254 amittens
1085 1218 1098 1252 :
1128 1209 1183 1255 et
1206 1199 1333 1257 inde
1367 1201 1641 1261 micturus.
1672 1201 1854 1260 Flecta

265 1289 419 1359 (δίδη
432 1290 612 1362 ﬂexo),
634 1288 831 1362 [ﬂexis]
855 1290 999 1360 ﬂexi,
1023 1288 1214 1356 ﬂexus,
1232 1290 1490 1347 ﬂeturus.
1510 1290 1671 1360 Fluo,
1696 1296 1852 1365 ﬂuxi,

264 1382 541 1456 [ﬂuxum],
581 1382 841 1438 ﬂuxurus.
878 1380 1121 1447 Obsoleo,
1159 1382 1403 1448 obsolevi,
1429 1384 1750 1452 obsoletum,
1782 1389 1853 1444 ab

260 1478 354 1532 obs
379 1486 436 1532 et
460 1476 572 1531 oleo
600 1476 977 1544 compositum,
1011 1473 1163 1547 [non]
1200 1490 1232 1529 a
1260 1474 1421 1530 soleo.
1454 1474 1501 1530 A
1526 1494 1699 1544 careo,
1727 1494 1850 1534 cas-

259 1585 380 1636 sus,
399 1567 673 1627 cariturus
700 1567 995 1623 invenitur.
1021 1566 1204 1622 Habeo
1227 1566 1431 1640 [habui]
1454 1568 1723 1635 habitum,
1754 1571 1851 1624 ha-

257 1660 491 1715 biturus.
524 1657 688 1722 Cedo,
731 1658 911 1722 cecidi,
953 1674 1161 1725 casum,
1202 1675 1448 1717 casurus.
1486 1657 1653 1727 Cedo,
1690 1663 1844 1729 cessi,

256 1764 500 1814 cessum,
546 1763 819 1805 oesutrus.
853 1747 1073 1821 [Fadio]
1110 1749 1242 1819 fodi,
1284 1748 1490 1809 lassum
1531 1750 1840 1825 [fossuras].

1965 832 2180 887 ducitur
2206 834 2260 889 in
2305 837 2623 906 penultima,
2668 843 2909 911 exceptis
2942 843 3125 900 datum
3160 855 3215 903 et
3241 857 3454 915 statum,
3486 857 3542 905 et

1961 933 2156 977 satum.
2182 923 2378 993 Findo,
2402 928 2521 997 fidi,
2565 930 2772 999 ﬁssum,
2802 934 3045 1003 ﬁssurus.
3075 936 3116 990 A
3162 940 3373 995 comedo
3400 956 3538 1011 quo-

1960 1026 2066 1082 que
2120 1028 2398 1070 comesum
2455 1026 2511 1072 et
2571 1031 2869 1081 comestlun
2939 1016 3227 1087 invenitur.
3276 1027 3536 1098 Ostende,

1960 1111 2221 1159 ostentum
2272 1105 2357 1160 vel
2402 1116 2688 1177 ostensum,
2730 1122 3057 1173 ostensurus.
3106 1117 3307 1188 Merga,
3356 1138 3535 1186 mersi,

1958 1208 2206 1259 mersum,
2259 1212 2546 1254 mersuras.
2609 1199 2798 1273 Terga,
2844 1206 2968 1259 tersi
3012 1215 3230 1274 tersum,
3272 1218 3531 1267 tersurus.

1957 1281 2169 1356 Fungo,
2194 1289 2391 1359 pupugi
2418 1289 2501 1345 vel
2526 1294 2715 1361 puuxi,
2737 1305 3009 1366 punctum.
3042 1298 3175 1370 Ago,
3206 1299 3308 1369 egi,
3334 1311 3532 1364 actum.

1956 1384 2190 1463 acturus.
2238 1376 2449 1451 Pango,
2473 1384 2667 1454 pepigi,
2713 1395 2947 1455 pactum,
3004 1397 3058 1443 et
3100 1404 3167 1443 ex
3204 1405 3269 1446 eo
3301 1392 3532 1463 impingo

1956 1462 2211 1539 [impegi].
2244 1465 2438 1540 Fingo,
2464 1470 2619 1539 ﬁnxi,
2664 1473 2866 1541 ﬂetum.
2898 1474 3142 1548 Stinguo,
3187 1479 3370 1544 stinxi,
3402 1480 3533 1533 stin-

1952 1566 2122 1622 ctum;
2152 1567 2207 1613 et
2227 1574 2295 1614 ex
2335 1575 2399 1615 eo
2432 1564 2727 1636 exstinguo.
2756 1565 2926 1636 Ango,
2955 1565 3129 1640 [anxi]
3172 1580 3403 1634 anetum,
3436 1590 3533 1626 au-

1948 1659 2135 1699 xurus.
2169 1644 2330 1717 Cogo,
2374 1650 2539 1720 coegi,
2588 1662 2844 1706 coactum.
2909 1652 3067 1717 Velio,
3125 1660 3260 1723 veri,
3310 1671 3528 1714 vectum.

1950 1731 2156 1801 Psalla,
2181 1738 2338 1807 psalli
2381 1738 2534 1806 facit,
2566 1741 2721 1810 cujus
2749 1760 2852 1800 nec
2897 1747 3146 1817 supinum
3176 1766 3276 1805 nec
3302 1753 3526 1824 partici-

256 1840 419 1907 Dedi,
435 1842 616 1902 datum
637 1857 652 1907 ;
670 1840 889 1909 credidi,
908 1842 1205 1908 creditum;
1235 1842 1405 1912 cupio,
1434 1843 1564 1912 cepi,
1588 1851 1829 1913 captum;

1945 1825 2096 1896 pium
2142 1826 2267 1900 legi.
2310 1827 2479 1897 Vella,
2522 1833 2676 1899 vulsi,
2723 1834 2945 1892 vulsum.
2981 1838 3151 1905 Pella,
3184 1842 3380 1913 pepuli,
3404 1845 3527 1916 pul—

253 1934 410 1997 capi,
441 1940 696 2002 coeptum,
726 1929 880 1999 cujus
916 1945 1155 2001 praesens
1188 1932 1347 2004 coepio
1377 1933 1431 1987 in
1458 1948 1557 1988 usu
1584 1949 1690 1989 non
1724 1943 1836 2000 est;

250 2024 450 2095 sapiui,
478 2025 742 2094 sopitum;
773 2024 969 2094 peperi,
996 2031 1231 2094 partum,
1256 2024 1553 2096 pariturus,
1590 2033 1646 2081 et
1679 2041 1745 2081 ex
1774 2041 1842 2081 eo

252 2113 532 2184 parturio;
573 2114 732 2177 orior,
782 2120 957 2177 ortus,
996 2120 1214 2169 arturus
1259 2112 1391 2186 [Al.,
1428 2114 1689 2188 oriturus]
1730 2132 1746 2170 :
1784 2124 1840 2173 et

251 2207 474 2272 moriar,
514 2213 761 2261 mortuus
807 2220 822 2261 :
866 2206 973 2265 hoc
1002 2205 1175 2262 solum
1212 2221 1313 2278 per
1351 2205 1459 2263 duo
1501 2224 1536 2261 ιι
1565 2207 1842 2279 profertur

252 2297 616 2372 [moriturus].
643 2298 887 2366 Quatiar,
902 2314 1177 2368 quassum,
1196 2300 1336 2354 unde
1362 2297 1837 2370 frequentativum,

249 2407 462 2461 quasso,
491 2408 729 2462 quassas.
762 2390 1026 2455 Percutio,
1048 2392 1303 2462 percussi,
1338 2407 1715 2462 percussurus,
1741 2407 1841 2464 per

249 2481 356 2537 duo
381 2499 427 2536 s.
454 2480 586 2548 Uro,
610 2483 740 2548 ussi,
772 2498 1025 2548 ussurus;
1063 2482 1256 2552 farcio,
1287 2483 1442 2554 farsi,
1474 2482 1700 2549 Tarsum,
1729 2484 1841 2539 far-

247 2586 441 2637 surus;
473 2572 664 2638 sarcio,
693 2573 852 2639 sarsi,
877 2588 1110 2638 sarsum,
1129 2588 1415 2640 sarsurus;
1450 2575 1644 2646 potior,
1672 2574 1837 2648 [poti-

246 2660 387 2734 tus],
413 2661 715 2732 potiturus;
750 2661 960 2736 [arguo]
992 2664 1164 2734 argui,
1194 2673 1465 2735 argutum,
1496 2666 1547 2721 id
1579 2675 1683 2732 est,
1708 2683 1839 2723 con-

242 2754 471 2821 victum,
494 2763 803 2825 arguturus.
833 2754 949 2809 Ruo
975 2754 1157 2829 [ruis],
1198 2757 1401 2813 ruitum
1425 2755 1577 2831 [Ms.,
1604 2759 1832 2832 rutum],

241 2844 518 2910 ruiturus;
538 2842 739 2917 loquor,
764 2844 1027 2912 locutum,
1055 2845 1350 2902 locuturus.
1379 2846 1575 2912 Fruar,
1599 2847 1833 2905 fructum

241 2936 401 3003 facit,
444 2936 604 3002 sicut,
639 2946 805 3002 struo,
848 2945 1131 3001 structum,
1176 2936 1338 3009 295
1379 2946 1699 2994 structuras.
1732 2934 1834 2993 Ca-

240 3026 353 3091 luo,
389 3027 441 3082 id
479 3034 563 3082 est
605 3026 834 3097 decipio,
877 3026 1036 3090 calui,
1080 3026 1335 3081 caluitum
1381 3024 1532 3100 [Ms.,
1571 3028 1829 3101 calutum]

236 3119 538 3175 secundum
565 3118 803 3189 regulam
830 3119 987 3174 debet
1014 3119 1192 3174 facere
1222 3137 1235 3173 :
1261 3132 1330 3173 ex
1352 3134 1416 3174 eo
1437 3120 1712 3175 derivatur
1740 3136 1830 3175 ca-

239 3211 467 3267 lumnia.
520 3210 657 3278 Neo,
700 3211 831 3277 nevi,
874 3220 1083 3277 netum,
1127 3217 1353 3268 neturus
1392 3209 1539 3285 [Al.,
1578 3218 1824 3279 neutum,

238 3301 553 3376 uenturus].

311 3393 601 3449 Sciendum
635 3408 849 3465 quoque
890 3393 989 3450 tibi
1036 3401 1119 3452 est
1168 3391 1311 3465 quod
1350 3409 1492 3464 saepe
1538 3410 1602 3449 ea
1651 3395 1815 3449 verba

235 3498 363 3553 qua
386 3483 441 3538 in
470 3485 746 3555 prasterito
774 3484 1016 3555 perfecto
1037 3502 1065 3541 υ
1087 3493 1480 3542 consonantem
1508 3495 1820 3552 assumunt,

239 3575 296 3630 in
323 3574 556 3629 secunda
576 3582 631 3629 et
654 3575 815 3630 tertia
841 3591 1071 3645 persona
1098 3592 1392 3648 syncopam
1418 3578 1716 3647 patiantur,
1740 3586 1818 3642 ut,

238 3681 364 3728 nco,
386 3665 525 3729 nevi,
556 3665 740 3719 novisti
770 3664 853 3719 vel
878 3667 1029 3720 nesti.
1071 3666 1221 3729 Amo,
1263 3658 1523 3731 muavisti,
1550 3666 1636 3721 vel
1673 3683 1823 3720 ama-

234 3755 309 3809 sti
349 3767 369 3806 :
402 3762 460 3809 et
483 3754 537 3809 in
562 3753 756 3824 plurali
807 3754 1148 3827 [amavistis],
1184 3756 1267 3810 vel
1300 3757 1550 3820 amastis,
1584 3755 1820 3828 [ornave-

235 3843 390 3917 runt]
416 3843 500 3900 vel
526 3855 792 3900 amarunt.
840 3846 933 3900 illa
959 3859 1091 3901 vero
1132 3861 1254 3916 qua:
1284 3846 1338 3901 in
1379 3847 1638 3916 presenti
1667 3864 1696 3901 v
1724 3848 1822 3902 lia-

235 3937 374 3991 bent
399 3946 805 4001 consonantem,
839 3952 946 3992 non
984 3945 1212 4007 possunt
1240 3936 1296 3992 in
1324 3937 1601 4008 praeterito
1627 3952 1819 4008 synco-

233 4042 368 4099 pam
395 4027 537 4099 pati;
565 4039 642 4092 ut,
692 4028 834 4093 lavo,
861 4028 1081 4088 lavasti.‘
1120 4045 1281 4084 nemo
1306 4028 1460 4093 dicit,
1487 4027 1609 4084 lnsti
1634 4028 1718 4084 vel
1744 4029 1819 4084 Ia-

232 4121 363 4184 stis,
389 4118 476 4176 vel
510 4118 709 4175 larunt.
735 4118 849 4182 Ico,
880 4119 972 4185 ici,
999 4120 1180 4183 ictum,
1218 4121 1452 4183 icturus;
1482 4117 1611 4191 [vel]
1641 4119 1820 4174 bravis

232 4214 253 4268 i
286 4214 343 4267 in
372 4213 620 4281 praesenti
649 4219 705 4268 et
748 4213 1055 4282 praeterito;
1108 4212 1238 4285 [vel]
1288 4212 1470 4284 longa,
1519 4219 1598 4277 ut,
1626 4214 1815 4284 quievi,

230 4303 532 4373 quieturus.
579 4301 830 4375 [Lingua]
881 4301 1031 4373 liqui,
1076 4301 1226 4368 liatu,
1255 4301 1509 4365 licturus;
1554 4310 1608 4357 et
1633 4317 1701 4357 ex
1728 4317 1814 4369 eo,

235 4392 450 4465 reliqui,
500 4392 781 4468 [relictum]
836 4393 1133 4450 relicturus.
1190 4392 1370 4460 Vinea,
1413 4395 1532 4462 vici,
1564 4395 1814 4450 victurus.

1940 1935 2076 1975 sum.
2107 1919 2227 1985 Ala,
2259 1920 2392 1989 alui,
2418 1923 2577 1979 alitus
2607 1926 2693 1982 vel
2717 1926 2878 1984 altus.
2907 1928 3077 1998 Tollo,
3104 1933 3317 2001 sustuli,
3344 1937 3526 1991 subla-

1940 2019 2073 2077 tum,
2098 2011 2422 2068 sublaturus.
2449 2014 2863 2090 Como,compsi,
2894 2033 3176 2094 comptum,
3200 2036 3521 2097 compturus.

1939 2098 2125 2169 Demo,
2151 2102 2373 2175 dempsi,
2408 2108 2673 2179 demptum
2708 2108 3082 2188 [dempturus].
3115 2115 3406 2173 Sciendum
3441 2129 3527 2176 est

1940 2191 2037 2292 tibi
2067 2194 2210 2264 quod
2256 2196 2564 2268 huiusmodi
2604 2203 2963 2292 positionibus
2998 2207 3297 2266 litterarum
3326 2213 3526 2285 ubique

1938 2289 2081 2337 inter
2105 2300 2157 2336 m
2179 2292 2233 2339 et
2255 2294 2364 2340 tum
2386 2303 2421 2357 p
2448 2290 2757 2359 ponendum
2784 2302 2887 2349 est.

2017 2369 2201 2439 Vomo,
2238 2378 2436 2443 vomui,
2477 2380 2745 2436 vomitum.
2771 2373 2985 2452 Primo,
3029 2388 3219 2457 pressi,
3256 2407 3518 2460 pressum,

1935 2480 2231 2534 pressurus.
2262 2467 2430 2535 Cano,
2458 2472 2657 2540 cecini;
2706 2488 2774 2529 ex
2808 2491 2897 2539 eo,
2943 2479 3147 2547 occino,
3178 2484 3405 2551 occinui,
3434 2502 3523 2540 oc-

1936 2565 2163 2646 centum.
2193 2557 2442 2625 Succino,
2467 2572 2788 2619 succentum.
2810 2563 3026 2635 Temno,
3047 2572 3254 2641 tempsi,
3271 2582 3521 2646 temptum

1937 2643 2067 2717 [Al.,
2091 2658 2419 2720 contempno,
2436 2656 2739 2725 contempsi,
2772 2661 3164 2735 contemptum].
3186 2663 3340 2731 Creo,
3363 2643 3519 2733 crevi,

1935 2747 2170 2804 cretum;
2210 2754 2277 2794 ex
2304 2755 2369 2796 eo
2399 2750 2454 2796 et
2477 2743 2544 2796 do
2571 2744 2755 2812 verbo,
2797 2747 2951 2802 credo
2978 2754 3337 2822 componitur,
3363 2755 3520 2826 quasi

1936 2840 2143 2888 certum
2161 2834 2249 2889 do.
2267 2833 2421 2903 Lino,
2454 2836 2573 2911 [lini
2590 2839 2666 2912 et]
2692 2840 2813 2908 livi;
2839 2844 2922 2899 vel
2939 2844 3091 2912 linio,
3108 2846 3283 2916 litum,
3301 2849 3513 2907 (iturus.

1936 2921 2224 2979 Sciendum
2238 2934 2323 2981 est
2334 2929 2477 2997 quod
2490 2937 2599 2984 tam
2631 2931 2784 3003 [Ms.,
2809 2936 3012 3010 tamen]
3040 2937 3190 2994 litum
3209 2949 3265 2996 et
3286 2941 3440 3010 itum,
3462 2952 3520 2998 et

1934 3032 2004 3072 ex
2024 3033 2090 3075 eo
2107 3022 2432 3091 composita,
2454 3025 2647 3091 abitus,
2661 3031 2980 3096 praeteritus,
3006 3033 3254 3099 etsitum,
3281 3043 3335 3089 et
3360 3053 3515 3106 queo,

1933 3110 2158 3180 quitum,
2174 3122 2271 3167 cta
2293 3129 2340 3170 Ct
2356 3134 2407 3180 o,
2433 3117 2615 3182 citum,
2640 3133 2670 3173 a
2690 3135 2907 3189 nequeo,
2931 3124 3190 3193 nequitus,
3215 3127 3518 3197 corripiunt

1932 3204 2281 3273 penultimas,
2323 3207 2465 3277 quod
2493 3207 2546 3261 in
2576 3208 2696 3263 aliis
2735 3211 2942 3279 supinis
2971 3221 3027 3267 et
3048 3213 3367 3285 participiis,
3395 3232 3516 3286 qua:

1930 3309 1962 3347 a
1991 3296 2287 3363 praeteritis
2333 3298 2389 3351 in
2431 3299 2478 3352 vi
2507 3299 2921 3357 terminautibus
2946 3319 3054 3359 non
3104 3304 3385 3373 invenies;
3433 3317 3512 3374 ut,

1932 3388 2128 3454 amavi,
2154 3398 2394 3456 amatus;
2422 3392 2579 3457 movi,
2616 3402 2821 3461 motus;
2848 3395 3039 3465 cupivi,
3069 3398 3336 3467 cupitum;
3377 3401 3512 3465 neri,

1930 3487 2127 3531 netum.
2159 3477 2387 3551 Rumpo,
2416 3481 2557 3551 rupi,
2586 3490 2817 3552 ruptum.
2857 3480 3043 3550 Verro,
3077 3483 3233 3557 [versi
3259 3486 3366 3560 vel]
3396 3505 3515 3542 ver-

1925 3572 1994 3635 ri,
2041 3589 2269 3638 versum,
2330 3589 2592 3629 versurus.
2665 3574 2881 3642 Quaero,
2929 3579 3168 3645 qua’sivi,
3214 3582 3510 3651 quasitum.

1924 3659 2085 3726 Reor,
2135 3671 2320 3727 ratus;
2367 3679 2573 3728 exsere,
2624 3666 2855 3731 exserui,
2904 3677 3189 3733 exsertum,
3216 3680 3512 3724 exserturus

1923 3750 2296 3825 [Ms.,Exero,
2343 3754 2546 3820 exarui,
2594 3765 2852 3821 exertum,
2896 3757 3051 3829 etc.].
3088 3757 3251 3826 Meto,
3296 3760 3511 3821 messui,

1921 3858 2166 3908 messum,
2219 3858 2505 3898 messurus.
2549 3844 2726 3909 Mitto,
2767 3847 2911 3911 misi,
2962 3849 3202 3911 missum,
3251 3850 3509 3902 missurus

1920 3949 2019 4003 per
2050 3934 2155 3989 duo
2178 3949 2253 3998 ss,
2281 3948 2404 3987 cum
2430 3933 2552 3987 misi
2576 3948 2673 4003 per
2698 3948 2864 3987 unum
2902 3934 3095 3989 debeat
3136 3935 3321 3991 scribi.
3355 3935 3506 4000 Peto,

1919 4027 2094 4097 petivi,
2120 4027 2359 4097 petitum,
2386 4025 2541 4097 longa
2569 4027 2882 4096 penultima.
2910 4027 3073 4094 Temo,
3099 4030 3265 4093 texui,
3287 4039 3505 4085 textum.

1922 4115 2095 4181 Nero,
2148 4118 2330 4182 nexui,
2380 4133 2591 4172 nexum.
2646 4115 2864 4183 Farcio,
2904 4118 3057 4189 farsi,
3089 4117 3325 4188 fartum;
3367 4120 3509 4175 unde

1919 4204 2141 4274 fartores
2165 4222 2183 4260 :
2209 4206 2348 4261 sicut
2373 4221 2405 4261 a
2438 4207 2631 4272 sarcio,
2657 4209 2817 4273 sarsi,
2844 4218 3069 4274 sartum,
3098 4218 3346 4264 sartores.
3378 4212 3511 4266 Sen-

1918 4298 2014 4362 tio,
2061 4297 2222 4362 scnsi,
2272 4314 2501 4353 sensum.
2548 4297 2775 4366 Raucio,
2817 4301 2984 4367 rausi,
3035 4318 3272 4356 rausum.
3327 4300 3507 4371 Sapio,
3558 4364 3571 4371 _

1918 4389 2076 4459 sepsi,
2111 4399 2333 4461 septum.
2368 4389 2554 4457 Venio,
2582 4392 2719 4456 veni,
2746 4403 2973 4458 ventum,
3007 4404 3273 4449 venturus.
3315 4393 3505 4457 Pario,

230 4486 454 4553 Cresco,
480 4488 634 4552 crevi,
666 4498 885 4555 cretum,
913 4497 1170 4543 cretum.
1217 4486 1357 4552 Scio,
1406 4488 1552 4554 scivi,
1602 4490 1812 4555 scitum,
1847 4516 1893 4575 υ
1919 4480 2114 4550 peperi.
2142 4489 2375 4575 Ρανεκξη,
2396 4490 2666 4552 Ρανεαηιεο
2697 4481 2842 4548 δείο,
2870 4483 3018 4549 εσίῑνὶ,
3062 4484 3275 4549 εείτιιηιν
3317 4489 3507 4554 Penni-

228 4580 503 4644 scitttrus;
537 4586 593 4634 et
629 4595 696 4636 ex
723 4594 790 4635 eo
817 4581 1002 4635 scisco.
1035 4579 1231 4646 Nosco,
1260 4581 1401 4646 novi,
1429 4589 1633 4647 notum,
1662 4591 1817 4636 notu-

235 4682 352 4724 m.
397 4667 641 4740 Ignosco,
669 4670 964 4740 ignoturus.
998 4669 1186 4734 Pasca,
1215 4671 1352 4741 pavi,
1380 4681 1609 4743 pastum,
1640 4682 1819 4743 pastu-

235 4777 356 4816 rsts.
383 4759 562 4827 Disce,
594 4760 861 4827 discitum,
907 4761 1211 4816 discitur’us.
1242 4761 1437 4828 Parca,
1476 4779 1663 4833 parsu,
1688 4779 1815 4832 par-

234 4867 418 4908 surus.
460 4851 731 4918 Paciscor,
763 4856 992 4923 pactum;
1019 4861 1290 4923 pactum.
1322 4851 1664 4921 Pro/iciscor,
1692 4867 1814 4923 pro.

234 4942 459 5014 factum,
497 4939 847 5012 profecturus.
882 4939 1247 5012 Expergiscor,
1296 4941 1594 5012 praeterito,
1635 4956 1819 5011 exper-

236 5041 415 5089 rectus
443 5030 638 5107 [Edit.,
664 5032 960 5103 expergitus
1006 5031 1169 5104 sum],
1210 5040 1534 5103 czperrectu,
1578 5047 1817 5102 experre-

232 5134 443 5181 ctum.
486 5122 799 5187 Nanciscor,
853 5131 1036 5177 nactus
1078 5138 1217 5189 sum,
1260 5130 1496 5186 nactum,
1545 5130 1815 5186 nacturus,

232 5217 447 5285 absque
472 5230 526 5268 ιι.
569 5210 806 5285 Pangor,
831 5223 1033 5285 pactus,
1058 5220 1330 5284 pactum.
1381 5211 1604 5284 Fingor,
1639 5212 1816 5281 fictus,

230 5310 484 5381 ﬁctum.
516 5307 745 5380 Tangor,
795 5319 985 5373 tactus,
1016 5317 1276 5365 tacturus.
1308 5309 1534 5379 Jungor,
1572 5309 1812 5379 junctus,

226 5400 542 5473 juncturus.
610 5396 659 5452 F
662 5416 851 5470 ungor,
918 5399 1152 5468 functus,
1207 5400 1503 5470 functurus.
1562 5398 1813 5471 Plangor,

231 5489 504 5561 planctus.
537 5487 735 5560 Angor,
772 5498 991 5554 auctus;
1040 5490 1300 5560 ιιι-πιθήιὶ
1348 5489 1688 5561 participium
1738 5489 1815 5545 ia-

233 5584 412 5639 ciunt.
442 5581 534 5638 Sic
557 5590 615 5638 et
639 5582 885 5649 ulciscar,
911 5582 1054 5638 ultus
1081 5600 1098 5637 :
1127 5583 1363 5651 Irascor,
1402 5584 1572 5638 iratus
1598 5599 1616 5638 :
1646 5583 1814 5653 Defu-

235 5676 403 5730 tiscor
428 5670 579 5747 μὴ,
626 5674 945 5748 deﬂeiscar],
975 5675 1227 5745 derasus,
1275 5676 1330 5733 id
1367 5685 1470 5742 est,
1518 5677 1810 5748 fatigatus;

237 5782 367 5819 nam
415 5782 443 5819 ει
468 5765 655 5835 tte/icio
680 5765 908 5835 defectus
939 5765 997 5819 lit
1025 5766 1389 5838 participium.
1434 5764 1815 5823 Comminiscar

1920 4570 2049 4624 litua
2072 4570 2273 4640 ubique
2301 4570 2481 4641 longa,
2526 4579 2587 4627 ut
2622 4572 2856 4637 auditus,
2887 4574 3139 4639 munitus,
3185 4574 3503 4637 arcessitus;

1919 4659 2024 4715 nisi
2056 4660 2109 4714 in
2137 4662 2542 4731 praenominatis
2578 4660 2734 4734 [Hs.,
2762 4661 3129 4733 praeuotstis].
3162 4658 3387 4733 Sepelio,
3419 4680 3502 4717 se-

1916 4749 2093 4820 pelivi,
2120 4750 2377 4822 sepultus,
2401 4750 2723 4823 sepulturus.
2757 4750 2928 4817 Salio,
2955 4753 3094 4807 salui
3123 4750 3273 4825 [Ms.,
3300 4752 3498 4825 salici],

1917 4840 2131 4895 saltum.
2162 4840 2310 4897 Salio
2340 4858 2371 4897 a
2398 4843 2532 4909 sale,
2556 4843 2731 4911 salici,
2777 4843 2996 4909 salsum,
3026 4844 3295 4912 salsurus;
3321 4847 3501 4902 Parti-

1918 4934 2118 5003 cipium
2148 4948 2365 5004 quoque
2389 4949 2457 4990 ex
2500 4950 2566 4991 eo
2607 4936 2946 5006 prieteritum
2973 4947 3074 5001 est.
3106 4936 3293 4992 salitus
3315 4946 3369 4992 et
3389 4937 3500 4991 sul-

1918 5045 2008 5083 sus
2034 5026 2143 5101 [vel
2185 5027 2398 5101 salius].
2430 5029 2638 5096 Ambio,
2688 5030 2902 5098 ambivi,
2933 5030 3220 5092 ambitum;
3246 5038 3302 5086 et
3332 5046 3399 5085 ex
3432 5044 3498 5084 eo

1918 5119 2144 5174 ambitus
2165 5134 2384 5186 nomen,
2407 5128 2654 5191 correpta
2681 5121 2996 5192 penultima.

1982 5211 2153 5283 298
2177 5212 2276 5267 Fn.
2323 5211 2435 5269 Cur
2480 5213 2629 5269 hoc?
2653 5243 2725 5255 -
2750 5212 2919 5269 Suo.
2951 5212 3089 5280 Quia
3116 5212 3295 5267 ambio
3339 5212 3409 5265 ab
3435 5228 3495 5264 eo
3596 5220 3599 5225 '

1915 5306 2084 5362 verbo
2119 5305 2474 5376 compositum
2509 5313 2613 5361 est.
2644 5304 2779 5360 Nam
2802 5304 3040 5361 verbalia
3081 5304 3300 5359 nomina
3343 5317 3375 5357 a
3410 5317 3496 5357 se-

1919 5397 2093 5452 cunda
2144 5396 2415 5452 venientia
2470 5396 2849 5469 coniugatione
2896 5395 3247 5471 penultimam
3296 5394 3496 5450 habent

1917 5492 2167 5555 brevem;
2190 5489 2529 5555 ut,‘habitus,
2573 5488 2822 5543 monitus.
2852 5486 3252 5543 Memorandum
3279 5501 3496 5555 quoque

1916 5584 2015 5640 tibi
2035 5591 2139 5650 est,
2165 5584 2544 5655 impersonalia
2566 5583 2775 5653 supinis
2796 5590 2853 5638 et
2878 5580 3177 5653 participiis
3202 5580 3485 5640 defecisse,

1916 5676 2017 5730 nisi
2051 5675 2223 5739 raris;
2255 5683 2313 5729 ιιι
2348 5689 2387 5730 a
2427 5674 2635 5745 panitet
2664 5673 2965 5745 portitoris,
2991 5671 3134 5729 unde
3156 5680 3215 5726 et
3249 5670 3494 5740 panum-

1916 5767 2025 5833 tia;
2053 5773 2105 5823 et
2128 5782 2156 5821 a
2182 5764 2296 5824 licet
2320 5765 2534 5824 licentia
2559 5774 2613 5823 ct
2652 5766 2829 5824 licitus
2858 5784 2870 5821 :
2907 5775 2961 5822 ct
2988 5783 3017 5822 a
3048 5765 3191 5829 libet,
3220 5764 3411 5820 libens.
