3906 6190
400 341 509 397 895

866 445 955 501 DE
994 440 1529 502 CONJUNCTIONE.

470 561 571 615 Fs.
613 556 766 613 Nunc
793 556 927 612 ordo
956 556 1191 627 partium
1233 553 1437 623 ﬂagitat
1467 560 1527 607 ut
1566 551 1633 607 de
1663 553 1990 623 coniunctio-

403 670 473 710 ne
499 654 667 709 dicas.
688 681 760 691 —-
788 649 955 706 Suo.
990 648 1310 719 Coniunctio
1339 656 1422 701 est
1448 662 1576 716 pars
1618 645 1878 701 orationis
1900 645 1986 698 in-

406 742 764 809 declinabilis,
791 740 1132 810 coniunctiva
1158 746 1212 793 et
1239 737 1603 807 signiﬁcativa
1633 735 1790 809 [Ms.,
1816 737 1990 792 consi-

405 833 761 909 guilicativa],
804 832 1033 888 aliarum
1079 829 1317 900 partium
1362 827 1471 883 vim
1511 836 1567 882 et
1595 827 1989 883 ordinationem

409 930 813 985 demonstrans.

474 1019 575 1075 Fx.
616 1016 894 1085 Quomodo
916 1013 1026 1068 vim
1051 1019 1108 1066 et
1133 1010 1530 1067 ordinationem
1558 1008 1988 1065 demonstrans?

411 1140 484 1151 ——
510 1107 677 1163 Saxo.
704 1105 850 1170 Vim,
891 1103 1106 1173 quando
1134 1101 1341 1171 aliquas
1385 1115 1474 1155 res
1513 1099 1673 1155 simul
1698 1099 1987 1169 signiﬁcat,

407 1208 490 1265 ut,
513 1207 562 1254 et
583 1197 701 1268 pius
720 1204 768 1250 et
785 1193 937 1264 fortis
960 1194 1059 1265 fuit
1077 1190 1298 1247 Encas.
1324 1191 1749 1257 Ordinationem,
1775 1189 1993 1260 quando

410 1287 859 1358 consequentiam
909 1286 1212 1356 aliquarum
1252 1276 1599 1339 demonstrat
1652 1298 1871 1348 rerum;
1911 1290 1991 1347 ut,

410 1384 456 1437 si
499 1380 757 1448 ambulat,
802 1388 1072 1446 movetur;
1116 1379 1363 1449 sequitur
1397 1378 1541 1433 enim
1572 1375 1996 1431 ambulationem

412 1482 613 1530 motus.

482 1565 582 1620 Fs.
623 1564 767 1632 Quot
803 1564 1055 1619 accidunt
1103 1562 1509 1634 coniunctioni?
1536 1593 1607 1602 —
1626 1561 1792 1616 Ssxo.
1823 1559 1951 1615 Tria
1980 1578 1992 1613 :

413 1661 604 1730 ﬁgura,
649 1668 705 1713 et
734 1658 963 1728 species,
1002 1666 1057 1711 et
1084 1657 1237 1712 ordo.
1277 1654 1476 1727 Figura
1505 1654 1755 1723 simplex,
1786 1663 1846 1708 ut
1874 1672 1886 1707 :
1918 1662 1996 1719 at,

413 1762 486 1820 et,
513 1751 622 1807 sed.
650 1750 982 1821 Composita,
1012 1758 1105 1805 ut:
1137 1756 1312 1819 atque,
1338 1748 1550 1813 etenim,
1591 1742 1841 1801 sedenim.
1870 1742 1997 1801 Haec

414 1841 560 1898 enim
587 1856 650 1895 ex
679 1848 905 1896 accentu
929 1839 1226 1910 composita
1248 1853 1368 1894 esse
1393 1845 1711 1893 noscuntur.

487 1932 589 1987 Fs.
654 1931 733 1987 Da
781 1932 1080 2002 specierum
1125 1945 1339 2001 quoque
1384 1929 1670 1984 rationem.
1711 1959 1783 1969 —
1831 1926 2033 1999 Suo.~

418 2023 654 2093 Species,
689 2039 825 2095 quas
861 2022 1100 2077 Donatus
1128 2027 1454 2092 potestatem
1504 2019 1769 2083 nominat,
1811 2032 2001 2072 secun-

419 2117 546 2171 dum
577 2131 700 2169 eum
727 2115 964 2185 quinque
1002 2121 1129 2169 sunt
1162 2103 1527 2184 :eopula'tiva,
1569 2110 1856 2181 expletiva,
1883 2124 2005 2163 cau-

419 2207 569 2271 salis,
603 2207 948 2277 disiunctiva,
984 2205 1285 2261 rationalis.
1327 2202 1632 2259 Secundum
1669 2201 2005 2257 Priscianum

417 2301 620 2371 plures.
642 2300 749 2355 Sed
767 2301 849 2355 ha:
873 2300 1111 2371 quinque
1124 2300 1332 2369 species
1345 2296 1668 2370 principales
1682 2305 1826 2363 sunt,
1849 2294 2007 2349 alias-

420 2413 525 2467 que
552 2397 609 2451 in
642 2412 701 2452 se
727 2396 1067 2452 continentes
1100 2398 1328 2468 species.

495 2486 592 2540 Εἰς.
661 2485 845 2541 Pande
899 2486 1234 2558 singularum
1280 2485 1525 2554 exempla
1588 2483 1909 2554 specierum.
1939 2513 2009 2525 --

423 2580 589 2636 Saxo.
632 2577 954 2649 Capulativa:
997 2586 1143 2642 sunt,
1187 2593 1307 2648 qua).
1352 2576 1607 2647 copulant
1657 2584 1767 2630 tam
1817 2577 2003 2640 verba,

421 2689 584 2743 quam
621 2686 831 2736 sensus,
856 2678 950 2724 ut:
978 2679 1049 2736 et,
1083 2686 1204 2742 que,
1229 2678 1306 2735 at,
1334 2678 1510 2740 atque,
1541 2686 1623 2733 ac,
1654 2678 1755 2723 ast.
1788 2668 2010 2738 Disjun-

422 2767 570 2820 ctivte
596 2772 744 2830 sunt,
775 2780 895 2833 qua:
925 2764 1174 2836 quamvis
1210 2764 1476 2821 dictiones
1517 2764 1773 2837 iungant;
1818 2780 2010 2820 sensus

424 2853 534 2927 [ΑΙ.
585 2853 772 2927 sensu]
805 2863 986 2910 tamen
1036 2854 1371 2925 disiungunt,
1416 2862 1471 2909 et
1513 2870 1677 2910 unum
1727 2871 1758 2911 e
1802 2856 2011 2911 duobus

422 2963 544 3004 csse
569 2948 898 3021 signiﬁcant,
921 2956 1023 3003 ut:
1072 2947 1168 3014 vel,
1194 2967 1270 3016 ve,
1314 2965 1400 3014 ne,
1438 2965 1555 3015 nec,
1606 2965 1791 3020 neque,
1846 2947 2007 3021 [aut].

421 3041 714 3113 Expletivw
745 3052 871 3098 sunt
905 3059 1026 3114 quae
1069 3044 1155 3099 vel
1182 3045 1385 3099 bonum
1420 3043 1504 3098 vel
1550 3043 1750 3098 malum
1798 3044 2015 3114 explent

427 3150 669 3233 sensi-Im,
725 3143 787 3189 ut
830 3149 844 3188 :
871 3133 1102 3206 quidem,
1127 3134 1388 3233 equidem,
1416 3134 1599 3189 saltem
1623 3132 1755 3208 [Al.,
1782 3134 2007 3208 saltim],
2035 3147 2082 3209 ο
2183 3161 2283 3217 Ἐκ.
2309 3162 2628 3233 praepositio
2658 3161 2789 3233 quid
2814 3164 2935 3218 est?

427 3224 684 3290 videlicet,
723 3243 1044 3296 quanquam,
1065 3226 1323 3295 quamvis,
1351 3242 1573 3295 quoque,
1598 3235 1793 3290 autem,
1818 3241 1975 3295 porro
1992 3265 2007 3289 ,

424 3314 641 3379 scilicet,
686 3324 878 3368 tamen.
910 3312 1162 3368 Causales
1190 3322 1337 3379 sunt,
1382 3330 1503 3383 quae
1533 3329 1752 3369 causam
1796 3297 2015 3368 antece-

429 3405 648 3458 dentem
674 3404 1002 3473 signiﬁcant,
1049 3412 1107 3458 ut
1136 3423 1149 3458 ε
1174 3404 1364 3485 ‘doctus
1389 3422 1525 3472 sum,
1556 3423 1679 3459 nam
1707 3404 1841 3475 legi;
1868 3405 1912 3459 si
1935 3403 2014 3460 sol

426 3504 525 3557 est,
545 3495 664 3564 jam
705 3495 862 3547 lucet.
906 3494 1083 3549 Causa
1105 3496 1250 3550 enim
1280 3496 1499 3552 luminis
1545 3496 1625 3551 sol
1646 3504 1748 3550 est.
1777 3496 1845 3550 Et
1889 3505 2017 3551 sunt

392 3582 397 3587 ’
428 3588 543 3643 haec
573 3605 585 3639 :
619 3584 699 3650 Si,
725 3588 843 3653 etsi,
866 3589 1094 3652 etiamsi,
1119 3588 1398 3658 siquidem,
1425 3588 1661 3658 quando,
1686 3588 2016 3661 quandoqui-

427 3678 567 3744 dem,
593 3679 898 3749 quinetiam,
924 3688 1203 3750 quatenus,
1228 3681 1333 3745 sin,
1359 3695 1470 3746 seu,
1500 3680 1606 3735 sive
1648 3679 1837 3753 [neve],
1868 3698 2018 3735 nam-

434 3790 553 3842 que,
603 3773 678 3841 ni,
720 3775 821 3828 nisi
853 3773 977 3847 [nisi
1023 3774 1116 3848 si],
1166 3776 1327 3840 enim,
1357 3776 1566 3842 etenim,
1626 3795 1712 3843 ne,
1764 3777 2014 3844 sedenim,

430 3865 651 3930 interea,
692 3866 1048 3937 quamobrem,
1087 3869 1397 3938 praesertim,
1429 3870 1573 3933 item,
1618 3870 1861 3941 itemque,
1888 3879 2021 3924 cete-

433 3971 574 4021 rum,
614 3955 871 4028 alioquin,
896 3967 1167 4027 praeterea.
1200 3956 1508 4023 Rationales
1536 3968 1681 4026 sunt,
1709 3956 1828 4030 quae
1854 3960 2022 4016 ratio-

431 4063 556 4101 nem
581 4048 658 4103 rei
688 4049 939 4115 reddunt,
965 4060 1023 4104 ut
1050 4068 1063 4104 :
1106 4051 1203 4115 ita,
1231 4051 1431 4122 itaque,
1456 4053 1727 4123 quoniam,
1756 4052 1916 4116 enim,
1943 4061 2021 4106 et-

430 4138 592 4203 enim,
636 4140 913 4204 enimvero,
959 4141 1103 4211 quia,
1150 4158 1333 4212 quare,
1372 4152 1706 4214 quapropter,
1750 4143 2018 4214 quoniam,

431 4227 662 4295 quidem,
715 4230 923 4301 quippe,
968 4248 1107 4303 ergo,
1136 4232 1253 4286 ideo
1282 4231 1510 4307 [igitur],
1538 4235 1758 4300 scilicet,
1786 4243 2023 4307 propter-

432 4334 495 4371 ea
531 4316 834 4391 [videlicet].
1207 4368 1210 4371 .

503 4408 604 4462 Fn.
667 4407 812 4464 Ordo
859 4409 1301 4479 coniunctionum
1350 4430 1407 4469 tn
1453 4429 1560 4484 quo
1602 4416 1722 4470 est?
1755 4446 1825 4457 —
1854 4415 2019 4471 Sno.

433 4501 570 4568 Quia
600 4501 721 4556 alia;
750 4509 899 4568 sunt,
948 4518 1069 4573 quae
1112 4518 1328 4573 semper
1354 4515 1762 4577 prmponuntur,
1792 4518 1891 4562 ut:
1938 4519 2014 4575 at,
2048 4496 2098 4557 D

433 4602 537 4659 ast,
561 4602 674 4658 aut,
702 4610 786 4659 ac,
813 4592 911 4661 vel,
955 4610 1068 4659 nec,
1096 4612 1283 4666 neque,
1329 4597 1397 4662 si,
1434 4596 1579 4669 quia,
1610 4608 1888 4669 quatenus,
1913 4600 2018 4666 sin,

434 4703 551 4751 seu,
587 4687 713 4753 sive,
742 4687 796 4741 ni
828 4686 1022 4760 [nam].
1053 4688 1187 4744 Aliae
1230 4699 1624 4761 supponuntur,
1656 4699 1751 4746 ut:
1788 4693 2019 4763 quidem,

433 4794 656 4849 quoque,
708 4789 903 4833 autem.
948 4778 1084 4836 Alia:
1132 4797 1273 4851 pene
1325 4797 1514 4839 omnes
1561 4783 1928 4841 indill'erenter
1967 4794 2025 4842 et

432 4872 674 4940 praeponi
703 4880 758 4927 et
784 4887 1008 4944 supponi
1034 4883 1281 4944 possunt,
1315 4885 1412 4932 ut:
1446 4894 1587 4948 ergo,
1631 4878 1813 4948 igitur.
1862 4878 2021 4934 luve-

433 4963 659 5018 niuntur
695 4978 911 5035 quoque
940 4981 1080 5035 saepe
1113 4966 1524 5036 coniunctiones
1555 4970 1608 5024 in
1637 4971 1866 5027 aliarum
1895 4987 2024 5027 con-

429 5056 771 5129 iunctionum
801 5065 1125 5126 potestatem
1158 5062 1410 5127 transire,
1459 5071 1519 5117 ut
1550 5079 1564 5115 :
1610 5061 1688 5117 vel
1716 5063 2023 5119 distinctiva

435 5148 748 5219 coniunctio
776 5164 876 5219 pro
903 5150 1210 5221 copulativa
1246 5154 1483 5222 ponitur,
1516 5163 1576 5208 ut
1601 5155 1908 5230 Terentius.
1936 5197 1948 5209 .
1969 5196 1981 5210 .
2006 5195 2019 5209 .

449 5238 538 5294 Vel
566 5257 676 5308 rex,
720 5256 842 5311 pro,
896 5242 1055 5296 etiam
1106 5260 1218 5298 rex.
1267 5244 1617 5299 Inveniuntur
1659 5260 1874 5315 quoque
1906 5245 2025 5300 alia:

435 5337 619 5400 partes
663 5345 764 5401 pro
822 5332 1203 5403 coniunctione
1250 5334 1410 5404 poni;
1475 5335 1717 5399 nomina,
1764 5343 1865 5389 ut:
1919 5352 2025 5405 qua

436 5438 597 5476 causa
612 5423 637 5476 ?
650 5440 758 5494 qua
776 5425 950 5496 gratia
964 5425 991 5479 Ρ
1006 5442 1165 5497 quam
1186 5426 1248 5481 ob
1271 5427 1420 5505 rem?
1442 5426 1698 5491 Verbum,
1725 5434 1809 5491 ut;
1833 5443 2023 5497 quam-

388 5596 389 5599 η
438 5515 536 5580 vis,
566 5523 621 5570 et
645 5514 765 5571 licet
790 5532 891 5586 pro
921 5535 1221 5590 quanquam
1255 5519 1512 5592 Virgilius
1560 5519 1713 5589 (.En.
1746 5537 1822 5585 χι,
1854 5519 1979 5591 548)
2006 5534 2021 5573 :

508 5626 680 5675 Dicam
703 5630 952 5692 equidem,
974 5632 1094 5682 licet
1113 5644 1252 5684 arma
1275 5634 1411 5696 mihi,
1438 5641 1747 5698 mortemque
1786 5637 2020 5687 minetur.

514 5783 540 5811 ι
586 5770 754 5841 Virg,
794 5773 973 5847 Eclog.
1001 5793 1089 5845 ut,
1125 5777 1212 5832 77.

1220 334 1277 390 Β.
1319 334 1382 387 F.
1421 328 1648 387 ALBINI
1687 326 1819 387 SEU
1857 328 2131 386 ALCUINI
2169 326 2454 387 OPERUM
2489 326 2669 383 PARS
2711 324 2817 380 V'll.

3565 319 3677 375 896

2016 448 2066 505 Α
2096 440 2233 495 Sunt
2260 452 2476 510 quoque
2513 434 2926 504 coniunctiones
2952 430 3277 491 dubitativa,
3301 439 3363 482 ut
3389 441 3404 480 :
3444 444 3532 491 ne,
3558 445 3679 493 nec,

2086 526 2243 586 anne.
2275 529 2535 600 Virgilius
2573 526 2730 598 (/En.
2770 542 2871 589 ιιι,
2900 524 2999 587 59;
3030 538 3118 587 ιι,
3153 520 3275 589 liti)
3302 539 3318 573 :

2331 640 2547 701 Eloquar
2570 650 2630 685 sn
2649 637 2904 701 sileam...
2923 633 2948 681 ‘l

2334 688 2613 751 iustitiae-ne
2635 703 2773 760 prius
2792 699 2965 759 mirer,
2992 694 3177 744 belline
3201 688 3400 743 labores
3422 692 3448 743 ‘l

2091 808 2230 863 Sunt
2277 805 2431 879 [Ms.,
2480 803 2637 875 ﬁunt]

2088 897 2341 969 1,668):
2426 928 2429 931 η

2275 1027 2467 1077 Duxisti
2483 1026 2508 1074 ?

2091 1110 2255 1165 Fiunt
2278 1121 2335 1164 et
2360 1109 2606 1173 electivw,
2653 1105 2870 1177 quando
2896 1119 2965 1158 ex
3010 1102 3241 1157 diversis
3272 1103 3435 1158 rebus
3477 1102 3689 1172 aliquid

2093 1202 2331 1271 eligitur,
2368 1208 2463 1255 ut:
2510 1197 2662 1253 Dives
2686 1214 2794 1251 esse
2820 1194 2955 1258 volo,
2995 1210 3154 1264 quam
3190 1210 3408 1264 pauper.
3438 1193 3605 1248 Fiunt
3632 1201 3690 1249 et

2094 1291 2430 1361 adjunctivte,
2479 1304 2603 1345 cum
2658 1286 2841 1341 verbis
2888 1282 3247 1351 subiunctivis
3295 1282 3688 1352 adiunguntur,

2094 1392 2197 1438 ut:
2250 1384 2332 1449 si,
2385 1397 2524 1447 cum,
2553 1390 2628 1445 ut,
2689 1378 2839 1444 dum,
2881 1386 3158 1445 quatenus.
3209 1374 3321 1430 Ut:
3368 1375 3429 1431 Si
3482 1377 3687 1441 naias,

2096 1473 2236 1545 facio
2259 1488 2277 1527 :

2222 1566 2338 1618 Cum
2366 1563 2535 1613 faciam
2564 1561 2711 1614 vitula
2734 1571 2823 1625 pro
2845 1558 3095 1621 frugibus,
3122 1559 3224 1620 ipsa
3244 1560 3417 1608 venito
3435 1560 3501 1606 ιε

2099 1647 2166 1703 Ut
2189 1649 2353 1720 prosit
2384 1648 2514 1712 tibi,
2546 1646 2686 1717 facio
2713 1659 2731 1697 :

2161 1739 2309 1790 Multa
2327 1750 2522 1801 quoque
2540 1746 2592 1787 et
2609 1734 2741 1787 bello
2765 1746 2954 1798 passus,
2980 1732 3096 1781 dum
3114 1730 3356 1781 conderet
3380 1729 3553 1778 urbem
3573 1728 3637 1788 ις

2104 1842 2373 1910 Quatenus
2406 1840 2462 1895 id
2490 1839 2710 1894 libenter
2745 1837 2909 1906 facio.
2950 1834 3186 1890 Possunt
3210 1841 3265 1888 et
3296 1832 3382 1887 lite
3409 1832 3540 1902 ipsa:
3558 1848 3691 1888 cau-

2102 1933 2242 1990 sales
2267 1947 2405 1988 esse.

2173 2028 2271 2083 Fn.
2305 2027 2411 2082 Sed
2440 2025 2585 2081 unde
2609 2024 2781 2081 sciam
2804 2023 2871 2077 ad
2893 2037 3057 2092 quam
3084 2018 3319 2090 speciem
3346 2019 3694 2089 pertineant?

2103 2149 2173 2159 ——
2197 2119 2361 2175 Saxo.
2394 2115 2727 2185 Adiunctiva:
2764 2129 2888 2169 cum
2921 2111 3252 2168 dubitatione
3291 2107 3651 2179 proferuntur
3676 2124 3696 2163 :

2106 2211 2349 2268 causales
2371 2225 2494 2265 cum
2539 2207 2913 2270 afﬁrmatione,
2945 2214 3038 2260 ut:
3072 2203 3193 2257 Eris
3216 2203 3421 2267 doctus,
3447 2203 3495 2255 si
3528 2200 3697 2270 legas.

2107 2304 2268 2376 297
2304 2302 2465 2369 Sunt,
2495 2317 2614 2373 qua:
2651 2300 3060 2357 diminutionem
3086 2294 3409 2368 signiﬁcant.
3437 2303 3501 2349 ut
3534 2293 3701 2366 (Λευ.

2107 2412 2180 2462 Iv,
2211 2392 2336 2467 527)
2362 2411 2374 2447 :

2231 2483 2435 2542 Saltem,
2458 2484 2498 2532 sl
2523 2493 2617 2544 qua
2651 2482 2767 2531 mihi
2794 2478 3018 2542 (soboles)
3042 2476 3107 2527 de
3128 2486 3180 2528 te
3196 2484 3420 2533 suscepta
3442 2475 3645 2525 fuisset.

2690 803 2890 858 eadem
2946 800 3354 869 interrogantur,
3404 806 3465 851 ut
3502 796 3681 869 (Δία.

2720 938 2945 1013 Tantone
2964 972 3055 1008 me
3078 959 3284 1008 crimine
3308 959 3510 1022 dignum

2110 2589 2274 2644 Fiunt
2328 2597 2382 2643 et
2433 2589 2753 2641 continuata:
2799 2585 2958 2658 [Ms.,
3016 2581 3445 2655 continuativm];
3502 2593 3607 2637 ut:
3663 2583 3719 2639 si

2110 2680 2364 2744 ambulat,
2423 2689 2690 2745 movetur;
2738 2679 3019 2733 continuat
3076 2677 3220 2732 enim
3277 2675 3721 2731 ambulationem

2110 2782 2307 2829 motus.
2338 2771 2432 2828 Ha:
2461 2781 2517 2828 et
2535 2773 2655 2828 alim
2684 2773 2894 2844 species
2933 2773 2987 2827 in
3012 2772 3295 2827 Prisciano
3329 2772 3724 2841 reperiuntur,

2109 2882 2232 2938 quze
2270 2875 2447 2922 tamen
2493 2866 2734 2922 incidere
2765 2875 2994 2936 possunt
3025 2866 3078 2919 in
3122 2865 3408 2934 prmdictas
3433 2864 3726 2936 quinque.

2114 2958 2220 3016 Sed
2246 2973 2391 3015 nunc
2412 2959 2530 3015 haec
2562 2958 2765 3014 habeto
2795 2959 2860 3014 de
2889 2956 3375 3026 coniunctionibus.

2578 3071 2665 3126 DE
2702 3069 3250 3127 PRAEPOSITIONE.

2952 3163 3207 3218 —Ssxo.
3261 3162 3392 3217 Pars
3425 3163 3729 3220 orationis

2117 3253 2541 3309 indeclinabilis.

2186 3343 2285 3398 Fn.
2324 3342 2462 3410 Quid
2513 3343 2678 3400 habet
2714 3342 2916 3400 ollicii?
2951 3376 3023 3386 —-—
3060 3344 3225 3401 Saxo.
3280 3345 3349 3401 Ut
3392 3344 3518 3400 aliis
3568 3362 3740 3415 pras—

2115 3442 2349 3505 ponatur
2409 3435 2657 3505 partibus
2719 3435 2805 3492 vel
2858 3436 3227 3508 appositione.
3293 3438 3377 3492 vel
3432 3440 3737 3507 composi-

2116 3527 2285 3584 tione.

2188 3620 2288 3675 Fa.
2319 3619 2669 3692 Appositione
2688 3626 3000 3695 quomodo?
3020 3656 3090 3665 —
3108 3623 3276 3681 Suo.
3306 3625 3536 3692 Quando
3578 3627 3735 3683 foris

2118 3714 2413 3785 apponitur
2438 3716 2694 3782 dictioni;
2719 3726 2777 3773 et
2821 3718 2948 3783 hoc,
2971 3718 3191 3773 nomine
3219 3718 3303 3772 vel
3348 3719 3730 3787 pronomine;

2119 3818 2250 3859 casu
2284 3806 2597 3862 accusativo
2621 3807 2707 3863 vel
2732 3808 2993 3874 ablativo,
3022 3816 3083 3864 ut
3128 3826 3144 3862 :
3175 3809 3244 3862 ad
3270 3809 3568 3873 hominem;
3606 3814 3735 3877 vel,

2121 3893 2186 3948 ab
2208 3894 2418 3950 homine
2447 3910 2466 3949 :
2493 3897 2564 3951 ad
2583 3897 2757 3965 illum,
2780 3899 2845 3953 ab
2874 3898 2989 3954 illo.

2190 3983 2290 4039 Fn.
2309 3984 2588 4051 Quomodo
2605 4001 2703 4057 per
2721 3990 3173 4059 compositionem
3185 3990 3281 4044 ?—
3294 3989 3460 4045 Suo.
3481 3991 3654 4058 Quan
3666 3995 3740 4048 εξο

2122 4091 2245 4131 cum
2272 4077 2394 4133 aliis
2417 4078 2664 4147 partibus
2687 4078 3079 4152 [componitur]
3111 4079 3163 4134 in
3195 4097 3357 4135 unam
3392 4081 3738 4145 dictionem.

2121 4178 2182 4225 ut
2208 4171 2426 4226 nomine
2450 4169 2605 4243 [Ms.,
2637 4171 2890 4244 nomini],
2922 4187 3022 4241 per
3045 4188 3237 4228 omnes
3279 4189 3435 4228 casus
3461 4191 3475 4226 :
3506 4183 3597 4239 ut,
3647 4177 3745 4229 in-

2122 4262 2329 4328 doctus,
2354 4262 2573 4327 indocti,
2588 4262 2817 4326 indocto,
2832 4262 3127 4328 indoctum,
3140 4264 3369 4327 indocte,
3387 4264 3452 4317 ab
3473 4263 3737 4319 indocto.

2122 4354 2435 4412 Pronomini
2460 4371 2567 4410 non
2591 4356 2955 4425 componitur.
3009 4357 3190 4411 Verbo
3218 4356 3589 4427 componitur,
3638 4368 3735 4421 ut,

2123 4446 2340 4512 induco,
2366 4444 2567 4517 eapleo.
2592 4444 2888 4515 Participio
2919 4459 3018 4516 per
3048 4446 3436 4502 derivationem
3468 4446 3559 4500 vel
3590 4463 3742 4503 con-

2121 4535 2458 4604 sequentiam
2486 4534 2907 4605 compositorum
2946 4537 3258 4601 verborum,
3301 4544 3378 4601 ut,
3431 4536 3738 4602 inducens,

2119 4625 2353 4697 explens.
2378 4626 2650 4683 Adverbio
2682 4642 2895 4696 quoque
2920 4642 3016 4695 per
3060 4628 3507 4698 compositionem
3532 4625 3745 4700 iungi—

2122 4728 2232 4786 tur,
2256 4728 2339 4785 ut,
2368 4719 2604 4791 perinde,
2628 4721 2838 4785 abhinc,
2865 4720 3128 4791 deinceps.
3160 4721 3295 4776 Nam
3321 4728 3375 4775 et
3400 4719 3504 4792 [in]
3533 4723 3741 4793 seipsa

2122 4809 2278 4881 [Hs.,
2307 4812 2362 4866 in
2390 4810 2763 4883 semetipsum]
2806 4826 2903 4880 per
2951 4812 3396 4882 compositionem
3447 4813 3736 4878 nectitur,

2120 4912 2202 4970 ut,
2235 4903 2520 4974 imperitus
2541 4902 2693 4976 [Ms.,
2723 4901 3170 4975 imperterritus].
3210 4902 3356 4958 Loco
3388 4903 3559 4957 etiam
3594 4920 3743 4959 oon-

2116 4993 2415 5065 iunctionis
2462 4994 2695 5050 causalis
2724 4993 2920 5066 [Edit.,
2952 4994 3207 5067 casualis]
3235 4995 3371 5051 solet
3402 4997 3616 5064 accipi,
3651 5008 3742 5063 ut,

2120 5102 2205 5156 per
2232 5086 2493 5140 desidiam
2508 5086 2725 5140 malitia
2748 5095 3061 5152 nascuntur,
3079 5087 3135 5141 id
3154 5094 3258 5143 est.
3273 5100 3435 5143 causa
3452 5085 3741 5155 desidia};

2122 5177 2378 5233 similiter
2402 5186 2613 5249 prapter
2637 5184 2693 5231 et
2713 5176 2776 5231 ob
2800 5177 2929 5246 poni
2954 5184 3199 5246 possunt.

2191 5267 2293 5323 Fit.
2353 5266 2410 5322 Si
2453 5282 2690 5336 unquam
2743 5274 3127 5338 supponuntur
3168 5266 3745 5339 praepositiones?—

2124 5358 2288 5416 Ssxo.
2336 5359 2535 5424 Etiam,
2565 5358 2660 5414 sed
2688 5373 2834 5414 raro.
2879 5357 2950 5413 Et
2993 5359 3099 5414 hoc
3136 5358 3417 5428 euphoniae
3444 5374 3658 5426 causa,
3687 5362 3746 5417 id

2122 5456 2226 5514 est,
2256 5447 2455 5521 [bonae]
2486 5448 2825 5512 sonoritatis,
2850 5455 2911 5502 ut
2940 5448 2994 5501 in
3022 5448 3454 5518 pronominibus,
3486 5466 3745 5515 mecum,

2123 5550 2312 5606 tecum,
2340 5556 2539 5607 secum,
2583 5539 2872 5616 nobiscum,
2923 5540 3208 5594 vobiscum.
3259 5538 3365 5595 Sed
3409 5550 3465 5594 et
3502 5543 3746 5611 poetica

2124 5632 2451 5688 auctoritate
2482 5633 2535 5687 in
2561 5632 2754 5687 metris
2780 5639 3112 5704 praepostere
3153 5632 3279 5703 poni
3322 5648 3414 5688 eas
3448 5632 3748 5705 invenies,

2196 5784 2224 5827 ³³
2268 5784 2436 5858 ιιι-3.,
2456 5785 2609 5859 £11.,
2646 5804 2697 5858 ι,
2729 5788 2781 5844 9.
