3866 6170
260 273 364 330 897

1386 283 1856 344 DIDASCALICA.
1895 321 1964 332 --
2001 293 2475 371 ΩΒΑΜΜΔΤΙΟΑ.

3411 322 3519 381 898

259 398 349 442 ut:
374 389 547 443 Maria
568 392 743 446 omnia
765 395 988 461 circum,
1012 404 1066 450 et
1088 395 1163 450 ibi
1186 393 1361 450 ﬁnalis
1385 395 1589 466 syllaba
1611 399 1840 465 acuitur,
1874 403 1920 463 A
1948 421 2014 475 ge
2067 415 2117 463 te
2160 408 2294 480 [Αι.,
2347 416 2707 490 succingere].
2734 451 2805 459 —
2826 422 2989 479 Suo.
3031 425 3236 483 Dicam.
3262 430 3344 485 Ad
3359 433 3520 502 juxta

256 495 331 534 ne
359 495 554 534 nomen
582 489 821 551 putetur.
1350 544 1355 550 ,

330 571 428 624 Fn.
488 572 700 628 Habent
747 577 1160 646 praepositiones
1201 588 1461 636 accentus
1506 595 1606 651 per
1654 583 1843 637 δεῖ-

253 660 425 718 Suo.
462 665 672 719 [labent
711 674 931 722 acutum
985 679 1268 724 accentum
1306 671 1359 725 in
1404 673 1528 739 ﬁne,
1564 682 1672 728 tam
1699 675 1841 744 apud

251 757 499 821 Graecos,
525 774 685 827 quam
716 761 858 831 apud
907 760 1161 828 Latinos;
1205 764 1296 832 qui
1326 772 1506 819 tamen
1537 766 1588 819 iu
1621 782 1838 837 gravem

253 836 473 917 semper
514 850 768 915 vertitur,
813 850 938 920 quia
987 853 1298 921 praepositio
1352 855 1552 925 ubique
1595 836 1839 926 sequenti

250 936 477 993 dictioni
505 954 599 993 seu
628 955 726 1009 per
753 942 1163 1011 appositiouem,
1198 959 1293 999 seu
1351 961 1449 1016 per
1497 948 1841 1017 compositio—

249 1045 376 1084 nem
405 1031 731 1096 adnectitur,
754 1039 810 1085 et
833 1032 988 1101 quasi
1018 1047 1127 1087 una
1151 1049 1278 1104 pars
1306 1051 1430 1090 cum
1453 1053 1517 1091 ea
1537 1038 1833 1107 profertur.

247 1118 602 1173 Inveniuntur
654 1137 869 1191 quoque
923 1124 1335 1193 prtcpositiones
1379 1127 1437 1180 in
1484 1128 1660 1183 media
1711 1128 1836 1198 poni

248 1209 511 1273 dictione,
539 1219 621 1275 ut,
652 1227 755 1283 qua
778 1211 845 1266 de
876 1229 953 1277 re,
973 1230 1131 1284 quam
1154 1215 1217 1269 ob
1248 1232 1380 1281 rem,
1416 1234 1521 1288 qua
1548 1220 1606 1272 in
1630 1229 1797 1289 parte.

327 1299 426 1353 Fu.
480 1300 564 1354 An
615 1316 806 1356 omnes
857 1304 1270 1373 praepositiones
1318 1308 1839 1376 componuntur?—

243 1389 417 1446 Saxo.
447 1390 706 1457 Quaedam
737 1403 886 1457 sunt,
910 1402 972 1447 ut
991 1410 1268 1465 nunquam
1307 1406 1723 1467 componantur,
1750 1407 1832 1465 ut,

242 1484 414 1551 apud,
439 1499 587 1553 erga,
612 1484 768 1550 citra,
792 1486 953 1552 circa,
976 1496 1146 1551 extra,
1167 1489 1329 1557 infra,
1352 1490 1535 1559 juxta,
1552 1507 1679 1561 pene
1699 1490 1830 1563 [Al.,

239 1570 427 1643 pone],
449 1587 628 1641 prope,
678 1575 988 1639 secundum,
1021 1575 1182 1641 ultra,
1214 1595 1394 1648 supra,
1422 1579 1648 1635 circiter.
1677 1579 1833 1647 Quae-

237 1663 370 1716 dam
397 1670 521 1718 sunt
548 1678 669 1732 qua:
697 1681 973 1735 nunquam
1002 1677 1342 1739 separantur,
1373 1678 1451 1735 ut,
1478 1688 1596 1738 con,
1620 1672 1691 1735 di,
1724 1672 1828 1737 dis,

1946 496 2213 567 signiﬁcat
2244 503 2299 556 in
2336 508 2744 575 compositione,
2803 513 2883 567 vel
2934 518 3288 587 appositione,
3336 496 3414 582 ιὶι.
3450 526 3521 579 ad

1945 606 2176 650 currum.
2203 610 2323 664 pro,
2344 595 2497 664 juxta
2527 614 2779 666 currum;
2824 605 2893 658 ad
2937 605 3171 678 Trojam,
3205 627 3321 682 pro,
3365 615 3522 684 juxta

1945 678 2182 749 Troiam.
2231 683 2515 756 Signiﬁcat
2560 705 2774 761 quoque
2819 706 3037 763 contra;
3083 700 3153 751 ad
3200 678 3523 759 illumvmilzi

1941 786 2117 840 pugna
2162 784 2262 841 est,
2309 778 2414 832 hoc
2437 787 2543 844 est,
2572 791 2761 839 contra
2807 783 2976 839 illum.
3029 785 3305 859 Accipitur
3332 801 3386 848 et
3418 808 3521 864 pro

1942 877 2105 932 usque
2131 879 2148 914 :
2176 868 2246 921 ad
2273 869 2462 925 bellum
2486 872 2781 941 Persicum,
2810 878 2914 934 hoc
2942 888 3049 947 est,
3098 899 3269 953 usque
3292 878 3521 943 bellum.

1943 950 2021 1007 0b
2046 963 2098 1008 et
2121 973 2216 1037 pro
2246 968 2299 1014 et
2327 973 2510 1017 contra
2554 974 2609 1019 et
2637 967 2834 1021 circum
2875 950 3262 1039 signiﬁcatam
3298 995 3310 1028 :
3342 978 3516 1031 [tand-

1939 1063 2207 1120 quaquam
2230 1052 2290 1105 ob
2337 1055 2598 1123 meritum,
2650 1058 2705 1113 id
2731 1068 2833 1124 est,
2862 1078 2959 1132 pro
2986 1067 3197 1122 merito.
3233 1068 3310 1123 0b
3338 1073 3514 1136 unius,

1939 1148 2122 1193 contra
2172 1143 2332 1198 unius
2372 1162 2390 1199 :
2418 1147 2713 1215 obambulo,
2753 1153 3182 1213 circumambulo.
3215 1159 3321 1215 Per
3357 1174 3439 1218 est
3462 1176 3517 1220 et

1938 1226 2146 1296 localis,
2170 1240 2229 1286 ut
2260 1250 2275 1287 :
2305 1233 2413 1290 Per
2459 1239 2684 1297 medium
2726 1242 2922 1312 forum.
2969 1247 3065 1302 Est
3099 1259 3153 1305 et
3181 1254 3511 1323 temporalis,

1935 1324 1999 1371 ut
2027 1332 2042 1371 :
2078 1318 2182 1374 Per
2205 1323 2434 1380 medium
2454 1326 2612 1383 diem.
2642 1330 2738 1385 Est
2762 1340 2815 1388 et
2830 1333 3070 1403 jurandi,
3102 1348 3158 1392 ut
3191 1358 3202 1393 :

2060 1450 2159 1501 Per
2181 1459 2249 1515 te,
2271 1470 2362 1517 per
2379 1462 2463 1519 qui
2484 1467 2534 1510 te
2560 1461 2707 1512 talem
2731 1476 2958 1526 genuere
2983 1480 3215 1532 parentes
3239 1477 3282 1522 ⁸.

1933 1548 2186 1607 Adverbii
2216 1570 2429 1626 quoque
2456 1560 2607 1616 valde
2632 1563 2740 1618 vim
2768 1568 2977 1622 obtinet
3030 1571 3180 1642 [Ms.,
3219 1579 3505 1651 continet].

1934 1640 2252 1700 Terentius:
2281 1647 2548 1707 Perscitus
2562 1672 2712 1724 puer,
2740 1658 2793 1712 id
2814 1669 2914 1727 est,
2946 1640 3100 1720 valde
3123 1669 3308 1725 scitus.
3333 1640 3511 1728 Abne-

237 1768 321 1817 re,
344 1769 419 1817 se,
449 1770 517 1807 an
547 1752 694 1827 [Ms.,
727 1734 859 1827 amj.
888 1756 1021 1812 Alite
1049 1734 1187 1829 pene
1215 1775 1405 1815 omnes
1432 1734 1828 1832 componuntur
1858 1745 1904 1805 Β
1930 1734 2202 1832 8³¹ί9ξ¹θ¹¹¹
2249 1754 2469 1832 Suoque
2527 1745 2796 1816 δίεηίίίεειί
2857 1754 2911 1808 in
2971 1762 3379 1830 οοιηροείίῖοηε,
3428 1778 3507 1831 ιη,

232 1854 298 1899 et
318 1856 656 1916 separantur.
688 1847 755 1903 Et
783 1849 903 1904 alia:
929 1859 1055 1905 sunt
1074 1867 1195 1921 qua:
1224 1852 1278 1907 in
1308 1853 1696 1924 compositione
1715 1855 1827 1910 col-

233 1938 489 1993 lisionem
522 1941 800 2010 patiuntur
830 1959 861 1997 a
888 1947 1243 2015 consequenti
1289 1947 1486 2015 vocali,
1510 1956 1592 2014 ut,
1637 1966 1824 2021 coago,

230 2046 492 2100 coargue,
515 2042 715 2099 coorto,
745 2052 976 2107 coaquo.
1009 2037 1142 2092 Alite
1174 2048 1301 2094 sunt
1346 2056 1467 2110 quae
1518 2056 1820 2099 consonan-

232 2127 347 2173 tem
372 2121 408 2174 d
433 2136 529 2190 pro
557 2125 804 2193 sequenti
820 2127 993 2182 vocali
1018 2138 1320 2195 assumunt,
1341 2141 1424 2197 ut,
1441 2147 1573 2196 emo,
1600 2135 1823 2200 redimo;

234 2227 359 2278 ago,
396 2213 604 2283 redigo;
634 2216 843 2285 prodes,
878 2218 1106 2287 prodest.
1131 2218 1386 2285 Quaedam
1416 2236 1704 2293 syncopam
1727 2239 1823 2294 pa-

229 2302 467 2368 tiuntur,
499 2312 579 2370 ut,
610 2322 771 2377 supra
791 2323 891 2378 pro
913 2324 1128 2379 supera,
1160 2321 1311 2367 extra
1328 2329 1429 2383 pro
1445 2322 1656 2381 extera,
1676 2315 1820 2386 infra

229 2411 338 2465 pro
366 2397 557 2454 infera.
586 2400 692 2456 Sed
736 2412 790 2457 et
827 2402 1056 2460 diversis
1088 2408 1262 2463 modis
1307 2411 1717 2481 praepositiones
1764 2413 1819 2467 in

229 2491 719 2559 compositionibus
748 2492 884 2549 alias
917 2503 1103 2564 partes
1150 2510 1525 2570 corrumpunt,
1583 2511 1639 2556 et
1687 2503 1818 2573 ipsa:

223 2591 675 2650 corrumpuntur,
702 2584 846 2653 quod
867 2585 1064 2657 saepius
1089 2597 1196 2644 est.
1237 2604 1403 2659 quam
1444 2593 1706 2664 exemplis
1735 2596 1818 2650 in-

228 2668 437 2738 digeat.

297 2760 397 2815 Fu.
435 2763 737 2822 Possumne
758 2772 1167 2839 praepositiones
1193 2774 1247 2829 in
1275 2775 1414 2833 alias
1435 2779 1668 2835 transire
1688 2796 1813 2851 par-

223 2855 343 2910 tes?
371 2886 441 2896 —-
470 2846 636 2914 Sim.
669 2859 927 2917 Possunt.
1742 2864 1743 2869 “

295 2947 393 3000 Fs.
424 2947 501 3002 Da
529 2953 794 3023 exempla.
823 2985 894 2996 —-
924 2955 1089 3013 Suo.
1138 2959 1287 3028 Post,
1347 2965 1663 3036 praepositio
1702 2976 1808 3023 est.

214 3037 483 3109 Virgilius
504 3040 716 3115 (Georg.
750 3062 833 3111 ιιι,
862 3048 990 3122 215)
1023 3069 1038 3105 :
1618 3070 1621 3073 '

410 3148 525 3200 Post
549 3162 765 3204 montem
784 3160 1059 3221 oppositum
1084 3176 1098 3224 ;

206 3231 413 3285 transit
449 3233 501 3286 in
530 3236 863 3294 adverbium.
889 3240 1033 3298 ldcm
1068 3244 1222 3318 (/En.
1256 3264 1295 3316 ι,
1327 3247 1488 3324 MO):

346 3341 465 3395 Post
489 3348 604 3395 mihi
628 3362 720 3398 non
746 3352 890 3402 simili
918 3369 1059 3418 paena
1091 3361 1345 3410 commissa
1362 3361 1528 3415 luetis.

204 3444 351 3500 Ante
390 3453 717 3520 prmpositio.
753 3456 901 3528 Virg.
926 3458 1136 3533 (Georg.
1170 3480 1209 3531 ι,
1246 3464 1370 3538 125)
1399 3485 1412 3521 :
1472 3532 1477 3535 _

342 3559 473 3611 Ante
496 3563 667 3616 Jovem
694 3568 810 3616 nulli
832 3572 1127 3635 subigebant
1146 3589 1259 3627 arva
1278 3578 1464 3644 coloni;

206 3661 415 3714 transit
448 3662 502 3716 in
534 3664 848 3723 adverbium
879 3685 894 3724 :

336 3774 487 3835 Ante,
514 3783 566 3825 et
597 3777 842 3831 Trinacria
870 3786 1134 3836 tentandus
1160 3801 1326 3839 remus
1347 3792 1396 3841 in
1430 3793 1576 3846 unda.

203 3852 303 3909 Sic
336 3872 517 3927 supra,
544 3872 743 3927 contra,
774 3881 955 3937 prope,
983 3875 1268 3927 transeunt
1294 3873 1348 3928 in
1377 3875 1655 3932 adverbia.

284 3945 388 3999 Fn.
433 3944 487 4001 Si
518 3949 637 4005 alia:
669 3960 852 4021 partes
882 3955 936 4008 in
982 3962 1390 4030 praepositiones
1417 3967 1651 4022 transire
1676 3983 1801 4038 pos-

200 4035 615 4093 sunt?—-S.txo.
639 4040 886 4099 Possunt.
912 4046 1050 4102 Nam
1075 4051 1329 4107 adverbia
1356 4068 1496 4125 saepe
1518 4035 1801 4114 transeunt

196 4124 257 4179 in
312 4129 744 4199 przepositiones,
796 4145 858 4190 ut
898 4154 913 4191 :
964 4140 1133 4209 pridie
1158 4124 1664 4201 Kalendas.iPridie
1692 4150 1799 4207 hoc

192 4215 329 4272 loco
372 4221 683 4288 praepositio
724 4236 826 4280 est.
890 4226 1194 4287 Subtractte
1233 4249 1447 4303 quoque
1485 4238 1796 4298 nominibus

192 4307 533 4377 quibusdam
566 4310 685 4368 loco
712 4315 1092 4374 adverbiorum
1123 4320 1327 4378 faciunt
1348 4327 1562 4382 nomina
1591 4330 1789 4400 accipi,

190 4407 283 4462 ut,
308 4397 467 4454 domo
492 4404 658 4471 venio,
687 4422 807 4477 pro,
837 4424 868 4464 a
894 4410 1076 4467 domo.
1105 4412 1172 4467 Et
1200 4433 1214 4468 :
1241 4414 1453 4472 domum
1473 4435 1554 4486 eo,
1577 4435 1695 4491 pro,
1711 4397 1789 4480 ad
1815 4453 1870 4515 υ

192 4490 425 4515 λιι-..η-

188 4490 449 4547 domum.

266 4582 374 4638 Fn.
418 4582 692 4656 Separatte
731 4596 1140 4665 praepositiones
1167 4601 1362 4670 quibus
1405 4607 1621 4666 casibus
1670 4610 1790 4674 iun-

183 4678 440 4747 guntur?
455 4708 528 4719 —
558 4679 722 4738 Saxo.
746 4685 1072 4745 Accusativo
1092 4702 1148 4746 et
1167 4693 1418 4753 ablativo.

256 4767 440 4839 298
475 4769 577 4826 Fu.
612 4772 922 4834 Accusativi
955 4785 1366 4852 praepositiones
1391 4806 1512 4860 quae
1549 4796 1788 4850 sunt?—

183 4856 368 4914 Ssxo.
399 4859 775 4935 Monosyllabte
804 4869 924 4925 hat:
953 4872 1053 4939 Ad,
1082 4876 1169 4942 ob,
1192 4894 1307 4948 per,
1333 4856 1471 4952 post,
1499 4886 1782 4949 cis,trans.

184 4948 521 5019 Dissyllaba:
548 4972 564 5007 :
587 4955 764 5027 Apud,
788 4970 929 5029 ante,
961 4965 1115 5033 citra,
1143 4969 1310 5035 circa,
1333 4948 1482 5041 terga,
1509 4948 1680 5040 extra,
1699 4978 1785 5033 in-

177 5048 298 5103 ter,
330 5038 495 5107 intra,
508 5042 693 5112 juxta,
714 5065 895 5120 prope,
917 5069 1072 5123 pone,
1119 5067 1332 5127 preter,
1360 5038 1592 5132 propter,
1623 5038 1783 5133 ultra,

177 5144 383 5200 usque,
408 5148 584 5202 penes.
615 5134 998 5212 Trissyllabze:
1032 5147 1260 5215 circiter,
1281 5150 1579 5219 adversum,
1603 5172 1790 5213 secun-

178 5222 346 5276 dum.
808 5231 815 5237 ’

258 5312 366 5368 Fs.
404 5315 545 5374 Num
564 5322 795 5394 singula:
820 5337 1001 5386 certas
1020 5330 1222 5388 habent
1253 5332 1681 5403 signiﬁcationes
1692 5340 1788 5393 7-—

176 5400 363 5460 Ssxo.
397 5406 514 5465 Non
540 5421 740 5481 certas,
767 5418 863 5473 sed
889 5419 1152 5478 diversas.
1197 5400 1551 5498 Sed—vlongum
1576 5439 1659 5484 est
1691 5445 1786 5487 ea-

176 5513 317 5552 rum
347 5500 774 5570 signilicationes
792 5511 1101 5581 explanare.

260 5591 364 5646 Fn.
404 5593 505 5650 Dic
529 5606 730 5668 tamen,
762 5612 818 5658 et
837 5617 1037 5675 quanta
1065 5612 1323 5667 brevitate
1346 5614 1540 5683 possis,
1569 5613 1783 5685 succin-

262 5716 290 5743 ι
328 5702 494 5777 Virg,
534 5707 662 5766 Ᾰὶιι.
696 5728 748 5777 x,
776 5714 898 5770 597.

1929 1825 2182 1894 perfidus.
2239 1828 2368 1884 Post
2429 1838 2773 1907 componitur
2835 1852 2890 1898 et
2944 1825 3260 1917 separatur,
3323 1825 3377 1909 et
3432 1825 3510 1911 lo;

1927 1929 2051 1969 cum
2101 1919 2389 1990 signiﬁcat.
2441 1922 2697 1997 Virgilius
2752 1929 2962 2006 (Georg.
3013 1954 3097 2004 ιιι,
3140 1941 3264 2010 215)
3319 1963 3332 1998 :
3382 1945 3510 2003 Post

1925 2015 2151 2061 montem
2206 2012 2519 2081 oppositum.
2573 2017 2854 2089 Signiﬁcat
2890 2036 2945 2080 et
2993 2036 3224 2101 tempus,
3266 2045 3347 2101 ιιι,
3391 2049 3508 2108 post

1922 2097 2146 2153 multum
2224 2111 2443 2173 tempus.
2515 2104 2603 2163 Cis
2656 2111 2883 2169 localern
2943 2097 3118 2175 habet
3157 2097 3509 2195 signiﬁcatio-

1922 2206 2067 2257 nem,
2120 2202 2200 2261 ιιι,
2252 2196 2325 2251 cis
2360 2198 2605 2268 Alpinum
2635 2201 2885 2261 Galliam.
2934 2209 3001 2263 Et
3040 2227 3138 2281 pro
3188 2216 3329 2272 ultra
3355 2222 3503 2277 acci-

1920 2283 2085 2352 pitur,
2119 2292 2199 2351 ut,
2228 2287 2301 2340 cis
2327 2288 2604 2358 deﬁnitum
2634 2303 2856 2367 tempus,
2884 2301 2985 2355 hoc
3020 2312 3121 2366 est,
3150 2307 3309 2362 ultra.
3345 2311 3411 2366 Et
3436 2330 3503 2369 ex

1920 2388 2003 2439 eo,
2030 2376 2185 2431 citra.
2214 2377 2380 2433 Trans
2400 2387 2749 2452 componitur
2773 2399 2826 2444 ct
2851 2403 3154 2462 separatur,
3179 2406 3259 2464 ut,
3276 2403 3502 2472 transfe-

1920 2484 2001 2532 ro,
2024 2476 2083 2523 et
2113 2479 2260 2526 trans
2291 2469 2521 2529 Padum.
2555 2477 2619 2532 Et
2650 2480 2703 2534 in
2729 2486 3116 2554 compositione
3157 2508 3298 2562 saepe
3332 2512 3364 2547 η
3391 2469 3445 2551 at
3475 2516 3501 2553 s

1917 2558 2143 2624 amittit,
2172 2569 2251 2627 ut,
2282 2566 2525 2630 traduce,
2550 2570 2721 2635 trado,
2750 2583 2922 2629 trano.
2949 2577 3017 2632 Et
3043 2586 3144 2649 pro
3166 2558 3321 2653 super
3346 2589 3502 2656 poni-

1916 2658 2040 2717 tur;
2067 2660 2146 2717 ut,
2169 2662 2545 2727 transgressus,
2573 2660 2626 2715 id
2653 2672 2755 2726 est,
2784 2681 3183 2739 supergressus.
3240 2676 3389 2746 Apud
3422 2678 3500 2734 lo-

1915 2758 2039 2799 cum
2064 2745 2352 2816 signiﬁcat,
2379 2757 2461 2815 ut,
2487 2753 2630 2822 apud
2668 2753 3037 2815 Numantiam.
3066 2761 3200 2818 Ante
3244 2745 3420 2823 lucum
3446 2779 3504 2825 et

1916 2842 2131 2905 tempus
2158 2837 2451 2906 signiﬁcat,
2482 2851 2561 2907 ut,
2593 2846 2974 2916 antejanuam,
3005 2861 3124 2907 ante
3152 2872 3368 2912 annum.
3398 2860 3499 2915 De-

1914 2926 2164 2982 rivantur
2189 2945 2255 2984 ex
2291 2945 2357 2985 eo
2385 2932 2652 3003 antiquus,
2682 2939 3036 3009 antiquarius,
3067 2946 3301 3001 nomina.
3350 2946 3500 3003 Citra

1912 3034 2051 3089 pene
2080 3021 2327 3076 eamdem
2356 3024 2807 3094 signiﬁcationem
2858 3031 3022 3087 habet
3050 3049 3210 3103 quam
3266 3040 3363 3096 cis.
3391 3041 3498 3095 uis:

1835 3095 1882 3158 C
1916 3112 2058 3180 quod
2086 3114 2324 3184 propriis
2350 3117 2658 3173 nominibus
2706 3121 2802 3186 cis,
2852 3131 2907 3178 et
2950 3125 3285 3195 appellativis
3338 3131 3496 3197 citra,

1913 3204 2108 3274 saepius
2132 3207 2371 3276 praeponi
2411 3207 2582 3264 solet:
2610 3211 2682 3266 cis
2720 3211 2991 3281 Rhenum;
3035 3218 3110 3272 cis
3136 3217 3291 3290 Alpes
3319 3233 3337 3271 :
3361 3221 3496 3276 citra

1911 3293 2105 3362 forum.
2132 3296 2198 3350 Et
2229 3312 2262 3351 a
2292 3297 2387 3365 cis,
2417 3300 2553 3356 citra
2582 3302 2886 3372 derivatur;
2933 3323 2964 3361 a
2989 3308 3144 3375 citra,
3177 3311 3335 3378 citer,
3361 3313 3495 3369 citc-

1908 3387 2043 3454 rior,
2074 3390 2389 3448 citissimus.
2425 3392 2599 3460 Circa,
2649 3396 2753 3452 loci
2795 3407 2853 3453 et
2902 3402 3180 3471 temporis,
3211 3419 3309 3474 pro
3329 3402 3487 3474 juxta

1906 3478 2124 3545 ponitur
2152 3479 2304 3552 [Λίδη
2342 3483 2577 3552 positum
2609 3486 2923 3563 invenitur],
2955 3498 3013 3545 ut
3043 3491 3183 3547 circa
3213 3494 3490 3566 templum,

1906 3573 1964 3621 et
1992 3562 2131 3623 circa
2156 3572 2335 3643 viginti
2356 3592 2543 3630 annos.
2568 3573 2777 3633 Circum
2798 3583 3139 3652 componitur
3161 3594 3216 3639 et.
3260 3588 3487 3657 apponi-

1909 3664 2019 3723 tur,
2048 3667 2127 3727 ut,
2153 3662 2483 3735 circumfero,
2515 3669 2711 3724 circum
2740 3688 2903 3727 mare.
2939 3670 3160 3731 Circiter
3187 3679 3254 3734 ad
3282 3686 3493 3750 tempus

1904 3747 2076 3804 solum
2100 3753 2351 3820 pertinet,
2384 3763 2463 3823 ut,
2490 3758 2696 3812 circiter
2719 3759 2991 3818 Kalendas
3010 3763 3323 3821 Ianuarias.
3342 3747 3491 3839 Erga

1902 3852 2008 3893 non
2030 3842 2390 3909 componitur,
2412 3853 2465 3898 et
2489 3846 2741 3902 aﬁ‘cctum
2784 3851 3080 3921 signiﬁcat,
3114 3863 3193 3921 ut,
3224 3856 3389 3911 bonus
3412 3869 3491 3913 est

1900 3941 2025 3998 erga
2071 3931 2410 4002 propinquos.
2440 3933 2638 3990 Contra
2688 3951 2972 4007 separatur
3011 3951 3066 3997 et
3097 3946 3440 4014 componitur
3471 3968 3483 4004 :

1899 4026 2082 4071 contra
2111 4020 2449 4090 adulterium,
2477 4032 2532 4079 et
2583 4019 2906 4083 c'ontradico.
2948 4031 3120 4089 Extra
3174 4038 3485 4106 apponitur,

1898 4112 1980 4172 ut,
2008 4117 2154 4162 extra
2178 4127 2276 4164 nte.
2309 4110 2479 4180 Inter,
2501 4124 2813 4188 utrumque,
2846 4128 2931 4186 ut,
2961 4122 3100 4176 inter
3141 4126 3362 4195 amicos,
3405 4130 3487 4185 ἰη-

1896 4196 2190 4264 tervallum,
2223 4201 2498 4274 interpres,
2547 4205 2698 4275 cujus
2726 4208 2954 4279 simplex
3006 4212 3060 4268 in
3112 4230 3212 4271 usu
3240 4233 3349 4274 non
3375 4229 3480 4276 est.

1895 4285 1963 4341 Et
1983 4287 2052 4341 ab
2078 4289 2134 4343 in
2158 4290 2300 4347 inter
2318 4300 2373 4348 et
2398 4296 2538 4351 intra
2573 4307 2896 4365 nascuntur;
2926 4320 2957 4357 ιι
2985 4304 3079 4359 sub
3103 4308 3311 4377 subter,
3333 4326 3362 4364 a
3383 4328 3478 4382 pro

1893 4388 2134 4450 propter,
2159 4397 2189 4436 ιι
2216 4385 2291 4438 cis
2319 4386 2477 4454 citra,
2496 4391 2563 4473 ab
2584 4408 2649 4446 ea:
2666 4403 2848 4462 extra,
2872 4411 2901 4450 a
2923 4414 3033 4468 prce
3066 4410 3281 4469 prseter.
3312 4403 3483 4459 Juxta

1891 4488 1992 4543 pro
2009 4493 2171 4549 prope
2188 4480 2428 4549 ponitur,
2458 4490 2539 4548 ut,
2561 4483 2724 4554 juxta
2751 4496 2821 4554 te,
2866 4488 2919 4544 id
2964 4499 3069 4556 est,
3095 4507 3259 4562 prope
3286 4502 3356 4548 te.
3378 4481 3484 4550 ’Βε-

1891 4570 2122 4625 cundum
2145 4572 2279 4629 duas
2306 4574 2469 4630 habet
2496 4578 2919 4649 signiﬁcationes
2944 4602 2956 4635 :
2985 4585 3383 4653 proximitatem
3422 4596 3480 4645 et

1888 4660 2287 4719 aemulatiOnem
2336 4669 2671 4723 :secundum
2707 4687 2825 4723 eum
2873 4675 3044 4736 sedeo,
3090 4682 3144 4730 ει
3192 4681 3478 4736 secundum

1888 4764 2058 4805 mores
2085 4751 2202 4823 ejus
2245 4755 2376 4809 vivo.
2431 4755 2556 4812 Haec
2585 4759 2650 4813 de
2672 4764 3143 4831 prchositionibus
3182 4775 3474 4829 accusativi

1889 4855 2071 4909 casus,
2106 4859 2226 4915 qum
2254 4845 2579 4905 difﬁciliores
2626 4851 2970 4917 videbantur.
3023 4857 3167 4915 dicta
3207 4863 3303 4919 tibi
3330 4865 3477 4921 solli-

1888 4933 2053 4989 ciant.

1889 5133 2055 5191 Suo.
2084 5137 2318 5230 Ablativi
2347 5148 2761 5216 praepositiones
2782 5158 3168 5228 monosyllaba:
3191 5161 3276 5216 ha:
3302 5174 3428 5220 sunt
3454 5183 3468 5220 :

1885 5225 1954 5293 Α,
1978 5227 2065 5295 ab,
2089 5225 2203 5296 abs,
2235 5247 2282 5298 e,
2306 5249 2391 5301 ex,
2422 5235 2506 5303 de,
2528 5256 2650 5310 pro,
2667 5258 2800 5312 prae,
2821 5260 2959 5301 cum.

1954 5339 2056 5396 Fs.
2098 5341 2301 5410 Quare'
2323 5362 2432 5404 non
2486 5351 2764 5422 addidisti,
2822 5357 3003 5415 clomi
3025 5361 3285 5421 --Ssxo.
3335 5367 3471 5434 Quia

1886 5432 2061 5502 magis
2087 5436 2421 5494 adverbium
2436 5453 2540 5508 est,
2565 5446 2882 5514 qualitatem
2906 5451 3241 5523 signiﬁcans,
3271 5432 3373 5532 [eti
3391 5462 3473 5515 (li-

1885 5523 2355 5585 miuuiturcontra
2380 5537 2819 5605 pra-positionum
2844 5552 3127 5613 naturam;
3149 5547 3306 5615 clam,
3325 5551 3471 5607 clan-

1885 5618 2081 5675 culum.
2109 5622 2175 5678 Et
2201 5626 2318 5683 sine
2347 5644 2475 5685 casu
2507 5633 2739 5702 proferri
2781 5646 2983 5710 potest,
3029 5652 3108 5711 ut,
3138 5645 3271 5703 bona
3294 5662 3470 5724 aperte

1891 5733 2038 5799 facit,
2069 5737 2211 5791 mala
2236 5739 2393 5796 clam.
