3866 6170
382 282 483 339 999
1224 287 1283 343 Β.
1324 290 1387 345 F.
1425 288 1651 344 ALDlNl
1689 287 1821 344 SEU
1858 285 2134 343 ALCUINI
2169 286 2452 345 OPERUM
2484 277 2667 346 PARS
2706 290 2809 351 VII.
3536 296 3639 352 900

454 400 551 455 Fu.
590 400 833 470 Sequere
854 405 1343 460 crateras—Saxo.
1372 404 1683 466 Dissvllaba:
1710 422 1722 458 :
1751 418 1948 465 coram,
1980 405 2028 462 Λ
2056 408 2111 455 et
2153 402 2345 474 absque
2368 406 2615 476 negativa
2644 414 2792 471 sunt,
2838 413 2915 472 ut,
2944 408 3058 461 sine
3082 406 3313 476 homine,
3340 418 3417 476 et,
3449 412 3643 483 absque

371 495 570 565 palam,
596 494 731 559 sine,
753 496 963 567 absque,
995 508 1164 552 tenus.

443 584 543 640 Fs.
578 585 879 643 Potestates
903 588 1232 659 singularum
1283 601 1509 657 expone.
1537 585 1800 642 —'Suo.
1833 588 1876 642 Α
1901 597 1956 642 et

371 678 437 732 ab
475 687 530 733 et
571 677 663 733 abs
701 687 757 733 et
778 695 806 733 e
835 686 889 734 et
911 695 976 734 ea:
1000 680 1242 735 eamdem
1273 679 1384 733 fere
1412 677 1819 749 signiﬁcationis
1842 679 1953 733 ‘vim

371 768 591 826 habent.
621 770 758 826 Nam
786 779 842 826 et
887 772 1106 837 locales,
1142 778 1197 825 et
1222 770 1570 840 temporales,
1601 780 1656 826 et
1681 769 1955 825 ordinales

369 861 621 916 similiter
649 862 1015 926 inveniuntur,
1041 869 1123 926 ut,
1159 870 1234 914 est
1263 878 1296 914 a
1333 859 1508 925 demo,
1556 878 1591 915 a
1634 860 1736 924 die,
1790 877 1824 913 a
1862 868 1952 925 te;

370 954 451 1011 sic
479 962 535 1008 et
556 963 770 1010 caetera.
805 953 912 1010 Sed
934 971 966 1007 a
992 963 1044 1009 et
1064 970 1092 1008 e
1123 954 1321 1023 srepius
1364 952 1787 1010 consonantibus
1813 968 1953 1024 prte-

365 1053 662 1114 ponuntur,
708 1052 788 1109 ut,
841 1061 872 1098 a
912 1043 1126 1115 templo,
1159 1060 1187 1098 e
1218 1042 1462 1101 culmine.
1494 1043 1615 1098 Alia
1659 1052 1950 1114 utrumque

367 1144 422 1190 et
445 1134 721 1189 vocalibus
739 1142 793 1189 et
813 1136 1256 1201 consonantibus,
1286 1137 1622 1207 appositione
1650 1145 1705 1191 et
1731 1150 1951 1205 compo—

364 1225 561 1281 sitione
583 1224 901 1296 junguntur,
926 1235 1009 1293 ut,
1033 1227 1195 1293 abite,
1222 1228 1422 1293 abillo,
1440 1227 1662 1294 abduco,
1693 1230 1757 1281 ab
1794 1229 1946 1281 hora.

362 1315 431 1370 Et
453 1331 593 1385 smpe
623 1316 651 1369 b
675 1317 959 1387 euphonim
985 1333 1146 1373 causa
1190 1319 1246 1373 in
1277 1316 1440 1373 aliam
1489 1319 1788 1374 mutabitur
1807 1319 1951 1373 litte—

362 1421 515 1470 ram;
549 1407 604 1460 in
649 1424 697 1471 r,
740 1415 819 1472 ut,
864 1409 1098 1478 arripio;
1132 1409 1187 1463 in
1238 1423 1295 1474 u,
1328 1416 1408 1474 ut,
1465 1409 1683 1479 aufero;
1711 1409 1765 1465 in
1788 1426 1831 1474 s,
1866 1416 1946 1473 ut,

361 1506 594 1568 asporta.
634 1497 719 1552 Ex
761 1513 973 1567 quoque
1011 1513 1112 1569 pro
1163 1508 1311 1553 extra
1362 1499 1491 1570 poni
1551 1499 1842 1562 invenitur,
1864 1504 1944 1563 ut,

358 1589 602 1652 excludo,
650 1604 750 1659 pro
798 1589 1112 1645 extracludo
1143 1608 1156 1643 :
1189 1589 1383 1655 Exsul,
1413 1589 1490 1663 [id
1515 1588 1642 1661 est],
1671 1597 1827 1644 extra
1852 1604 1945 1644 so-

357 1682 490 1735 lum.
523 1680 681 1736 Modo
707 1695 807 1750 pro
826 1678 975 1734 valde
995 1678 1320 1753 [adverbio],
1352 1689 1432 1745 ut,
1469 1679 1724 1744 excelsus,
1756 1679 1808 1735 id
1836 1685 1938 1744 est,

2056 492 2282 547 homine.
2312 493 2380 549 Et
2402 496 2514 550 sine
2536 497 2835 566 anteposita
2865 508 3141 567 gravatur,
3167 507 3257 566 ut,-
3278 498 3394 556 sine
3435 500 3643 562 timore.

2055 582 2355 654 Pestpesita
2380 587 2617 654 acuitur,
2644 588 2831 661 Virgil.
2857 589 3012 662 (Αἶα.
3032 607 3089 656 1,
3119 588 3251 664 51):

2175 694 2226 743 Si
2248 695 2355 744 sine
2382 707 2502 758 pace
2526 703 2628 746 tua.

2057 796 2229 891 lenus
2259 802 2626 872 postponitur,
2672 814 2730 860 ut
2773 807 3058 876 hactenus,
3084 817 3141 865 et
3165 812 3402 884 genitivo
3424 829 3647 891 quoque

2044 885 2314 961 jungitur,
2345 898 2406 944 ut
2446 908 2461 945 :

2145 1041 2161 1056 .
2187 1041 2201 1054 .
2230 1042 2244 1056 .
2265 1006 2472 1058 Crurum
2497 1014 2643 1059 tenus
2662 1022 2691 1061 a
2712 1017 2883 1063 mento
2902 1013 3117 1077 palearia
3137 1018 3412 1081 pendent‘.

2049 1102 2190 1160 Ecce
2216 1108 2385 1164 habes
2411 1113 2847 1181 praepositiones.

2120 1197 2217 1252 Fn.
2247 1198 2430 1256 Habeo
2454 1212 2728 1274 utcunque
2752 1221 2768 1261 :
2789 1208 2885 1262 sed
2906 1223 3014 1264 non
3033 1208 3209 1267 habeo
3233 1214 3523 1286 utriusque
3546 1233 3643 1276 ca-

2047 1302 2141 1342 sus
2168 1297 2400 1358 quatuor
2420 1307 2753 1351 communes.
2775 1326 2849 1339 --
2869 1298 3035 1355 Saxo.
3064 1299 3205 1366 Quid
3250 1304 3318 1359 de
3357 1304 3470 1361 illis
3488 1322 3643 1377 qum-

2047 1377 2147 1443 ris,
2172 1379 2276 1434 nisi
2309 1381 2453 1450 quod
2477 1382 2720 1441 Donatus
2741 1387 2894 1453 dixit,
2921 1390 3067 1459 quod
3091 1394 3403 1449 accusative
3426 1399 3639 1453 suntin

2044 1474 2103 1522 et
2119 1469 2234 1535 sub,
2262 1470 2389 1526 dum
2419 1473 2487 1527 ad
2523 1472 2698 1530 locum
2732 1478 2811 1531 ire
2839 1478 3074 1548 aliquem
3108 1499 3121 1534 :
3154 1488 3267 1536 tum
3312 1483 3637 1555 ablativum,

2044 1573 2167 1613 cum
2189 1561 2243 1615 in
2265 1562 2385 1619 loco
2414 1579 2535 1622 esse
2557 1568 2791 1639 aliquem
2837 1571 3146 1641 significant
3172 1571 3327 1646 μη,
3353 1577 3635 1649 signiﬁca-

2044 1649 2215 1727 mus],
2260 1660 2343 1719 ut,
2388 1655 2442 1710 in
2486 1656 2666 1711 urbem
2695 1658 2848 1726 vade,
2878 1661 2934 1714 in
2959 1661 3086 1715 urbe
3110 1679 3249 1717 sum.
3284 1663 3395 1720 Sub
3425 1666 3635 1725 ulmea

355 1771 513 1828 valde
536 1772 734 1827 celsus.
766 1769 921 1827 Modo
940 1772 1264 1842 privativum
1291 1781 1377 1827 est
1399 1770 1484 1827 vel
1508 1771 1833 1827 intensivum
1853 1770 1936 1825 vel
1969 1748 2016 1810 Β
2039 1744 2503 1842 “Lubful’mf”
2519 1765 2658 1804 ⁸³⁸³⁷³·

355 1863 734 1936 perfectivum,
758 1870 836 1929 ut,
858 1863 1110 1933 exslirpo,
1134 1862 1374 1928 extende,
1404 1862 1606 1935 erplee.
1640 1863 1687 1916 E
1715 1864 1769 1917 in
1790 1879 1938 1918 com-

353 1954 622 2026 positione
648 1953 974 2024 privativum
998 1960 1084 2008 est
1109 1953 1194 2008 vel
1215 1953 1543 2008 intensivum
1571 1960 1627 2007 et
1653 1968 1750 2024 pro
1786 1962 1938 2007 extra

354 2045 738 2116 accipitur,ut,
770 2044 956 2098 enodes
978 2044 1172 2111 trunci,
1202 2060 1414 2108 enarra,
1438 2044 1623 2099 educo.
1650 2043 1937 2099 Derivatur

351 2141 421 2195 ab
439 2138 553 2203 abs,
568 2139 792 2208 absque.
824 2135 958 2192 Nam
987 2154 1105 2208 que,
1128 2137 1344 2208 quando
1364 2137 1529 2208 299
1551 2137 1657 2191 vim
1681 2145 1736 2193 et
1767 2136 1935 2208 signi-

351 2230 662 2285 ﬁcationem
691 2226 1223 2296 conjunctionismon
1245 2228 1429 2295 habet,
1460 2227 1664 2299 syllaba
1692 2236 1796 2292 est,
1827 2243 1936 2282 non

348 2335 477 2392 pars
501 2320 784 2386 orationis,
811 2319 1080 2390 quomodo
1104 2319 1158 2373 in
1186 2319 1395 2391 ubique,
1416 2319 1667 2389 undique,
1690 2319 1932 2390 denique,

347 2415 543 2486 itaque,
574 2414 775 2486 utique,
802 2422 1036 2483 uterque,
1066 2411 1388 2482 plerumque,
1422 2418 1476 2464 et
1504 2410 1624 2465 ideo
1651 2420 1932 2465 accentum

346 2521 455 2561 non
481 2514 712 2561 mutant.
745 2504 823 2558 De
846 2505 1019 2574 prima
1066 2502 1270 2574 syllaba
1316 2502 1519 2556 additio
1549 2501 1804 2572 syllabica
1824 2511 1930 2567 est,

346 2611 455 2652 non
476 2595 804 2665 conjunctio,
828 2602 889 2647 ut
932 2594 987 2647 in
1013 2593 1333 2662 pronomine
1357 2608 1412 2646 ce
1441 2600 1496 2645 et
1522 2601 1645 2657 met,
1673 2599 1725 2645 et
1751 2600 1819 2647 te.
1851 2591 1931 2647 De

345 2685 760 2739 memorativum
789 2690 895 2748 est,
921 2688 976 2735 et
1005 2680 1355 2745 iutensivum,
1383 2687 1438 2735 et
1464 2680 1792 2751 privativum
1819 2695 1834 2735 :
1863 2683 1930 2735 de

344 2774 572 2839 homine,
599 2772 837 2835 detraho,
889 2771 1092 2826 desum.
1128 2769 1237 2825 Pro
1261 2771 1313 2825 in
1341 2772 1679 2841 appositione
1706 2778 1763 2828 et
1785 2785 1929 2829 com-

342 2862 611 2934 positione
634 2861 822 2917 localis
850 2859 980 2934 [est]
1003 2870 1058 2916 et
1085 2860 1396 2932 temporalis
1421 2879 1434 2914 :
1456 2878 1550 2932 pro
1571 2863 1784 2934 templo,
1808 2879 1928 2925 nro-

341 2951 507 3006 uideo.
540 2952 606 3006 Et
631 2951 750 3008 loco
777 2968 805 3006 e
826 2960 884 3007 et
900 2968 1078 3021 super,
1100 2951 1352 3017 velante,
1381 2951 1467 3008 vel
1496 2950 1566 3006 ad
1590 2952 1674 3007 vel
1700 2952 1756 3009 in
1785 2955 1929 3011 acci-

338 3045 486 3113 pitur
518 3063 532 3097 :
566 3041 857 3110 Prominet,
889 3042 1011 3116 [pro
1034 3044 1255 3109 eminet,
1278 3043 1362 3099 vel
1392 3043 1514 3117 pro]
1536 3044 1919 3115 supereminet.

339 3136 449 3191 Pro
474 3138 622 3191 curia
666 3138 817 3208 signa
861 3137 1015 3192 sociis
1060 3135 1209 3201 dare,
1256 3135 1314 3191 id
1356 3144 1460 3202 est,
1510 3145 1635 3192 ante
1688 3135 1915 3193 curiam.

344 3227 527 3298 Virgil.
549 3225 703 3299 (/En.
726 3244 780 3294 v,
798 3226 960 3298 500):

603 3338 725 3389 Tum
745 3340 914 3391 validis
934 3341 1092 3390 ﬂexos
1109 3342 1362 3392 instruant
1384 3341 1570 3392 viribus
1591 3353 1736 3392 arcus

605 3398 701 3449 Pro
722 3414 778 3450 se
801 3404 1014 3464 quisque
1036 3404 1147 3464 viri,

338 3502 394 3558 id
412 3511 517 3567 est,
542 3502 611 3557 ad
634 3517 764 3558 suas
781 3503 949 3558 vires.
972 3503 1082 3558 Pro
1112 3505 1429 3571 testimonio,
1471 3505 1525 3561 id
1551 3514 1654 3573 est,
1686 3507 1741 3562 in
1765 3507 1917 3563 testi-

337 3593 598 3648 monium.
629 3593 698 3648 Et
721 3609 821 3665 pro
849 3592 1218 3663 interiectione
1243 3595 1529 3665 accipitur,
1553 3602 1636 3661 ut,
1664 3596 1795 3667 proh
1820 3596 1917 3651 do-

331 3682 439 3749 lor,
466 3691 522 3738 et
541 3683 1003 3739 circumﬂectitur.
1033 3682 1158 3741 Pro:
1185 3684 1239 3738 in
1287 3685 1623 3756 appositione
1645 3685 1732 3741 vel
1760 3701 1912 3743 com-

334 3774 603 3846 positione
629 3774 923 3841 invenitur,
948 3783 1024 3841 et,
1048 3775 1117 3829 ad
1140 3775 1222 3830 vel
1242 3776 1305 3830 ob
1330 3776 1410 3832 vel
1443 3793 1623 3851 super,
1652 3772 1738 3833 vel
1762 3779 1913 3835 valde

335 3865 418 3920 vel
446 3875 565 3919 ante
584 3864 871 3937 signiﬁcat.
903 3864 1122 3921 Terent.
1161 3884 1174 3919 :
1200 3864 1498 3937 Contempsi
1526 3867 1676 3922 illum
1699 3868 1784 3923 hic
1801 3886 1911 3941 prce

332 3970 435 4018 me,
458 3954 560 4009 hoc
580 3961 685 4019 est,
712 3954 781 4009 ad
803 3954 1259 4024 comparationem
1286 3954 1411 4010 mei.
1444 3955 1575 4011 Item
1604 3975 1617 4010 :
1641 3957 1701 4026 [it
1718 3959 1912 4012 misera

330 4060 440 4113 pra:
467 4061 666 4109 amere,
693 4045 746 4100 id
776 4052 880 4110 est,
902 4044 972 4100 ob
991 4060 1254 4101 amorem.
1279 4044 1547 4101 Prwsidee
1587 4046 1666 4119 [id
1693 4048 1801 4122 est]
1819 4064 1912 4104 su-

328 4133 611 4203 persedeo.
639 4134 992 4202 Prwvalidus,
1024 4136 1180 4191 valde
1216 4136 1444 4192 validus.
1491 4136 1757 4207 Prtedice,
1783 4148 1910 4195 ante

329 4224 471 4279 dico.
502 4222 634 4279 Cum
664 4226 971 4296 praepositio
995 4235 1078 4282 est
1103 4226 1426 4299 cepulativa,
1446 4238 1524 4295 ut,
1548 4247 1667 4284 cum
1687 4230 1907 4288 ducibus

329 4314 482 4369 cado.
512 4315 579 4370 Et
603 4331 878 4385 nunquam
903 4318 1262 4388 componitur,
1287 4319 1412 4388 quia
1440 4337 1539 4374 con
1569 4321 1622 4375 in
1650 4321 1766 4391 ejus
1786 4323 1905 4378 loco

329 4404 382 4458 in
411 4407 798 4476 compositione
824 4408 1074 4477 ponitur;
1107 4416 1189 4473 ut,
1221 4424 1496 4474 concurro,
1535 4413 1807 4466 contrahe.
1836 4413 1903 4468 Et
1937 4442 1987 4505 ο

323 4496 602 4552 sciendum
654 4505 738 4552 est
783 4497 926 4569 quod
956 4514 1054 4552 con
1102 4505 1157 4552 et
1196 4499 1252 4552 in
1303 4507 1431 4553 tunc
1454 4507 1663 4554 mutant
1691 4503 1799 4556 nin
1826 4519 1902 4569 m,

321 4586 538 4658 quando
564 4587 592 4640 b
637 4586 719 4642 vel
744 4603 794 4640 m
824 4585 910 4641 vel
932 4604 966 4658 p
993 4587 1256 4657 sequitur,
1285 4596 1358 4654 ut,
1405 4587 1670 4654 cemburo,
1702 4590 1902 4659 imbue,

318 4681 632 4746 comminus,
662 4680 927 4747 immunis,
976 4678 1246 4751 compello,
1277 4679 1507 4752 impelle.
1533 4676 1685 4737 Tunc
1713 4699 1748 4736 η
1773 4698 1902 4739 con-

321 4780 539 4826 vertunt
562 4772 614 4826 in
644 4780 930 4841 sequentes
953 4780 1334 4837 consonantes,
1362 4770 1577 4841 quando
1601 4769 1622 4824 ι
1648 4771 1731 4827 vel
1762 4789 1790 4826 r
1815 4788 1902 4829 se-

318 4862 527 4933 quitur,
556 4869 636 4926 nt,
667 4858 881 4925 collido,
901 4859 1072 4927 illide,
1118 4862 1366 4932 corripio,
1411 4863 1576 4916 irrue.
1606 4861 1736 4917 Cum
1761 4879 1897 4935 quo-

317 4969 424 5024 que
448 4952 789 5023 postponitur
814 4952 1134 5022 quibusdam
1184 4952 1591 5022 pronominibus
1616 4954 1897 5025 euphoniae

316 5060 502 5110 causa,
551 5051 628 5108 ut,
690 5054 913 5108 mecum,
974 5050 1165 5106 tecum,
1221 5057 1417 5107 secum,
1462 5042 1760 5109 uobiscum,
1804 5055 1895 5097 ve-

2111 1833 2209 1889 Fn.
2244 1834 2360 1893 Hoc
2385 1839 2584 1909 placet,
2616 1842 2712 1897 sed
2736 1842 2862 1913 plus
2896 1860 3101 1915 quam.
3131 1877 3203 1887 —
3224 1847 3391 1905 Saxo.
3425 1848 3567 1917 Quid
3596 1867 3631 1908 ι

2036 1941 2125 1981 me
2147 1929 2371 1999 quieris,
2403 1930 2449 1986 si
2472 1932 2570 1988 tibi
2596 1932 2839 1991 Donatus
2864 1952 2971 1992 non
2993 1936 3227 1994 suiiicit?

2109 2017 2208 2072 Fu.
2242 2017 2360 2073 Non
2390 2034 2420 2073 a
2450 2029 2504 2074 te
2534 2030 2683 2076 tanta
2720 2025 3060 2093 quaesissem,
3113 2027 3161 2082 si
3201 2026 3447 2085 Donatus
3494 2033 3632 2088 mihi

2035 2108 2334 2165 suil‘ecisset
2359 2108 2520 2181 [Ms.,
2565 2111 2875 2188 suiliceret].
2903 2147 2974 2157 —
2995 2116 3162 2173 Suo.
3182 2117 3320 2174 Nam
3347 2121 3429 2187 in,
3454 2123 3501 2178 si
3530 2140 3632 2194 pro

2034 2213 2221 2257 contra
2241 2202 2327 2257 vel
2358 2201 2428 2255 ad
2455 2218 2473 2255 :
2505 2210 2560 2258 et
2582 2203 2698 2267 sub,
2726 2205 2771 2259 si
2802 2220 2901 2274 pro
2942 2216 3064 2261 ante
3109 2207 3196 2262 vel
3232 2223 3332 2277 pro
3355 2225 3452 2279 per
3472 2213 3632 2280 ponti-

2035 2300 2145 2359 tur,
2174 2293 2481 2349 accusativo
2496 2293 2763 2365 jungitur,
2788 2303 2869 2361 ut,
2893 2297 2950 2351 in
2983 2297 3205 2364 hostem,
3228 2298 3333 2355 hoc
3358 2310 3467 2366 est,
3496 2318 3632 2358 con-

2034 2392 2118 2438 tra
2146 2384 2377 2438 hostem.
2405 2382 2492 2449 Et,
2516 2384 2571 2439 in
2591 2386 2807 2456 puppim
2831 2385 3029 2442 rediere
3052 2397 3212 2454 rates,
3233 2404 3367 2460 pro:
3395 2392 3466 2447 ad
3488 2408 3632 2463 pup-

2032 2487 2165 2542 pim.
2422 2532 2431 2537 η

2125 2561 2228 2612 Sub
2251 2562 2409 2613 lucem
2436 2572 2676 2616 exornant
2699 2564 2822 2628 (AL,
2851 2567 3139 2630 exportans)
3160 2566 3368 2620 calatth
3387 2564 3441 2634 δ,

2029 2680 2150 2735 pro,
2177 2673 2301 2720 ante
2323 2666 2520 2722 lucem.
2554 2668 2655 2723 Et:

2249 2794 2262 2810 .
2283 2794 2296 2808 .
2319 2794 2334 2810 .
2358 2795 2371 2809 .
2396 2798 2409 2810 .
2434 2797 2448 2811 .
2471 2799 2484 2812 .
2508 2762 2614 2813 Sub
2630 2770 2825 2815 noctem
2848 2778 2963 2818 cura
2982 2774 3210 2820 recursat
3224 2771 3274 2832 °,

2026 2862 2142 2919 pro,
2164 2864 2262 2920 per
2277 2859 2510 2907 noctem.
2536 2852 2604 2908 In
2624 2856 2784 2911 modo
2806 2855 2860 2910 in
2880 2858 3268 2928 compositione
3285 2860 3628 2932 privativum

2025 2948 2131 3007 eat,
2177 2948 2260 3007 ut,
2307 2941 2557 3012 injustas,
2605 2944 2873 3015 improbus
2901 2959 2921 2999 :
2949 2948 3110 3004 modo
3149 2948 3504 3019 intensivum,
3530 2963 3625 3019 ut,

2024 3027 2291 3100 imprime,
2308 3031 2513 3086 incuso.
2533 3031 2642 3088 Sub
2659 3040 2743 3089 est
2760 3042 2818 3090 et
2832 3034 3043 3104 localis,
3060 3047 3138 3103 ut,
3154 3038 3333 3105 subeo,
3350 3041 3622 3113 subpone.

1945 3103 1996 3168 ϐ
2024 3118 2122 3174 list
2141 3127 2196 3175 et
2221 3121 2623 3190 diminutivum,
2651 3132 2728 3190 ut,
2776 3123 3045 3194 subridee,
3094 3128 3150 3183 id
3186 3137 3293 3196 est,
3319 3103 3628 3202 paululum

2026 3210 2207 3277 rideo;
2233 3212 2527 3269 subtristis.
2551 3213 2619 3269 Et
2642 3214 2697 3269 in
2719 3224 3033 3286 sequentem
3056 3228 3232 3277 mutat
3256 3219 3287 3274 b
3308 3236 3632 3278 consonan-

2022 3309 2153 3367 tem,
2183 3300 2227 3356 si
2263 3319 2310 3366 c,
2355 3303 2439 3358 vel
2468 3304 2508 3373 Γ,
2532 3321 2586 3376 g,
2610 3321 2681 3371 m,
2709 3305 2796 3361 vel
2832 3323 2869 3377 p
2908 3309 3174 3378 sequitur,
3206 3318 3267 3365 ut
3307 3314 3620 3381 succumbo,

2019 3390 2234 3461 stt/fere,
2258 3408 2500 3462 suggero,
2515 3393 2761 3450 submitte
2788 3393 2997 3467 [Forte,
3020 3398 3333 3473 summitte],
3348 3417 3620 3472 suppono.

2019 3481 2212 3552 Super,
2242 3483 2287 3538 si
2311 3498 2410 3553 pro
2442 3500 2602 3554 supra
2623 3488 2865 3557 ponitur,
2889 3491 3260 3545 accusativum
3289 3501 3394 3557 est,
3418 3503 3498 3559 ut,

2206 3595 2342 3645 Saeva
2362 3595 2544 3646 eodem
2563 3608 2717 3662 super
2738 3612 2872 3650 arma
2897 3602 2948 3665 ἀ,

2013 3699 2068 3754 id
2109 3709 2216 3764 est,
2268 3716 2450 3772 supra.
2505 3701 2564 3758 Si
2606 3704 2672 3759 de
2712 3706 2797 3762 vel
2838 3707 2896 3762 in
2946 3708 3251 3780 signiﬁcat,
3300 3711 3612 3770 ablativum

2012 3802 2116 3857 est,
2153 3801 2267 3847 ut:

2229 3882 2380 3934 Nulla
2402 3897 2553 3949 super
2575 3884 2774 3937 Priamo
2801 3890 3024 3950 rogitans
3046 3892 3091 3939 ⁸.

2010 3964 2115 4020 hoc
2136 3972 2239 4030 est,
2274 3967 2340 4021 de
2366 3964 2603 4023 Priamo.
2629 3969 2761 4024 item
2788 3987 2803 4024 :

2198 4059 2389 4110 Fronde
2411 4073 2563 4123 super
2577 4062 2718 4113 viridi
2744 4062 2790 4127 ι,
2853 4114 2863 4124 ,

2008 4140 2063 4196 id
2111 4151 2212 4209 est,
2261 4144 2316 4198 in
2345 4144 2524 4200 viridi.
2578 4146 2709 4201 item
2741 4148 2921 4203 subter
2957 4151 3329 4207 accusativum
3380 4164 3490 4221 est,
3541 4165 3608 4211 ut

2007 4235 2185 4290 subter
2209 4246 2425 4292 terram.
2459 4237 2592 4294 Item
2633 4239 2952 4308 ablativum,
3001 4243 3178 4299 subter
3218 4244 3388 4301 densa
3435 4258 3603 4304 testu—

2006 4328 2146 4382 dine.

2076 4418 2174 4473 Fu.
2214 4419 2368 4477 Unde
2413 4422 2664 4478 dicuntur
2683 4424 2928 4495 quadam
2953 4429 3364 4497 praepositiones
3410 4431 3603 4502 loque-

2005 4506 2183 4564 lares?
2207 4509 2460 4566 —Suo.
2482 4513 2619 4580 Quia
2646 4530 2861 4585 semper
2902 4517 2954 4571 in
2991 4520 3384 4589 compositione
3407 4521 3604 4593 loque-

2003 4596 2103 4663 lis,
2120 4598 2173 4654 id
2193 4606 2277 4653 est
2297 4600 2641 4670 dictionibus,
2667 4615 3083 4676 componuntur,
3107 4617 3161 4664 et
3181 4619 3309 4665 sunt
3334 4627 3435 4667 sex
3460 4633 3477 4668 :
3513 4615 3598 4681 di,

2000 4690 2104 4756 dis,
2153 4707 2224 4753 re,
2262 4708 2318 4747 se
2366 4708 2437 4747 an
2488 4692 2636 4767 [Ms.,
2661 4695 2791 4766 am],
2824 4713 2940 4765 con,
2975 4707 3056 4765 ut,
3079 4699 3293 4767 diduco,
3323 4703 3597 4771 distraho,

1999 4794 2232 4845 recurro,
2298 4783 2519 4849 recube,
2567 4784 2871 4857 amplector,
2916 4804 3137 4859 congero
3168 4787 3320 4862 [Ms.,
3372 4808 3598 4864 congre-

1996 4868 2158 4943 dior].
2190 4870 2260 4924 Di
2286 4873 2501 4941 quidem
2527 4883 2583 4930 et
2624 4875 2707 4930 dis
2747 4880 3050 4948 separativa
3076 4888 3222 4944 sunt,
3252 4889 3308 4935 et
3336 4884 3594 4939 eamdem

1995 4959 2445 5031 signiﬁcationem
2467 4965 2667 5020 habent
2694 4969 2964 5036 quomodo
3002 4970 3067 5024 ab
3097 4979 3153 5025 et
3175 4970 3287 5026 abs.
3326 4972 3421 5038 Ut,
3452 4970 3594 5028 diri-

1993 5049 2083 5116 do,
2109 5051 2372 5108 distraho.
2404 5054 2472 5109 Et
2496 5055 2580 5109 dis
2600 5059 2962 5128 componitur,
3004 5061 3219 5131 quando
3263 5064 3514 5133 sequitur
3528 5083 3587 5131 c,

314 5141 607 5206 biscum,et
627 5136 1048 5209 antepenuitima
1065 5136 1117 5192 in
1140 5135 1225 5191 bis
1251 5136 1522 5201 elevatur;
1546 5136 1666 5191 aliis
1683 5144 1899 5208 postpo—
1991 5140 2035 5212 Ῑ,
2063 5159 2119 5213 p,
2146 5160 2193 5211 s,
2222 5155 2241 5199 t
2277 5154 2331 5200 et
2360 5146 2380 5200 i
2425 5146 2545 5202 loco
2570 5151 2937 5216 consonantis,
2960 5159 3041 5216 ut,
3070 5152 3336 5221 discum,
3365 5156 3587 5227 differo,

314 5230 421 5287 sita
443 5231 673 5297 acuitur,
689 5238 773 5295 ut,
796 5244 1038 5301 quorum,
1055 5240 1303 5299 quacum,
1316 5228 1551 5298 quicum,
1564 5227 1888 5299 quibuscum.

314 5314 519 5380 Germ.
554 5325 623 5380 ad
670 5336 936 5394 personas
957 5322 1215 5392 pertinet,
1252 5329 1333 5386 ut,
1364 5334 1543 5376 eorum
1566 5334 1671 5385 nte,
1713 5328 1787 5387 te,
1812 5332 1887 5375 se.

1990 5234 2252 5304 (li/funde,
2278 5254 2303 5292 s
2331 5238 2385 5293 in
2413 5238 2444 5309 f
2462 5247 2668 5295 mutata
2682 5242 2970 5311 euphonia:
2990 5258 3185 5312 causa;
3213 5246 3444 5316 disputo,
3462 5249 3586 5303 dis-

1987 5338 2125 5391 sero,
2145 5326 2687 5401 ἀὲσεηήοβὶἠωισο.
2708 5330 2769 5386 in
2781 5332 2903 5389 aliis
2921 5336 3344 5393 consonantibus
3361 5338 3418 5390 di
3438 5350 3583 5407 pm

314 5408 506 5469 Palam
530 5414 598 5469 ad
622 5412 806 5468 omnia
829 5412 1113 5482 accipitur,
1141 5421 1221 5475 ut,
1250 5411 1425 5481 palam
1464 5411 1723 5467 omnibus.
1761 5410 1890 5468 Sine
1987 5419 2238 5488 ponitur:
2261 5420 2476 5487 diduco,
2497 5421 2699 5493 digere,
2719 5423 2891 5492 diluo,
2918 5425 3144 5496 dimitto,
3166 5427 3356 5495 dirue;
3372 5436 3430 5485 et
3449 5428 3583 5484 ubic-

386 5576 411 5636 ξ
442 5563 617 5636 Ϊίῖε..
639 5565 835 5636 Georg.
873 5582 956 5629 ιη,
979 5565 1067 5621 55.

383 5631 412 5670 δ
447 5631 579 5685 Ibid.
592 5673 605 5695 ,
642 5634 764 5687 402.

386 5712 407 5739 ε
447 5698 653 5771 Virgil.,
677 5701 888 5755 :Eneid.
921 5720 961 5769 ι,
985 5704 1107 5756 666.

2056 5570 2081 5610 δ
2111 5571 2326 5642 Virgil..
2353 5574 2570 5632 JEneid.
2596 5593 2639 5642 ι,
2665 5577 2791 5635 295.

2060 5652 2084 5679 ⁸
2106 5642 2239 5698 Ibid.
2252 5684 2266 5709 ,
2299 5642 2419 5700 750.

2059 5711 2077 5749 ί
2115 5712 2296 5785 Virgil.
2330 5714 2508 5787 Ecieg.
2540 5734 2581 5786 ι,
2608 5719 2696 5775 81.
