3866 6170
288 274 393 333 905

1080 272 1162 328 Β.
1199 274 1261 329 F.
1301 270 1525 327 ALBlNl
1564 268 1693 324 εει]
1734 264 2009 323 ALCUINI
2046 262 2329 321 OPERL'M
2362 260 2541 317 PARS
2578 260 2687 315 VII.

3427 255 3537 312 90$

289 405 488 463 aequus,
514 386 569 444 id
592 395 698 455 est,
720 384 898 457 justus
921 401 1020 457 per
1045 386 1150 442 duo
1175 359 1364 441 udScd
1397 396 1576 440 tamen
1604 384 1719 437 haec
1745 396 1862 436 om-
1888 388 1934 445 Α
1965 393 2221 434 numerus
2245 392 2458 447 quoque
2498 376 2828 448 syllabarum
2849 372 3064 431 crescit.
3095 373 3355 431 Similiter
3385 376 3534 430 enim

287 480 377 534 nia
403 495 500 549 per
519 494 563 532 te
592 476 959 548 diphthongon
990 476 1271 532 scribenda
1295 484 1437 531 sunt.
1469 473 1647 544 Equus
1672 472 1718 526 si
1748 471 1862 526 ani-

289 568 399 624 mal
440 567 728 639 signiﬁcat,
758 582 854 637 per
896 551 1190 637 simplicem
1228 583 1255 620 e
1284 564 1445 620 scribi
1489 563 1667 618 debet.
1698 559 1859 633 [Aula

289 661 480 716 Latine
506 660 696 714 domus
730 658 877 730 regia
905 666 1007 723 est,
1035 665 1090 713 ει
1114 672 1211 726 ρει·
1237 673 1269 709 a
1300 655 1574 711 scribitur.
1604 651 1737 707 Aule
1761 666 1861 720 per

289 750 587 820 simplicem
616 766 663 816 e,
694 747 880 804 Graece
916 747 1114 801 atrium
1148 746 1362 800 dicitur.
1399 744 1522 799 ideo
1566 744 1621 798 in
1653 740 1860 813 psalmo

289 841 381 896 ubi
410 841 633 914 legimus
659 855 673 894 :
702 841 930 895 Adorate
953 839 1236 893 Dominum
1278 838 1333 892 in
1372 835 1496 891 aula
1532 844 1717 889 sancta
1745 834 1859 903 ejus

292 929 517 1001 (Psalm.
541 946 733 995 xxvm,
761 929 847 999 Ξ),
894 944 999 982 non
1028 928 1287 998 palatium
1328 927 1462 980 aula:
1502 925 1738 990 nomine,
1768 924 1861 979 sed

289 1021 487 1076 atrium
515 1020 704 1076 Graeco
731 1019 990 1074 vocabulo
1020 1019 1178 1073 debet
1215 1016 1486 1090 intelligi.]
1512 1015 1675 1072 Aulea
1713 1032 1809 1086 per
1834 1032 1861 1070 e

290 1112 334 1166 si
363 1113 588 1168 tentoria
620 1110 904 1182 signiﬁcat.
935 1109 1087 1165 Unde
1110 1117 1164 1163 et
1188 1109 1242 1163 in
1269 1108 1405 1163 Isaia
1427 1108 1582 1176 juxta
1611 1108 1753 1162 LXX
1782 1108 1863 1161 in-

289 1211 593 1272 terpretes:
633 1200 813 1254 Dilata
854 1200 1023 1254 locum
1068 1199 1389 1253 tabernaculi
1428 1188 1535 1264 tui,
1569 1208 1619 1254 et
1664 1214 1864 1255 Αυιελε

290 1302 407 1346 tuas
445 1291 663 1362 conﬁge.
688 1290 927 1345 Actuarii
953 1306 1075 1346 cum
1099 1307 1154 1356 u,
1187 1290 1241 1343 id
1271 1297 1374 1356 est,
1400 1290 1631 1344 diversis
1655 1290 1865 1345 actibus

289 1383 532 1453 occupati
573 1383 842 1437 dicuntur.
884 1381 1084 1435 Actarii
1126 1396 1253 1435 vero
1296 1381 1588 1451 scriptores
1622 1390 1866 1435 actorum

290 1474 626 1545 appellantur
650 1472 777 1544 [Με.
813 1472 968 1543 Reg.,
998 1472 1353 1527 Actuarius...
1382 1472 1623 1554 dicitur].

359 1586 518 1655 302
560 1583 714 1657 [Ante
763 1583 1072 1654 praepositio
1101 1584 1269 1637 multa
1305 1584 1604 1654 significat;
1651 1599 1781 1638 nam
1810 1593 1866 1639 et

291 1687 497 1746 tempus
523 1675 807 1745 signiﬁcat,
832 1689 953 1728 cum
979 1673 1206 1728 dicitur:
1237 1674 1370 1727 Ante
1389 1674 1524 1726 diem
1548 1673 1735 1742 festum
1759 1672 1864 1727 Pa-

288 1770 425 1822 sclttr
456 1766 633 1838 (Joan.
673 1783 802 1832 xm,
836 1767 907 1837 l).

290 1861 421 1911 Ante
468 1866 794 1927 conspectum
840 1858 1068 1926 gentium
1118 1854 1359 1909 reuelabit
1393 1856 1660 1925 justitiam
1714 1870 1866 1909 suam

290 1948 464 2017 (Psal.
496 1964 658 2013 xcvu,
694 1947 775 2019 2),
821 1948 872 2002 id
907 1955 1008 2013 est,
1041 1962 1221 2003 coram
1249 1947 1515 2018 gentibus.
1546 1946 1611 2000 Et
1639 1945 1867 2017 dignita-

290 2048 419 2102 tem,
446 2045 506 2090 ιιι
530 2057 541 2090 :
570 2037 751 2091 Posuit
776 2037 1026 2107 Ephraim
1054 2045 1172 2091 ante
1202 2036 1483 2090 Manassen
1508 2034 1863 2107 (Cen.x1.vm,

288 2128 399 2199 20).
435 2128 495 2181 Et
522 2143 536 2181 :
564 2129 654 2196 qui
680 2139 793 2199 post
824 2144 904 2181 me
931 2129 1087 2193 venit,
1116 2136 1236 2181 ante
1264 2144 1345 2181 me
1381 2126 1552 2196 factus
1583 2136 1657 2181 est
1681 2125 1860 2199 (Joan.

291 2233 375 2282 xv,
400 2217 513 2288 27),
539 2218 591 2271 id
620 2226 722 2282 est,
754 2218 886 2272 mihi
912 2216 1210 2290 praelatus]

359 2327 559 2398 Arguo,
587 2329 741 2399 argui
783 2337 840 2383 et
865 2339 1108 2398 argutum
1131 2370 1144 2393 ,
1187 2328 1241 2384 id
1270 2337 1380 2394 εει,
1408 2330 1733 2396 convictum,
1780 2329 1865 2385 fa-

288 2419 437 2472 ciunt
460 2427 763 2488 arguturus.
789 2419 939 2485 Amo,
962 2422 1154 2485 amavi,
1178 2422 1368 2475 amasti
1396 2421 1622 2488 faciunt,
1647 2429 1703 2476 et
1726 2437 1869 2493 saepe

291 2509 377 2562 illa
409 2511 591 2575 verba,
621 2525 739 2578 quae
769 2511 822 2563 in
850 2513 1127 2581 prieterito
1154 2512 1394 2581 perfecto
1421 2531 1447 2567 υ
1478 2524 1867 2572 consonantem

289 2608 599 2665 assumunt,
640 2601 694 2654 in
740 2602 974 2656 secunda
1001 2609 1056 2655 et
1102 2603 1261 2657 tertia
1297 2617 1527 2671 persona
1575 2620 1867 2675 syncopam

290 2689 587 2757 patiuntur,
620 2697 706 2753 ut,
752 2706 867 2753 nco,
918 2692 1050 2755 nevi,
1094 2692 1276 2745 neviin
1316 2692 1400 2747 vel
1429 2695 1581 2749 ncsti.
1610 2695 1706 2750 Illa
1738 2710 1870 2753 vero

292 2792 412 2845 quae
440 2778 491 2832 in
521 2779 770 2847 praesenti
802 2795 829 2832 υ
853 2778 1051 2834 habent
1076 2791 1483 2851 consonantem,
1507 2799 1613 2839 non
1641 2795 1865 2856 possunt

291 2869 348 2924 in
367 2867 636 2937 praeterito
658 2883 945 2938 syncopam
967 2871 1097 2939 pati,
1121 2881 1197 2937 ut,
1221 2872 1335 2928 lavo
1360 2873 1545 2930 lavasti
1567 2875 1688 2948 [Ms.
1706 2875 1866 2951 Reg.,

289 2956 500 3030 lavisti],
524 2974 682 3013 nemo
699 2959 826 3014 dicit
847 2977 859 3012 :
879 2958 1021 3027 lasti,
1037 2963 1117 3019 vel
1140 2964 1260 3020 lasti
1278 2976 1419 3035 sunt.
1444 2962 1722 3038 Adipiscor
1737 2966 1869 3025 ade-

288 3057 411 3117 ptus
430 3064 547 3103 sum
575 3047 721 3104 facit.
753 3049 981 3105 Accusso
1011 3068 1109 3123 per
1130 3054 1237 3110 duo
1264 3072 1291 3109 c
1321 3064 1374 3111 et
1399 3071 1487 3127 per
1517 3047 1623 3113 duo
1646 3075 1672 3113 s
1698 3059 1862 3115 scribi
1885 3085 1933 3147 ο

285 3138 462 3193 debet.
490 3138 692 3194 Accedo
718 3155 815 3210 per
854 3142 960 3196 duo
996 3160 1043 3197 c.
1076 3142 1229 3214 Saepe
1274 3145 1340 3200 ab
1375 3149 1659 3218 euphonia:
1699 3166 1863 3206 causa

288 3230 341 3283 in
368 3239 682 3301 sequentem
712 3234 1040 3290 mutabimus
1066 3234 1192 3307 [Ms.
1220 3237 1376 3308 Reg.,
1402 3234 1716 3313 mutabitur]
1743 3257 1868 3297 con-

285 3331 589 3388 sonantem,
614 3331 672 3377 ut
700 3325 902 3392 ofﬁcio,
927 3326 1101 3396 amna,
1133 3325 1314 3393 allido,
1344 3345 1632 3396 ammoneo,
1663 3347 1862 3396 annuo,

286 3430 513 3484 appono,
543 3415 761 3485 arripio,
790 3433 1018 3472 assumo.
1044 3417 1214 3489 Alliga
1248 3434 1346 3489 per
1370 3422 1475 3475 duo
1496 3420 1535 3474 ἰ.
1558 3422 1745 3476 Annua
1768 3437 1866 3492 per

288 3506 393 3559 duo
419 3523 474 3559 ιι.
501 3505 710 3575 Apparo
743 3504 864 3576 [Με.
888 3506 1044 3577 Reg.,
1069 3510 1317 3581 appareo]
1363 3524 1461 3578 per
1493 3510 1599 3565 duo
1617 3528 1672 3581 ρ.
1694 3510 1862 3566 Attuli

286 3609 384 3663 per
411 3594 517 3648 duo
557 3603 577 3646 t
606 3594 769 3649 scribi
805 3595 1022 3650 debent.
1067 3598 1131 3650 At
1173 3597 1221 3653 si
1257 3598 1565 3669 coniunctio
1592 3609 1675 3655 est
1708 3616 1808 3672 per
1841 3609 1863 3655 t

285 3682 627 3737 scribendum
650 3691 760 3750 est;
788 3683 831 3737 si
857 3685 1184 3754 praepositio,
1208 3700 1306 3756 per
1326 3688 1380 3741 d.
1404 3689 1568 3760 Atque
1589 3690 1717 3745 item
1737 3708 1863 3748 con-

276 3774 487 3844 junctio
522 3775 817 3845 composita
856 3790 953 3846 per
982 3786 999 3830 t
1026 3777 1273 3835 similiter
1310 3780 1674 3837 scribendum.
1707 3784 1860 3855 Apud

283 3867 589 3937 praepositio
616 3868 669 3920 in
709 3867 745 3921 d
784 3866 1019 3922 ﬁniatur.
1051 3866 1134 3923 Ab
1164 3878 1284 3923 artu
1329 3870 1584 3936 artubus;
1632 3874 1702 3928 ab
1747 3884 1859 3928 arte

285 3960 513 4015 artibus.
558 3958 820 4014 Similiter
844 3961 913 4014 ab
951 3974 1079 4013 arcu
1110 3961 1368 4023 arcubus;
1401 3959 1470 4017 ab
1496 3979 1616 4017 arce
1643 3964 1860 4020 arcibus

284 4050 569 4105 dicendum
615 4060 717 4105 est.
771 4049 971 4123 [/Eger
1019 4051 1230 4117 animo;
1280 4050 1538 4123 di'grotus
1587 4069 1853 4125 corpore:

286 4150 574 4211 utrumque
621 4157 719 4211 per
776 4142 1143 4212 diphthongon
1196 4144 1496 4216 scribitur]:
1538 4146 1712 4213 Alibi,
1750 4147 1858 4203 alio

285 4235 423 4290 loco.
452 4233 618 4299 Alias,
649 4233 754 4286 alio
783 4241 1023 4303 tempore
1052 4233 1339 4305 signiﬁcat.
1372 4234 1478 4291 Aer
1506 4236 1856 4308 dissyllabum

282 4337 384 4393 est,
417 4335 471 4382 et
499 4342 603 4381 non
636 4326 797 4380 habet
824 4324 1086 4394 pluralem
1116 4342 1418 4392 numerum,
1449 4328 1553 4383 nisi
1587 4345 1712 4385 aera
1738 4338 1857 4384 tan-

1961 468 2088 541 [Ms.
2115 467 2267 539 Reg.,
2295 467 2469 522 Simili
2500 465 2667 537 enim]
2697 465 2870 520 vocali
2908 464 3109 520 vocalis
3137 464 3389 535 adjuncta
3422 480 3536 520 non

1960 557 2130 613 solum
2156 573 2263 611 non
2286 558 2546 620 cohaeret,
2569 556 2662 610 sed
2683 556 2845 610 etiam
2868 555 3124 627 syllabam
3145 564 3324 622 auget,
3350 563 3434 622 ut,
3453 557 3539 609 in-

1958 664 2177 718 genuus,
2210 647 2429 712 arduus,
2473 646 2711 713 exiguus,
2737 653 2793 699 et
2822 662 3039 710 vacuus,
3065 645 3208 714 quod
3235 661 3334 715 per
3360 662 3388 698 c
3426 659 3538 698 non

1960 751 2098 807 perq
2114 736 2458 791 scribendum
2486 743 2586 789 est.
2604 736 2807 790 Eadem
2829 735 3023 790 divisio
3042 735 3096 789 in
3117 735 3296 790 verbis
3320 748 3543 805 quoque

1959 835 2060 891 est,
2090 833 2166 891 ιιι,
2194 834 2449 890 metuunt,
2471 834 2729 891 statuunt,
2753 825 3002 889 tribuunt,
3034 834 3250 892 acuunt,
3276 826 3418 895 quod
3440 840 3542 895 per

1960 934 1988 970 c
2003 931 2217 986 quoque
2240 932 2346 972 non
2376 931 2473 986 per
2495 934 2526 988 q
2548 916 2892 970 scribendum
2915 924 3016 970 est.

2032 1006 2239 1076 Aspiro,
2263 1007 2481 1077 aspicio,
2509 1007 2625 1060 sine
2655 1005 2691 1058 ά
2730 1005 3012 1060 scribenda
3053 1015 3177 1061 sunt
3202 1021 3299 1078 per
3327 1006 3540 1078 simpli-

1960 1112 2077 1151 cem
2119 1113 2143 1150 s
2175 1096 2303 1169 [Με.
2332 1096 2479 1167 Reg.,
2506 1097 2752 1165 Asspiro,
2777 1096 3009 1165 asspicio
3035 1111 3133 1166 per
3157 1096 3426 1167 duplicem
3453 1097 3537 1170 s],

1960 1187 2086 1245 licet
2111 1204 2233 1242 cum
2256 1189 2325 1242 ad
2354 1181 2733 1258 praipositioue
2763 1186 3057 1257 composita
3088 1187 3216 1252 sint,
3242 1188 3368 1257 quia
3397 1189 3541 1258 perit

1964 1280 2036 1335 ibi
2066 1280 2120 1333 ά.
2150 1279 2397 1349 Apparet,
2440 1279 2583 1349 quod
2627 1277 2858 1341 videtur,
2888 1290 2983 1346 per
3009 1293 3062 1345 p.
3107 1276 3359 1348 Adparet,
3393 1280 3543 1348 quod

1961 1370 2278 1440 obsequitur
2296 1385 2392 1439 per
2409 1369 2465 1435 d,
2489 1384 2594 1424 non
2616 1367 2812 1438 regula:
2834 1368 3062 1432 ratione,
3080 1368 3174 1422 sed
3194 1368 3543 1424 discretionis

1964 1478 2148 1517 causa.
2166 1462 2352 1528 Arbor,
2378 1474 2539 1517 omne
2560 1460 2764 1532 lignum
2786 1459 3002 1514 dicitur.
3028 1458 3277 1527 Arbusta,
3304 1476 3412 1515 non
3434 1461 3540 1516 nisi

1964 1554 2260 1610 fructifera.

2034 1646 2232 1712 Avena,
2256 1645 2302 1701 si
2323 1645 2391 1701 ad
2420 1659 2660 1718 germen,
2685 1645 2803 1701 sine
2824 1646 2856 1699 Ιι
2883 1660 2980 1714 ρει·
3002 1662 3028 1699 v
3055 1645 3404 1701 scribendum
3431 1654 3536 1700 est.

947 1767 1014 1821 Et
1046 1766 1384 1836 prmsemiam
1423 1727 1723 1835 Signiﬁcat,
1765 1772 1860 1820 ut:
1896 1736 1940 1797 Β
1968 1736 2221 1803 Ilabeua,
2260 1738 2306 1836 si
2337 1737 2405 1836 ad
2446 1727 2741 1836 retinacula
2775 1735 3176 1836 jumentorum,
3217 1752 3321 1836 pe:
3345 1738 3377 1790 h
3416 1746 3471 1791 et
3509 1737 3540 1790 ι

1969 1830 2241 1885 scribitur.
2275 1828 2593 1903 [Advocatur
2611 1829 2837 1884 daturus
2861 1829 3239 1900 patrocinium.
3270 1827 3545 1883 Evocatur

1966 1919 2294 1987 praebiturus
2318 1918 2657 1989 obsequium.
2686 1917 2968 1973 Invocatur
3002 1927 3361 1990 praestaturus
3386 1922 3543 1975 auxi-

1966 2009 2118 2063 lium.
2149 2009 2440 2079 Adportare
2459 2018 2544 2063 est
2585 2009 2788 2078 aliquid
2832 2008 3066 2065 adferre.
3109 2011 3415 2081 Asportare,
3447 2027 3547 2064 au-

1966 2101 2112 2158 ferre
2139 2101 2361 2172 aliquid.
2392 2100 2730 2172 Comportare
2755 2101 2914 2157 simul
2941 2110 3157 2172 portare
3184 2103 3237 2157 in
3263 2119 3437 2157 unum
3466 2103 3547 2157 lo-

1966 2208 2111 2247 cum.
2146 2190 2431 2261 Deportare
2458 2190 2745 2260 deponere.
2776 2191 3069 2261 Exportare
3106 2189 3342 2263 tollere]

2036 2281 2228 2336 Album
2270 2282 2497 2349 natura;
2529 2282 2815 2337 candidum
2845 2296 2975 2337 cura
3006 2281 3154 2338 facit.
3181 2281 3542 2354 [Armarium,

1965 2372 2058 2429 ubi
2096 2388 2538 2443 quarumcunque
2578 2374 2777 2428 artium
2827 2373 3186 2431 instrumenta
3227 2383 3540 2430 servantur.

1964 2462 2463 2529 Armamentarium,
2490 2463 2579 2517 ubi
2612 2472 2819 2519 tantum
2847 2464 2953 2518 tela
2982 2480 3278 2519 armorum.
3306 2466 3540 2530 Accedit,

1963 2566 2063 2623 per
2088 2568 2115 2605 e
2137 2553 2205 2608 ab
2238 2552 2579 2608 ambulando.
2604 2553 2806 2609 Accidit
2835 2555 2970 2626 peri
2998 2556 3065 2610 ab
3089 2554 3331 2627 eventu.]

2036 2643 2168 2699 Ante
2196 2646 2502 2716 praepositio
2529 2646 2795 2701 interdum
2828 2647 3094 2718 integrum
3126 2646 3253 2719 [Με.
3280 2646 3433 2717 Reg.,
3460 2647 3544 2700 in-

1964 2733 2150 2808 tegra]
2197 2745 2412 2803 manet,
2458 2744 2551 2804 ut,
2596 2737 2883 2803 antecedit,
2929 2738 3205 2792 antevenit.
3261 2736 3541 2791 Interdum

1965 2828 2260 2884 nutatione
2283 2846 2311 2883 e
2336 2829 2390 2883 in
2415 2830 2433 2883 i
2461 2829 2692 2884 litteram
2732 2829 3110 2898 corrumpitur,
3140 2838 3226 2894 ut,
3262 2829 3540 2898 anticipat.

2035 2918 2083 2973 Α
2104 2926 2163 2975 ει
2186 2920 2253 2975 ab
2287 2929 2343 2974 et
2369 2920 2461 2977 abs
2489 2920 2894 2991 praepositiones
2928 2920 3086 2975 unius
3127 2919 3545 2991 signiﬁcationis

1964 3020 2111 3078 sunt,
2137 3021 2199 3066 ιιι
2226 3029 2257 3065 a
2281 3026 2383 3081 me,
2419 3013 2483 3067 ab
2512 3012 2738 3079 homine,
2769 3012 2979 3068 abstuli.
3014 3012 3123 3069 Sed
3149 3013 3213 3068 ab
3243 3014 3542 3082 smpissime

1967 3103 2241 3171 scribitur,
2269 3119 2394 3160 cum
2440 3119 2673 3176 sequens
2698 3106 2922 3160 verbum
2965 3122 2995 3160 a
3025 3105 3196 3162 vocali
3224 3106 3435 3176 incipit,
3474 3122 3542 3160 ne

1964 3195 2126 3251 dictio
2153 3196 2337 3251 multis
2364 3197 2783 3252 consonantibus
2807 3208 3085 3262 oneretur,
3116 3206 3197 3263 ut,
3228 3199 3294 3250 ab
3322 3213 3448 3250 uno.
3482 3196 3543 3251 Si

1963 3297 2092 3339 vero
2113 3300 2145 3339 a
2170 3295 2503 3342 consonante
2521 3302 2651 3358 pars
2668 3288 2931 3343 orationis
2952 3288 3157 3358 incipit,
3183 3305 3219 3342 a
3246 3288 3424 3343 solum
3450 3305 3546 3359 po-

1962 3382 2141 3441 natur,
2164 3382 2243 3440 ut,
2265 3393 2298 3429 a
2322 3376 2505 3444 fratre.
2531 3376 2637 3431 Abs
2659 3386 2837 3432 tamen
2861 3377 2915 3431 in
2937 3376 3325 3446 compositione
3343 3378 3546 3446 saepius

1960 3477 2183 3538 propter
2194 3469 2516 3537 euphoniam
2539 3469 2747 3541 integra
2766 3467 2971 3535 manet,
2986 3479 3047 3525 ut
3064 3470 3154 3524 abs
3170 3480 3237 3535 te,
3254 3470 3542 3535 abscondo,

1960 3557 2155 3613 melius
2177 3566 2353 3623 sonat,
2394 3573 2554 3628 quam
2578 3558 2643 3614 ab
2667 3570 2739 3626 te,
2762 3560 2847 3615 vel
2876 3562 3143 3628 abeundo;
3176 3561 3319 3617 sicut
3346 3561 3545 3618 melius

1960 3656 2117 3705 sonat
2145 3648 2209 3702 ab
2239 3648 2385 3714 urbe,
2410 3664 2571 3718 quam
2598 3649 2691 3704 abs
2716 3652 2861 3707 urbe.

2029 3758 2187 3830 303
2216 3758 2518 3814 Avunculus
2552 3775 2648 3831 per
2676 3761 2780 3817 duo
2806 3777 2861 3826 u,
2889 3761 3016 3832 quia
3042 3762 3109 3818 ab
3134 3779 3232 3817 avo
3260 3763 3545 3820 diminuti-

1955 3864 2085 3904 vum
2124 3857 2231 3916 est,
2258 3865 2327 3903 uo
2373 3850 2579 3921 syllaba
2623 3852 2676 3907 in
2721 3870 2829 3907 uun
2872 3870 3153 3910 conversa.
3189 3855 3373 3921 Alvus,
3418 3873 3544 3911 eum

1954 3949 2201 3996 ventrem
2230 3940 2518 4011 signiﬁcat,
2548 3955 2647 4011 per
2676 3958 2711 3995 ιι
2743 3943 3048 4013 digammon
3066 3985 3081 4009 ,
3100 3959 3243 3999 tum
3284 3960 3418 4000 vero
3444 3962 3545 4002 co-

1956 4028 2127 4086 lorem
2157 4029 2283 4104 [Hs.
2316 4029 2440 4101 Reg.
2467 4029 2655 4085 addit:
2681 4033 2824 4101 quod
2862 4042 2948 4087 est
2976 4032 3184 4107 albus],
3212 4049 3311 4105 per
3341 4036 3371 4088 b
3399 4036 3540 4090 seri-

1956 4121 2119 4176 bitur.
2147 4122 2254 4176 Ara
2281 4137 2404 4176 cum
2442 4120 2610 4176 altare
2647 4120 2934 4190 signiﬁcat,
2965 4123 3083 4178 sine
3110 4124 3142 4177 Ιι
3171 4124 3538 4193 aspiratione;

1956 4227 2083 4267 cum
2113 4227 2245 4268 vero
2274 4212 2451 4267 cubile
2483 4226 2793 4282 porcorum,
2829 4229 2954 4268 cum
2988 4215 3317 4285 aspiratione
3346 4217 3543 4270 scribi-

1957 4309 2064 4357 tur.
2092 4301 2343 4357 ιΕηιιιιιιι
2367 4311 2424 4358 ει
2450 4302 2674 4357 ωάίηιαε
2699 4311 2755 4357 ει
2780 4320 3016 4359 ωνιιηιιια
3044 4307 3223 4361 omnia
3253 4322 3353 4377 per
3380 4308 3541 4378 diph-

287 4392 420 4473 tum.
449 4417 551 4472 Ᾰίι
593 4392 1018 4486 monosyllabum
1047 4424 1149 4471 est.
1175 4416 1393 4488 Aufero,
1423 4418 1477 4475 id
1509 4425 1621 4486 εει,
1649 4419 1850 4490 abfero,
1882 4427 1932 4487 ο
1956 4393 2192 4490 ίίιθηεθίξ
2219 4393 2570 4490 formum”:
2602 4392 2956 4465 ’E’luimam“
2997 4410 3094 4465 Per
3132 4413 3178 4450 α’
3215 4413 3454 4468 quoque:
3485 4400 3541 4455 id

283 4513 313 4565 b
344 4512 397 4566 in
429 4528 463 4564 ιι
491 4519 720 4565 mutata.

350 4623 434 4677 Ad
463 4623 769 4694 praepositio
811 4622 1198 4691 corrumpitur,
1226 4622 1273 4677 si
1302 4637 1534 4693 sequens
1566 4624 1791 4680 verbum
1818 4640 1853 4681 a

280 4724 611 4771 consonante
641 4716 846 4784 incipit,
874 4724 973 4770 ut:
1005 4714 1235 4784 apponit,
1274 4715 1535 4770 ammittit.
1578 4716 1774 4771 Alfium
1797 4725 1855 4771 et

279 4808 476 4869 do'ium
505 4808 641 4879 peri
666 4808 970 4873 scribenda,
1000 4816 1078 4872 ut,
1113 4807 1366 4879 Virgilius
1396 4806 1600 4880 (Eclog.
1629 4824 1693 4874 ιι,
1721 4808 1848 4880 ii);

280 4901 419 4955 Allia
454 4899 847 4972 serpellumque.
874 4900 1009 4953 Acer
1055 4897 1182 4953 facit
1225 4898 1505 4967 pluraliter
1547 4900 1695 4953 acria
1725 4897 1849 4971 [Ms.

283 4992 435 5061 Reg.,
462 4990 617 5062 acri].
648 4992 799 5044 Acris
822 4989 951 5044 facit
975 4989 1257 5059 pluraliter
1275 5007 1441 5045 acres.

348 5103 636 5181 [Audacter
658 5102 908 5158 Latinum
928 5108 1040 5162 est;
1071 5100 1165 5155 sed
1192 5099 1467 5157 audaciter
1487 5100 1701 5169 melius,
1723 5100 1848 5172 quia

276 5197 490 5252 nomina
520 5211 558 5249 τε
597 5194 777 5250 littera
814 5191 1101 5246 terminata
1141 5190 1196 5245 in
1225 5189 1495 5246 adverbiis
1520 5206 1549 5244 r
1567 5198 1623 5247 et
1650 5192 1670 5244 i
1698 5205 1851 5248 assu-

277 5300 446 5358 munt,
477 5300 558 5360 ut,
585 5300 756 5358 atrox,
784 5294 1055 5358 atrociter;
1083 5291 1253 5364 ferox,
1284 5288 1547 5361 ferociter.
1588 5287 1849 5355 Accersit,

276 5383 366 5450 qui
390 5391 597 5438 evocat.
624 5380 876 5449 Arcersit,
902 5382 991 5452 qui
1014 5377 1305 5453 accussat.]

346 5495 589 5557 Arervus,
618 5507 713 5560 per
741 5510 798 5560 ιι,
826 5494 1113 5564 cujuslibet
1155 5494 1233 5549 rei
1270 5492 1550 5563 congeries
1575 5498 1683 5558 est,
1710 5474 1850 5563 forte

280 5581 511 5650 lapidum
541 5580 624 5635 vel
650 5584 882 5654 frugum.
922 5585 1151 5641 Acerbus
1189 5601 1286 5656 per
1316 5587 1345 5641 b
1389 5587 1711 5641 immaturus
1754 5591 1848 5638 aut

280 5684 455 5737 asper.
485 5675 603 5727 Alia
639 5681 762 5759 sunt
800 5688 919 5739 niue
948 5690 1043 5739 per
1080 5674 1184 5730 duo
1214 5693 1246 5728 ιι
1276 5676 1610 5745 scribuntur,
1652 5674 1847 5743 quibus

1956 4494 2059 4552 est,
2090 4485 2446 4551 ambidexter,
2475 4485 2565 4556 qui
2595 4495 2821 4556 utraque
2851 4504 3012 4543 manu
3054 4498 3239 4545 utatur
3275 4508 3378 4562 pro
3407 4494 3539 4548 dex-

1956 4585 2094 4631 tera.
2137 4575 2359 4640 Avarus,
2390 4576 2436 4632 si
2466 4576 2654 4631 vitium
2683 4577 2953 4649 signiﬁcat
2988 4595 3086 4650 per
3114 4597 3168 4634 ιι.
3214 4580 3273 4636 Si
3317 4590 3537 4652 gentem

1959 4669 2086 4744 [Ms.
2119 4669 2245 4741 Reg.
2270 4670 2457 4724 addit:
2483 4671 2625 4740 quod
2668 4680 2753 4726 est
2790 4671 2990 4743 Abari]
3027 4690 3127 4744 per
3169 4675 3197 4728 b
3237 4677 3534 4732 scribatur.

1958 4759 2203 4815 Acclamo
2232 4776 2327 4830 per
2357 4761 2462 4815 duo
2487 4778 2535 4827 c,
2578 4762 2630 4816 id
2673 4770 2786 4824 est,
2813 4779 2936 4818 cum
2981 4763 3118 4820 falso
3164 4765 3400 4835 aliquem
3444 4784 3535 4823 ac-

1958 4867 2135 4907 cusso.
2188 4850 2473 4918 Reclamo,
2520 4853 2755 4923 aliquem
2794 4864 3081 4910 exeuntem
3127 4858 3391 4911 vocitans.
3443 4857 3533 4913 ln-

1954 4941 2148 5008 clnmo,
2173 4950 2228 4997 et
2252 4942 2540 5008 succlamo,
2565 4946 2937 5002 murmurandi
2965 4955 3076 5012 est;
3101 4948 3377 5017 perclamo
3398 4948 3530 5021 [ιιι.

1953 5030 2102 5102 Reg.,
2132 5030 2476 5104 proclamat],
2507 5032 2755 5105 laudandi
2785 5035 2868 5089 vel
2896 5036 3215 5106 deprecandi
3238 5038 3528 5102 exultatio;

1954 5124 2196 5181 declamo
2245 5124 2384 5198 [κε.
2417 5124 2567 5195 Reg.,
2601 5125 2909 5200 proclamo]
2971 5129 3364 5186 rhetorizandi.
3418 5132 3532 5186 Ex-

1883 5253 1887 5257 .
1951 5213 2156 5280 clamo,
2191 5215 2407 5284 quando
2450 5230 2551 5284 pro
2586 5216 2789 5272 viribus
2831 5233 3018 5274 vocem
3067 5220 3265 5275 exalto.
3308 5220 3438 5278 Alea
3485 5225 3529 5280 si

1948 5302 2135 5358 ludum
2180 5302 2449 5376 signiﬁcat
2474 5317 2574 5389 per
2601 5320 2660 5371 e;
2700 5305 2745 5362 si
2774 5306 2843 5362 ab
2880 5306 3019 5364 alius
3041 5308 3151 5364 alia
3188 5310 3359 5376 venit,
3388 5326 3488 5380 per
3513 5313 3532 5366 i

1951 5392 2167 5464 legitur.

2018 5485 2222 5541 Amittit
2266 5501 2364 5556 per
2390 5502 2556 5543 unum
2582 5504 2661 5553 ιιι,
2691 5488 2744 5544 id
2786 5498 2870 5545 est
2889 5529 2904 5555 ,
2949 5489 3227 5561 relinquit.
3252 5491 3530 5563 Ammittit

1946 5593 2045 5648 per
2074 5577 2179 5634 duo
2206 5594 2280 5643 ιιι,
2322 5578 2377 5633 id
2403 5587 2509 5645 est,
2539 5580 2783 5634 assumit.
2825 5580 2947 5637 ideo
2995 5583 3209 5637 inmissa
3238 5568 3527 5640 dicendum

1947 5680 2062 5740 est,
2092 5673 2322 5728 ammittc
2342 5682 2418 5739 te,
2450 5672 2527 5727 vel
2551 5673 2768 5729 admitte
2813 5674 2933 5747 ['Ms.
2966 5676 3123 5748 Reg.,
3153 5677 3371 5733 inmissa
3400 5677 3527 5733 dici-
