3906 6190
288 324 400 382 905

1257 316 1726 375 DiDASCALlCA.
1757 345 1828 356 -—
1864 313 1953 371 DE
1991 310 2544 371 OBTHOGRAPHIA.

3430 312 3534 368 906

279 439 403 496 mus
429 437 631 494 ammiti
647 477 664 502 ,
705 444 762 491 ut
789 433 1050 504 admitte].
1079 433 1297 503 Atratini
1322 445 1420 502 per
1444 431 1550 487 duo
1575 429 1620 499 ί,
1663 428 1719 484 id
1748 435 1861 492 est,
1887 436 1936 496 Α
1960 425 2111 482 canis
2133 424 2356 482 dicitur.
2391 422 2657 480 Cenantis
2686 437 2786 494 per
2812 422 3184 494 diphthongon
3209 438 3255 480 at
3295 437 3537 480 commu-

280 532 498 599 statim,
532 529 619 586 vel
658 528 810 584 satis.
834 528 1004 598 Agger
1025 542 1122 598 per
1147 533 1252 583 duo
1285 542 1317 595 g
1359 523 1700 580 scribendum
1741 531 1854 588 est,

279 623 500 696 quando
526 629 758 677 stratam
800 619 1102 690 signiﬁcat;
1133 618 1179 675 si
1225 626 1405 673 autem
1437 631 1719 687 campum,
1764 613 1858 670 ubi

278 714 539 772 seminari
564 720 761 784 potest,
788 727 886 782 per
905 727 1072 766 unum
1095 728 1148 781 g.

353 807 610 862 Acceutus
654 817 752 875 per
797 804 902 859 duo
943 820 992 868 c,
1017 802 1108 858 ubi
1146 817 1252 860 vox
1298 803 1506 858 levatur
1534 801 1671 875 [κε.
1702 800 1858 871 -Reg.,

284 897 549 972 elevatur]
577 899 633 954 in
657 897 842 953 verbo.
870 895 1072 967 Angor,
1108 895 1162 951 id
1190 904 1292 962 est,
1328 896 1632 967 angustiam
1658 893 1856 965 patior,

282 1006 384 1061 per
418 1007 454 1045 τι
476 997 529 1044 ει
555 1006 588 1059 g
617 987 958 1044 scribendum
982 993 1084 1042 est.
1115 985 1452 1057 xEripedem,
1494 984 1546 1040 id
1575 992 1679 1050 est,
1709 983 1858 1039 velo-

284 1097 404 1139 cem
432 1095 529 1152 per
552 1097 585 1134 a
604 1086 659 1135 et
683 1096 712 1133 e
739 1077 937 1133 divisas
969 1076 1252 1135 dicendum
1279 1083 1382 1132 est.
1413 1073 1600 1129 Allecti
1628 1089 1728 1144 per
1754 1074 1860 1128 duo

283 1174 325 1240 Ι,
354 1173 407 1228 id
433 1180 537 1237 est,
558 1171 736 1236 electi,
765 1171 888 1226 inde
909 1169 1086 1240 allegit
1104 1168 1321 1225 dicitur.
1346 1167 1546 1234 Allicit,
1571 1167 1624 1222 id
1647 1174 1750 1232 est,
1779 1167 1862 1221 in-

281 1265 450 1329 vitat,
493 1261 762 1318 similiter.
793 1258 997 1324 Altilia,
1036 1259 1189 1329 quasi
1219 1257 1451 1322 alatilia,
1495 1257 1550 1312 id
1575 1263 1694 1321 est,
1732 1271 1866 1311 aves

281 1353 560 1424 saginatas.
591 1349 852 1405 Attonitus
883 1363 981 1416 per
1024 1351 1130 1404 duo
1163 1357 1216 1414 t,
1260 1349 1314 1403 id
1357 1356 1461 1413 est,
1494 1347 1733 1402 intentus
1774 1346 1861 1400 vel

281 1453 505 1516 stupore
531 1440 772 1497 diffusus.
795 1441 1016 1511 Attingit
1039 1455 1136 1511 per
1157 1440 1262 1496 duo
1280 1449 1302 1494 t
1324 1441 1612 1498 scribatur.

877 1553 1178 1610 LITTERA
1213 1554 1275 1609 Β.

359 1671 658 1728 Benedictio
679 1678 734 1726 et
755 1669 924 1724 oratio
946 1677 967 1724 ι
991 1668 1188 1725 debent
1211 1667 1413 1724 habere
1438 1669 1496 1724 in'
1514 1682 1650 1740 pene
1674 1667 1860 1724 ultima

283 1763 518 1836 syllaba,
539 1775 646 1815 non
667 1777 694 1814 ο
716 1769 772 1816 ει
796 1760 901 1815 alia
928 1759 1145 1816 similia.
1167 1757 1214 1812 Β

283 1857 436 1912 tibus
461 1861 557 1908 tet
579 1869 627 1918 c,
653 1858 735 1916 ut,
761 1848 996 1916 sustulit,
1023 1849 1261 1920 suscipit.
1284 1847 1549 1918 Beniﬁcus
1574 1850 1643 1906 ab
1671 1850 1862 1906 adver-

281 1948 379 2004 bio
405 1946 530 2000 bene
555 1942 910 2012 compositum
937 1955 1036 2012 per
1057 1939 1087 1994 b
1113 1939 1396 2005 scribatur,
1430 1940 1687 2010 veneﬁcus
1711 1951 1743 1995 a
1770 1955 1862 1995 ve-

282 2053 430 2094 neno
458 2051 553 2106 per
593 2051 648 2088 u.
686 2033 776 2088 Bis
805 2031 1116 2089 adverbium
1152 2043 1250 2102 per
1277 2030 1329 2096 b,
1375 2030 1449 2086 ris
1476 2045 1672 2086 nomen
1700 2045 1798 2101 per
1826 2049 1860 2085 ιι

284 2127 629 2187 scribendum
655 2133 738 2181 est
770 2123 899 2198 [Με.
928 2122 1078 2194 Reg.,
1108 2123 1381 2189 scribitur,
1412 2131 1472 2178 ut
1495 2123 1612 2180 lucc
1633 2127 1737 2188 vis,
1763 2123 1863 2179 hu-

279 2221 372 2290 ius
398 2222 501 2287 vis,
529 2220 655 2276 huic
695 2216 803 2290 vi].
835 2216 948 2273 Bile
976 2217 1021 2272 si
1053 2215 1123 2271 fel
1164 2215 1434 2288 signiﬁcat
1462 2231 1560 2287 per
1590 2216 1644 2282 b,
1683 2213 1730 2272 si
1765 2214 1861 2272 ab-

279 2309 485 2380 iectum
512 2308 736 2379 aliquid,
756 2308 903 2377 quod
927 2313 1011 2363 est
1039 2305 1160 2372 vile,
1185 2321 1284 2377 per
1322 2323 1356 2360 u
1386 2303 1727 2362 scribendum
1756 2315 1859 2362 est.

285 2403 463 2458 Berna
487 2402 533 2457 si
559 2400 703 2456 domi
729 2397 966 2469 genitum
991 2395 1270 2467 signiﬁcat,
1307 2395 1360 2451 id
1387 2403 1489 2461 εει,
1518 2395 1860 2452 ditari-Istuc

285 2507 386 2566 per
405 2493 436 2548 ι»
461 2491 803 2547 scribendum
830 2497 946 2555 est;
977 2487 1022 2544 si
1043 2496 1282 2557 tempus,
1320 2495 1382 2543 ut
1411 2504 1565 2542 verna
1595 2495 1858 2558 tempora,

286 2601 388 2658 per
406 2602 440 2639 ιι
461 2584 625 2640 scribi
648 2591 898 2638 auctores
919 2578 1222 2636 voluerunt.
1247 2577 1482 2634 Berbena
1503 2585 1731 2649 utraque
1755 2575 1865 2646 syl-

287 2680 413 2736 laba
439 2695 468 2734 a
496 2679 524 2732 b
549 2677 790 2747 incipiat.

360 2771 660 2846 [Belzebub,
691 2785 799 2825 non
843 2765 1113 2824 Belzebul.
1160 2762 1354 2831 Belial,
1396 2779 1504 2820 non
1533 2759 1713 2818 Beliar
1752 2759 1861 2818 dici

287 2866 468 2923 debet.
505 2863 801 2934 Baptismus
818 2857 1072 2928 baptismi
1108 2870 1302 2927 genere
1331 2849 1649 2917 masculino,
1678 2860 1734 2907 et
1771 2853 1862 2906 ba-

286 2958 480 3030 ptisma
501 2951 857 3026 baptismatis,
879 2957 936 3005 et
960 2949 1269 3020 baptismum
1294 2943 1544 3016 baptismi
1565 2940 1696 3018 [ιιι.
1718 2942 1859 3012 εει,

289 3050 610 3122 baptismus,
638 3046 929 3117 baptisma,
953 3041 1083 3116 etc]
1113 3041 1404 3097 invenitur.

368 3113 420 3195 Β
444 3139 624 3193 littera
657 3113 845 3192 contra
872 3132 903 3203 f
925 3145 1031 3187 non
1062 3113 1241 3195 sonat,
1288 3127 1385 3219 sed
1433 3127 1489 3182 in
1516 3140 1655 3219 eam
1689 3113 1940 3219 transite

298 3231 360 3288 in
385 3226 801 3300 compositione,
828 3231 891 3278 ut
911 3221 1044 3292 οπιιὲ
1073 3235 1184 3276 non
1218 3217 1400 3289 oblui;
1429 3217 1626 3287 su/l'ero
1647 3230 1746 3287 pro
1765 3213 1885 3270 sub-

298 3321 440 3392 fero.
465 3317 514 3374 Β
542 3316 732 3388 quoin
753 3331 778 3369 s
816 3311 1056 3376 transire
1091 3309 1232 3366 solet
1263 3306 1458 3366 multis
1499 3305 1556 3360 in
1597 3303 1756 3369 locis,
1801 3308 1884 3368 ut,

296 3409 514 3476 sustuli,
545 3407 794 3478 suscipio,
820 3412 1083 3469 susteneo,
1107 3398 1409 3472 suspendo;
1450 3412 1554 3469 pro
1582 3395 1804 3460 subtuli,
1829 3403 1888 3451 et

297 3499 568 3572 subcipio,
591 3506 646 3554 et
667 3496 950 3560 subteneo,
991 3499 1048 3550 et
1073 3491 1378 3563 subpendo.
1415 3488 1519 3544 Bes
1553 3487 1670 3544 sive
1719 3486 1888 3552 bisse,

297 3590 449 3663 quod
466 3589 737 3662 signiﬁcat
753 3601 852 3644 Vill
873 3584 1182 3655 unciasper
1233 3581 1263 3637 b
1297 3579 1647 3638 scribendum
1683 3575 1890 3634 est.Bi-

295 3698 444 3747 mus,
467 3681 622 3752 quasi
650 3678 926 3743 bibiemis,
953 3683 1008 3732 et
1034 3674 1160 3730 inde
1196 3673 1437 3728 bimatus
1465 3670 1766 3736 derivatur,
1800 3684 1832 3723 a
1857 3668 1887 3722 b

295 3768 525 3840 incipit;
558 3777 612 3825 et
637 3767 838 3824 biennis
858 3764 1016 3838 quasi
1044 3763 1272 3820 duorum
1293 3774 1581 3816 annorum.
1605 3757 1888 3813 Beniaolus

295 3871 358 3918 et
407 3860 682 3932 benignus,
723 3865 780 3912 et
825 3855 1098 3926 beniﬁcus,
1131 3853 1259 3910 licet
1293 3865 1329 3908 a
1374 3849 1500 3906 bene
1523 3848 1782 3906 adverbio
1815 3850 1892 3904 sit

294 3951 688 4023 compositum,
715 3957 901 4004 tamen
932 3960 1030 4018 per
1061 3945 1079 3999 i
1109 3957 1220 3999 non
1247 3955 1348 4015 per
1381 3957 1410 3997 ο
1433 3940 1492 3996 in
1518 3937 1755 3996 secunda
1782 3938 1892 4010 syl-

293 4045 426 4100 laba
443 4042 700 4099 scribitur
723 4058 736 4094 :
755 4037 1007 4095 similiter
1028 4042 1086 4093 et
1106 4031 1404 4099 malivolus,
1427 4029 1695 4100 maliﬁcus
1707 4046 1727 4095 ;
1751 4028 1896 4085 sicut

294 4152 329 4191 a
363 4142 502 4208 pace
519 4130 794 4204 paciﬁcus.

373 4225 509 4282 Bibo
532 4241 565 4278 a
591 4232 717 4296 potu
734 4237 832 4294 per
853 4220 1000 4278 duob
1025 4228 1083 4276 et
1104 4218 1236 4275 facit
1248 4217 1582 4290 praeteritum
1597 4214 1722 4269 bibi.
1757 4212 1890 4268 Viro

295 4333 330 4372 a
355 4317 469 4372 vita
496 4331 592 4388 per
613 4315 719 4370 duo
739 4331 766 4370 υ
817 4323 875 4369 ει
899 4313 1060 4369 ambo
1087 4319 1470 4375 consonantes,
1508 4317 1566 4363 et
1589 4305 1722 4362 facit
1749 4319 1890 4376 pra:-

295 4407 527 4464 teritum
556 4406 680 4462 uixi.
715 4403 946 4470 Bicium,
976 4403 1087 4458 iter
1107 4400 1324 4474 duplex,
1353 4399 1528 4470 prima
1550 4395 1758 4470 syllaba
1782 4411 1815 4450 a
1854 4395 1886 4449 b

293 4498 518 4568 incipit,
531 4497 766 4554 secunda
786 4495 856 4551 ab
870 4512 904 4550 ιι
924 4500 1280 4550 consonante.
1303 4489 1505 4556 Brevis,
1527 4487 1764 4546 secunda
1785 4485 1893 4559 syl-
1910 4493 1959 4554 υ

292 4592 424 4646 laba
458 4606 556 4661 per
583 4608 633 4656 υ,
662 4589 787 4645 inde
818 4587 1077 4644 breviter.
1112 4583 1376 4650 Balteum,
1396 4579 1695 4653 cingulum,
1717 4591 1818 4650 per
1860 4593 1894 4634 s

293 4682 593 4740 scribatur.
625 4678 752 4744 Beo,
781 4678 936 4743 beas;
969 4675 1094 4731 inde
1121 4675 1305 4728 beatus
1333 4686 1353 4727 :
1377 4673 1522 4729 sicut
1550 4685 1688 4736 meo,
1714 4683 1884 4735 meas,

295 4772 427 4828 inde
451 4779 651 4824 meatus
667 4785 686 4824 :
707 4777 764 4825 et
790 4783 932 4833 creo,
955 4780 1123 4830 creas,
1152 4763 1277 4818 inde
1301 4767 1527 4818 creatus.

896 4873 1196 4931 LITTERA
1233 4874 1298 4930 C.

377 4989 556 5046 Causa
583 5006 682 5061 per
720 5004 886 5044 unum
911 5006 936 5044 s
960 4989 1246 5045 scribatur.
1279 5000 1304 5028 ι
1327 4985 1536 5041 Circum
1574 4977 1885 5058 praepositio

302 5083 632 5156 quibusdam
660 5083 715 5139 in
744 5083 876 5138 locis
897 5098 947 5136 nt
972 5081 1194 5146 amittit,
1217 5086 1277 5134 ut
1304 5079 1558 5144 circuire;
1582 5080 1636 5134 in
1664 5079 1885 5151 quibus-

303 5179 438 5236 dam
473 5183 680 5241 servat,
708 5182 768 5230 ut
803 5174 1135 5228 circumvenit
1160 5186 1178 5224 :
1205 5173 1259 5228 in
1299 5172 1616 5242 quibusdam
1660 5180 1883 5243 postpo-

306 5269 481 5332 nitur,
506 5275 566 5321 ut
592 5266 874 5338 Virgilius:
899 5263 1075 5317 Maria
1095 5263 1271 5316 omnia
1291 5262 1508 5315 circum.
1532 5258 1766 5315 Caverna
1787 5275 1886 5332 per

307 5375 380 5424 u;
406 5357 623 5412 taberna
649 5370 745 5426 per
767 5354 796 5408 ι
817 5352 1104 5422 scribatur.

385 5445 554 5512 Cana,
583 5445 626 5500 si
656 5445 829 5499 locum
856 5439 1121 5513 signiﬁcat
1161 5453 1257 5509 per
1285 5454 1449 5493 unum
1478 5456 1531 5505 η,
1561 5439 1604 5494 si
1643 5453 1883 5511 germen,

311 5539 370 5595 id
397 5545 501 5602 εει,
531 5550 698 5588 canna
727 5547 825 5604 per
849 5531 954 5585 duo
980 5546 1014 5582 n
1041 5528 1327 5583 scribatur.
1353 5525 1626 5596 Cynomia,
1659 5528 1704 5584 si
1734 5533 1832 5600 per
1855 5545 1887 5600 ῃ

307 5627 608 5689 scribatur,
631 5623 880 5678 caninam
909 5633 1149 5676 muscam
1174 5618 1456 5688 signiﬁcat.
1484 5615 1681 5687 Cynos,
1701 5618 1890 5677 ϐπιιςθ

390 5755 419 5798 ε
447 5740 582 5799 Vide
605 5737 1009 5811 grammaticam
1035 5735 1100 5790 de
1123 5731 1606 5804 prmpositionibus.

802 5833 1078 5892 Ριιίιοι..
1132 5827 1232 5890 Cl.

1959 531 2085 572 nem
2113 529 2388 582 muscam,
2417 513 2472 569 id
2499 525 2615 580 est,
2643 515 2822 570 omnis
2845 515 3058 585 generis
3082 529 3326 573 muscam
3360 515 3543 584 signat

1961 604 2088 678 [Με.
2115 603 2268 676 Reg.,
2307 603 2629 678 signiﬁcat],
2655 605 2784 676 quia
2817 621 2998 660 canon
3024 604 3212 662 Graece
3254 621 3543 664 commune

1958 695 2187 762 dicitur;
2220 694 2361 751 unde
2387 695 2677 751 coenobium
2707 694 2829 768 [Με.
2859 695 3001 762 Sal.,
3040 696 3353 771 canubium]
3392 711 3543 754 co-

1959 785 2138 840 munis
2167 784 2433 840 habitatio
2470 784 2794 856 appellatur.
2823 782 3068 840 Carduus
3109 786 3272 840 trium
3311 786 3543 858 syllaba-

1958 892 2080 932 rum
2104 883 2209 943 est,
2239 875 2381 932 sicut
2407 875 2631 941 arduus,
2658 874 2860 944 fatuus,
2897 885 3155 932 mortuus.
3185 875 3394 949 Cuspis,
3422 896 3541 934 cus-

1957 966 2116 1037 pidis,
2143 979 2248 1020 non
2285 979 2497 1035 cuspes.
2524 961 2932 1019 Commodamus
2955 979 3075 1034 qua:
3102 966 3413 1035 recipimus,
3443 982 3543 1037 per

1959 1058 2065 1114 duo
2094 1075 2146 1112 ut
2192 1058 2479 1115 scribatur.
2517 1056 2852 1124 Mutuamus,
2900 1058 3042 1114 dum.
3069 1059 3295 1128 mqualia
3342 1061 3540 1131 recipi-

1960 1163 2099 1204 mus.
2131 1146 2432 1204 Comminus
2461 1161 2557 1218 per
2593 1147 2700 1203 duo
2746 1162 2829 1212 m,
2871 1146 3073 1202 eminus
3114 1162 3214 1218 per
3256 1164 3422 1204 unum
3463 1166 3540 1204 ut.

1961 1236 2262 1292 Comminus
2302 1238 2435 1294 cum'
2456 1238 2650 1309 gladiis
2689 1253 3020 1310 pugnamus;
3048 1241 3250 1296 eminus
3277 1255 3398 1296 cum
3428 1241 3548 1296 lan-

1960 1328 2102 1394 ceis;
2131 1329 2258 1400 quia
2284 1329 2416 1385 illud
2445 1345 2477 1384 a
2511 1346 2674 1385 manu
2698 1346 2807 1386 non
2834 1331 3068 1398 recedit;
3103 1331 3208 1387 hoc
3234 1347 3266 1387 ε
3293 1333 3544 1390 manibus

1959 1418 2246 1474 emittitur.
2276 1417 2513 1475 Collocat
2540 1436 2638 1492 per
2661 1422 2766 1478 duo
2788 1422 2806 1474 ι
2829 1423 3103 1478 scribitur.

2028 1529 2193 1604 30.5
2217 1529 2408 1597 Cerno,
2431 1540 2488 1588 et
2512 1549 2687 1587 cresco
2713 1542 2771 1589 et
2803 1533 2965 1604 glisco
3008 1534 3063 1588 in
3103 1550 3270 1590 unum
3299 1536 3545 1605 prasteri-

1962 1627 2076 1675 tnm
2103 1621 2404 1692 perfectum
2433 1622 2674 1688 veniunt,
2702 1624 2849 1693 quod
2879 1632 2965 1680 est
2989 1626 3144 1680 crevi.
3178 1623 3346 1695 Cupio
3375 1629 3545 1696 cupiti

1961 1710 2094 1768 facit
2113 1721 2170 1768 et
2197 1714 2357 1784 cupii.
2388 1711 2574 1769 Casses
2616 1714 2754 1770 retia
2791 1714 3069 1780 dicuntur,
3097 1729 3196 1785 per
3220 1716 3327 1772 duo
3353 1734 3378 1771 s
3395 1719 3542 1773 scri-

1235 1766 1862 1876 ,‘n.,‘_f'_325’;_‘_“ff‘i‘£‘ff'f'
1891 1783 1946 1844 Β
1963 1803 2128 1860 bitur.
2155 1801 2402 1860 Comedt’a
2429 1805 2673 1860 carmina
2716 1815 2875 1871 sunt,
2902 1821 3024 1876 qua:
3051 1807 3107 1864 in
3141 1808 3408 1867 conviviis
3442 1823 3546 1865 ca-

1959 1903 2185 1960 nuntur,
2215 1909 2313 1965 per
2333 1912 2360 1950 e
2385 1895 2686 1966 simplicem
2709 1895 2992 1954 scribitur.

2030 1985 2314 2051 Canthara,
2342 2001 2611 2056 comparo,
2638 2002 2889 2057 compono
2918 2001 3018 2057 per
3041 2003 3113 2044 ιιι
3147 1996 3210 2046 ct
3233 2003 3341 2046 non
3383 2003 3484 2060 per
3509 2009 3546 2046 ιι

1959 2076 2300 2134 scribuntur;
2323 2076 2404 2132 sic
2421 2074 3128 2147 complaceorcommoratus,
3143 2080 3543 2148 eomprdrendo,

1960 2165 2275 2234 commodat,
2301 2167 2686 2236 computrescit,
2711 2165 3064 2233 commendat,
3084 2183 3376 2235 commune,
3391 2187 3546 2227 eo..-

1959 2255 2135 2328 plures
2157 2264 2214 2311 et
2237 2255 2367 2310 talia
2383 2255 2511 2326 (iis.
2527 2255 2654 2325 Reg.
2677 2255 2855 2330 addit:
2883 2271 2983 2328 per
2999 2259 3350 2316 mscribenda
3363 2263 3542 2334 sunt].

1960 2344 2206 2403 Cautelus
2229 2359 2326 2418 per
2349 2361 2515 2402 unum
2537 2345 2576 2402 l.
2597 2346 2748 2415 Celo,
2772 2347 2934 2415 celas,
2961 2348 3113 2406 idest
3125 2351 3420 2418 abscondo,
3444 2369 3546 2424 per

1960 2436 2258 2508 simplicem
2283 2453 2330 2491 e.
2363 2435 2552 2508 [σιτίῳ
2579 2437 2756 2502 σωιαε,
2786 2454 2908 2494 cum
2937 2440 3204 2510 picturam
3244 2443 3540 2515 signiﬁcat,
3571 2477 3574 2480 ~

1959 2541 2058 2597 per
2099 2543 2145 2582 te
2186 2527 2556 2598 diphthongon
2611 2527 2956 2584 scribendum
3001 2539 3106 2586 est.
3151 2531 3303 2588 Unde
3349 2534 3545 2590 melius

1960 2617 2277 2689 intelligitur
2318 2616 2502 2672 caelum
2541 2631 2574 2672 a
2620 2617 2831 2690 pictura
2877 2618 3147 2688 siderum,
3184 2638 3347 2694 quam
3385 2640 3417 2679 a
3460 2643 3547 2680 ce-

1959 2709 2120 2766 lando
2160 2708 2479 2765 mortalibus
2506 2723 2704 2764 arcana
2732 2708 2953 2764 dictum.
2982 2707 3135 2766 Circa
3170 2711 3239 2767 ad
3272 2713 3538 2772 visibilem

1961 2801 2247 2857 materiam
2299 2800 2385 2856 vel
2445 2801 2622 2857 locum
2677 2799 2934 2872 pertinet.
2987 2801 3132 2874 Erga
3183 2805 3252 2860 ad
3303 2806 3541 2864 animum

1963 2897 2198 2963 spectat,
2236 2890 2472 2946 maxime
2513 2905 2646 2960 cum
2677 2889 2911 2963 aliquem
2964 2895 3371 2963 propensiorem
3409 2897 3543 2954 ειπε-

1959 2989 2106 3039 ctum
2143 2988 2365 3054 generat
2402 2966 2816 3053 proximorum]
2851 2977 3062 3036 Circum
3099 2983 3165 3037 ad
3197 2991 3411 3057 tempus
3458 3003 3543 3044 re-

1965 3074 2165 3131 fertur.

2153 3161 2380 3219 localem
2417 3159 2589 3217 habet
2635 3158 3116 3232 signiﬁcationem,
3146 3171 3208 3218 ιιι
3237 3181 3252 3217 :
3290 3164 3366 3219 cis
3393 3163 3545 3238 Alpi-

1965 3269 2089 3308 num
2116 3251 2344 3308 Calliam
2369 3265 2387 3304 :
2415 3260 2471 3306 et
2508 3265 2608 3321 pro
2641 3251 2783 3305 ultra
2812 3250 3107 3322 accipitur;
3138 3257 3236 3307 ut:
3266 3255 3339 3308 cis
3365 3257 3543 3326 prwﬁ-

1965 3344 2131 3398 nilum
2153 3351 2372 3414 tempus,
2402 3343 2506 3398 hoc
2533 3349 2636 3406 est,
2665 3339 2842 3406 ultra;
2864 3356 2930 3396 ex
2957 3355 3022 3398 eo
3049 3343 3201 3398 citra.
3227 3341 3375 3399 Citra
3399 3362 3548 3402 eam-

1966 3437 2088 3492 dem
2132 3451 2269 3508 pene
2295 3435 2743 3508 signiﬁcationem
2772 3434 2936 3491 habet
2964 3429 3108 3507 quod
3133 3438 3227 3492 eis.
3264 3436 3378 3494 Nisi
3405 3440 3550 3510 quod

1965 3527 2198 3597 propriis
2225 3524 2536 3581 nominibus
2571 3527 2680 3591 eis;
2720 3532 2776 3580 et
2820 3523 3156 3596 appellativis
3197 3525 3330 3582 citra
3353 3528 3551 3599 sacpius

1967 3615 2204 3686 praeponi
2221 3614 2377 3671 solet.
2402 3613 2490 3670 Cis
2510 3613 2779 3681 Rhenum;
2803 3615 2878 3668 cis
2900 3613 3088 3685 Alpes;
3117 3616 3251 3670 citra
3279 3616 3474 3687 forum,
3493 3627 3555 3673 et

1967 3721 2001 3761 ιι
2021 3705 2114 3772 eis,
2141 3707 2280 3760 citra
2294 3719 2314 3757 :
2334 3719 2367 3760 a
2388 3705 2542 3770 citra,
2567 3705 2712 3770 eiter,
2741 3705 2970 3770 citerior,
2997 3707 3298 3761 citissimus.

2038 3795 2259 3853 Cireiter
2285 3799 2354 3852 ad
2397 3811 2683 3850 numerum
2714 3796 2888 3851 solum
2929 3798 3186 3866 pertinet,
3213 3805 3275 3852 ut
3301 3817 3313 3852 :
3347 3798 3555 3852 circiter

1968 3892 2072 3946 tria
2099 3889 2299 3955 millia,
2339 3888 2427 3943 vel
2455 3887 2664 3942 circiter
2702 3887 2956 3940 horarum
3000 3888 3197 3942 decem.
3228 3887 3422 3944 Carcer
3460 3890 3552 3946 ubi

1969 3982 2217 4040 homines
2237 3980 2583 4038 clauduntur.
2599 3975 2851 4033 Carceres
2870 3977 3014 4033 unde
3037 3980 3178 4050 quad
3186 3979 3312 4051 rigas
3330 3963 3550 4036 exeunt.

1971 4078 2116 4152 Cepit
2154 4093 2254 4150 per
2291 4076 2592 4149 simplicem
2634 4092 2662 4132 e
2709 4091 2741 4131 a
2788 4075 3070 4146 capiendo.
3131 4073 3294 4150 Capit
3333 4094 3433 4149 per
3472 4077 3555 4134 di-

1970 4145 2285 4242 phthorigon
2299 4181 2345 4222 ω
2362 4145 2428 4222 ἀὲ
2442 4165 2769 4236 incipiendo.
2789 4145 2966 4238 Crepta
2979 4181 3078 4238 per
3092 4145 3456 4240 diphthongon
3474 4186 3553 4233 ae;
3579 4145 3590 4169 ’

1973 4263 2183 4333 incepta
2215 4275 2316 4331 per
2341 4257 2642 4329 simplicem
2669 4274 2716 4312 e.
2745 4251 2855 4312 Con
2882 4257 3193 4329 praepositio
3232 4257 3277 4313 si
3300 4259 3368 4314 ad
3388 4259 3552 4314 verba

1973 4367 2006 4408 a
2031 4348 2308 4407 vocalibus
2333 4349 2646 4422 incipientia
2675 4348 2928 4415 accedat,
2957 4364 2990 4403 n
3021 4357 3406 4406 consonantem
3433 4366 3556 4422 per-

1981 4444 2082 4510 dit,
2108 4451 2188 4510 ut,
2213 4458 2384 4514 aequo,
2409 4457 2621 4514 coempto
2634 4459 2654 4510 ;
2681 4458 2762 4508 eo,
2796 4457 2939 4506 coeo,
2962 4450 3017 4498 et
3044 4441 3268 4512 reliqua.
3292 4442 3351 4498 Si
3375 4449 3578 4500 antem

1982 4537 2051 4592 ad
2077 4536 2244 4592 verba
2265 4550 2297 4590 a
2324 4535 2631 4608 digammon
2658 4534 2990 4605 incipientia,
3014 4548 3120 4589 non
3148 4535 3326 4606 perdit
3353 4553 3387 4591 ιι
3415 4535 3559 4592 litte—

1982 4642 2125 4694 ram,
2149 4633 2236 4690 ut,
2263 4625 2402 4692 colo,
2433 4623 2680 4688 convolo;
2713 4625 2882 4689 vinco,
2909 4624 3173 4679 convinco.
3205 4623 3433 4698 Coquus,
3472 4643 3561 4684 co-

1981 4719 2091 4788 qui,
2129 4717 2302 4788 prima
2329 4714 2532 4787 syllaba
2562 4727 2662 4783 per
2682 4728 2744 4778 c;
2769 4712 3003 4768 secunda
3041 4728 3139 4784 per
3175 4731 3228 4782 q.
3253 4714 3370 4771 Non
3413 4718 3557 4774 enim

1982 4806 2213 4862 dicimus
2235 4817 2514 4876 quoquere,
2557 4802 2653 4857 sed
2681 4815 2934 4872 coquere.
2959 4799 3207 4874 Conjuna:
3243 4804 3367 4878 (Ms.
3398 4805 3557 4877 Reg,

1983 4891 2196 4967 coniux]
2219 4893 2516 4950 secundum
2539 4891 2843 4962 analogiam
2879 4905 2976 4963 per
3010 4908 3044 4947 ιι
3069 4893 3413 4951 scribendum
3443 4906 3524 4952 est
3542 4939 3559 4964 ,

1984 4997 2045 5044 ut
2065 4987 2330 5057 coniunx;
2355 4985 2450 5040 sed
2477 4983 2762 5055 euphonia:
2782 4999 2947 5040 causa
2975 5001 3009 5039 ιι
3031 4983 3239 5041 tollitur
3256 4995 3312 5042 et
3331 4987 3562 5044 dicimus

1983 5077 2198 5148 conjua.
2231 5075 2274 5131 C
2303 5082 2584 5148 sequente,
2615 5075 2794 5132 nullus
2829 5075 3033 5132 vocalis
3077 5075 3206 5150 [Με.
3232 5076 3381 5150 Reg.,
3414 5081 3561 5138 nulla

1982 5166 2206 5239 vocalis]
2232 5167 2522 5238 aspiratur,
2550 5174 2612 5221 ut
2633 5167 2794 5233 acies,
2819 5181 2951 5230 ecce,
2978 5166 3179 5222 oculus.

2055 5257 2274 5325 Ctelebs,
2296 5260 2389 5329 qui
2415 5257 2517 5315 sibi
2541 5259 2647 5314 iter
2668 5257 2800 5314 facit
2823 5259 2891 5314 ad
2912 5257 3110 5314 etclam
3132 5275 3146 5323 ;
3168 5266 3223 5314 et
3246 5258 3430 5316 cwlebs
3451 5273 3564 5315 ca:-

1990 5353 2204 5408 lestium
2228 5351 2432 5406 ducens
2465 5349 2665 5414 vitam;
2693 5355 2751 5404 et
2775 5346 3028 5414 caelicola,
3059 5349 3150 5419 qui
3180 5349 3377 5404 cmlun‘t
3414 5349 3562 5418 cclit,

1993 5451 2055 5498 ut
2079 5441 2316 5514 angelus.
2345 5439 2472 5495 Hec
2505 5454 2605 5510 per
2629 5455 2674 5494 te
2699 5438 3064 5508 diphthongon
3102 5439 3387 5496 scribenda
3416 5453 3560 5499 sunt.

1994 5533 2322 5598 Cotetaneus,
2369 5532 2524 5602 quasi
2577 5543 2797 5599 compar
2853 5531 3066 5596 tetatis,
3119 5540 3177 5585 et
3227 5547 3326 5602 per
3382 5549 3428 5588 α’
3478 5535 3558 5590 di-

1994 5627 2307 5699 phthongon
2338 5622 2614 5682 scribitur.
2647 5618 2813 5688 Catio,
2838 5620 3024 5688 cecidi,
3058 5636 3089 5676 a
3111 5623 3353 5680 cadendo
3391 5638 3490 5696 per
3516 5635 3563 5680 et

3049 5818 3130 5880 29
