3866 6170
301 329 410 388 901

1105 336 1165 392 Β.
1202 335 1265 391 F.
1305 331 1533 390 ALBlNl
1569 330 1702 388 SEU
1739 328 2016 387 ALCUINI
2053 325 2337 387 OPERUM
2370 328 2548 387 PARS
2582 327 2692 386 Vll.

3435 325 3541 381 908

287 447 470 516 Cedo,
485 445 688 515 occidi,
715 459 747 502 a
770 444 1122 516 percutienda
1142 457 1242 515 per
1263 460 1308 499 te
1333 443 1706 514 diphthongon
1722 443 1858 498 scri-
1884 448 1936 506 Α
1957 450 2113 497 extra
2137 443 2312 499 solum
2331 451 2433 500 est.
2452 441 2673 498 Exultat
2702 438 2896 495 melius
2919 437 3037 494 sine
3057 455 3082 493 s
3108 438 3388 504 scribitur,
3413 441 3544 511 quia

250 568 254 572 π
289 543 457 598 bitur.
473 539 634 608 Cedo,
664 539 824 607 cessi,
853 553 885 593 a
909 537 1250 604 declinando,
1278 551 1378 606 per
1399 552 1428 590 ε
1456 534 1732 591 scribitur.
1762 533 1866 590 Ca-

289 632 402 699 luo,
425 632 485 687 id
507 639 593 686 est
614 630 844 700 decipio,
884 645 984 701 per
1001 645 1038 682 u
1065 629 1350 692 scribitur;
1385 624 1540 681 Calui
1568 627 1864 683 secundum

290 721 533 795 regulam
557 720 719 776 debet
742 721 943 785 facere,
970 727 1028 775 et
1049 717 1246 774 exinde
1271 715 1540 770 calumnia
1567 715 1862 772 derivatur.

883 827 1183 886 LITTERA
1215 827 1280 882 D.

361 923 622 980 Dilectum
647 925 716 979 ab
745 921 1006 978 electione
1030 933 1130 991 per
1167 919 1244 972 di.
1286 916 1423 972 Nam
1455 915 1599 986 diligi
1631 913 1870 970 atl‘ectio-

292 1014 378 1070 nis
407 1022 522 1080 est,
563 1013 688 1068 inde
715 1011 931 1066 dilectio
957 1017 1012 1065 et
1036 1008 1198 1079 diligo
1225 1007 1354 1081 [Με.
1381 1007 1529 1074 Reg.,
1555 1006 1689 1060 Nam
1723 1004 1872 1076 diligi

1964 549 2004 588 ω
2019 547 2087 590 ex
2106 550 2135 588 c
2151 555 2154 560 -
2171 541 2227 590 ει
2253 550 2280 589 s
2309 541 2543 589 constat.
2567 531 2778 604 Equor
2803 544 3021 600 aequore
3045 544 3143 599 per
3179 547 3226 584 te
3249 529 3548 599 diphthon-

1929 640 2070 697 .gon
2106 626 2272 681 scribi
2312 625 2494 690 debet,
2533 623 2661 694 quia
2698 623 2767 678 ab
2804 635 2944 692 aqua
2978 629 3063 676 est
3084 629 3281 676 nomen
3317 622 3546 677 factum.

2039 714 2385 788 [Exprobrat,
2424 716 2516 785 qui
2562 719 3120 782 commemoratqu
3143 720 3386 782 praestat.
3435 710 3549 767 Ob-

1968 806 2182 877 probrat
2201 845 2217 872 ,
2241 806 2345 876 qui
2373 805 2723 876 obprobrium
2765 803 2895 876 [ιιι.
2925 802 3073 873 Reg.,
3099 805 3420 874 approbrat,
3451 819 3553 876 op-

1967 895 2272 967 probrium]
2313 897 2570 967 objectat,
2599 897 2704 951 hoc
2729 903 2813 950 est
2834 893 3070 967 vitium.]
3103 895 3384 966 Exspectat
3409 912 3555 967 pers

1971 986 2266 1042 scribatur.
2308 985 2680 1057 Exspectatur,
2727 987 2781 1042 id
2804 996 2907 1053 est,
2939 994 3234 1042 venturus:
3261 987 3550 1058 spectatur,

293 1077 592 1161 atl‘ectionis
634 1111 743 1170 est;
782 1102 942 1174 deligi
981 1077 1428 1174 iudicii].—Deligi
1465 1113 1562 1170 per
1588 1099 1684 1163 de;
1715 1095 1874 1167 deligi
1971 1079 2068 1174 fini
2105 1080 2324 1174 videtur
2349 1078 2434 1134 vel
2458 1079 2719 1174 probetur
2745 1078 2867 1174 [per
2894 1077 2965 1174 si;
3012 1078 3315 1174 [ξπνσίιυε
3341 1078 3551 1135 labori-

286 1193 476 1264 judicii
501 1199 604 1248 est.
627 1170 907 1257 Delictum,
934 1170 1112 1256 idest,
1141 1170 1444 1260 peccatum,
1478 1190 1531 1242 in
1559 1188 1733 1258 prima
1761 1187 1872 1258 'syl—

1988 1186 2108 1237 ous;
2141 1172 2456 1225 exercitatus
2501 1171 2693 1226 studiis
2743 1170 2762 1243 Ῐ
2769 1173 2886 1226 sine
2919 1170 2988 1244 s].
3045 1171 3332 1226 Exstruere
3369 1180 3456 1226 est
3495 1188 3554 1226 ιιι

289 1261 417 1342 laba
439 1299 540 1355 per
556 1301 606 1350 e,
628 1283 684 1338 in
706 1283 942 1339 secunda
967 1285 1101 1355 peri
1123 1281 1469 1338 scribendum
1490 1288 1591 1336 est.
1615 1277 1873 1347 Dilectus,
1978 1261 2147 1317 31mm
2170 1269 2383 1318 ειηθνθ
2429 1261 2561 1355 ius;
2590 1261 2742 1334 Περ-ι
2787 1263 3083 1318 Εκθίΐιιθτθ
3111 1271 3195 1318 θεῖ
3220 1263 3555 1319 iudicem!“

295 1375 347 1432 id
369 1352 457 1432 esi
479 1376 696 1441 Charus,
723 1382 934 1430 ωυιειο
962 1352 1151 1429 διδάξειε
1182 1374 1202 1427 ,-
1229 1373 1284 1428 in
1312 1373 1490 1442 prima
1518 1369 1746 1442 syllaba,
1773 1376 1828 1424 ει
1851 1385 1878 1424 ε
1975 1359 2236 1417 statuere,
2281 1352 2582 1426 mendose];
2625 1355 2884 1408 instruere
2926 1356 3101 1410 aciem
3128 1355 3212 1410 vel
3241 1355 3512 1411 actionem
3538 1375 3554 1410 :

296 1467 349 1524 in
400 1468 634 1524 secunda
678 1465 839 1523 debet
885 1466 1072 1522 scribi.
1111 1464 1398 1520 Delectatio
1436 1471 1493 1518 et
1531 1461 1780 1526 delector,
1825 1464 1880 1514 et

1988 1443 2268 1507 adstruere,
2311 1443 2628 1510 adﬁrmare;
2665 1454 2984 1512 construere,
3029 1445 3087 1500 in
3127 1448 3390 1502 struendo
3419 1463 3556 1503 con-

295 1576 416 1631 qua:
443 1558 785 1615 declinantur
821 1558 1022 1624 exeis,
1050 1571 1150 1628 per
1177 1573 1206 1611 e
1238 1554 1526 1612 scribenda
1558 1560 1702 1619 sunt,
1729 1557 1788 1606 et
1825 1550 1880 1606 in

1988 1533 2232 1602 iungere;
2256 1533 2554 1588 substruere
2573 1535 2754 1606 aliqua
2773 1537 3114 1607 supraposita
3135 1538 3554 1595 subterstruere.

292 1621 469 1724 βτίωε
496 1657 554 1705 οι
577 1649 635 1706 in
659 1648 896 1705 πωπω
921 1621 1146 1720 qua-ba.
1875 1659 1888 1672 .
1978 1621 2284 1678 Eorundem
2307 1632 2369 1724 et
2395 1627 2692 1724 earundem
2727 1628 3010 1724 euphonia:
3375 1649 3415 1686 n
3448 1647 3558 1687 non

363 1743 508 1799 Deus
532 1739 821 1812 persolam
845 1757 894 1795 e.
918 1714 1141 1795 Datmon
1164 1750 1262 1808 per
1289 1753 1336 1792 te
1357 1735 1726 1806 diphthongon
1749 1729 1882 1788 scri-
1905 1796 1948 1812 _
1979 1727 2081 1812 Ρθτ
2119 1729 2171 1812 "i
2213 1714 2498 1812 δεΐίδθιξίξίι
2529 1715 2697 1812 sum}
2731 1717 2817 1812 ξε
2839 1720 3246 1812 ρτξειξοείιίᾳίδὰ
3273 1722 3302 1793 f
3320 1722 3559 1778 litteram

480 1796 906 1890 Dicashouoris
925 1839 1038 1898 est;
1066 1796 1226 1885 decor
1251 1796 1459 1885 formai.
1483 1796 1752 1882 Descendo
1777 1838 1876 1895 per
1905 1796 1950 1857 Β
1976 1799 2352 1898 ﬁrmaturum
2376 1803 2560 1898 alii"?!
2601 1806 2818 1898 είίοάίίῤ
2857 1809 3040 1879 εῙῘῖείυν
3072 1810 3308 1882 reliqua;
3359 1821 3415 1868 ει
3443 1813 3560 1868 δα

295 1929 555 1985 edicitur.
579 1926 896 1998 Desperatus
907 1937 1006 1994 per
1023 1937 1070 1978 c.
1094 1921 1371 1994 Dispersus
1388 1919 1542 1992 peri.
1567 1917 1878 1988 Deﬁciscor,

295 2017 526 2089 defectus
553 2022 676 2072 sum
707 2013 856 2070 facit.
887 2013 964 2070 De
991 2011 1408 2068 memorativum
1441 2015 1544 2076 est,
1571 2017 1627 2064 et
1660 2005 1880 2062 intenti-

297 2125 446 2176 vum,
471 2117 528 2165 et
549 2107 908 2180 privativum;
935 2103 1002 2159 de
1027 2103 1268 2169 homine;
1293 2101 1544 2165 detraho;
1571 2098 1773 2153 desum.
1801 2095 1880 2150 De

296 2201 608 2276 praepositio
631 2206 724 2256 aut
747 2197 910 2269 plena
937 2195 993 2251 in
1023 2192 1502 2266 compositionibus
1541 2189 1789 2262 ponitur;
1820 2199 1882 2248 ιιι

296 2294 573 2360 deducere,
607 2291 990 2354 demonstrare,
1025 2286 1322 2342 detrudere.
1354 2284 1462 2339 Aut
1489 2282 1832 2353 correptione
1854 2296 1882 2334 ε

298 2385 484 2442 littera
507 2381 894 2454 corrumpitur,
932 2386 995 2436 ut
1021 2378 1286 2434 deorsum.
1317 2375 1456 2432 Nam
1497 2374 1714 2447 quando
1742 2391 1770 2429 e
1794 2373 1885 2428 lit-

297 2487 415 2537 tora
442 2477 500 2533 in
518 2477 540 2532 i
559 2475 788 2541 transit;
815 2480 896 2540 ut,

456 2591 587 2641 Aera
610 2587 810 2640 dimovit
833 2584 1150 2636 tenebrosum
1174 2588 1226 2634 et
1243 2581 1438 2646 dispulit
1466 2581 1662 2631 umbras
1687 2581 1712 2610 α
1739 2595 1754 2642 ;

298 2707 405 2750 non
432 2700 517 2749 est
552 2707 581 2748 a
623 2688 1004 2762 prmpositione
1044 2687 1132 2754 dc,
1174 2686 1271 2744 sed
1297 2702 1331 2742 a
1357 2686 1460 2754 dis,
1486 2695 1579 2754 ut,
1623 2685 1883 2753 distraho,

298 2783 527 2855 disperio
558 2779 681 2854 [Με.
707 2779 872 2849 Reg.,
897 2775 1220 2850 dispertior].

369 2871 654 2939 Dissertus,
681 2871 734 2926 id
754 2878 858 2936 εει,
883 2868 1164 2940 eloquens,
1192 2883 1293 2941 per
1319 2867 1374 2923 di
1396 2867 1671 2926 scribitur.
1701 2865 1890 2922 Deser—

299 2974 406 3032 tus,
439 2964 493 3032 id
520 2971 604 3020 est
632 2962 942 3029 derelictus,
971 2976 1070 3033 per
1097 2961 1182 3016 de.
1217 2959 1458 3026 Delator,
1489 2959 1584 3032 qui
1613 2956 1790 3015 defert
1818 2957 1889 3012 ad

302 3047 785 3126 accusandum’per
806 3055 870 3110 de
893 3054 1351 3125 praepositionem.
1374 3051 1605 3118 Dilator,
1630 3067 1752 3106 cum
1777 3059 1890 3106 tar-

301 3150 433 3206 dare
457 3146 750 3232 significat,
779 3160 879 3217 per
913 3145 972 3200 di
990 3143 1428 3216 prmpositionem
1455 3141 1748 3198 scribatur.
1782 3139 1886 3208 υς-
1909 3144 1958 3208 α

302 3242 432 3308 luit,
463 3239 518 3297 id
552 3246 636 3300 est
671 3237 941 3320 purgavit,
970 3251 1067 3307 per
1096 3235 1182 3291 de.
1208 3233 1400 3301 Diluit,
1427 3233 1485 3290 id
1526 3241 1610 3290 est
1635 3233 1886 3303 imperat,
1953 3255 1961 3263 -

303 3347 403 3404 per
413 3331 468 3385 di
485 3329 762 3390 scribitur.
777 3325 1090 3393 Deduco,de
1104 3327 1280 3382 amico
1301 3325 1672 3397 producendo,
1692 3340 1790 3395 per
1799 3323 1885 3378 de.

307 3422 515 3477 Diduco
537 3428 739 3484 autem,
762 3419 814 3474 id
834 3427 917 3474 est
938 3417 1204 3481 distraho,
1224 3431 1324 3487 per
1344 3415 1419 3470 di.
1439 3414 1691 3485 Didymus
1713 3414 1888 3486 prima

304 3513 510 3588 syllaba
529 3527 628 3584 per
649 3510 941 3588 i,secunda
964 3523 1068 3584 per.
1081 3525 1133 3579 y.
1149 3508 1370 3564 Discedo
1390 3522 1488 3579 per
1511 3507 1888 3566 iscribendum

304 3615 410 3666 est.
452 3613 454 3615 ’

377 3699 448 3754 Di
479 3699 719 3772 quidem,
745 3703 800 3754 et
827 3695 909 3753 dis
937 3692 1241 3765 separativa
1269 3700 1418 3759 sunt,
1447 3699 1505 3748 et
1529 3690 1774 3754 eamdem
1815 3690 1890 3748 si—

305 3770 702 3862 gnificationem
726 3787 947 3854 habent,
970 3785 1242 3856 quomodo
1265 3785 1330 3840 ab
1353 3792 1409 3841 et
1430 3783 1556 3854 abs,
1567 3791 1627 3838 ut
1651 3800 1664 3838 :
1688 3782 1884 3849 divido,

305 3879 560 3936 distraho.
589 3877 660 3934 Et
681 3876 764 3934 dis
790 3875 1153 3946 componitur,
1180 3874 1396 3944 quando
1421 3872 1668 3944 sequitur
1688 3887 1737 3939 c,
1763 3872 1806 3942 f,
1831 3889 1886 3944 p,

304 3989 352 4039 s,
384 3981 405 4026 t
441 3969 542 4027 eti
577 3969 698 4026 loco
739 3965 1115 4032 consonantis,
1152 3972 1216 4020 ut
1259 3964 1509 4030 discutio,
1543 3963 1752 4036 differo,
1782 3961 1890 4033 dif-

307 4060 492 4132 fundo,
515 4077 540 4115 s
569 4047 624 4114 in
649 4057 678 4129 f
697 4065 902 4114 mutata
923 4055 1205 4128 euphoniae
1230 4069 1415 4119 causa,
1442 4061 1503 4108 ut
1526 4053 1756 4125 disputo,
1781 4053 1891 4109 dis-
1923 4105 1926 4108 .

306 4170 456 4227 spero
483 4150 606 4227 [Με.
628 4150 788 4223 Reg.,
815 4147 1058 4222 dissero],
1080 4145 1340 4212 distraho,
1369 4144 1635 4216 disjungo.
1673 4143 1733 4200 in
1766 4143 1888 4198 aliis

308 4243 731 4305 consonantibus
754 4242 809 4297 di
844 4241 1198 4313 praeponitur,
1237 4246 1299 4293 ut
1325 4237 1541 4304 diduco,
1569 4237 1770 4306 digere,
1809 4235 1889 4290 di-

307 4339 418 4406 luo,
444 4337 672 4402 dimitto,
709 4334 896 4402 diruo;
929 4341 984 4390 et
1017 4332 1217 4402 ubique
1237 4329 1293 4384 di
1332 4326 1670 4402 producitur,
1694 4332 1891 4397 praeter

307 4429 518 4498 din‘mo,
544 4425 792 4483 disertus.
1260 4498 1268 4500 νγ

482 4582 490 4590 _
798 4510 960 4585 305
998 4506 1298 4566 mrum
1330 4506 1397 4562 E.

377 4623 428 4681 E
455 4624 510 4680 in
530 4620 922 4695 compositione
942 4619 1267 4693 privativum
1296 4625 1403 4684 est.
1427 4615 1515 4672 vel
1541 4613 1881 4680 intentivum,

307 4725 392 4785 ιιι,
438 4713 632 4772 enodes
677 4713 893 4779 trunci;
917 4727 1130 4768 enarra.
1159 4707 1365 4781 Ecquid
1393 4708 1449 4763 in
1475 4707 1652 4777 prima
1679 4703 1886 4775 syllaba

306 4822 407 4880 per
433 4821 462 4862 c
497 4803 792 4868 scribatur,
827 4800 1097 4869 quoniam
1133 4797 1410 4871 signiﬁcat,
1445 4795 1658 4868 enquid,
1708 4810 1743 4848 η
1777 4795 1832 4852 in
1857 4813 1886 4850 c

307 4909 594 4954 conversa.
637 4891 759 4948 Edo
799 4892 868 4948 ab
907 4891 1118 4958 edendo
1156 4889 1391 4956 facites,
1430 4897 1529 4944 est.
1569 4888 1717 4952 Esto,
1747 4903 1883 4952 ecce,

307 4983 612 5044 consentio.
653 4979 1006 5053 Expergiscolr
1047 4987 1103 5034 et
1141 4979 1381 5051 experior
1413 4977 1618 5046 faciunt
1643 4976 1888 5048 prseteri-

309 5085 423 5132 tum
445 5080 690 5146 expertus
723 5085 864 5128 sum.
895 5067 1162 5126 Exsilium
1183 5085 1220 5138 s,
1241 5067 1400 5138 debet
1425 5067 1647 5124 habere.
1688 5066 1823 5124 Item
1849 5081 1889 5120 az

309 5161 508 5222 transit
529 5161 585 5218 in
614 5159 644 5234 f
655 5159 918 5226 litteram,
939 5166 1000 5214 ut
1022 5158 1194 5232 effluo,
1235 5158 1450 5228 efl‘odio,
1493 5159 1676 5228 effero,
1703 5157 1882 5229 efﬁcio.

309 5255 534 5316 Exacta
573 5267 676 5329 per
710 5268 766 5308 u.
808 5250 1061 5308 Excubia:
1096 5265 1194 5322 per
1223 5249 1252 5305 ὁ
1287 5249 1616 5312 scribantur.
1653 5247 1886 5320 quut'

310 5360 410 5417 per
441 5362 476 5420 q
517 5341 865 5418 scribendum
909 5351 1013 5400 εει.
1061 5339 1372 5413 Emporium
1421 5339 1540 5407 sine
1581 5339 1639 5406 h,
1694 5336 1887 5396 Latine

312 5442 588 5495 mercatus
614 5433 1024 5506 interpretatur.
1084 5429 1506 5496 Emolumentum
1557 5429 1681 5504 [Ms.
1721 5429 1886 5502 Reg“

315 5521 762 5598 Emolumentum]
807 5538 908 5595 per
953 5539 983 5578 e
1027 5523 1307 5580 scribitur.
1355 5521 1660 5579 ZEmulatio-
1701 5537 1800 5595 per
1841 5539 1888 5578 te

317 5615 657 5675 scribendum
683 5622 787 5674 est.
816 5613 986 5671 Exsul
1031 5614 1216 5674 addita
1259 5631 1286 5674 s
1314 5613 1474 5674 debet
1517 5615 1710 5684 scribi,
1759 5615 1886 5686 quia

384 5739 412 5771 ι
437 5725 586 5797 Virg.
621 5724 777 5793 Em,
801 5739 857 5792 γ,
881 5725 1008 5782 859.

1979 1890 2099 1946 ideo
2131 1905 2229 1963 per
2259 1893 2363 1949 duo
2383 1894 2412 1964 f
2427 1895 2733 1952 scribenda.
2772 1896 2857 1952 Ea:
2875 1901 3187 1973 prtcpositio
3208 1904 3562 1973 sequentibus

1978 1981 2031 2049 ὸ,
2055 1983 2111 2050 d,
2142 1982 2259 2056 9,1,
2292 2003 2368 2053 m,
2394 2004 2447 2052 η,
2476 1986 2674 2045 litteris
2707 1997 2763 2044 et
2793 2006 2828 2044 u
2851 1991 2948 2047 eti
2972 1992 3091 2049 loco
3123 1996 3559 2062 consonantium,

1979 2090 2016 2129 a:
2044 2075 2279 2130 litteram
2309 2078 2528 2143 amittit,
2561 2087 2620 2134 ut
2648 2098 2661 2134 :
2693 2080 2872 2148 ebibit,
2915 2083 3100 2155 edidit,
3129 2086 3338 2156 egessit,
3381 2085 3560 2153 elusit,

1979 2165 2226 2232 emicuit;
2239 2169 2517 2222 enervavit.
2545 2167 2815 2240 Sequente
2850 2186 2980 2228 vero
3007 2173 3038 2244 f
3057 2173 3113 2228 in
3139 2175 3366 2231 eandem
3387 2192 3424 2230 at
3446 2192 3566 2234 mu-

1983 2262 2080 2322 tat,
2133 2264 2195 2310 ut
2234 2257 2468 2327 effando.
2516 2257 2771 2330 Expecto,
2804 2262 2948 2332 quod
2993 2271 3078 2320 est
3109 2265 3354 2335 pectino,
3395 2267 3513 2322 sine
3538 2283 3566 2320 s

1983 2347 2325 2404 scribendum
2351 2357 2454 2404 est.
2486 2349 2647 2407 Exire
2676 2353 2794 2410 sine
2831 2371 2881 2421 s,
2914 2355 2995 2412 ire
3021 2357 3166 2412 enim
3197 2366 3281 2414 est
3308 2359 3566 2429 simplex,

1982 2450 2038 2498 et
2064 2459 2400 2514 quaecunque
2427 2460 2496 2500 ex
2531 2446 2637 2502 hoc
2667 2446 2992 2516 formantur,
3018 2459 3082 2506 ut
3101 2452 3293 2518 exitus,
3319 2454 3565 2520 exitium,

1982 2533 2214 2588 exitiale.
2243 2533 2532 2603 Exscindo,
2557 2537 2825 2610 exsculpo,
2853 2551 3063 2596 exstruo
3083 2556 3181 2612 per
3206 2559 3231 2598 s
3256 2543 3565 2600 scribenda.

1985 2623 2198 2680 Exsisto
2221 2626 2509 2682 similiter:
2540 2628 2732 2684 sistere
2768 2631 2911 2685 enim
2946 2647 3045 2704 per
3070 2650 3096 2688 s
3123 2634 3372 2690 dicimus.
3417 2635 3570 2691 Exa-

1985 2732 2103 2770 men
2157 2716 2275 2773 sine
2315 2734 2362 2774 s.
2415 2718 2640 2790 Exigua:
2689 2720 2950 2779 similiter
2984 2725 3329 2794 scribendum
3376 2729 3567 2784 sines.

1986 2806 2073 2862 Ea:
2098 2823 2198 2880 pro
2223 2819 2372 2866 extra
2403 2811 2677 2868 invenitur
2701 2814 2850 2883 poni,
2875 2823 2936 2870 ut
2955 2817 3200 2886 excludo,
3226 2819 3568 2876 extracludo.

1987 2899 2180 2968 Exsul,
2233 2912 2384 2959 extra
2430 2904 2625 2964 solum.
2677 2905 2833 2963 Modo
2876 2924 2976 2980 pro
3018 2909 3197 2977 valde,
3250 2921 3308 2967 ut
3333 2912 3573 2966 excelsus

1989 2989 2088 3064 pro
2139 2995 2294 3050 valde
2343 2995 2543 3052 celsus.
2615 2997 2771 3071 Modo
2828 3001 3158 3070 privativum
3210 3002 3297 3057 vel
3349 3004 3575 3060 intenti-

1990 3099 2116 3164 vum
2140 3085 2225 3142 vel
2248 3085 2623 3158 perfectivum,
2648 3097 2710 3142 ut
2737 3090 2987 3162 exslirpo,
3024 3092 3262 3160 extendo,
3292 3092 3494 3165 ξενίου.

2573 3199 2877 3258 LITTERA
2907 3201 2973 3258 Ε.

2056 3308 2349 3366 Formosus
2389 3311 2507 3367 sine
2533 3328 2572 3366 ιι
2598 3312 2652 3368 in
2692 3314 2927 3371 secunda
2973 3313 3175 3387 syllaba
3221 3317 3587 3374 scribendum—

1985 3407 2089 3462 est,
2117 3407 2180 3454 ut
2197 3400 2506 3467 harenosus,
2531 3401 2833 3472 frondosus,
2862 3421 3113 3477 aquosus,
3138 3407 3405 3463 herbosus.
3440 3409 3578 3464 Par-

1987 3489 2170 3561 ticipia
2208 3505 2338 3546 vero
2379 3491 2583 3548 habent
2609 3510 2662 3560 η,
2714 3503 2792 3561 ιιι,
2840 3504 3043 3564 tonsus,
3071 3508 3278 3565 tunsus,
3319 3517 3574 3572 pransus,

1985 3597 2197 3653 pensus.
2243 3581 2418 3638 Feriis
2462 3599 2678 3656 quoque
2721 3603 2828 3644 non
2871 3589 3026 3660 ferere
3071 3591 3416 3648 scribendum
3461 3605 3570 3650 est.

1985 3669 2207 3738 Flavus,
2246 3674 2402 3745 prior
2436 3677 2641 3748 syllaba
2676 3681 2744 3733 ab
2789 3680 2843 3750 f;
2885 3696 3116 3751 sequens
3155 3683 3225 3738 ab
3253 3701 3286 3738 ιι
3321 3685 3570 3757 incipiat.

1986 3760 2147 3818 Fides
2165 3759 2289 3821 ﬁdei
2304 3767 2478 3836 prima
2495 3768 2700 3840 syllaba
2711 3770 2912 3828 brevis.
2927 3772 3108 3840 Fides,
3121 3774 3266 3845 ﬁdis,
3283 3777 3350 3832 de
3367 3777 3573 3833 chorda

1984 3860 2218 3923 utraque
2239 3855 2416 3927 longa.
2461 3855 2658 3929 [Fidus
2695 3859 2762 3914 de
2801 3862 2976 3918 amico
3016 3863 3234 3919 dicitur.
3270 3863 3476 3920 Fidelis
3507 3870 3574 3924 de

1986 3958 2162 4000 servo.
2211 3944 2402 4013 Fidus,
2445 3947 2750 4017 ﬁdissimus,
2794 3953 3216 4020 comparativum
3247 3969 3354 4008 non
3381 3955 3573 4023 habet,
3653 3982 3659 3985 -

1987 4032 2080 4088 sed
2108 4047 2209 4103 pro
2230 4049 2297 4090 eo
2321 4035 2609 4091 dicendum
2648 4045 2771 4092 est:
2815 4042 2982 4112 magis
3007 4042 3172 4114 ﬁdus,
3205 4045 3378 4097 minus
3404 4045 3570 4113 ﬁdus.

1987 4121 2185 4178 Fastus
2215 4126 2280 4181 de
2331 4129 2584 4196 superbia
2628 4128 2761 4185 facit
2801 4131 3034 4201 fastuum
3065 4133 3358 4204 genitivum
3384 4135 3574 4205 plura~

1987 4212 2114 4268 lem.
2154 4213 2352 4270 Fastus
2396 4217 2464 4272 de
2503 4217 2680 4276 libris
2708 4220 2968 4291 fastorum
3009 4221 3160 4278 facit.
3199 4219 3380 4295 Fungi
3409 4241 3574 4298 agere

1987 4315 2104 4375 est;
2145 4307 2383 4382 defungi,
2419 4325 2700 4382 peragere.
2748 4311 2975 4369 Fremor
3014 4324 3098 4371 est
3125 4333 3370 4371 murmur
3396 4318 3575 4374 homi-

1987 4415 2158 4454 num:
2187 4397 2457 4459 Fremitus
2503 4402 2742 4460 ferarum
2770 4412 2872 4460 est.
2915 4404 3153 4462 Furrum
3195 4409 3407 4480 nigrum
3439 4410 3574 4465 dici~

1909 4491 1965 4555 Β
1987 4503 2128 4548 ιιιιιε.
2156 4487 2385 4545 Flauum
2414 4495 2642 4549 rubeam
2677 4497 2893 4551 dicitur.
2926 4495 3154 4552 Fulvum
3181 4506 3327 4554 certe
3351 4515 3571 4566 aurum,

1989 4581 2077 4636 cui
2116 4583 2186 4639 ad
2217 4582 2468 4640 decorem
2503 4586 2808 4656 splendoris
2837 4589 2916 4643 sui
2946 4589 3127 4660 nigelli
3175 4590 3379 4660 aliquid
3404 4593 3575 4648 adda-

1991 4681 2080 4728 tur
2125 4672 2254 4745 [Με.
2294 4674 2446 4747 Reg.,
2489 4678 2745 4751 additur].
2777 4678 2948 4735 Foras
2975 4683 3352 4752 masculinum,
3388 4685 3574 4740 tabula

1990 4767 2209 4822 navium
2248 4776 2354 4836 est,
2389 4771 2484 4826 ubi
2514 4773 2745 4843 remiges
2776 4774 2986 4841 sedent,
3017 4785 3073 4830 et
3098 4791 3311 4848 semper
3345 4779 3574 4849 pluralis

1989 4857 2115 4931 est].
2166 4858 2364 4925 Fedus,
2411 4863 2554 4931 quod
2601 4871 2686 4918 est
2732 4863 3008 4932 deformis,
3057 4881 3156 4936 per
3200 4867 3501 4938 simplicem
3544 4884 3576 4921 e

1990 4951 2264 5010 scribitur.
2299 4952 2516 5021 Foedus,
2549 4954 2692 5026 quod
2715 4965 2800 5012 est
2820 4968 3062 5026 pactum,
3098 4973 3196 5029 per
3217 4977 3263 5013 at
3283 4960 3577 5030 diphthon—

1988 5059 2112 5114 gon.
2159 5043 2326 5100 Falso
2371 5062 2568 5106 nomen
2593 5048 2816 5103 ablativi
2848 5065 3033 5116 casus,
3057 5059 3113 5106 et
3134 5053 3360 5110 verbum
3384 5053 3578 5122 prima:

1987 5134 2399 5208 conjugationis,
2437 5146 2492 5194 et
2529 5138 2845 5196 adverbium
2887 5149 2990 5196 est.
3027 5139 3309 5214 [Flagitia,
3351 5159 3472 5213 quas
3518 5143 3580 5198 in

1986 5227 2153 5284 Deum
2173 5243 2492 5298 peccamus:
2519 5228 2812 5298 Facinora,
2833 5247 2955 5302 qua:
2983 5233 3037 5286 in
3065 5232 3361 5288 hominem.
3383 5230 3580 5288 Fimus

1987 5325 2043 5372 et
2071 5317 2284 5388 fumus;
2314 5319 2483 5390 fames
2506 5329 2562 5376 et
2591 5321 2788 5392 fenum,
2818 5329 2874 5377 et
2898 5321 2970 5392 fel
2994 5323 3261 5393 pluralem
3285 5339 3579 5380 numerum

1985 5423 2093 5464 non
2116 5410 2361 5485 habent].
3195 5453 3231 5489 ἢ

2057 5497 2246 5555 Fulcio
2272 5509 2327 5555 et
2359 5499 2536 5573 fulgeo
2565 5504 2797 5558 eundem
2838 5501 3041 5560 habent
3081 5506 3384 5574 perfectum
3422 5506 3583 5574 fulsi.

1989 5591 2037 5646 F
2071 5592 2251 5650 littera
2281 5594 2338 5650 in
2367 5595 2606 5665 speciem
2637 5595 2868 5668 figurata
2907 5605 2992 5652 est
3033 5596 3309 5668 cujusdam
3347 5595 3584 5666 litterae,
