3866 6170
321 345 513 408 909.

1297 341 1770 400 DlDASCALlCA.
1809 373 1877 383 -
1915 341 2005 396 DE
2040 338 2600 402 ORTHOGRAPHIA.
2683 389 2686 392 .

3472 342 3532 395 9'1
3542 341 3576 395 0

318 479 444 536 qum
467 460 736 533 digamma
763 456 1090 521 nominatur,
1129 457 1254 527 quia
1277 459 1413 516 duos
1439 459 1618 527 apices
1647 473 1714 511 ex
1744 473 1898 526 gam-
1930 459 1976 516 Α
2005 463 2317 508 remanente
2380 452 2434 505 in
2501 448 2794 506 novissima
2853 448 3078 520 syllaba.
3146 449 3328 505 Hiems
3383 452 3501 509 sine
3544 472 3579 522 p

319 572 407 612 ma
435 555 614 610 littera
641 552 843 606 habere
874 550 1138 603 videatur.
1176 549 1258 603 Ad
1287 549 1445 619 hujus
1481 549 1599 603 soni
1641 548 1895 603 similitu-

317 645 504 700 dinem
530 659 557 697 υ
580 645 972 697 consonantem
1002 637 1122 692 loco
1144 637 1260 708 ejus
1285 637 1458 694 nostri
1488 644 1805 706 posuerunt,
1837 644 1900 690 ut

321 745 518 800 totum,
547 735 724 804 virgo;
745 746 846 802 pro
871 728 1062 796 fotum,
1093 730 1247 800 tirgo.

395 821 694 886 Festucam,
748 836 855 876 non
904 819 1152 874 ﬁstucam
1197 817 1381 875 dicito.
1426 816 1662 888 Forﬁces
1701 833 1896 874 secun-

319 919 446 974 dum
477 914 857 986 etymologiam
886 912 993 968 sia
1038 910 1129 967 illo
1177 911 1454 978 dicuntur,
1493 911 1521 980 f
1552 911 1791 983 ponitur,
1841 921 1901 965 ut

320 1008 550 1078 forﬁces,
597 1022 716 1076 qua:
758 993 882 1060 sunt
924 1013 1216 1059 sartorum.
1248 1003 1304 1058 Si
1329 1003 1488 1076 apilo
1515 1019 1610 1073 per
1630 1022 1683 1075 p,
1711 1013 1772 1058 ut
1791 992 1900 1073 for-

319 1100 478 1170 pices,
513 1114 630 1168 qua:
665 1105 792 1152 sunt
828 1103 1128 1151 tonsorum.
1176 1095 1233 1170 Si
1280 1096 1347 1154 ab
1396 1094 1707 1166 accipiendo
1734 1111 1830 1166 per
1849 1079 1929 1162 c,|

322 1200 382 1246 ut
411 1191 658 1262 forcipes,
691 1205 755 1244 co
781 1173 926 1262 quod
957 1187 1189 1242 formum
1232 1188 1470 1258 capiunt,
1513 1204 1632 1257 qua:
1661 1197 1786 1242 sunt
1824 1185 1902 1241 fa-

321 1261 589 1336 brorum.‘
614 1261 868 1333 Formam
907 1279 1052 1332 enim
1095 1277 1302 1347 antiqui
1344 1277 1599 1333 dixerunt
1632 1271 1900 1350 qualidum

322 1371 443 1442 Bis.
493 1370 648 1442 Reg.,
691 1366 976 1446 calidum];
1016 1369 1155 1423 unde
1183 1377 1237 1423 et
1265 1367 1534 1423 formosus
1573 1365 1780 1440 [Faris,
1821 1368 1904 1438 fa-

321 1473 431 1528 tur,
457 1477 484 1516 a
515 1460 706 1526 fando;
737 1469 790 1514 et
818 1475 925 1514 non
952 1460 1114 1514 habet
1139 1457 1372 1529 primam
1391 1455 1721 1530 personam].
1747 1453 1903 1511 Filea:
1927 1521 1932 1525 _

323 1553 542 1617 dicitur,
591 1552 680 1622 qui
729 1549 1042 1606 felicitatem
1083 1552 1192 1605 dat.
1247 1547 1421 1614 Felix,
1461 1549 1551 1618 qui
1592 1548 1902 1603 felicitatem

323 1644 541 1713 accipit.
569 1639 744 1707 Filex,
771 1655 869 1712 per
891 1655 1050 1710 quem
1079 1641 1237 1695 datur
1258 1637 1506 1694 felicitas.
1532 1636 1726 1709 Fingo,
1748 1639 1900 1709 ﬁnxi,

323 1737 524 1806 ﬁctum,
553 1733 770 1804 ﬂeturus
794 1732 942 1788 facit.
973 1715 1167 1796 Findo,
1192 1730 1309 1801 ﬁdi,
1327 1730 1551 1802 fissurus
1579 1729 1728 1784 facit.
1749 1728 1901 1802 Figo,

1998 544 2165 600 scribi
2189 544 2370 608 debet,
2399 543 2526 598 licet
2546 541 2750 611 sumpsi
2777 555 2871 611 per
2889 558 2924 612 p
2943 541 3234 608 scribatur,
3259 551 3480 614 propter
3500 547 3581 615 psi

1998 633 2243 689 Graecam
2288 633 2547 699 litteram,
2591 633 2746 704 cujus
2772 639 3094 703 potestatem
3116 651 3150 704 p
3177 642 3281 690 ets
3305 634 3360 690 in
3384 634 3580 692 Latino

1999 722 2219 776 habent.
2960 761 2967 764 .

2071 811 2268 867 Haurit
2294 829 2392 884 per
2419 815 2452 868 h
2473 801 2638 869 scribi
2661 813 2849 881 debet;
2890 815 3038 869 audit
3064 815 3180 871 sine
3204 817 3258 871 h.
3285 815 3581 890 [Herbescit

2003 918 2149 974 ager,
2186 919 2308 960 cum
2351 905 2575 961 herbam
2613 914 2865 976 generat;
2914 893 3053 960 Sicut
3090 906 3370 972 adolescit,
3401 915 3457 961 et
3486 924 3585 980 ρυ-

1999 993 2195 1061 bescit,
2227 1007 2351 1049 cum
2385 996 2547 1065 spicas
2571 995 2845 1064 proximat
2880 994 3009 1070 [Με.
3038 994 3196 1067 Heg.,
3225 995 3580 1070 proximam].

2002 1083 2058 1139 II
2096 1085 2354 1156 aspiratio
2397 1095 2523 1142 ante
2565 1088 2780 1144 vecal‘es
2825 1099 3015 1143 omnes
3057 1089 3184 1158 p0ni
3224 1096 3430 1159 potest;
3463 1099 3588 1162 post

2002 1179 2364 1233 consonantes
2411 1185 2590 1234 autem
2638 1188 2870 1250 quatuor
2913 1182 3288 1237 tantummodo
3336 1184 3581 1252 ponitur,

2001 1269 2053 1334 c,
2098 1276 2142 1336 t,
2189 1285 2241 1341 p.
2288 1284 2336 1337 r,
2377 1277 2437 1324 ut
2463 1270 2648 1336 habeo,
2700 1271 2867 1338 heres,
2925 1272 3111 1338 hiems,
3158 1273 3312 1327 homo
3349 1273 3583 1338 humus,

2003 1351 2284 1416 Chremens
2331 1361 2454 1434 [Ms.
2499 1361 2658 1434 Reg,
2705 1361 2992 1438 Chremes],
3035 1363 3254 1431 Tharso,
3290 1363 3584 1440 Philippus,

1983 1452 2243 1508 .Ilhodus.
2292 1453 2346 1508 II
2388 1455 2508 1510 ideo
2537 1455 2814 1511 vocalibus
2854 1455 3192 1511 extrinsecus
3238 1455 3588 1524 adscribitur,

2002 1547 2066 1600 ut
2096 1546 2276 1601 minus
2318 1553 2505 1612 sonet;
2560 1547 2987 1601 consonantibus
3020 1553 3201 1600 autem
3236 1545 3587 1610 intrinsecus,

2003 1645 2064 1692 ut
2091 1637 2384 1708 plurimum
2426 1645 2640 1693 sonent.
2686 1636 2928 1702 Habena,
2961 1652 3080 1706 qum
3105 1638 3245 1706 regit
3275 1641 3372 1707 per
3403 1637 3442 1690 b'
3465 1650 3589 1691 cum

2006 1730 2370 1800 aspiratione;
2417 1746 2600 1793 avena,
2630 1745 2750 1800 quae
2783 1729 3051 1800 significat
3080 1729 3268 1783 tibiam
3303 1727 3386 1782 vel
3422 1727 3592 1797 stipu-

324 1827 424 1896 fixi
449 1826 593 1880 facit.
609 1823 770 1897 306
799 1821 1013 1889 Fundo,
1051 1822 1266 1894 fundas,
1296 1839 1326 1878 a
1355 1821 1646 1878 fundendo.
1683 1821 1908 1892 Fundo,
1935 1820 2110 1881 Blam
2137 1836 2238 1892 per
2263 1840 2289 1876 v
2316 1821 2432 1877 sine
2477 1822 2825 1892 aSpiratione.
2876 1819 3068 1885 IIiscit,
3097 1820 3150 1875 id
3175 1828 3279 1884 est,
3310 1834 3371 1874 os
3396 1819 3588 1889 aperit.

327 1912 530 1985 fundis,
548 1930 573 1968 a
589 1913 879 1969 fundendo.
896 1911 1054 1968 Ferio
1067 1921 1122 1969 et
1136 1915 1366 1984 percutio
1383 1929 1546 1968 unum
1561 1913 1759 1969 habent
1772 1930 1904 1984 pra:-

328 2006 572 2070 teritum,
598 2005 651 2060 id
671 2012 774 2070 est,
794 2006 1046 2076 percussi,
1064 2013 1118 2059 et
1139 2006 1241 2059 hoc
1256 2019 1354 2074 per
1369 2005 1473 2060 duo
1493 2023 1518 2059 s
1538 2005 1902 2071 scribendum,

325 2099 468 2152 sicut
487 2113 603 2163 uro,
626 2097 756 2150 ussi.
775 2095 934 2163 Fero,
958 2097 1083 2168 fers,
1102 2097 1201 2168 fert
1221 2096 1372 2162 facit,
1389 2097 1703 2152 diﬂ’erentiae
1721 2113 1906 2164 causa,

326 2189 382 2242 in
411 2191 647 2244 secunda
675 2197 730 2243 et
756 2190 916 2244 tertia
945 2205 1200 2262 persona,
1246 2205 1314 2245 ne
1351 2190 1395 2246 si
1421 2190 1568 2260 feris,
1609 2190 1728 2260 ferit
1767 2190 1909 2246 dice-

327 2286 496 2346 retur,
545 2281 687 2349 quod
728 2295 758 2334 a
804 2280 958 2350 ferio,
1005 2280 1150 2348 feris,
1199 2279 1322 2350 ferit
1373 2289 1657 2352 putaretur
1702 2280 1906 2334 venire.

326 2365 467 2422 Fero
499 2376 552 2422 et
582 2367 706 2422 tollo
736 2367 941 2423 faciunt
978 2369 1313 2439 prseteritum
1359 2369 1478 2423 tuli.
1518 2367 1686 2424 Furio
1735 2377 1790 2423 et
1827 2369 1910 2423 in-

327 2456 476 2512 sanio
511 2473 678 2511 unum
706 2459 908 2513 habent
933 2459 1290 2530 praeteritum,
1327 2459 1567 2514 insanivi.
1617 2445 1782 2514 Facio
1811 2460 1912 2514 im—

325 2549 630 2620 perativum
655 2548 783 2604 facit
807 2549 914 2620 fac,
942 2548 1257 2605 differentia:
1299 2563 1484 2616 causa,
1520 2555 1587 2606 ne
1613 2550 1656 2605 si
1687 2549 1803 2619 face
1831 2549 1912 2604 di-

327 2653 504 2702 ceres,
551 2639 696 2709 quod
737 2655 768 2693 a
815 2636 1034 2694 nomine
1078 2647 1362 2710 putaretur
1404 2639 1613 2705 venire,
1656 2639 1798 2710 quod
1829 2647 1912 2694 cst

324 2727 442 2798 fax.
477 2727 740 2784 Similiter
762 2729 868 2794 dic,
909 2729 1010 2782 duc
1038 2738 1093 2784 et
1122 2730 1203 2798 fer
1231 2728 1571 2801 [dilicrcntice
1596 2726 1780 2801 causa]
1813 2731 1911 2800 per
1951 2719 1957 2726 ’

324 2829 623 2888 apocopam
659 2817 1031 2889 proferuntur;
1063 2833 1187 2873 nam
1210 2819 1252 2874 si
1282 2819 1416 2885 dice,
1449 2818 1602 2886 duce,
1633 2817 1743 2889 fere
1768 2818 1912 2873 dice-
1945 2805 1952 2817 ’

326 2924 533 2978 remus,
567 2911 710 2968 aliud
733 2912 1036 2984 signiﬁcare
1063 2920 1401 2983 putaremur.

916 3015 1217 3080 LITTERA
1254 3023 1320 3080 G.
1384 3081 1388 3086 .

402 3113 694 3190 [Gaudium
740 3115 904 3170 animi
936 3125 1019 3170 est
1058 3115 1276 3180 laetitia;
1311 3114 1573 3170 exultatio
1595 3114 1761 3170 etiam
1791 3128 1912 3174 ver:

325 3213 530 3268 borum
572 3221 734 3281 atque
761 3207 1176 3282 membrorum]
1219 3206 1420 3263 Gnatus
1453 3223 1550 3280 per
1574 3225 1605 3278 g
1631 3217 1684 3261 et
1706 3224 1739 3260 η
1785 3205 1920 3262 scri-

329 3305 601 3369 bendum,
625 3303 766 3358 sicut
785 3319 1002 3373 gnarus,
1028 3301 1156 3372 quia
1181 3300 1308 3356 etin
1331 3300 1719 3370 compositione
1748 3298 1920 3368 ipsam

330 3395 535 3450 retinet
560 3410 592 3468 g
623 3391 752 3466 [Ms.
784 3392 938 3463 ch.,
984 3393 1100 3462 ipsa
1140 3391 1406 3448 retinetur
1444 3389 1523 3462 g],
1571 3397 1628 3444 ut
1667 3397 1916 3459 agnotus,

331 3487 576 3556 ignavus.
639 3481 928 3557 [Gremium
987 3484 1258 3550 interius;
1313 3483 1459 3538 sinus
1514 3479 1753 3560 exterius
1813 3485 1917 3538 est.

336 3575 463 3631 Gith
505 3584 855 3648 monoptoton
883 3584 939 3630 et
971 3575 1232 3646 pluralem
1262 3589 1546 3645 numerum
1577 3588 1684 3627 non
1715 3571 1916 3636 habet;

335 3677 423 3723 est
450 3676 630 3723 autem
672 3666 850 3722 neutri
894 3651 1126 3736 generis,
1156 3674 1211 3719 et
1237 3677 1333 3734 per
1360 3678 1547 3718 omnes
1569 3677 1728 3716 casus
1755 3658 1922 3714 decli-

335 3758 543 3831 natur].
583 3755 814 3821 Guarus,
865 3756 920 3811 id
961 3763 1064 3821 est,
1114 3755 1322 3818 doctus,
1372 3752 1667 3822 perfectus,
1719 3751 1918 3806 sciens.

335 3852 577 3921 Gnarus,
617 3854 794 3919 fortis,
837 3854 1013 3925 agilis.
1056 3849 1259 3915 Garrit,
1295 3849 1566 3906 subtiliter
1594 3855 1919 3903 murmurat.

336 3943 624 4011 Garrulus,
643 3946 924 4012 verbosus,
945 3945 1164 4014 loquax.
1186 3941 1370 4008 Gestit,
1393 3941 1528 4006 vult,
1557 3941 1723 4010 cupit,
1747 3950 1919 4011 optat,

337 4034 634 4090 desiderat.
683 4033 893 4100 Gestat,
952 4035 1004 4088 id
1051 4040 1152 4098 est,
1195 4039 1395 4102 portat.
1442 4028 1716 4084 Gloriosus
1755 4045 1785 4083 a
1817 4027 1925 4085 fre-

337 4128 563 4196 quentia
603 4127 866 4182 claritatis
903 4126 1098 4182 dicitur
1122 4142 1135 4178 :
1158 4138 1258 4194 pro
1295 4139 1344 4189 c,
1372 4138 1423 4194 g,
1453 4121 1635 4176 littera
1683 4136 1926 4177 commu-

341 4224 460 4271 tata
504 4226 606 4272 est.
658 4217 1001 4279 Grandaavus,
1031 4215 1186 4286 quasi
1215 4214 1434 4284 grandis
1477 4228 1612 4276 aevo,
1663 4211 1797 4268 ideo
1827 4226 1926 4283 per

340 4305 456 4359 duo
494 4321 528 4358 ιι
567 4307 843 4362 scribitur.
895 4304 1148 4362 Gratulor
1193 4319 1292 4374 pro
1335 4303 1569 4375 gaudeo,
1621 4310 1676 4357 et
1721 4302 1926 4374 gratias

341 4413 475 4470 ago.

936 4465 1232 4523 LITTERA
1271 4465 1338 4520 Η.

421 4559 604 4617 Habeo
631 4577 662 4617 a
689 4563 921 4618 tenendo
948 4577 1072 4618 cum
1095 4560 1426 4632 aspiratione
1469 4561 1760 4627 scribitur;
1795 4561 1925 4616 abeo

344 4669 381 4709 a
412 4654 710 4710 recedendo
753 4655 870 4708 sine
915 4653 1262 4723 aspiratione,
1309 4659 1366 4707 et
1397 4662 1482 4708 est
1509 4652 1867 4722 compositum
1895 4666 1923 4705 a

349 4743 563 4799 duobus
608 4743 830 4814 integris
855 4743 920 4798 ab
945 4753 1100 4799 eteo.
1143 4743 1360 4809 Hiatus,
1406 4744 1520 4798 oris
1557 4743 1765 4813 apertio
1805 4756 1930 4798 cum

349 4832 704 4904 aspiratione.
747 4831 963 4888 Ghiatus
991 4847 1090 4903 per
1118 4848 1147 4886 c
1173 4840 1228 4886 et
1257 4832 1290 4885 Ιι
1321 4847 1418 4886 vas
1443 4831 1730 4901 signiﬁcat.
1757 4829 1930 4902 Hym-

348 4941 455 4980 nus
491 4941 588 4996 per
614 4926 648 4979 h
673 4926 1016 4981 scribendum
1044 4933 1146 4980 est.
1177 4923 1274 4997 [Hi
1300 4933 1356 4979 et
1382 4923 1462 4977 his
1489 4923 1806 4992 pronomina
1833 4937 1934 4994 per

351 5029 520 5068 unum
547 5016 566 5068 i
591 5013 946 5086 scribuntur.]
983 5013 1167 5078 Haud,
1206 5013 1348 5082 quod
1375 5011 1502 5084 [31s.
1515 5012 1664 5082 fieg.,
1691 5009 1930 5083 quando]

352 5107 671 5162 adverbium
718 5116 803 5163 est
845 5107 1109 5178 negandi,
1159 5107 1193 5160 d
1254 5107 1433 5161 littera
1488 5107 1833 5172 terminatur,
1879 5113 1935 5160 et

354 5197 632 5266 aspiratur
661 5198 714 5252 in
741 5199 955 5268 capite;
1007 5200 1222 5268 quando
1265 5204 1446 5252 autem
1477 5195 1792 5266 coniunctio
1827 5195 1936 5252 dis-

346 5285 592 5356 junctiva
626 5297 731 5354 cst,
762 5297 822 5342 ut
862 5298 956 5342 aut
994 5304 1092 5358 per
1125 5296 1144 5341 t
1183 5287 1418 5342 litteram
1459 5286 1576 5341 sine
1612 5287 1937 5355 aspiratione

357 5375 650 5431 scribatur.
695 5376 932 5447 Hujusce
973 5391 1072 5448 per
1100 5394 1126 5430 c
1151 5376 1389 5431 litteram
1431 5374 1772 5430 scribendum
1815 5384 1937 5441 est;

359 5469 570 5540 antiqui
615 5469 758 5524 enim
804 5469 1215 5540 pronominibus
1254 5486 1310 5523 ce
1345 5467 1631 5533 addebant,
1679 5475 1742 5523 ut
1779 5469 1942 5533 hicce,

358 5559 553 5627 illicce,
589 5560 782 5615 isticce.
810 5561 962 5616 Unde
988 5561 1264 5616 subtracta
1295 5559 1482 5635 eadem
1511 5558 1802 5614 novissima
1839 5558 1946 5630 syl-

363 5649 487 5705 laba
509 5667 567 5704 ce
597 5651 845 5706 relictum
885 5659 968 5706 est
1008 5651 1110 5716 hic,
1144 5650 1271 5715 illic,
1315 5650 1452 5704 istic.
1497 5647 1737 5704 Acccntu
1765 5657 1948 5706 tamen

2005 1909 2314 1983 Hippocrita
2341 1910 2555 1978 Graece,
2585 1913 2641 1967 in
2667 1913 2860 1967 Latino
2887 1911 3190 1967 simulator.
3237 1909 3409 1980 Hippo
3446 1909 3592 1966 enim

2005 2001 2192 2060 Grtece
2219 2003 2435 2070 falsum,
2466 2004 2655 2061 clari-sis
2671 2003 2937 2077 judicium
2970 2004 3378 2076 interpretatur.

2607 2115 2912 2170 LITTERA
2947 2114 2970 2170 ι

2078 2183 2318 2255 Inclytus
2360 2183 2610 2241 Graecum
2655 2200 2852 2241 nomen
2891 2195 3004 2251 est;
3057 2200 3182 2239 nam
3223 2183 3396 2258 clyton
3451 2187 3595 2258 quod

2007 2272 2212 2341 Graici,
2229 2273 2420 2328 Latine
2444 2273 2737 2345 gloriosum
2767 2275 2972 2331 dicunt.
3003 2273 3181 2329 Idiota
3208 2274 3458 2333 Graicum
3488 2287 3591 2342 est,

2007 2365 2199 2419 Latine
2250 2365 2552 2437 imperitus.
2603 2364 2948 2420 Intervallum
3004 2380 3101 2436 per
3143 2365 3264 2422 "duo
3310 2365 3331 2419 ι
3373 2367 3592 2424 dicitur.

2009 2455 2332 2528 Interpretor
2392 2469 2492 2528 per
2535 2458 2833 2529 simplicem
2863 2475 2891 2512 e
2920 2465 2976 2512 et
3024 2457 3233 2523 omnia,
3281 2474 3401 2529 quzc
3439 2460 3506 2514 ab
3532 2475 3599 2518 eo

2010 2555 2158 2613 sunt,
2193 2548 2524 2603 scribuntur.
2573 2547 2726 2602 Inter
2767 2548 3077 2622 prmp'ositio
3103 2548 3157 2604 in
3187 2564 3295 2602 una
3339 2564 3470 2604 voce
3512 2563 3601 2608 se-

2012 2647 2213 2708 quente
2263 2636 2434 2712 [lego]
2471 2641 2712 2695 mutatur
2735 2639 2791 2695 in
2818 2639 2855 2706 ι,
2884 2649 2944 2695 ut
2968 2639 3251 2712 intellego;
3282 2641 3336 2696 in
3363 2642 3484 2698 aliis
3514 2638 3600 2698 in-

2012 2739 2223 2802 tegrum
2270 2740 2472 2797 manet,
2513 2740 2574 2787 ut
2620 2733 2891 2789 interitus.
2946 2731 3014 2786 Id
3053 2748 3352 2804 pronomen
3399 2736 3469 2792 ab
3509 2751 3596 2803 eo,

2011 2819 2154 2891 quod
2177 2828 2282 2886 est,
2312 2821 2379 2887 is,
2406 2839 2492 2888 ea,
2532 2821 2607 2888 id,
2651 2837 2750 2893 per
2773 2821 2809 2876 d
2841 2821 3116 2878 scribitur.
3153 2823 3229 2890 It,
3271 2818 3413 2893 quod
3441 2824 3502 2879 fit
3531 2825 3601 2880 ab

2012 2928 2092 2976 eo,
2130 2912 2196 2976 is,
2225 2911 2285 2978 it,
2315 2928 2411 2983 per
2440 2913 2772 2968 tscribatur.
2801 2912 2974 2980 Iacet,
3005 2916 3094 2986 qui
3122 2917 3286 2972 cadit.
3316 2917 3476 2984 Jecit,
3507 2921 3602 2989 qui

2016 3000 2183 3055 mittit
2209 3003 2486 3071 quodlibet
2528 3003 2750 3059 missile.
2803 3001 2986 3075 Impar
3023 3019 3122 3074 per
3164 3022 3216 3058 m
3256 3007 3602 3064 scribendum

2015 3099 2121 3148 est.
2148 3090 2354 3163 Impleo
2396 3109 2494 3163 per
2531 3111 2586 3149 m
2621 3110 2728 3150 non
2754 3109 2852 3164 per
2879 3112 2933 3150 η.
2970 3095 3156 3166 Ipsum
3183 3099 3359 3154 neutri
3387 3101 3605 3170 generis

1945 3168 2436 3252 C-dicendtun-est,
2467 3193 2585 3242 non
2611 3188 2790 3258 ipsud,
2833 3196 2893 3244 ut
2931 3188 3083 3253 illud,
3134 3190 3296 3257 istud,
3333 3168 3608 3263 quomodo

2021 3276 2154 3350 [Ms.
2179 3277 2634 3354 ch.,quoniam]
2656 3289 2869 3336 veteres
2897 3281 3291 3337 nominativum
3319 3283 3606 3339 masculini

2019 3373 2240 3444 generis
2287 3389 2398 3430 non
2437 3375 2592 3446 ipsud
2615 3413 2631 3442 _.
2679 3376 2776 3431 sed
2827 3376 2973 3447 ipsus
3019 3375 3290 3431 dicebant.
3345 3376 3499 3434 Unde
3549 3377 3604 3432 in

2017 3464 2309 3537 Evangelia
2334 3482 2346 3520 :
2381 3464 2576 3521 Omnia
2605 3483 2698 3537 per
2715 3467 2888 3537 ipsum
2916 3465 3059 3536 facta
3083 3477 3225 3532 sunt,
3255 3467 3309 3522 id
3333 3474 3440 3533 est,
3470 3465 3603 3522 Ver-

2017 3555 2183 3612 bum.
2212 3557 2511 3612 Idemidem
2550 3573 2648 3628 per
2681 3574 2717 3612 u
2758 3557 2814 3612 in
2860 3558 3031 3627 priori
3072 3557 3193 3616 loco
3233 3559 3604 3625 scribendum,

2017 3648 2145 3704 licet
2173 3651 2336 3705 sit‘ab
2357 3650 2496 3704 idem
2521 3658 2576 3704 et
2599 3649 2781 3704 itidem
2831 3649 3212 3719 compositum.-

2091 3739 2289 3795 Iulein
2333 3741 2378 3796 si
2419 3755 2518 3809 per
2545 3757 2592 3804 e,
2627 3737 2848 3793 seduxit
2872 3737 3180 3809 signiﬁcat;
3211 3737 3258 3792 si
3287 3751 3383 3808 per
3407 3753 3442 3792 rs
3468 3737 3608 3792 inlu-

2022 3837 2361 3894 stratio’neni.
2416 3834 2685 3888 Incestum
2729 3832 3072 3887 scribendum
3117 3839 3220 3894 est,
3270 3831 3395 3885 licet
3429 3832 3611 3887 veniat

2023 3926 2092 3980 ab
2138 3925 2360 3979 incesto.
2409 3921 2658 3986 Innixus,
2701 3921 3085 3992 procumbens.
3132 3918 3366 3973 Innexus
3413 3918 3611 3990 ligatus

2025 4016 2258 4081 dicitur;
2289 4014 2568 4084 indegena,
2608 4012 2735 4067 inde
2773 4018 2964 4076 natus;
3011 4010 3206 4077 incola,
3255 4011 3472 4066 aliunde
3503 4010 3612 4066 Ve-

2023 4105 2232 4171 niens;
2291 4105 2705 4174 intempestivum
2759 4110 2974 4158 veteres
3032 4103 3282 4158 dixerunt
3333 4103 3609 4172 inoportu-

2025 4212 2188 4262 num;
2212 4195 2565 4268 tempestivum
2588 4203 2944 4266 oportunum;
2969 4204 3284 4266 oportunum
3309 4209 3341 4249 a
3370 4203 3615 4266 tempore

2027 4289 2244 4344 dicitur.

2095 4379 2261 4451 307
2277 4379 2370 4435 Sic
2385 4383 2402 4402 δ
2419 4380 2756 4435 inmaturitas
2771 4388 3095 4435 nocturnum
3111 4386 3443 4449 tempusest,
3461 4379 3603 4448 quod

1951 4491 2000 4542 λ
2027 4487 2136 4526 non
2154 4479 2239 4527 est
2259 4481 2552 4539 maturum,
2569 4473 2622 4528 id
2638 4481 2744 4539 est,
2761 4475 3112 4542 oportunum,
3127 4480 3186 4525 ut
3201 4479 3393 4542 agatur
3406 4470 3609 4541 aliquid

1951 4523 2003 4586 D

2028 4562 2322 4634 vigilando,
2355 4563 2500 4633 quod
2530 4565 2695 4620 etiam
2721 4563 2882 4634 vulgo
2911 4562 3015 4617 dici
3059 4560 3218 4617 solet.
3248 4562 3386 4618 hora
3423 4561 3612 4620 inuer—

2031 4661 2163 4708 tuna
2194 4656 2213 4674 ‘
2237 4667 2286 4708 ο.

2099 4743 2335 4811 Iuvenis,
2370 4746 2634 4815 juvenior,
2669 4745 3056 4814 superlativum
3084 4761 3188 4800 non
3227 4745 3408 4811 habet,
3440 4753 3498 4800 ut
3524 4761 3610 4800 se-

2032 4852 2156 4900 nex,
2189 4837 2384 4889 senior.
2415 4835 2602 4890 Solent
2629 4846 2808 4891 autem
2829 4836 3047 4907 juvenis
3073 4845 3126 4892 et
3147 4835 3328 4892 senior
3351 4836 3418 4893 ad
3445 4850 3504 4892 se
3533 4837 3618 4891 in-

2031 4925 2205 4982 vicem
2233 4925 2339 4980 dici
2364 4925 2536 4995 major
2562 4934 2616 4981 et
2642 4927 2837 4982 minor.
2868 4927 3093 5000 Inpingo
3127 4927 3258 4984 facit
3281 4929 3614 4997 praeteritum

2032 5014 2332 5086 perlectum
2384 5015 2588 5087 inpinxi
2643 5025 2698 5072 et
2737 5018 2931 5091 inpegi.
2976 5018 3072 5073 Ira
3125 5018 3408 5086 repentino
3449 5019 3618 5076 animi

2037 5111 2186 5156 motu
2213 5102 2471 5158 nascitur.
2497 5102 2782 5162 Iracundia
2807 5121 3002 5179 perpes
3022 5116 3107 5164 est
3130 5108 3342 5162 vitium.
3373 5107 3618 5172 Invidus,

2037 5194 2129 5263 qui
2151 5195 2355 5250 invidet
2376 5194 2592 5251 dicitur.
2622 5195 2946 5264 Invidiosus,
2967 5200 3070 5269 qui
3086 5199 3345 5255 invidiam
3365 5199 3617 5255 sustinet.

2038 5285 2108 5340 In
2136 5285 2444 5357 praepositio
2483 5287 2527 5342 si
2559 5291 2858 5360 composita
2899 5291 2991 5355 sit,
3014 5300 3071 5347 et
3096 5308 3130 5362 p
3169 5299 3264 5346 aut
3292 5289 3322 5344 b
3348 5289 3431 5346 vel
3459 5307 3510 5346 ut
3535 5305 3623 5346 se-

2039 5387 2253 5448 quatur,
2289 5396 2325 5434 u
2363 5379 2417 5433 in
2448 5397 2499 5433 m
2544 5382 2836 5447 convertit,
2866 5390 2928 5435 ut
2958 5381 3245 5452 improbus,
3290 5381 3494 5445 imbuit,
3524 5381 3624 5438 im-

2043 5478 2231 5533 mutat,
2279 5469 2491 5540 impius.
2555 5470 2780 5537 Quoties
2813 5485 2944 5526 vero
2987 5489 3020 5542 g
3063 5474 3330 5542 sequitur,
3378 5471 3523 5526 illam
3567 5487 3621 5524 in

2045 5559 2267 5624 amittit,
2315 5567 2374 5616 ut
2401 5549 2662 5631 ignarus,
2709 5563 2942 5632 ignotus,
2988 5577 3114 5618 nam
3157 5581 3354 5634 gnarus
3383 5571 3624 5621 et'notus

2049 5648 2322 5718 simplices
2349 5659 2497 5707 sunt.

437 5776 466 5808 ι
494 5764 668 5822 Verba
691 5765 969 5822 asteriscis
988 5765 1242 5822 conclusa
1256 5763 1524 5821 habentur
1545 5775 1732 5833 supra,
1751 5769 1880 5818 tom.
1903 5760 1946 5828 l,
1987 5760 2044 5817 in
2065 5759 2412 5833 Expositione
2432 5763 2622 5838 psalmi
2648 5779 2839 5838 cxvm,
2863 5782 2915 5823 v.
2947 5766 3065 5837 ll7,
3095 5771 3196 5851 col.
3230 5769 3350 5829 615.
