  <div class='ocr_page' id='page_1' title='image "/cluster/home/n/w/nwhite01/storage/ocr_20150623/101/hvd.32044054759683/461.png"; bbox 0 0 3934 6180; ppageno 0'>
   <div class='ocr_carea' id='block_1_1' title="bbox 312 307 408 365">
    <p class='ocr_par' dir='ltr' id='par_1_1' title="bbox 312 307 408 365">
     <span class='ocr_line' id='line_1_1' title="bbox 312 307 408 365; baseline -0.042 0"><span class='ocrx_word' id='word_1_1' title='bbox 312 307 408 365; x_wconf 80' lang='lat' dir='ltr'><strong>9H</strong></span> 
     </span>
    </p>
   </div>
   <div class='ocr_carea' id='block_1_2' title="bbox 893 425 1289 484">
    <p class='ocr_par' dir='ltr' id='par_1_2' title="bbox 893 425 1289 484">
     <span class='ocr_line' id='line_1_2' title="bbox 893 425 1289 484; baseline 0.01 -4"><span class='ocrx_word' id='word_1_2' title='bbox 893 425 1189 484; x_wconf 74' lang='lat' dir='ltr'><strong>LITTERA</strong></span> <span class='ocrx_word' id='word_1_3' title='bbox 1227 431 1289 484; x_wconf 77' lang='grc' dir='ltr'>Κ.</span> 
     </span>
    </p>
   </div>
   <div class='ocr_carea' id='block_1_3' title="bbox 377 431 1879 591">
    <p class='ocr_par' dir='ltr' id='par_1_3' title="bbox 377 431 1879 591">
     <span class='ocr_line' id='line_1_3' title="bbox 894 431 1289 484; baseline 0.01 -4"><span class='ocrx_word' id='word_1_4' title='bbox 894 431 1139 482; x_wconf 74' lang='lat' dir='ltr'><strong>LITTEll</strong></span> <span class='ocrx_word' id='word_1_5' title='bbox 1227 431 1289 484; x_wconf 77' lang='grc' dir='ltr'>Κ.</span> 
     </span>
     <span class='ocr_line' id='line_1_4' title="bbox 377 431 1879 591; baseline 0.007 -22"><span class='ocrx_word' id='word_1_6' title='bbox 377 514 614 587; x_wconf 78' lang='lat' dir='ltr'><strong>Kartago</strong></span> <span class='ocrx_word' id='word_1_7' title='bbox 641 525 697 571; x_wconf 90' lang='lat' dir='ltr'><strong>et</strong></span> <span class='ocrx_word' id='word_1_8' title='bbox 725 515 979 574; x_wconf 72' lang='lat' dir='ltr'><strong>Kalendc</strong></span> <span class='ocrx_word' id='word_1_9' title='bbox 1013 536 1111 591; x_wconf 88' lang='lat' dir='ltr'><strong>per</strong></span> <span class='ocrx_word' id='word_1_10' title='bbox 1136 431 1189 574; x_wconf 51' lang='grc' dir='ltr'><em>ἴ</em></span> <span class='ocrx_word' id='word_1_11' title='bbox 1194 522 1480 579; x_wconf 88' lang='lat' dir='ltr'><strong>scribenda</strong></span> <span class='ocrx_word' id='word_1_12' title='bbox 1503 531 1646 578; x_wconf 87' lang='lat' dir='ltr'><strong>sunt.</strong></span> <span class='ocrx_word' id='word_1_13' title='bbox 1672 523 1879 580; x_wconf 63' lang='lat' dir='ltr'><strong>Caetera</strong></span> 
     </span>
    </p>
   </div>
   <div class='ocr_carea' id='block_1_4' title="bbox 307 609 692 676">
    <p class='ocr_par' dir='ltr' id='par_1_4' title="bbox 307 609 692 676">
     <span class='ocr_line' id='line_1_5' title="bbox 307 609 692 676; baseline 0 -14"><span class='ocrx_word' id='word_1_14' title='bbox 307 623 404 676; x_wconf 83' lang='lat' dir='ltr'><strong>per</strong></span> <span class='ocrx_word' id='word_1_15' title='bbox 427 625 456 662; x_wconf 93' lang='lat' dir='ltr'><strong>c</strong></span> <span class='ocrx_word' id='word_1_16' title='bbox 483 609 692 665; x_wconf 86' lang='lat' dir='ltr'><strong>melius.</strong></span> 
     </span>
    </p>
   </div>
   <div class='ocr_carea' id='block_1_5' title="bbox 889 723 1281 778">
    <p class='ocr_par' dir='ltr' id='par_1_5' title="bbox 889 723 1281 778">
     <span class='ocr_line' id='line_1_6' title="bbox 889 723 1281 778; baseline -0.003 0"><span class='ocrx_word' id='word_1_17' title='bbox 889 723 1187 778; x_wconf 78' lang='lat' dir='ltr'><strong>LITTERA</strong></span> <span class='ocrx_word' id='word_1_18' title='bbox 1219 723 1281 778; x_wconf 88' lang='lat' dir='ltr'><strong>L.</strong></span> 
     </span>
    </p>
   </div>
   <div class='ocr_carea' id='block_1_6' title="bbox 376 834 1876 904">
    <p class='ocr_par' dir='ltr' id='par_1_6' title="bbox 376 834 1876 904">
     <span class='ocr_line' id='line_1_7' title="bbox 376 834 1876 904; baseline 0.004 -16"><span class='ocrx_word' id='word_1_19' title='bbox 376 834 525 890; x_wconf 88' lang='lat' dir='ltr'><strong>Liber</strong></span> <span class='ocrx_word' id='word_1_20' title='bbox 545 835 658 892; x_wconf 91' lang='lat' dir='ltr'><strong>sive</strong></span> <span class='ocrx_word' id='word_1_21' title='bbox 685 835 944 904; x_wconf 85' lang='lat' dir='ltr'><strong>codicem,</strong></span> <span class='ocrx_word' id='word_1_22' title='bbox 972 836 1086 892; x_wconf 86' lang='lat' dir='ltr'><strong>sive</strong></span> <span class='ocrx_word' id='word_1_23' title='bbox 1111 835 1438 904; x_wconf 89' lang='lat' dir='ltr'><strong>libertatem,</strong></span> <span class='ocrx_word' id='word_1_24' title='bbox 1477 836 1590 893; x_wconf 83' lang='lat' dir='ltr'><strong>sive</strong></span> <span class='ocrx_word' id='word_1_25' title='bbox 1617 838 1876 895; x_wconf 76' lang='lat' dir='ltr'><strong>corticem</strong></span> 
     </span>
    </p>
   </div>
   <div class='ocr_carea' id='block_1_7' title="bbox 300 925 1875 998">
    <p class='ocr_par' dir='ltr' id='par_1_7' title="bbox 300 925 1875 998">
     <span class='ocr_line' id='line_1_8' title="bbox 300 925 1875 998; baseline 0.003 -19"><span class='ocrx_word' id='word_1_26' title='bbox 300 925 588 997; x_wconf 79' lang='lat' dir='ltr'><strong>signiﬁcet,</strong></span> <span class='ocrx_word' id='word_1_27' title='bbox 617 927 796 982; x_wconf 88' lang='lat' dir='ltr'><strong>omnia</strong></span> <span class='ocrx_word' id='word_1_28' title='bbox 820 943 918 998; x_wconf 90' lang='lat' dir='ltr'><strong>per</strong></span> <span class='ocrx_word' id='word_1_29' title='bbox 941 925 970 980; x_wconf 88' lang='lat' dir='ltr'><strong>b</strong></span> <span class='ocrx_word' id='word_1_30' title='bbox 993 926 1325 982; x_wconf 90' lang='lat' dir='ltr'><strong>scribuntur.</strong></span> <span class='ocrx_word' id='word_1_31' title='bbox 1352 925 1596 998; x_wconf 85' lang='lat' dir='ltr'><strong>Largitas</strong></span> <span class='ocrx_word' id='word_1_32' title='bbox 1624 927 1875 982; x_wconf 86' lang='lat' dir='ltr'><strong>humani-</strong></span> 
     </span>
    </p>
   </div>
   <div class='ocr_carea' id='block_1_8' title="bbox 302 1017 1876 1090">
    <p class='ocr_par' dir='ltr' id='par_1_8' title="bbox 302 1017 1876 1090">
     <span class='ocr_line' id='line_1_9' title="bbox 302 1017 1876 1090; baseline 0.004 -19"><span class='ocrx_word' id='word_1_33' title='bbox 302 1019 426 1074; x_wconf 90' lang='lat' dir='ltr'><strong>tatis</strong></span> <span class='ocrx_word' id='word_1_34' title='bbox 454 1027 566 1085; x_wconf 82' lang='lat' dir='ltr'><strong>est;</strong></span> <span class='ocrx_word' id='word_1_35' title='bbox 608 1019 818 1090; x_wconf 80' lang='lat' dir='ltr'><strong>largitio</strong></span> <span class='ocrx_word' id='word_1_36' title='bbox 860 1018 1191 1075; x_wconf 84' lang='lat' dir='ltr'><strong>ambitionis.</strong></span> <span class='ocrx_word' id='word_1_37' title='bbox 1235 1017 1569 1075; x_wconf 89' lang='lat' dir='ltr'><strong>Libidinosus</strong></span> <span class='ocrx_word' id='word_1_38' title='bbox 1596 1036 1626 1076; x_wconf 90' lang='lat' dir='ltr'><strong>a</strong></span> <span class='ocrx_word' id='word_1_39' title='bbox 1653 1021 1876 1078; x_wconf 85' lang='lat' dir='ltr'><strong>libidine</strong></span> 
     </span>
    </p>
   </div>
   <div class='ocr_carea' id='block_1_9' title="bbox 296 1109 1873 1183">
    <p class='ocr_par' dir='ltr' id='par_1_9' title="bbox 296 1109 1873 1183">
     <span class='ocr_line' id='line_1_10' title="bbox 296 1109 1873 1183; baseline 0.001 -20"><span class='ocrx_word' id='word_1_40' title='bbox 296 1124 393 1180; x_wconf 91' lang='lat' dir='ltr'><strong>per</strong></span> <span class='ocrx_word' id='word_1_41' title='bbox 418 1110 468 1164; x_wconf 87' lang='lat' dir='ltr'><strong>b.</strong></span> <span class='ocrx_word' id='word_1_42' title='bbox 493 1109 706 1164; x_wconf 82' lang='lat' dir='ltr'><strong>Lividus</strong></span> <span class='ocrx_word' id='word_1_43' title='bbox 737 1125 767 1166; x_wconf 88' lang='lat' dir='ltr'><strong>a</strong></span> <span class='ocrx_word' id='word_1_44' title='bbox 789 1109 959 1165; x_wconf 87' lang='lat' dir='ltr'><strong>livore</strong></span> <span class='ocrx_word' id='word_1_45' title='bbox 987 1125 1086 1180; x_wconf 89' lang='lat' dir='ltr'><strong>per</strong></span> <span class='ocrx_word' id='word_1_46' title='bbox 1113 1126 1141 1164; x_wconf 82' lang='grc' dir='ltr'><strong><em>υ</em></strong></span> <span class='ocrx_word' id='word_1_47' title='bbox 1166 1110 1510 1166; x_wconf 89' lang='lat' dir='ltr'><strong>scribendum</strong></span> <span class='ocrx_word' id='word_1_48' title='bbox 1541 1118 1644 1166; x_wconf 91' lang='lat' dir='ltr'><strong>est.</strong></span> <span class='ocrx_word' id='word_1_49' title='bbox 1679 1109 1873 1183; x_wconf 86' lang='lat' dir='ltr'><strong>[Lepus</strong></span> 
     </span>
    </p>
   </div>
   <div class='ocr_carea' id='block_1_10' title="bbox 295 1198 1872 1273">
    <p class='ocr_par' dir='ltr' id='par_1_10' title="bbox 295 1198 1872 1273">
     <span class='ocr_line' id='line_1_11' title="bbox 295 1198 1872 1273; baseline 0.004 -21"><span class='ocrx_word' id='word_1_50' title='bbox 295 1199 495 1254; x_wconf 82' lang='lat' dir='ltr'><strong>animal</strong></span> <span class='ocrx_word' id='word_1_51' title='bbox 520 1207 633 1266; x_wconf 87' lang='lat' dir='ltr'><strong>est;</strong></span> <span class='ocrx_word' id='word_1_52' title='bbox 666 1198 805 1272; x_wconf 82' lang='lat' dir='ltr'><strong>lepos</strong></span> <span class='ocrx_word' id='word_1_53' title='bbox 821 1199 1132 1270; x_wconf 74' lang='lat' dir='ltr'><strong>iucunditas</strong></span> <span class='ocrx_word' id='word_1_54' title='bbox 1159 1200 1466 1272; x_wconf 80' lang='lat' dir='ltr'><strong>voluptatis.</strong></span> <span class='ocrx_word' id='word_1_55' title='bbox 1499 1201 1652 1257; x_wconf 88' lang='lat' dir='ltr'><strong>Unde</strong></span> <span class='ocrx_word' id='word_1_56' title='bbox 1671 1211 1727 1258; x_wconf 92' lang='lat' dir='ltr'><strong>et</strong></span> <span class='ocrx_word' id='word_1_57' title='bbox 1750 1218 1872 1273; x_wconf 86' lang='lat' dir='ltr'><strong>gra-</strong></span> 
     </span>
    </p>
   </div>
   <div class='ocr_carea' id='block_1_11' title="bbox 295 1293 1866 1367">
    <p class='ocr_par' dir='ltr' id='par_1_11' title="bbox 295 1293 1866 1367">
     <span class='ocr_line' id='line_1_12' title="bbox 295 1293 1866 1367; baseline 0.003 -19"><span class='ocrx_word' id='word_1_58' title='bbox 295 1304 408 1350; x_wconf 89' lang='lat' dir='ltr'><strong>tum</strong></span> <span class='ocrx_word' id='word_1_59' title='bbox 437 1293 640 1365; x_wconf 89' lang='lat' dir='ltr'><strong>aliquid</strong></span> <span class='ocrx_word' id='word_1_60' title='bbox 681 1294 917 1366; x_wconf 89' lang='lat' dir='ltr'><strong>lepidum</strong></span> <span class='ocrx_word' id='word_1_61' title='bbox 960 1293 1235 1367; x_wconf 89' lang='lat' dir='ltr'><strong>dicimus.]</strong></span> <span class='ocrx_word' id='word_1_62' title='bbox 1281 1293 1466 1349; x_wconf 89' lang='lat' dir='ltr'><strong>Limen</strong></span> <span class='ocrx_word' id='word_1_63' title='bbox 1508 1296 1705 1351; x_wconf 67' lang='lat' dir='ltr'><strong>aedium</strong></span> <span class='ocrx_word' id='word_1_64' title='bbox 1744 1305 1866 1364; x_wconf 89' lang='lat' dir='ltr'><strong>est;</strong></span> 
     </span>
    </p>
   </div>
   <div class='ocr_carea' id='block_1_12' title="bbox 289 1385 1868 1458">
    <p class='ocr_par' dir='ltr' id='par_1_12' title="bbox 289 1385 1868 1458">
     <span class='ocr_line' id='line_1_13' title="bbox 289 1385 1868 1458; baseline 0.004 -21"><span class='ocrx_word' id='word_1_65' title='bbox 289 1385 437 1441; x_wconf 84' lang='lat' dir='ltr'><strong>limes</strong></span> <span class='ocrx_word' id='word_1_66' title='bbox 466 1385 769 1458; x_wconf 76' lang='lat' dir='ltr'><strong>regionum.</strong></span> <span class='ocrx_word' id='word_1_67' title='bbox 815 1385 984 1457; x_wconf 83' lang='lat' dir='ltr'><strong>Loqui</strong></span> <span class='ocrx_word' id='word_1_68' title='bbox 1025 1385 1260 1442; x_wconf 81' lang='lat' dir='ltr'><strong>hominis</strong></span> <span class='ocrx_word' id='word_1_69' title='bbox 1289 1395 1402 1450; x_wconf 88' lang='lat' dir='ltr'><strong>est;</strong></span> <span class='ocrx_word' id='word_1_70' title='bbox 1438 1385 1646 1458; x_wconf 82' lang='lat' dir='ltr'><strong>obloqui</strong></span> <span class='ocrx_word' id='word_1_71' title='bbox 1682 1388 1868 1444; x_wconf 90' lang='lat' dir='ltr'><strong>obtre-</strong></span> 
     </span>
    </p>
   </div>
   <div class='ocr_carea' id='block_1_13' title="bbox 289 1473 1866 1550">
    <p class='ocr_par' dir='ltr' id='par_1_13' title="bbox 289 1473 1866 1550">
     <span class='ocr_line' id='line_1_14' title="bbox 289 1473 1866 1550; baseline 0.001 -20"><span class='ocrx_word' id='word_1_72' title='bbox 289 1477 532 1543; x_wconf 89' lang='lat' dir='ltr'><strong>ctatoris,</strong></span> <span class='ocrx_word' id='word_1_73' title='bbox 563 1477 704 1533; x_wconf 83' lang='lat' dir='ltr'><strong>sicut</strong></span> <span class='ocrx_word' id='word_1_74' title='bbox 726 1475 934 1546; x_wconf 88' lang='lat' dir='ltr'><strong>objecit,</strong></span> <span class='ocrx_word' id='word_1_75' title='bbox 966 1474 1170 1548; x_wconf 88' lang='lat' dir='ltr'><strong>obponit</strong></span> <span class='ocrx_word' id='word_1_76' title='bbox 1205 1473 1326 1548; x_wconf 82' lang='grc' dir='ltr'>[Με.</span> <span class='ocrx_word' id='word_1_77' title='bbox 1372 1476 1530 1548; x_wconf 84' lang='lat' dir='ltr'><strong>Reg.,</strong></span> <span class='ocrx_word' id='word_1_78' title='bbox 1562 1477 1748 1544; x_wconf 88' lang='lat' dir='ltr'><strong>obicit,</strong></span> <span class='ocrx_word' id='word_1_79' title='bbox 1775 1494 1866 1550; x_wconf 83' lang='lat' dir='ltr'><strong>ap-</strong></span> 
     </span>
    </p>
   </div>
   <div class='ocr_carea' id='block_1_14' title="bbox 287 1569 1866 1644">
    <p class='ocr_par' dir='ltr' id='par_1_14' title="bbox 287 1569 1866 1644">
     <span class='ocr_line' id='line_1_15' title="bbox 287 1569 1866 1644; baseline 0.001 -18"><span class='ocrx_word' id='word_1_80' title='bbox 287 1570 475 1644; x_wconf 80' lang='lat' dir='ltr'><strong>ponit].</strong></span> <span class='ocrx_word' id='word_1_81' title='bbox 521 1570 747 1642; x_wconf 76' lang='lat' dir='ltr'><strong>Adloqui</strong></span> <span class='ocrx_word' id='word_1_82' title='bbox 785 1569 909 1643; x_wconf 89' lang='lat' dir='ltr'><strong>[ld.,</strong></span> <span class='ocrx_word' id='word_1_83' title='bbox 939 1569 1170 1642; x_wconf 81' lang='lat' dir='ltr'><strong>Alloqui]</strong></span> <span class='ocrx_word' id='word_1_84' title='bbox 1201 1572 1578 1640; x_wconf 78' lang='lat' dir='ltr'><strong>persuadentis</strong></span> <span class='ocrx_word' id='word_1_85' title='bbox 1619 1580 1704 1629; x_wconf 89' lang='lat' dir='ltr'><strong>est</strong></span> <span class='ocrx_word' id='word_1_86' title='bbox 1738 1573 1866 1629; x_wconf 91' lang='lat' dir='ltr'><strong>hor-</strong></span> 
     </span>
    </p>
   </div>
   <div class='ocr_carea' id='block_1_15' title="bbox 287 1661 1568 1734">
    <p class='ocr_par' dir='ltr' id='par_1_15' title="bbox 287 1661 1568 1734">
     <span class='ocr_line' id='line_1_16' title="bbox 287 1661 1568 1734; baseline 0 -16"><span class='ocrx_word' id='word_1_87' title='bbox 287 1664 561 1734; x_wconf 85' lang='lat' dir='ltr'><strong>tantisque</strong></span> <span class='ocrx_word' id='word_1_88' title='bbox 586 1663 671 1717; x_wconf 88' lang='lat' dir='ltr'><strong>vel</strong></span> <span class='ocrx_word' id='word_1_89' title='bbox 693 1662 956 1732; x_wconf 88' lang='lat' dir='ltr'><strong>jubentis.</strong></span> <span class='ocrx_word' id='word_1_90' title='bbox 986 1661 1179 1732; x_wconf 84' lang='lat' dir='ltr'><strong>Eloqui</strong></span> <span class='ocrx_word' id='word_1_91' title='bbox 1211 1663 1444 1718; x_wconf 89' lang='lat' dir='ltr'><strong>oratoris</strong></span> <span class='ocrx_word' id='word_1_92' title='bbox 1467 1671 1568 1719; x_wconf 89' lang='grc' dir='ltr'>εει.</span> 
     </span>
    </p>
   </div>
   <div class='ocr_carea' id='block_1_16' title="bbox 353 1751 1856 1823">
    <p class='ocr_par' dir='ltr' id='par_1_16' title="bbox 353 1751 1856 1823">
     <span class='ocr_line' id='line_1_17' title="bbox 353 1751 1856 1823; baseline 0.001 -15"><span class='ocrx_word' id='word_1_93' title='bbox 353 1753 672 1808; x_wconf 74' lang='lat' dir='ltr'><strong>Laurentius</strong></span> <span class='ocrx_word' id='word_1_94' title='bbox 699 1762 754 1808; x_wconf 90' lang='lat' dir='ltr'><strong>et</strong></span> <span class='ocrx_word' id='word_1_95' title='bbox 776 1751 888 1807; x_wconf 89' lang='lat' dir='ltr'><strong>alia</strong></span> <span class='ocrx_word' id='word_1_96' title='bbox 929 1752 1152 1807; x_wconf 90' lang='lat' dir='ltr'><strong>nomina</strong></span> <span class='ocrx_word' id='word_1_97' title='bbox 1179 1767 1299 1823; x_wconf 73' lang='lat' dir='ltr'><strong>qua:</strong></span> <span class='ocrx_word' id='word_1_98' title='bbox 1338 1753 1732 1810; x_wconf 85' lang='lat' dir='ltr'><strong>nominativum</strong></span> <span class='ocrx_word' id='word_1_99' title='bbox 1761 1770 1856 1810; x_wconf 87' lang='lat' dir='ltr'><strong>ca-</strong></span> 
     </span>
    </p>
   </div>
   <div class='ocr_carea' id='block_1_17' title="bbox 283 1843 1859 1916">
    <p class='ocr_par' dir='ltr' id='par_1_17' title="bbox 283 1843 1859 1916">
     <span class='ocr_line' id='line_1_18' title="bbox 283 1843 1859 1916; baseline 0 -16"><span class='ocrx_word' id='word_1_100' title='bbox 283 1862 402 1902; x_wconf 90' lang='lat' dir='ltr'><strong>sum</strong></span> <span class='ocrx_word' id='word_1_101' title='bbox 426 1844 752 1915; x_wconf 75' lang='lat' dir='ltr'><strong>singularem</strong></span> <span class='ocrx_word' id='word_1_102' title='bbox 775 1844 829 1900; x_wconf 90' lang='lat' dir='ltr'><strong>in</strong></span> <span class='ocrx_word' id='word_1_103' title='bbox 850 1844 931 1898; x_wconf 88' lang='lat' dir='ltr'><strong>ius</strong></span> <span class='ocrx_word' id='word_1_104' title='bbox 958 1843 1198 1908; x_wconf 90' lang='lat' dir='ltr'><strong>mittunt,</strong></span> <span class='ocrx_word' id='word_1_105' title='bbox 1215 1843 1508 1916; x_wconf 83' lang='lat' dir='ltr'><strong>genitivum</strong></span> <span class='ocrx_word' id='word_1_106' title='bbox 1531 1845 1859 1916; x_wconf 78' lang='lat' dir='ltr'><strong>singularem</strong></span> 
     </span>
    </p>
   </div>
   <div class='ocr_carea' id='block_1_18' title="bbox 281 1932 1856 2004">
    <p class='ocr_par' dir='ltr' id='par_1_18' title="bbox 281 1932 1856 2004">
     <span class='ocr_line' id='line_1_19' title="bbox 281 1932 1856 2004; baseline -0.002 -12"><span class='ocrx_word' id='word_1_107' title='bbox 281 1945 338 1992; x_wconf 89' lang='lat' dir='ltr'><strong>et</strong></span> <span class='ocrx_word' id='word_1_108' title='bbox 387 1935 776 1992; x_wconf 86' lang='lat' dir='ltr'><strong>nominativum</strong></span> <span class='ocrx_word' id='word_1_109' title='bbox 821 1932 1088 2004; x_wconf 85' lang='lat' dir='ltr'><strong>pluralem</strong></span> <span class='ocrx_word' id='word_1_110' title='bbox 1144 1933 1198 1988; x_wconf 90' lang='lat' dir='ltr'><strong>in</strong></span> <span class='ocrx_word' id='word_1_111' title='bbox 1247 1933 1517 2004; x_wconf 89' lang='lat' dir='ltr'><strong>duplicem</strong></span> <span class='ocrx_word' id='word_1_112' title='bbox 1555 1934 1594 1987; x_wconf 88' lang='lat' dir='ltr'><strong>ii</strong></span> <span class='ocrx_word' id='word_1_113' title='bbox 1623 1934 1856 2001; x_wconf 87' lang='lat' dir='ltr'><strong>habent;</strong></span> 
     </span>
    </p>
   </div>
   <div class='ocr_carea' id='block_1_19' title="bbox 280 2020 1858 2095">
    <p class='ocr_par' dir='ltr' id='par_1_19' title="bbox 280 2020 1858 2095">
     <span class='ocr_line' id='line_1_20' title="bbox 280 2020 1858 2095; baseline 0 -17"><span class='ocrx_word' id='word_1_114' title='bbox 280 2025 581 2081; x_wconf 80' lang='lat' dir='ltr'><strong>vocativum</strong></span> <span class='ocrx_word' id='word_1_115' title='bbox 627 2021 953 2095; x_wconf 81' lang='lat' dir='ltr'><strong>singularem</strong></span> <span class='ocrx_word' id='word_1_116' title='bbox 981 2022 1037 2076; x_wconf 92' lang='lat' dir='ltr'><strong>in</strong></span> <span class='ocrx_word' id='word_1_117' title='bbox 1077 2020 1379 2092; x_wconf 86' lang='lat' dir='ltr'><strong>simplicem</strong></span> <span class='ocrx_word' id='word_1_118' title='bbox 1405 2023 1424 2076; x_wconf 93' lang='lat' dir='ltr'><strong>i</strong></span> <span class='ocrx_word' id='word_1_119' title='bbox 1453 2031 1547 2077; x_wconf 91' lang='lat' dir='ltr'><strong>aut</strong></span> <span class='ocrx_word' id='word_1_120' title='bbox 1575 2023 1655 2088; x_wconf 91' lang='lat' dir='ltr'><strong>ie,</strong></span> <span class='ocrx_word' id='word_1_121' title='bbox 1684 2032 1746 2078; x_wconf 91' lang='lat' dir='ltr'><strong>ut</strong></span> <span class='ocrx_word' id='word_1_122' title='bbox 1773 2024 1858 2078; x_wconf 84' lang='lat' dir='ltr'><strong>h‘ic</strong></span> 
     </span>
    </p>
   </div>
   <div class='ocr_carea' id='block_1_20' title="bbox 277 2111 1857 2187">
    <p class='ocr_par' dir='ltr' id='par_1_20' title="bbox 277 2111 1857 2187">
     <span class='ocr_line' id='line_1_21' title="bbox 277 2111 1857 2187; baseline -0.001 -17"><span class='ocrx_word' id='word_1_123' title='bbox 277 2117 490 2187; x_wconf 80' lang='lat' dir='ltr'><strong>impius,</strong></span> <span class='ocrx_word' id='word_1_124' title='bbox 519 2115 677 2185; x_wconf 80' lang='lat' dir='ltr'><strong>hujus</strong></span> <span class='ocrx_word' id='word_1_125' title='bbox 703 2112 870 2184; x_wconf 82' lang='lat' dir='ltr'><strong>impii,</strong></span> <span class='ocrx_word' id='word_1_126' title='bbox 893 2129 924 2166; x_wconf 92' lang='lat' dir='ltr'><strong>o</strong></span> <span class='ocrx_word' id='word_1_127' title='bbox 950 2112 1128 2182; x_wconf 82' lang='lat' dir='ltr'><strong>impie.</strong></span> <span class='ocrx_word' id='word_1_128' title='bbox 1154 2111 1324 2166; x_wconf 82' lang='lat' dir='ltr'><strong>Lucco</strong></span> <span class='ocrx_word' id='word_1_129' title='bbox 1350 2121 1406 2168; x_wconf 88' lang='lat' dir='ltr'><strong>et</strong></span> <span class='ocrx_word' id='word_1_130' title='bbox 1431 2111 1582 2183; x_wconf 82' lang='lat' dir='ltr'><strong>lugeo</strong></span> <span class='ocrx_word' id='word_1_131' title='bbox 1609 2114 1662 2169; x_wconf 92' lang='lat' dir='ltr'><strong>in</strong></span> <span class='ocrx_word' id='word_1_132' title='bbox 1688 2129 1857 2169; x_wconf 88' lang='lat' dir='ltr'><strong>unum</strong></span> 
     </span>
    </p>
   </div>
   <div class='ocr_carea' id='block_1_21' title="bbox 278 2200 1857 2275">
    <p class='ocr_par' dir='ltr' id='par_1_21' title="bbox 278 2200 1857 2275">
     <span class='ocr_line' id='line_1_22' title="bbox 278 2200 1857 2275; baseline -0.001 -14"><span class='ocrx_word' id='word_1_133' title='bbox 278 2204 575 2275; x_wconf 85' lang='lat' dir='ltr'><strong>perfectum</strong></span> <span class='ocrx_word' id='word_1_134' title='bbox 609 2203 916 2269; x_wconf 86' lang='lat' dir='ltr'><strong>deveniunt,</strong></span> <span class='ocrx_word' id='word_1_135' title='bbox 950 2210 1010 2258; x_wconf 92' lang='lat' dir='ltr'><strong>ut</strong></span> <span class='ocrx_word' id='word_1_136' title='bbox 1036 2201 1168 2256; x_wconf 76' lang='lat' dir='ltr'><strong>luxi.</strong></span> <span class='ocrx_word' id='word_1_137' title='bbox 1220 2200 1353 2257; x_wconf 89' lang='lat' dir='ltr'><strong>Lino</strong></span> <span class='ocrx_word' id='word_1_138' title='bbox 1389 2201 1518 2258; x_wconf 84' lang='lat' dir='ltr'><strong>facit</strong></span> <span class='ocrx_word' id='word_1_139' title='bbox 1553 2201 1857 2275; x_wconf 88' lang='lat' dir='ltr'><strong>perfectum</strong></span> 
     </span>
    </p>
   </div>
   <div class='ocr_carea' id='block_1_22' title="bbox 274 2293 1852 2366">
    <p class='ocr_par' dir='ltr' id='par_1_22' title="bbox 274 2293 1852 2366">
     <span class='ocr_line' id='line_1_23' title="bbox 274 2293 1852 2366; baseline -0.001 -16"><span class='ocrx_word' id='word_1_140' title='bbox 274 2297 407 2352; x_wconf 87' lang='lat' dir='ltr'><strong>linui</strong></span> <span class='ocrx_word' id='word_1_141' title='bbox 445 2305 500 2352; x_wconf 88' lang='lat' dir='ltr'><strong>et</strong></span> <span class='ocrx_word' id='word_1_142' title='bbox 542 2295 707 2351; x_wconf 83' lang='lat' dir='ltr'><strong>linivi.</strong></span> <span class='ocrx_word' id='word_1_143' title='bbox 756 2293 932 2349; x_wconf 73' lang='lat' dir='ltr'><strong>Lwlus</strong></span> <span class='ocrx_word' id='word_1_144' title='bbox 958 2309 1057 2366; x_wconf 90' lang='lat' dir='ltr'><strong>per</strong></span> <span class='ocrx_word' id='word_1_145' title='bbox 1091 2310 1137 2349; x_wconf 76' lang='lat' dir='ltr'><strong>te</strong></span> <span class='ocrx_word' id='word_1_146' title='bbox 1176 2293 1545 2366; x_wconf 85' lang='lat' dir='ltr'><strong>diphthongon</strong></span> <span class='ocrx_word' id='word_1_147' title='bbox 1576 2293 1852 2361; x_wconf 83' lang='lat' dir='ltr'><strong>scribitur,</strong></span> 
     </span>
    </p>
   </div>
   <div class='ocr_carea' id='block_1_23' title="bbox 273 2382 1856 2460">
    <p class='ocr_par' dir='ltr' id='par_1_23' title="bbox 273 2382 1856 2460">
     <span class='ocr_line' id='line_1_24' title="bbox 273 2382 1856 2460; baseline -0.003 -15"><span class='ocrx_word' id='word_1_148' title='bbox 273 2391 398 2460; x_wconf 83' lang='lat' dir='ltr'><strong>quia</strong></span> <span class='ocrx_word' id='word_1_149' title='bbox 446 2388 630 2444; x_wconf 62' lang='lat' dir='ltr'><strong>laetitia</strong></span> <span class='ocrx_word' id='word_1_150' title='bbox 657 2403 687 2442; x_wconf 92' lang='lat' dir='ltr'><strong>a</strong></span> <span class='ocrx_word' id='word_1_151' title='bbox 715 2386 999 2442; x_wconf 88' lang='lat' dir='ltr'><strong>latitudine</strong></span> <span class='ocrx_word' id='word_1_152' title='bbox 1041 2393 1233 2441; x_wconf 86' lang='lat' dir='ltr'><strong>vocata</strong></span> <span class='ocrx_word' id='word_1_153' title='bbox 1261 2392 1364 2441; x_wconf 89' lang='lat' dir='ltr'><strong>cst.</strong></span> <span class='ocrx_word' id='word_1_154' title='bbox 1413 2382 1631 2457; x_wconf 84' lang='lat' dir='ltr'><strong>Leprosi</strong></span> <span class='ocrx_word' id='word_1_155' title='bbox 1656 2401 1688 2439; x_wconf 89' lang='lat' dir='ltr'><strong>a</strong></span> <span class='ocrx_word' id='word_1_156' title='bbox 1726 2402 1856 2457; x_wconf 92' lang='lat' dir='ltr'><strong>pru-</strong></span> 
     </span>
    </p>
   </div>
   <div class='ocr_carea' id='block_1_24' title="bbox 273 2474 1855 2550">
    <p class='ocr_par' dir='ltr' id='par_1_24' title="bbox 273 2474 1855 2550">
     <span class='ocr_line' id='line_1_25' title="bbox 273 2474 1855 2550; baseline -0.004 -14"><span class='ocrx_word' id='word_1_157' title='bbox 273 2484 383 2538; x_wconf 89' lang='lat' dir='ltr'><strong>ritu</strong></span> <span class='ocrx_word' id='word_1_158' title='bbox 417 2480 584 2536; x_wconf 88' lang='lat' dir='ltr'><strong>nimio</strong></span> <span class='ocrx_word' id='word_1_159' title='bbox 609 2477 778 2550; x_wconf 88' lang='lat' dir='ltr'><strong>ipsius</strong></span> <span class='ocrx_word' id='word_1_160' title='bbox 805 2476 1006 2532; x_wconf 86' lang='lat' dir='ltr'><strong>scabiei</strong></span> <span class='ocrx_word' id='word_1_161' title='bbox 1036 2475 1165 2532; x_wconf 89' lang='lat' dir='ltr'><strong>dicti</strong></span> <span class='ocrx_word' id='word_1_162' title='bbox 1191 2484 1340 2539; x_wconf 88' lang='lat' dir='ltr'><strong>sunt,</strong></span> <span class='ocrx_word' id='word_1_163' title='bbox 1364 2474 1486 2531; x_wconf 91' lang='lat' dir='ltr'><strong>ideo</strong></span> <span class='ocrx_word' id='word_1_164' title='bbox 1509 2490 1608 2545; x_wconf 89' lang='lat' dir='ltr'><strong>per</strong></span> <span class='ocrx_word' id='word_1_165' title='bbox 1628 2493 1663 2545; x_wconf 88' lang='lat' dir='ltr'><strong>p</strong></span> <span class='ocrx_word' id='word_1_166' title='bbox 1687 2475 1855 2531; x_wconf 85' lang='lat' dir='ltr'><strong>scribi</strong></span> 
     </span>
    </p>
   </div>
   <div class='ocr_carea' id='block_1_25' title="bbox 273 2565 1853 2643">
    <p class='ocr_par' dir='ltr' id='par_1_25' title="bbox 273 2565 1853 2643">
     <span class='ocr_line' id='line_1_26' title="bbox 273 2565 1853 2643; baseline -0.004 -14"><span class='ocrx_word' id='word_1_167' title='bbox 273 2574 491 2629; x_wconf 87' lang='lat' dir='ltr'><strong>debent.</strong></span> <span class='ocrx_word' id='word_1_168' title='bbox 523 2570 682 2643; x_wconf 72' lang='lat' dir='ltr'><strong>Lego,</strong></span> <span class='ocrx_word' id='word_1_169' title='bbox 719 2569 880 2639; x_wconf 89' lang='lat' dir='ltr'><strong>legas,</strong></span> <span class='ocrx_word' id='word_1_170' title='bbox 915 2568 980 2623; x_wconf 93' lang='lat' dir='ltr'><strong>ab</strong></span> <span class='ocrx_word' id='word_1_171' title='bbox 1006 2565 1284 2635; x_wconf 85' lang='lat' dir='ltr'><strong>elegendo.</strong></span> <span class='ocrx_word' id='word_1_172' title='bbox 1321 2566 1489 2636; x_wconf 85' lang='lat' dir='ltr'><strong>Lego,</strong></span> <span class='ocrx_word' id='word_1_173' title='bbox 1526 2566 1674 2638; x_wconf 86' lang='lat' dir='ltr'><strong>legis,</strong></span> <span class='ocrx_word' id='word_1_174' title='bbox 1714 2580 1745 2619; x_wconf 89' lang='lat' dir='ltr'><strong>a</strong></span> <span class='ocrx_word' id='word_1_175' title='bbox 1775 2567 1853 2622; x_wconf 88' lang='lat' dir='ltr'><strong>le-</strong></span> 
     </span>
    </p>
   </div>
   <div class='ocr_carea' id='block_1_26' title="bbox 274 2658 1851 2736">
    <p class='ocr_par' dir='ltr' id='par_1_26' title="bbox 274 2658 1851 2736">
     <span class='ocr_line' id='line_1_27' title="bbox 274 2658 1851 2736; baseline -0.004 -15"><span class='ocrx_word' id='word_1_176' title='bbox 274 2665 468 2736; x_wconf 89' lang='lat' dir='ltr'><strong>gendo.</strong></span> <span class='ocrx_word' id='word_1_177' title='bbox 502 2662 729 2735; x_wconf 86' lang='lat' dir='ltr'><strong>Loquor,</strong></span> <span class='ocrx_word' id='word_1_178' title='bbox 777 2660 1035 2732; x_wconf 85' lang='lat' dir='ltr'><strong>loqueris,</strong></span> <span class='ocrx_word' id='word_1_179' title='bbox 1084 2659 1318 2731; x_wconf 81' lang='lat' dir='ltr'><strong>loquitur</strong></span> <span class='ocrx_word' id='word_1_180' title='bbox 1345 2673 1443 2728; x_wconf 87' lang='lat' dir='ltr'><strong>per</strong></span> <span class='ocrx_word' id='word_1_181' title='bbox 1487 2675 1519 2730; x_wconf 87' lang='lat' dir='ltr'><strong>q</strong></span> <span class='ocrx_word' id='word_1_182' title='bbox 1563 2658 1851 2714; x_wconf 88' lang='lat' dir='ltr'><strong>scribenda</strong></span> 
     </span>
    </p>
   </div>
   <div class='ocr_carea' id='block_1_27' title="bbox 272 2748 1850 2822">
    <p class='ocr_par' dir='ltr' id='par_1_27' title="bbox 272 2748 1850 2822">
     <span class='ocr_line' id='line_1_28' title="bbox 272 2748 1850 2822; baseline -0.004 -11"><span class='ocrx_word' id='word_1_183' title='bbox 272 2765 426 2818; x_wconf 72' lang='lat' dir='ltr'><strong>simt;</strong></span> <span class='ocrx_word' id='word_1_184' title='bbox 458 2754 662 2809; x_wconf 88' lang='lat' dir='ltr'><strong>locutus</strong></span> <span class='ocrx_word' id='word_1_185' title='bbox 689 2766 816 2807; x_wconf 87' lang='lat' dir='ltr'><strong>vero</strong></span> <span class='ocrx_word' id='word_1_186' title='bbox 829 2749 1113 2822; x_wconf 73' lang='lat' dir='ltr'><strong>euphonia:</strong></span> <span class='ocrx_word' id='word_1_187' title='bbox 1133 2765 1293 2806; x_wconf 88' lang='lat' dir='ltr'><strong>causa</strong></span> <span class='ocrx_word' id='word_1_188' title='bbox 1319 2764 1417 2821; x_wconf 89' lang='lat' dir='ltr'><strong>per</strong></span> <span class='ocrx_word' id='word_1_189' title='bbox 1436 2765 1464 2804; x_wconf 93' lang='lat' dir='ltr'><strong>c</strong></span> <span class='ocrx_word' id='word_1_190' title='bbox 1487 2756 1542 2805; x_wconf 91' lang='lat' dir='ltr'><strong>et</strong></span> <span class='ocrx_word' id='word_1_191' title='bbox 1563 2748 1789 2820; x_wconf 80' lang='lat' dir='ltr'><strong>simplex</strong></span> <span class='ocrx_word' id='word_1_192' title='bbox 1815 2765 1850 2805; x_wconf 91' lang='lat' dir='ltr'><strong>u</strong></span> 
     </span>
    </p>
   </div>
   <div class='ocr_carea' id='block_1_28' title="bbox 271 2848 558 2904">
    <p class='ocr_par' dir='ltr' id='par_1_28' title="bbox 271 2848 558 2904">
     <span class='ocr_line' id='line_1_29' title="bbox 271 2848 558 2904; baseline -0.014 0"><span class='ocrx_word' id='word_1_193' title='bbox 271 2848 558 2904; x_wconf 85' lang='lat' dir='ltr'><strong>scribatur.</strong></span> 
     </span>
    </p>
   </div>
   <div class='ocr_carea' id='block_1_29' title="bbox 859 2953 1265 3012">
    <p class='ocr_par' dir='ltr' id='par_1_29' title="bbox 859 2953 1265 3012">
     <span class='ocr_line' id='line_1_30' title="bbox 859 2953 1265 3012; baseline -0.005 -1"><span class='ocrx_word' id='word_1_194' title='bbox 859 2953 1158 3012; x_wconf 77' lang='lat' dir='ltr'><strong>LITTERA</strong></span> <span class='ocrx_word' id='word_1_195' title='bbox 1195 2953 1265 3010; x_wconf 76' lang='grc' dir='ltr'>Μ.</span> 
     </span>
    </p>
   </div>
   <div class='ocr_carea' id='block_1_30' title="bbox 337 3065 1843 3140">
    <p class='ocr_par' dir='ltr' id='par_1_30' title="bbox 337 3065 1843 3140">
     <span class='ocr_line' id='line_1_31' title="bbox 337 3065 1843 3140; baseline -0.001 -14"><span class='ocrx_word' id='word_1_196' title='bbox 337 3071 722 3126; x_wconf 73' lang='lat' dir='ltr'><strong>Munimentum</strong></span> <span class='ocrx_word' id='word_1_197' title='bbox 753 3083 786 3124; x_wconf 87' lang='lat' dir='ltr'><strong>a</strong></span> <span class='ocrx_word' id='word_1_198' title='bbox 817 3067 1112 3123; x_wconf 86' lang='lat' dir='ltr'><strong>muniendo</strong></span> <span class='ocrx_word' id='word_1_199' title='bbox 1140 3082 1154 3122; x_wconf 90' lang='lat'><strong>:</strong></span> <span class='ocrx_word' id='word_1_200' title='bbox 1186 3065 1622 3140; x_wconf 79' lang='lat' dir='ltr'><strong>[monumentum]</strong></span> <span class='ocrx_word' id='word_1_201' title='bbox 1658 3068 1727 3123; x_wconf 87' lang='lat' dir='ltr'><strong>ad</strong></span> <span class='ocrx_word' id='word_1_202' title='bbox 1754 3082 1843 3124; x_wconf 82' lang='lat' dir='ltr'><strong>se-</strong></span> 
     </span>
    </p>
   </div>
   <div class='ocr_carea' id='block_1_31' title="bbox 264 3113 2233 3235">
    <p class='ocr_par' dir='ltr' id='par_1_31' title="bbox 264 3113 2233 3235">
     <span class='ocr_line' id='line_1_32' title="bbox 264 3113 2233 3235; baseline -0.001 -18"><span class='ocrx_word' id='word_1_203' title='bbox 264 3113 1153 3235; x_wconf 58' lang='grc' dir='ltr'><strong>ριῆἶιὲἰίἶῖἔῖιῖἱιεῖ.ᾟὶῖῖιὲέ</strong></span> <span class='ocrx_word' id='word_1_204' title='bbox 1184 3113 1727 3224; x_wconf 60' lang='grc' dir='ltr'><strong>ἕὲἐζῖῖἷὲὲἷῖὲιεῖῖ</strong></span> <span class='ocrx_word' id='word_1_205' title='bbox 1745 3113 1846 3229; x_wconf 67' lang='grc' dir='ltr'><strong>ιῖἐτ</strong></span> <span class='ocrx_word' id='word_1_206' title='bbox 1869 3135 1917 3199; x_wconf 81' lang='lat' dir='ltr'><strong><em>C</em></strong></span> <span class='ocrx_word' id='word_1_207' title='bbox 1946 3113 2233 3235; x_wconf 53' lang='lat' dir='ltr'><strong>g‘fﬂ‘ﬁ‘f‘j‘f</strong></span> 
     </span>
    </p>
   </div>
   <div class='ocr_carea' id='block_1_32' title="bbox 263 3245 1843 3321">
    <p class='ocr_par' dir='ltr' id='par_1_32' title="bbox 263 3245 1843 3321">
     <span class='ocr_line' id='line_1_33' title="bbox 263 3245 1843 3321; baseline -0.003 -12"><span class='ocrx_word' id='word_1_208' title='bbox 263 3271 430 3310; x_wconf 87' lang='lat' dir='ltr'><strong>unum</strong></span> <span class='ocrx_word' id='word_1_209' title='bbox 459 3253 788 3309; x_wconf 84' lang='lat' dir='ltr'><strong>lscribatur.</strong></span> <span class='ocrx_word' id='word_1_210' title='bbox 821 3247 1024 3304; x_wconf 66' lang='lat' dir='ltr'><strong>Malum</strong></span> <span class='ocrx_word' id='word_1_211' title='bbox 1049 3249 1096 3304; x_wconf 88' lang='lat' dir='ltr'><strong>si</strong></span> <span class='ocrx_word' id='word_1_212' title='bbox 1120 3245 1354 3304; x_wconf 86' lang='lat' dir='ltr'><strong>fructum</strong></span> <span class='ocrx_word' id='word_1_213' title='bbox 1380 3249 1651 3318; x_wconf 72' lang='lat' dir='ltr'><strong>signiﬁcat</strong></span> <span class='ocrx_word' id='word_1_214' title='bbox 1681 3249 1843 3321; x_wconf 84' lang='lat' dir='ltr'><strong>longa</strong></span> 
     </span>
    </p>
   </div>
   <div class='ocr_carea' id='block_1_33' title="bbox 265 3335 1843 3417">
    <p class='ocr_par' dir='ltr' id='par_1_33' title="bbox 265 3335 1843 3417">
     <span class='ocr_line' id='line_1_34' title="bbox 265 3335 1843 3417; baseline -0.003 -18"><span class='ocrx_word' id='word_1_215' title='bbox 265 3363 296 3399; x_wconf 82' lang='grc' dir='ltr'><em>α</em></span> <span class='ocrx_word' id='word_1_216' title='bbox 327 3343 456 3417; x_wconf 79' lang='lat' dir='ltr'><strong>[Ms.</strong></span> <span class='ocrx_word' id='word_1_217' title='bbox 500 3341 657 3412; x_wconf 83' lang='lat' dir='ltr'><strong>Reg.,</strong></span> <span class='ocrx_word' id='word_1_218' title='bbox 691 3339 855 3410; x_wconf 82' lang='lat' dir='ltr'><strong>longa</strong></span> <span class='ocrx_word' id='word_1_219' title='bbox 894 3347 978 3394; x_wconf 89' lang='lat' dir='ltr'><strong>est</strong></span> <span class='ocrx_word' id='word_1_220' title='bbox 1023 3335 1165 3411; x_wconf 81' lang='lat' dir='ltr'><strong>ma];</strong></span> <span class='ocrx_word' id='word_1_221' title='bbox 1193 3339 1240 3395; x_wconf 87' lang='lat' dir='ltr'><strong>si</strong></span> <span class='ocrx_word' id='word_1_222' title='bbox 1283 3339 1602 3410; x_wconf 87' lang='lat' dir='ltr'><strong>nequitiam,</strong></span> <span class='ocrx_word' id='word_1_223' title='bbox 1626 3339 1843 3394; x_wconf 88' lang='lat' dir='ltr'><strong>brevem</strong></span> 
     </span>
    </p>
   </div>
   <div class='ocr_carea' id='block_1_34' title="bbox 263 3430 1841 3502">
    <p class='ocr_par' dir='ltr' id='par_1_34' title="bbox 263 3430 1841 3502">
     <span class='ocr_line' id='line_1_35' title="bbox 263 3430 1841 3502; baseline -0.005 -9"><span class='ocrx_word' id='word_1_224' title='bbox 263 3438 450 3493; x_wconf 86' lang='lat' dir='ltr'><strong>dicito.</strong></span> <span class='ocrx_word' id='word_1_225' title='bbox 494 3432 672 3488; x_wconf 71' lang='lat' dir='ltr'><strong>Malus</strong></span> <span class='ocrx_word' id='word_1_226' title='bbox 715 3447 949 3502; x_wconf 78' lang='lat' dir='ltr'><strong>quoque,</strong></span> <span class='ocrx_word' id='word_1_227' title='bbox 990 3431 1045 3486; x_wconf 93' lang='lat' dir='ltr'><strong>id</strong></span> <span class='ocrx_word' id='word_1_228' title='bbox 1084 3441 1171 3487; x_wconf 85' lang='lat' dir='ltr'><strong>est</strong></span> <span class='ocrx_word' id='word_1_229' title='bbox 1195 3432 1359 3487; x_wconf 88' lang='lat' dir='ltr'><strong>arbor</strong></span> <span class='ocrx_word' id='word_1_230' title='bbox 1383 3431 1540 3486; x_wconf 87' lang='lat' dir='ltr'><strong>navis</strong></span> <span class='ocrx_word' id='word_1_231' title='bbox 1566 3430 1781 3502; x_wconf 87' lang='lat' dir='ltr'><strong>longam</strong></span> <span class='ocrx_word' id='word_1_232' title='bbox 1807 3449 1841 3485; x_wconf 90' lang='lat' dir='ltr'><strong>a</strong></span> 
     </span>
    </p>
   </div>
   <div class='ocr_carea' id='block_1_35' title="bbox 264 3522 1838 3596">
    <p class='ocr_par' dir='ltr' id='par_1_35' title="bbox 264 3522 1838 3596">
     <span class='ocr_line' id='line_1_36' title="bbox 264 3522 1838 3596; baseline -0.006 -9"><span class='ocrx_word' id='word_1_233' title='bbox 264 3530 450 3587; x_wconf 83' lang='lat' dir='ltr'><strong>dicito.</strong></span> <span class='ocrx_word' id='word_1_234' title='bbox 511 3525 691 3582; x_wconf 67' lang='lat' dir='ltr'><strong>Italus</strong></span> <span class='ocrx_word' id='word_1_235' title='bbox 738 3525 902 3581; x_wconf 80' lang='lat' dir='ltr'><strong>homo</strong></span> <span class='ocrx_word' id='word_1_236' title='bbox 946 3525 1166 3580; x_wconf 83' lang='lat' dir='ltr'><strong>brevem</strong></span> <span class='ocrx_word' id='word_1_237' title='bbox 1193 3541 1227 3577; x_wconf 91' lang='lat' dir='ltr'><strong>a</strong></span> <span class='ocrx_word' id='word_1_238' title='bbox 1253 3524 1414 3579; x_wconf 85' lang='lat' dir='ltr'><strong>debet</strong></span> <span class='ocrx_word' id='word_1_239' title='bbox 1460 3523 1662 3579; x_wconf 87' lang='lat' dir='ltr'><strong>habere</strong></span> <span class='ocrx_word' id='word_1_240' title='bbox 1709 3522 1838 3596; x_wconf 67' lang='grc' dir='ltr'>[Νι.</span> 
     </span>
    </p>
   </div>
   <div class='ocr_carea' id='block_1_36' title="bbox 264 3614 1844 3695">
    <p class='ocr_par' dir='ltr' id='par_1_36' title="bbox 264 3614 1844 3695">
     <span class='ocr_line' id='line_1_37' title="bbox 264 3614 1844 3695; baseline -0.004 -16"><span class='ocrx_word' id='word_1_241' title='bbox 264 3625 422 3695; x_wconf 82' lang='lat' dir='ltr'><strong>Reg.,</strong></span> <span class='ocrx_word' id='word_1_242' title='bbox 449 3620 668 3677; x_wconf 88' lang='lat' dir='ltr'><strong>brevem</strong></span> <span class='ocrx_word' id='word_1_243' title='bbox 698 3618 863 3674; x_wconf 85' lang='lat' dir='ltr'><strong>habet</strong></span> <span class='ocrx_word' id='word_1_244' title='bbox 890 3635 923 3672; x_wconf 88' lang='lat' dir='ltr'><strong>a</strong></span> <span class='ocrx_word' id='word_1_245' title='bbox 957 3614 1086 3689; x_wconf 90' lang='lat' dir='ltr'><strong>lit.].</strong></span> <span class='ocrx_word' id='word_1_246' title='bbox 1119 3615 1368 3671; x_wconf 71' lang='lat' dir='ltr'><strong>Machina</strong></span> <span class='ocrx_word' id='word_1_247' title='bbox 1391 3630 1491 3687; x_wconf 87' lang='lat' dir='ltr'><strong>per</strong></span> <span class='ocrx_word' id='word_1_248' title='bbox 1517 3633 1546 3672; x_wconf 78' lang='grc' dir='ltr'><strong><em>ο</em></strong></span> <span class='ocrx_word' id='word_1_249' title='bbox 1569 3617 1682 3673; x_wconf 88' lang='lat' dir='ltr'><strong>eth</strong></span> <span class='ocrx_word' id='word_1_250' title='bbox 1706 3618 1844 3673; x_wconf 79' lang='lat' dir='ltr'><strong>scri-</strong></span> 
     </span>
    </p>
   </div>
   <div class='ocr_carea' id='block_1_37' title="bbox 256 3705 1839 3781">
    <p class='ocr_par' dir='ltr' id='par_1_37' title="bbox 256 3705 1839 3781">
     <span class='ocr_line' id='line_1_38' title="bbox 256 3705 1839 3781; baseline -0.006 -10"><span class='ocrx_word' id='word_1_251' title='bbox 256 3710 513 3777; x_wconf 87' lang='lat' dir='ltr'><strong>bendum,</strong></span> <span class='ocrx_word' id='word_1_252' title='bbox 538 3710 592 3766; x_wconf 91' lang='lat' dir='ltr'><strong>id</strong></span> <span class='ocrx_word' id='word_1_253' title='bbox 635 3717 720 3765; x_wconf 91' lang='lat' dir='ltr'><strong>est</strong></span> <span class='ocrx_word' id='word_1_254' title='bbox 760 3715 1160 3780; x_wconf 86' lang='lat' dir='ltr'><strong>argumentum.</strong></span> <span class='ocrx_word' id='word_1_255' title='bbox 1208 3705 1406 3772; x_wconf 70' lang='lat' dir='ltr'><strong>Macte,</strong></span> <span class='ocrx_word' id='word_1_256' title='bbox 1437 3707 1491 3764; x_wconf 92' lang='lat' dir='ltr'><strong>id</strong></span> <span class='ocrx_word' id='word_1_257' title='bbox 1534 3717 1620 3764; x_wconf 88' lang='lat' dir='ltr'><strong>est</strong></span> <span class='ocrx_word' id='word_1_258' title='bbox 1667 3709 1839 3781; x_wconf 81' lang='lat' dir='ltr'><strong>magis</strong></span> 
     </span>
    </p>
   </div>
   <div class='ocr_carea' id='block_1_38' title="bbox 259 3797 1836 3873">
    <p class='ocr_par' dir='ltr' id='par_1_38' title="bbox 259 3797 1836 3873">
     <span class='ocr_line' id='line_1_39' title="bbox 259 3797 1836 3873; baseline -0.005 -10"><span class='ocrx_word' id='word_1_259' title='bbox 259 3814 432 3863; x_wconf 87' lang='lat' dir='ltr'><strong>aucte.</strong></span> <span class='ocrx_word' id='word_1_260' title='bbox 459 3800 638 3858; x_wconf 74' lang='lat' dir='ltr'><strong>Mollis</strong></span> <span class='ocrx_word' id='word_1_261' title='bbox 664 3801 711 3856; x_wconf 88' lang='lat' dir='ltr'><strong>si</strong></span> <span class='ocrx_word' id='word_1_262' title='bbox 736 3815 770 3855; x_wconf 94' lang='lat' dir='ltr'><strong>a</strong></span> <span class='ocrx_word' id='word_1_263' title='bbox 790 3798 1015 3855; x_wconf 92' lang='lat' dir='ltr'><strong>mollitia</strong></span> <span class='ocrx_word' id='word_1_264' title='bbox 1033 3813 1131 3870; x_wconf 89' lang='lat' dir='ltr'><strong>per</strong></span> <span class='ocrx_word' id='word_1_265' title='bbox 1151 3798 1259 3854; x_wconf 90' lang='lat' dir='ltr'><strong>duo</strong></span> <span class='ocrx_word' id='word_1_266' title='bbox 1281 3797 1323 3853; x_wconf 85' lang='grc' dir='ltr'><strong>ι.</strong></span> <span class='ocrx_word' id='word_1_267' title='bbox 1353 3797 1510 3854; x_wconf 75' lang='lat' dir='ltr'><strong>Molis</strong></span> <span class='ocrx_word' id='word_1_268' title='bbox 1533 3798 1656 3872; x_wconf 67' lang='lat' dir='ltr'><strong>[51s.</strong></span> <span class='ocrx_word' id='word_1_269' title='bbox 1678 3799 1836 3873; x_wconf 79' lang='lat' dir='ltr'><strong>Reg.,</strong></span> 
     </span>
    </p>
   </div>
   <div class='ocr_carea' id='block_1_39' title="bbox 259 3887 1836 3968">
    <p class='ocr_par' dir='ltr' id='par_1_39' title="bbox 259 3887 1836 3968">
     <span class='ocr_line' id='line_1_40' title="bbox 259 3887 1836 3968; baseline -0.004 -16"><span class='ocrx_word' id='word_1_270' title='bbox 259 3893 448 3968; x_wconf 79' lang='lat' dir='ltr'><strong>Moles]</strong></span> <span class='ocrx_word' id='word_1_271' title='bbox 473 3894 519 3950; x_wconf 90' lang='lat' dir='ltr'><strong>si</strong></span> <span class='ocrx_word' id='word_1_272' title='bbox 547 3893 615 3949; x_wconf 89' lang='lat' dir='ltr'><strong>ad</strong></span> <span class='ocrx_word' id='word_1_273' title='bbox 651 3890 884 3964; x_wconf 89' lang='lat' dir='ltr'><strong>pondus,</strong></span> <span class='ocrx_word' id='word_1_274' title='bbox 911 3904 1009 3962; x_wconf 89' lang='lat' dir='ltr'><strong>per</strong></span> <span class='ocrx_word' id='word_1_275' title='bbox 1062 3905 1226 3944; x_wconf 89' lang='lat' dir='ltr'><strong>unum</strong></span> <span class='ocrx_word' id='word_1_276' title='bbox 1256 3887 1276 3943; x_wconf 84' lang='grc' dir='ltr'><strong>ι</strong></span> <span class='ocrx_word' id='word_1_277' title='bbox 1309 3889 1598 3946; x_wconf 88' lang='lat' dir='ltr'><strong>scribatur.</strong></span> <span class='ocrx_word' id='word_1_278' title='bbox 1645 3889 1836 3958; x_wconf 74' lang='lat' dir='ltr'><strong>Hane,</strong></span> 
     </span>
    </p>
   </div>
   <div class='ocr_carea' id='block_1_40' title="bbox 259 3979 1834 4047">
    <p class='ocr_par' dir='ltr' id='par_1_40' title="bbox 259 3979 1834 4047">
     <span class='ocr_line' id='line_1_41' title="bbox 259 3979 1834 4047; baseline -0.004 -3"><span class='ocrx_word' id='word_1_279' title='bbox 259 3989 331 4045; x_wconf 93' lang='lat' dir='ltr'><strong>dii</strong></span> <span class='ocrx_word' id='word_1_280' title='bbox 384 3983 676 4042; x_wconf 88' lang='lat' dir='ltr'><strong>iufernales</strong></span> <span class='ocrx_word' id='word_1_281' title='bbox 722 3982 998 4038; x_wconf 89' lang='lat' dir='ltr'><strong>dicuntur.</strong></span> <span class='ocrx_word' id='word_1_282' title='bbox 1041 3979 1202 4035; x_wconf 78' lang='lat' dir='ltr'><strong>Hane</strong></span> <span class='ocrx_word' id='word_1_283' title='bbox 1229 3979 1348 4036; x_wconf 89' lang='lat' dir='ltr'><strong>sine</strong></span> <span class='ocrx_word' id='word_1_284' title='bbox 1370 3997 1416 4047; x_wconf 93' lang='lat' dir='ltr'><strong>s,</strong></span> <span class='ocrx_word' id='word_1_285' title='bbox 1449 3980 1557 4036; x_wconf 90' lang='lat' dir='ltr'><strong>diei</strong></span> <span class='ocrx_word' id='word_1_286' title='bbox 1600 3981 1834 4037; x_wconf 89' lang='lat' dir='ltr'><strong>initium.</strong></span> 
     </span>
    </p>
   </div>
   <div class='ocr_carea' id='block_1_41' title="bbox 258 4071 1838 4149">
    <p class='ocr_par' dir='ltr' id='par_1_41' title="bbox 258 4071 1838 4149">
     <span class='ocr_line' id='line_1_42' title="bbox 258 4071 1838 4149; baseline -0.004 -15"><span class='ocrx_word' id='word_1_287' title='bbox 258 4076 621 4149; x_wconf 77' lang='lat' dir='ltr'><strong>Marsuppium</strong></span> <span class='ocrx_word' id='word_1_288' title='bbox 644 4089 744 4145; x_wconf 89' lang='lat' dir='ltr'><strong>per</strong></span> <span class='ocrx_word' id='word_1_289' title='bbox 765 4073 872 4128; x_wconf 90' lang='lat' dir='ltr'><strong>duo</strong></span> <span class='ocrx_word' id='word_1_290' title='bbox 897 4089 931 4143; x_wconf 80' lang='grc' dir='ltr'><strong>ρ</strong></span> <span class='ocrx_word' id='word_1_291' title='bbox 955 4071 1306 4128; x_wconf 85' lang='lat' dir='ltr'><strong>scribendum</strong></span> <span class='ocrx_word' id='word_1_292' title='bbox 1331 4077 1434 4127; x_wconf 87' lang='lat' dir='ltr'><strong>est.</strong></span> <span class='ocrx_word' id='word_1_293' title='bbox 1463 4071 1582 4127; x_wconf 76' lang='lat' dir='ltr'><strong>llas</strong></span> <span class='ocrx_word' id='word_1_294' title='bbox 1607 4073 1838 4142; x_wconf 89' lang='lat' dir='ltr'><strong>primiti-</strong></span> 
     </span>
    </p>
   </div>
   <div class='ocr_carea' id='block_1_42' title="bbox 257 4159 1837 4236">
    <p class='ocr_par' dir='ltr' id='par_1_42' title="bbox 257 4159 1837 4236">
     <span class='ocr_line' id='line_1_43' title="bbox 257 4159 1837 4236; baseline -0.004 -12"><span class='ocrx_word' id='word_1_295' title='bbox 257 4185 384 4224; x_wconf 87' lang='lat' dir='ltr'><strong>vum</strong></span> <span class='ocrx_word' id='word_1_296' title='bbox 425 4175 538 4233; x_wconf 87' lang='lat' dir='ltr'><strong>est;</strong></span> <span class='ocrx_word' id='word_1_297' title='bbox 581 4164 756 4219; x_wconf 69' lang='lat' dir='ltr'><strong>Mares</strong></span> <span class='ocrx_word' id='word_1_298' title='bbox 786 4161 910 4236; x_wconf 59' lang='lat' dir='ltr'><strong>[Ms</strong></span> <span class='ocrx_word' id='word_1_299' title='bbox 943 4161 1100 4232; x_wconf 78' lang='lat' dir='ltr'><strong>Reg.,</strong></span> <span class='ocrx_word' id='word_1_300' title='bbox 1146 4159 1533 4228; x_wconf 88' lang='lat' dir='ltr'><strong>masculinum;</strong></span> <span class='ocrx_word' id='word_1_301' title='bbox 1563 4161 1691 4218; x_wconf 91' lang='lat' dir='ltr'><strong>fort.</strong></span> <span class='ocrx_word' id='word_1_302' title='bbox 1722 4180 1837 4218; x_wconf 79' lang='lat' dir='ltr'><strong>ma-</strong></span> 
     </span>
    </p>
   </div>
   <div class='ocr_carea' id='block_1_43' title="bbox 253 4249 1835 4330">
    <p class='ocr_par' dir='ltr' id='par_1_43' title="bbox 253 4249 1835 4330">
     <span class='ocr_line' id='line_1_44' title="bbox 253 4249 1835 4330; baseline -0.004 -16"><span class='ocrx_word' id='word_1_303' title='bbox 253 4254 454 4330; x_wconf 84' lang='lat' dir='ltr'><strong>sculus]</strong></span> <span class='ocrx_word' id='word_1_304' title='bbox 482 4253 878 4312; x_wconf 85' lang='lat' dir='ltr'><strong>diminutivum.</strong></span> <span class='ocrx_word' id='word_1_305' title='bbox 912 4249 1181 4305; x_wconf 68' lang='lat' dir='ltr'><strong>Machaera</strong></span> <span class='ocrx_word' id='word_1_306' title='bbox 1210 4265 1308 4321; x_wconf 89' lang='lat' dir='ltr'><strong>per</strong></span> <span class='ocrx_word' id='word_1_307' title='bbox 1333 4268 1361 4306; x_wconf 89' lang='lat' dir='ltr'><strong>c</strong></span> <span class='ocrx_word' id='word_1_308' title='bbox 1389 4251 1520 4317; x_wconf 88' lang='lat' dir='ltr'><strong>eth,</strong></span> <span class='ocrx_word' id='word_1_309' title='bbox 1552 4252 1604 4307; x_wconf 93' lang='lat' dir='ltr'><strong>id</strong></span> <span class='ocrx_word' id='word_1_310' title='bbox 1619 4261 1703 4308; x_wconf 89' lang='lat' dir='ltr'><strong>est</strong></span> <span class='ocrx_word' id='word_1_311' title='bbox 1723 4253 1835 4326; x_wconf 83' lang='lat' dir='ltr'><strong>gla-</strong></span> 
     </span>
    </p>
   </div>
   <div class='ocr_carea' id='block_1_44' title="bbox 253 4349 1830 4421">
    <p class='ocr_par' dir='ltr' id='par_1_44' title="bbox 253 4349 1830 4421">
     <span class='ocr_line' id='line_1_45' title="bbox 253 4349 1830 4421; baseline -0.002 -12"><span class='ocrx_word' id='word_1_312' title='bbox 253 4353 395 4409; x_wconf 86' lang='lat' dir='ltr'><strong>dius.</strong></span> <span class='ocrx_word' id='word_1_313' title='bbox 421 4350 676 4418; x_wconf 74' lang='lat' dir='ltr'><strong>Macerio,</strong></span> <span class='ocrx_word' id='word_1_314' title='bbox 695 4351 750 4407; x_wconf 91' lang='lat' dir='ltr'><strong>id</strong></span> <span class='ocrx_word' id='word_1_315' title='bbox 770 4357 854 4407; x_wconf 89' lang='lat' dir='ltr'><strong>est</strong></span> <span class='ocrx_word' id='word_1_316' title='bbox 876 4365 1081 4416; x_wconf 85' lang='lat' dir='ltr'><strong>murus,</strong></span> <span class='ocrx_word' id='word_1_317' title='bbox 1099 4365 1198 4420; x_wconf 88' lang='lat' dir='ltr'><strong>per</strong></span> <span class='ocrx_word' id='word_1_318' title='bbox 1218 4349 1518 4421; x_wconf 81' lang='lat' dir='ltr'><strong>simplicem</strong></span> <span class='ocrx_word' id='word_1_319' title='bbox 1539 4367 1586 4406; x_wconf 91' lang='lat' dir='ltr'><strong>c.</strong></span> <span class='ocrx_word' id='word_1_320' title='bbox 1611 4351 1830 4418; x_wconf 73' lang='lat' dir='ltr'><strong>Mando,</strong></span> 
     </span>
    </p>
   </div>
   <div class='ocr_carea' id='block_1_45' title="bbox 252 4441 1831 4510">
    <p class='ocr_par' dir='ltr' id='par_1_45' title="bbox 252 4441 1831 4510">
     <span class='ocr_line' id='line_1_46' title="bbox 252 4441 1831 4510; baseline -0.001 -10"><span class='ocrx_word' id='word_1_321' title='bbox 252 4445 506 4510; x_wconf 83' lang='lat' dir='ltr'><strong>mandas,</strong></span> <span class='ocrx_word' id='word_1_322' title='bbox 536 4459 568 4500; x_wconf 88' lang='lat' dir='ltr'><strong>a</strong></span> <span class='ocrx_word' id='word_1_323' title='bbox 607 4442 936 4499; x_wconf 85' lang='lat' dir='ltr'><strong>mandando.</strong></span> <span class='ocrx_word' id='word_1_324' title='bbox 987 4441 1207 4508; x_wconf 65' lang='lat' dir='ltr'><strong>Mando,</strong></span> <span class='ocrx_word' id='word_1_325' title='bbox 1253 4441 1481 4507; x_wconf 80' lang='lat' dir='ltr'><strong>mundis,</strong></span> <span class='ocrx_word' id='word_1_326' title='bbox 1527 4457 1560 4496; x_wconf 86' lang='lat' dir='ltr'><strong>a</strong></span> <span class='ocrx_word' id='word_1_327' title='bbox 1604 4443 1831 4499; x_wconf 89' lang='lat' dir='ltr'><strong>mandu-</strong></span> 
     </span>
    </p>
   </div>
   <div class='ocr_carea' id='block_1_46' title="bbox 251 4535 1827 4610">
    <p class='ocr_par' dir='ltr' id='par_1_46' title="bbox 251 4535 1827 4610">
     <span class='ocr_line' id='line_1_47' title="bbox 251 4535 1827 4610; baseline 0.001 -17"><span class='ocrx_word' id='word_1_328' title='bbox 251 4538 445 4594; x_wconf 85' lang='lat' dir='ltr'><strong>cando.</strong></span> <span class='ocrx_word' id='word_1_329' title='bbox 473 4536 691 4592; x_wconf 77' lang='lat' dir='ltr'><strong>lfetalla</strong></span> <span class='ocrx_word' id='word_1_330' title='bbox 721 4551 816 4608; x_wconf 89' lang='lat' dir='ltr'><strong>per</strong></span> <span class='ocrx_word' id='word_1_331' title='bbox 840 4536 946 4592; x_wconf 91' lang='lat' dir='ltr'><strong>duo</strong></span> <span class='ocrx_word' id='word_1_332' title='bbox 971 4535 990 4590; x_wconf 94' lang='lat' dir='ltr'><strong>l</strong></span> <span class='ocrx_word' id='word_1_333' title='bbox 1014 4535 1284 4592; x_wconf 87' lang='lat' dir='ltr'><strong>scribitur.</strong></span> <span class='ocrx_word' id='word_1_334' title='bbox 1310 4535 1517 4591; x_wconf 74' lang='lat' dir='ltr'><strong>Maloea</strong></span> <span class='ocrx_word' id='word_1_335' title='bbox 1544 4544 1600 4592; x_wconf 90' lang='lat' dir='ltr'><strong>et</strong></span> <span class='ocrx_word' id='word_1_336' title='bbox 1623 4537 1827 4610; x_wconf 82' lang='lat' dir='ltr'><strong>mulgeo</strong></span> 
     </span>
    </p>
   </div>
   <div class='ocr_carea' id='block_1_47' title="bbox 252 4625 1828 4700">
    <p class='ocr_par' dir='ltr' id='par_1_47' title="bbox 252 4625 1828 4700">
     <span class='ocr_line' id='line_1_48' title="bbox 252 4625 1828 4700; baseline 0 -17"><span class='ocrx_word' id='word_1_337' title='bbox 252 4645 417 4683; x_wconf 90' lang='lat' dir='ltr'><strong>unum</strong></span> <span class='ocrx_word' id='word_1_338' title='bbox 444 4628 644 4684; x_wconf 86' lang='lat' dir='ltr'><strong>habent</strong></span> <span class='ocrx_word' id='word_1_339' title='bbox 668 4625 964 4698; x_wconf 85' lang='lat' dir='ltr'><strong>perfectum</strong></span> <span class='ocrx_word' id='word_1_340' title='bbox 1006 4625 1132 4700; x_wconf 76' lang='lat' dir='ltr'><strong>[Ms.</strong></span> <span class='ocrx_word' id='word_1_341' title='bbox 1179 4626 1329 4698; x_wconf 84' lang='lat' dir='ltr'><strong>ch.,</strong></span> <span class='ocrx_word' id='word_1_342' title='bbox 1355 4627 1408 4682; x_wconf 91' lang='lat' dir='ltr'><strong>in</strong></span> <span class='ocrx_word' id='word_1_343' title='bbox 1452 4644 1617 4682; x_wconf 91' lang='lat' dir='ltr'><strong>unum</strong></span> <span class='ocrx_word' id='word_1_344' title='bbox 1655 4628 1828 4698; x_wconf 83' lang='lat' dir='ltr'><strong>perfe-</strong></span> 
     </span>
    </p>
   </div>
   <div class='ocr_carea' id='block_1_48' title="bbox 249 4718 1825 4793">
    <p class='ocr_par' dir='ltr' id='par_1_48' title="bbox 249 4718 1825 4793">
     <span class='ocr_line' id='line_1_49' title="bbox 249 4718 1825 4793; baseline -0.001 -15"><span class='ocrx_word' id='word_1_345' title='bbox 249 4731 396 4778; x_wconf 86' lang='lat' dir='ltr'><strong>ctum</strong></span> <span class='ocrx_word' id='word_1_346' title='bbox 423 4719 666 4793; x_wconf 90' lang='lat' dir='ltr'><strong>veniunt]</strong></span> <span class='ocrx_word' id='word_1_347' title='bbox 694 4719 869 4775; x_wconf 90' lang='lat' dir='ltr'><strong>mulsi.</strong></span> <span class='ocrx_word' id='word_1_348' title='bbox 904 4718 1098 4774; x_wconf 64' lang='lat' dir='ltr'><strong>ﬂenda</strong></span> <span class='ocrx_word' id='word_1_349' title='bbox 1128 4719 1372 4790; x_wconf 88' lang='lat' dir='ltr'><strong>deceptio</strong></span> <span class='ocrx_word' id='word_1_350' title='bbox 1399 4719 1482 4776; x_wconf 90' lang='lat' dir='ltr'><strong>vel</strong></span> <span class='ocrx_word' id='word_1_351' title='bbox 1507 4718 1672 4784; x_wconf 87' lang='lat' dir='ltr'><strong>fraus,</strong></span> <span class='ocrx_word' id='word_1_352' title='bbox 1702 4721 1825 4777; x_wconf 90' lang='lat' dir='ltr'><strong>inde</strong></span> 
     </span>
    </p>
   </div>
   <div class='ocr_carea' id='block_1_49' title="bbox 248 4809 966 4870">
    <p class='ocr_par' dir='ltr' id='par_1_49' title="bbox 248 4809 966 4870">
     <span class='ocr_line' id='line_1_50' title="bbox 248 4809 966 4870; baseline -0.006 -3"><span class='ocrx_word' id='word_1_353' title='bbox 248 4813 476 4870; x_wconf 69' lang='lat' dir='ltr'><strong>mendax</strong></span> <span class='ocrx_word' id='word_1_354' title='bbox 499 4811 582 4868; x_wconf 87' lang='lat' dir='ltr'><strong>vel</strong></span> <span class='ocrx_word' id='word_1_355' title='bbox 616 4809 966 4866; x_wconf 80' lang='lat' dir='ltr'><strong>mendacium.</strong></span> 
     </span>
    </p>
   </div>
   <div class='ocr_carea' id='block_1_50' title="bbox 321 4902 1824 4977">
    <p class='ocr_par' dir='ltr' id='par_1_50' title="bbox 321 4902 1824 4977">
     <span class='ocr_line' id='line_1_51' title="bbox 321 4902 1824 4977; baseline -0.001 -15"><span class='ocrx_word' id='word_1_356' title='bbox 321 4907 468 4962; x_wconf 77' lang='lat' dir='ltr'><strong>Mars</strong></span> <span class='ocrx_word' id='word_1_357' title='bbox 495 4914 551 4962; x_wconf 92' lang='lat' dir='ltr'><strong>et</strong></span> <span class='ocrx_word' id='word_1_358' title='bbox 579 4904 789 4960; x_wconf 69' lang='lat' dir='ltr'><strong>Mavors</strong></span> <span class='ocrx_word' id='word_1_359' title='bbox 819 4919 986 4959; x_wconf 84' lang='lat' dir='ltr'><strong>unum</strong></span> <span class='ocrx_word' id='word_1_360' title='bbox 1016 4910 1120 4969; x_wconf 91' lang='lat' dir='ltr'><strong>est,</strong></span> <span class='ocrx_word' id='word_1_361' title='bbox 1148 4902 1290 4959; x_wconf 88' lang='lat' dir='ltr'><strong>unde</strong></span> <span class='ocrx_word' id='word_1_362' title='bbox 1309 4911 1364 4959; x_wconf 91' lang='lat' dir='ltr'><strong>et</strong></span> <span class='ocrx_word' id='word_1_363' title='bbox 1392 4903 1651 4958; x_wconf 75' lang='lat' dir='ltr'><strong>Mavortia</strong></span> <span class='ocrx_word' id='word_1_364' title='bbox 1681 4903 1824 4977; x_wconf 88' lang='lat' dir='ltr'><strong>[qui-</strong></span> 
     </span>
    </p>
   </div>
   <div class='ocr_carea' id='block_1_51' title="bbox 248 4992 1826 5068">
    <p class='ocr_par' dir='ltr' id='par_1_51' title="bbox 248 4992 1826 5068">
     <span class='ocr_line' id='line_1_52' title="bbox 248 4992 1826 5068; baseline -0.001 -14"><span class='ocrx_word' id='word_1_365' title='bbox 248 5000 373 5055; x_wconf 89' lang='lat' dir='ltr'><strong>dam</strong></span> <span class='ocrx_word' id='word_1_366' title='bbox 398 4997 504 5054; x_wconf 89' lang='lat' dir='ltr'><strong>dici</strong></span> <span class='ocrx_word' id='word_1_367' title='bbox 529 4993 752 5068; x_wconf 87' lang='lat' dir='ltr'><strong>volunt].</strong></span> <span class='ocrx_word' id='word_1_368' title='bbox 783 4992 1067 5058; x_wconf 66' lang='lat' dir='ltr'><strong>Manneia,</strong></span> <span class='ocrx_word' id='word_1_369' title='bbox 1094 4993 1374 5060; x_wconf 90' lang='lat' dir='ltr'><strong>oblivium,</strong></span> <span class='ocrx_word' id='word_1_370' title='bbox 1397 4995 1680 5062; x_wconf 85' lang='lat' dir='ltr'><strong>diluvium,</strong></span> <span class='ocrx_word' id='word_1_371' title='bbox 1701 5012 1826 5053; x_wconf 86' lang='lat' dir='ltr'><strong>sua-</strong></span> 
     </span>
    </p>
   </div>
   <div class='ocr_carea' id='block_1_52' title="bbox 248 5083 1824 5160">
    <p class='ocr_par' dir='ltr' id='par_1_52' title="bbox 248 5083 1824 5160">
     <span class='ocr_line' id='line_1_53' title="bbox 248 5083 1824 5160; baseline 0.001 -17"><span class='ocrx_word' id='word_1_372' title='bbox 248 5091 416 5157; x_wconf 84' lang='lat' dir='ltr'><strong>vium,</strong></span> <span class='ocrx_word' id='word_1_373' title='bbox 442 5087 682 5153; x_wconf 87' lang='lat' dir='ltr'><strong>lividum,</strong></span> <span class='ocrx_word' id='word_1_374' title='bbox 723 5084 943 5160; x_wconf 90' lang='lat' dir='ltr'><strong>[favius]</strong></span> <span class='ocrx_word' id='word_1_375' title='bbox 973 5083 1182 5152; x_wconf 78' lang='lat' dir='ltr'><strong>ﬂavius,</strong></span> <span class='ocrx_word' id='word_1_376' title='bbox 1209 5085 1418 5151; x_wconf 87' lang='lat' dir='ltr'><strong>avidus,</strong></span> <span class='ocrx_word' id='word_1_377' title='bbox 1452 5084 1662 5154; x_wconf 81' lang='lat' dir='ltr'><strong>ﬂuvius,</strong></span> <span class='ocrx_word' id='word_1_378' title='bbox 1690 5088 1824 5145; x_wconf 89' lang='lat' dir='ltr'><strong>civi-</strong></span> 
     </span>
    </p>
   </div>
   <div class='ocr_carea' id='block_1_53' title="bbox 249 5177 1823 5250">
    <p class='ocr_par' dir='ltr' id='par_1_53' title="bbox 249 5177 1823 5250">
     <span class='ocr_line' id='line_1_54' title="bbox 249 5177 1823 5250; baseline -0.001 -14"><span class='ocrx_word' id='word_1_379' title='bbox 249 5191 360 5248; x_wconf 88' lang='lat' dir='ltr'><strong>tas,</strong></span> <span class='ocrx_word' id='word_1_380' title='bbox 391 5179 601 5236; x_wconf 63' lang='lat' dir='ltr'><strong>exuviae</strong></span> <span class='ocrx_word' id='word_1_381' title='bbox 639 5193 737 5250; x_wconf 87' lang='lat' dir='ltr'><strong>per</strong></span> <span class='ocrx_word' id='word_1_382' title='bbox 761 5195 790 5232; x_wconf 80' lang='grc' dir='ltr'><strong>υ</strong></span> <span class='ocrx_word' id='word_1_383' title='bbox 814 5182 1199 5233; x_wconf 82' lang='lat' dir='ltr'><strong>consonantem</strong></span> <span class='ocrx_word' id='word_1_384' title='bbox 1234 5183 1290 5231; x_wconf 92' lang='lat' dir='ltr'><strong>et</strong></span> <span class='ocrx_word' id='word_1_385' title='bbox 1325 5177 1344 5230; x_wconf 93' lang='lat' dir='ltr'><strong>i</strong></span> <span class='ocrx_word' id='word_1_386' title='bbox 1379 5177 1597 5232; x_wconf 85' lang='lat' dir='ltr'><strong>brevem</strong></span> <span class='ocrx_word' id='word_1_387' title='bbox 1641 5179 1823 5248; x_wconf 83' lang='lat' dir='ltr'><strong>profe-</strong></span> 
     </span>
    </p>
   </div>
   <div class='ocr_carea' id='block_1_54' title="bbox 248 5269 1820 5340">
    <p class='ocr_par' dir='ltr' id='par_1_54' title="bbox 248 5269 1820 5340">
     <span class='ocr_line' id='line_1_55' title="bbox 248 5269 1820 5340; baseline 0 -13"><span class='ocrx_word' id='word_1_388' title='bbox 248 5283 459 5328; x_wconf 90' lang='lat' dir='ltr'><strong>runtur.</strong></span> <span class='ocrx_word' id='word_1_389' title='bbox 494 5271 756 5328; x_wconf 70' lang='lat' dir='ltr'><strong>Hattheus</strong></span> <span class='ocrx_word' id='word_1_390' title='bbox 791 5277 848 5326; x_wconf 88' lang='lat' dir='ltr'><strong>et</strong></span> <span class='ocrx_word' id='word_1_391' title='bbox 873 5269 1125 5325; x_wconf 77' lang='lat' dir='ltr'><strong>Matthias</strong></span> <span class='ocrx_word' id='word_1_392' title='bbox 1150 5284 1249 5340; x_wconf 89' lang='lat' dir='ltr'><strong>per</strong></span> <span class='ocrx_word' id='word_1_393' title='bbox 1275 5269 1380 5324; x_wconf 92' lang='lat' dir='ltr'><strong>duo</strong></span> <span class='ocrx_word' id='word_1_394' title='bbox 1409 5278 1448 5335; x_wconf 89' lang='lat' dir='ltr'><strong>t,</strong></span> <span class='ocrx_word' id='word_1_395' title='bbox 1477 5271 1618 5340; x_wconf 90' lang='lat' dir='ltr'><strong>quod</strong></span> <span class='ocrx_word' id='word_1_396' title='bbox 1641 5269 1820 5327; x_wconf 65' lang='lat' dir='ltr'><strong>Graeci</strong></span> 
     </span>
    </p>
   </div>
   <div class='ocr_carea' id='block_1_55' title="bbox 244 5356 1816 5432">
    <p class='ocr_par' dir='ltr' id='par_1_55' title="bbox 244 5356 1816 5432">
     <span class='ocr_line' id='line_1_56' title="bbox 244 5356 1816 5432; baseline 0.003 -18"><span class='ocrx_word' id='word_1_397' title='bbox 244 5375 395 5432; x_wconf 60' lang='lat' dir='ltr'><strong>per:</strong></span> <span class='ocrx_word' id='word_1_398' title='bbox 421 5369 478 5417; x_wconf 84' lang='lat' dir='ltr'><strong>et</strong></span> <span class='ocrx_word' id='word_1_399' title='bbox 494 5363 524 5416; x_wconf 85' lang='grc' dir='ltr'><strong><em>ο</em></strong></span> <span class='ocrx_word' id='word_1_400' title='bbox 544 5361 805 5417; x_wconf 88' lang='lat' dir='ltr'><strong>scribunt.</strong></span> <span class='ocrx_word' id='word_1_401' title='bbox 835 5356 999 5425; x_wconf 77' lang='lat' dir='ltr'><strong>lfalo,</strong></span> <span class='ocrx_word' id='word_1_402' title='bbox 1020 5358 1074 5413; x_wconf 90' lang='lat' dir='ltr'><strong>id</strong></span> <span class='ocrx_word' id='word_1_403' title='bbox 1101 5366 1189 5414; x_wconf 89' lang='lat' dir='ltr'><strong>est</strong></span> <span class='ocrx_word' id='word_1_404' title='bbox 1215 5359 1387 5429; x_wconf 83' lang='lat' dir='ltr'><strong>magis</strong></span> <span class='ocrx_word' id='word_1_405' title='bbox 1413 5359 1566 5425; x_wconf 86' lang='lat' dir='ltr'><strong>volo;</strong></span> <span class='ocrx_word' id='word_1_406' title='bbox 1591 5368 1647 5416; x_wconf 90' lang='lat' dir='ltr'><strong>et</strong></span> <span class='ocrx_word' id='word_1_407' title='bbox 1672 5359 1816 5429; x_wconf 87' lang='lat' dir='ltr'><strong>nolo,</strong></span> 
     </span>
    </p>
   </div>
   <div class='ocr_carea' id='block_1_56' title="bbox 246 5447 1820 5522">
    <p class='ocr_par' dir='ltr' id='par_1_56' title="bbox 246 5447 1820 5522">
     <span class='ocr_line' id='line_1_57' title="bbox 246 5447 1820 5522; baseline 0 -16"><span class='ocrx_word' id='word_1_408' title='bbox 246 5450 302 5506; x_wconf 89' lang='lat' dir='ltr'><strong>id</strong></span> <span class='ocrx_word' id='word_1_409' title='bbox 327 5459 412 5506; x_wconf 88' lang='lat' dir='ltr'><strong>est</strong></span> <span class='ocrx_word' id='word_1_410' title='bbox 435 5467 506 5507; x_wconf 86' lang='lat' dir='ltr'><strong>ne</strong></span> <span class='ocrx_word' id='word_1_411' title='bbox 527 5451 649 5508; x_wconf 89' lang='lat' dir='ltr'><strong>volo</strong></span> <span class='ocrx_word' id='word_1_412' title='bbox 674 5465 774 5521; x_wconf 86' lang='lat' dir='ltr'><strong>per</strong></span> <span class='ocrx_word' id='word_1_413' title='bbox 793 5465 959 5505; x_wconf 89' lang='lat' dir='ltr'><strong>unum</strong></span> <span class='ocrx_word' id='word_1_414' title='bbox 983 5447 1022 5503; x_wconf 92' lang='lat' dir='ltr'><strong>l.</strong></span> <span class='ocrx_word' id='word_1_415' title='bbox 1054 5447 1217 5504; x_wconf 69' lang='grc' dir='ltr'>καιιε</span> <span class='ocrx_word' id='word_1_416' title='bbox 1237 5455 1294 5504; x_wconf 86' lang='lat' dir='ltr'><strong>et</strong></span> <span class='ocrx_word' id='word_1_417' title='bbox 1311 5447 1448 5504; x_wconf 87' lang='lat' dir='ltr'><strong>velle</strong></span> <span class='ocrx_word' id='word_1_418' title='bbox 1473 5457 1528 5504; x_wconf 91' lang='lat' dir='ltr'><strong>et</strong></span> <span class='ocrx_word' id='word_1_419' title='bbox 1558 5449 1698 5506; x_wconf 88' lang='lat' dir='ltr'><strong>nolle</strong></span> <span class='ocrx_word' id='word_1_420' title='bbox 1723 5465 1820 5522; x_wconf 90' lang='lat' dir='ltr'><strong>per</strong></span> 
     </span>
    </p>
   </div>
   <div class='ocr_carea' id='block_1_57' title="bbox 246 5539 1818 5613">
    <p class='ocr_par' dir='ltr' id='par_1_57' title="bbox 246 5539 1818 5613">
     <span class='ocr_line' id='line_1_58' title="bbox 246 5539 1818 5613; baseline 0.001 -15"><span class='ocrx_word' id='word_1_421' title='bbox 246 5542 354 5598; x_wconf 84' lang='lat' dir='ltr'><strong>duo</strong></span> <span class='ocrx_word' id='word_1_422' title='bbox 375 5541 414 5596; x_wconf 91' lang='lat' dir='ltr'><strong>l.</strong></span> <span class='ocrx_word' id='word_1_423' title='bbox 447 5541 596 5598; x_wconf 72' lang='lat' dir='ltr'><strong>Mitto</strong></span> <span class='ocrx_word' id='word_1_424' title='bbox 631 5556 730 5613; x_wconf 88' lang='lat' dir='ltr'><strong>per</strong></span> <span class='ocrx_word' id='word_1_425' title='bbox 758 5540 864 5597; x_wconf 81' lang='lat' dir='ltr'><strong>duo</strong></span> <span class='ocrx_word' id='word_1_426' title='bbox 890 5550 912 5595; x_wconf 88' lang='lat' dir='ltr'><strong>t</strong></span> <span class='ocrx_word' id='word_1_427' title='bbox 935 5549 991 5596; x_wconf 92' lang='lat' dir='ltr'><strong>et</strong></span> <span class='ocrx_word' id='word_1_428' title='bbox 1027 5539 1148 5597; x_wconf 90' lang='lat' dir='ltr'><strong>ideo</strong></span> <span class='ocrx_word' id='word_1_429' title='bbox 1175 5539 1233 5596; x_wconf 88' lang='lat' dir='ltr'><strong>in</strong></span> <span class='ocrx_word' id='word_1_430' title='bbox 1257 5541 1529 5611; x_wconf 67' lang='lat' dir='ltr'><strong>praeterito</strong></span> <span class='ocrx_word' id='word_1_431' title='bbox 1573 5541 1818 5612; x_wconf 88' lang='lat' dir='ltr'><strong>perfecto</strong></span> 
     </span>
    </p>
   </div>
   <div class='ocr_carea' id='block_1_58' title="bbox 244 5629 1817 5704">
    <p class='ocr_par' dir='ltr' id='par_1_58' title="bbox 244 5629 1817 5704">
     <span class='ocr_line' id='line_1_59' title="bbox 244 5629 1817 5704; baseline 0.001 -16"><span class='ocrx_word' id='word_1_432' title='bbox 244 5647 342 5704; x_wconf 87' lang='lat' dir='ltr'><strong>per</strong></span> <span class='ocrx_word' id='word_1_433' title='bbox 379 5631 484 5687; x_wconf 90' lang='lat' dir='ltr'><strong>duo</strong></span> <span class='ocrx_word' id='word_1_434' title='bbox 527 5649 552 5686; x_wconf 90' lang='lat' dir='ltr'><strong>s</strong></span> <span class='ocrx_word' id='word_1_435' title='bbox 591 5631 878 5695; x_wconf 86' lang='lat' dir='ltr'><strong>scribatur,</strong></span> <span class='ocrx_word' id='word_1_436' title='bbox 924 5631 976 5686; x_wconf 92' lang='lat' dir='ltr'><strong>id</strong></span> <span class='ocrx_word' id='word_1_437' title='bbox 1007 5639 1112 5696; x_wconf 88' lang='lat' dir='ltr'><strong>est,</strong></span> <span class='ocrx_word' id='word_1_438' title='bbox 1143 5631 1309 5685; x_wconf 86' lang='lat' dir='ltr'><strong>missi.</strong></span> <span class='ocrx_word' id='word_1_439' title='bbox 1363 5629 1612 5702; x_wconf 73' lang='lat' dir='ltr'><strong>Magnus,</strong></span> <span class='ocrx_word' id='word_1_440' title='bbox 1655 5650 1688 5703; x_wconf 83' lang='lat' dir='ltr'><strong>g</strong></span> <span class='ocrx_word' id='word_1_441' title='bbox 1731 5649 1817 5690; x_wconf 87' lang='lat' dir='ltr'><strong>se-</strong></span> 
     </span>
    </p>
   </div>
   <div class='ocr_carea' id='block_1_59' title="bbox 1115 313 2696 379">
    <p class='ocr_par' dir='ltr' id='par_1_59' title="bbox 1115 313 2696 379">
     <span class='ocr_line' id='line_1_60' title="bbox 1115 313 2696 379; baseline 0.006 -11"><span class='ocrx_word' id='word_1_442' title='bbox 1115 314 1172 368; x_wconf 87' lang='lat' dir='ltr'><strong>B.</strong></span> <span class='ocrx_word' id='word_1_443' title='bbox 1214 313 1274 368; x_wconf 84' lang='lat' dir='ltr'><strong>F.</strong></span> <span class='ocrx_word' id='word_1_444' title='bbox 1314 314 1539 369; x_wconf 75' lang='lat' dir='ltr'><strong>ALBINI</strong></span> <span class='ocrx_word' id='word_1_445' title='bbox 1575 314 1708 371; x_wconf 70' lang='grc' dir='ltr'>εει]</span> <span class='ocrx_word' id='word_1_446' title='bbox 1745 315 2017 374; x_wconf 74' lang='lat' dir='ltr'><strong>ALCUINI</strong></span> <span class='ocrx_word' id='word_1_447' title='bbox 2053 317 2338 377; x_wconf 75' lang='lat' dir='ltr'><strong>OPERUH</strong></span> <span class='ocrx_word' id='word_1_448' title='bbox 2372 320 2553 379; x_wconf 76' lang='lat' dir='ltr'><strong>PARS</strong></span> <span class='ocrx_word' id='word_1_449' title='bbox 2587 320 2696 379; x_wconf 73' lang='lat' dir='ltr'><strong>VII.</strong></span> 
     </span>
    </p>
   </div>
   <div class='ocr_carea' id='block_1_60' title="bbox 3455 323 3563 383">
    <p class='ocr_par' dir='ltr' id='par_1_60' title="bbox 3455 323 3563 383">
     <span class='ocr_line' id='line_1_61' title="bbox 3455 323 3563 383; baseline -0.009 0"><span class='ocrx_word' id='word_1_450' title='bbox 3455 323 3563 383; x_wconf 71' lang='lat'><strong>912</strong></span> 
     </span>
    </p>
   </div>
   <div class='ocr_carea' id='block_1_61' title="bbox 1903 437 3562 513">
    <p class='ocr_par' dir='ltr' id='par_1_61' title="bbox 1903 437 3562 513">
     <span class='ocr_line' id='line_1_62' title="bbox 1903 437 3562 513; baseline 0.007 -22"><span class='ocrx_word' id='word_1_451' title='bbox 1903 437 1951 497; x_wconf 78' lang='grc' dir='ltr'>Λ</span> <span class='ocrx_word' id='word_1_452' title='bbox 1979 437 2256 510; x_wconf 87' lang='lat' dir='ltr'><strong>societur].</strong></span> <span class='ocrx_word' id='word_1_453' title='bbox 2308 438 2580 512; x_wconf 69' lang='lat' dir='ltr'><strong>Hagister,</strong></span> <span class='ocrx_word' id='word_1_454' title='bbox 2613 439 2788 511; x_wconf 83' lang='lat' dir='ltr'><strong>major</strong></span> <span class='ocrx_word' id='word_1_455' title='bbox 2817 441 2871 497; x_wconf 90' lang='lat' dir='ltr'><strong>in</strong></span> <span class='ocrx_word' id='word_1_456' title='bbox 2901 443 3164 513; x_wconf 82' lang='lat' dir='ltr'><strong>statione;</strong></span> <span class='ocrx_word' id='word_1_457' title='bbox 3209 459 3334 501; x_wconf 80' lang='lat' dir='ltr'><strong>nam</strong></span> <span class='ocrx_word' id='word_1_458' title='bbox 3361 446 3562 502; x_wconf 82' lang='lat' dir='ltr'><strong>isteron</strong></span> 
     </span>
    </p>
   </div>
   <div class='ocr_carea' id='block_1_62' title="bbox 1982 527 2604 589">
    <p class='ocr_par' dir='ltr' id='par_1_62' title="bbox 1982 527 2604 589">
     <span class='ocr_line' id='line_1_63' title="bbox 1982 527 2604 589; baseline 0.008 -5"><span class='ocrx_word' id='word_1_459' title='bbox 1982 527 2170 586; x_wconf 76' lang='lat' dir='ltr'><strong>Grteee</strong></span> <span class='ocrx_word' id='word_1_460' title='bbox 2194 532 2359 588; x_wconf 88' lang='lat' dir='ltr'><strong>statio</strong></span> <span class='ocrx_word' id='word_1_461' title='bbox 2384 534 2604 589; x_wconf 88' lang='lat' dir='ltr'><strong>dicitur.</strong></span> 
     </span>
    </p>
   </div>
   <div class='ocr_carea' id='block_1_63' title="bbox 2564 622 2968 682">
    <p class='ocr_par' dir='ltr' id='par_1_63' title="bbox 2564 622 2968 682">
     <span class='ocr_line' id='line_1_64' title="bbox 2564 622 2968 682; baseline 0.01 -4"><span class='ocrx_word' id='word_1_462' title='bbox 2564 622 2865 680; x_wconf 79' lang='lat' dir='ltr'><strong>LITTERA</strong></span> <span class='ocrx_word' id='word_1_463' title='bbox 2902 625 2968 682; x_wconf 84' lang='grc' dir='ltr'>Ν.</span> 
     </span>
    </p>
   </div>
   <div class='ocr_carea' id='block_1_64' title="bbox 2055 729 3560 812">
    <p class='ocr_par' dir='ltr' id='par_1_64' title="bbox 2055 729 3560 812">
     <span class='ocr_line' id='line_1_65' title="bbox 2055 729 3560 812; baseline 0.01 -27"><span class='ocrx_word' id='word_1_464' title='bbox 2055 729 2286 801; x_wconf 83' lang='lat' dir='ltr'><strong>Nobilis,</strong></span> <span class='ocrx_word' id='word_1_465' title='bbox 2328 735 2554 802; x_wconf 80' lang='lat' dir='ltr'><strong>mobilis,</strong></span> <span class='ocrx_word' id='word_1_466' title='bbox 2600 738 2806 807; x_wconf 81' lang='lat' dir='ltr'><strong>debilis,</strong></span> <span class='ocrx_word' id='word_1_467' title='bbox 2843 739 3056 807; x_wconf 82' lang='lat' dir='ltr'><strong>habilis,</strong></span> <span class='ocrx_word' id='word_1_468' title='bbox 3087 755 3184 812; x_wconf 86' lang='lat' dir='ltr'><strong>per</strong></span> <span class='ocrx_word' id='word_1_469' title='bbox 3211 741 3240 795; x_wconf 90' lang='lat' dir='ltr'><strong>b</strong></span> <span class='ocrx_word' id='word_1_470' title='bbox 3270 742 3560 799; x_wconf 85' lang='lat' dir='ltr'><strong>scribenda</strong></span> 
     </span>
    </p>
   </div>
   <div class='ocr_carea' id='block_1_65' title="bbox 1976 823 3562 906">
    <p class='ocr_par' dir='ltr' id='par_1_65' title="bbox 1976 823 3562 906">
     <span class='ocr_line' id='line_1_66' title="bbox 1976 823 3562 906; baseline 0.006 -26"><span class='ocrx_word' id='word_1_471' title='bbox 1976 833 2123 880; x_wconf 87' lang='lat' dir='ltr'><strong>sunt.</strong></span> <span class='ocrx_word' id='word_1_472' title='bbox 2159 823 2422 895; x_wconf 83' lang='lat' dir='ltr'><strong>Nanctus,</strong></span> <span class='ocrx_word' id='word_1_473' title='bbox 2467 829 2522 884; x_wconf 92' lang='lat' dir='ltr'><strong>id</strong></span> <span class='ocrx_word' id='word_1_474' title='bbox 2546 838 2630 886; x_wconf 91' lang='lat' dir='ltr'><strong>est</strong></span> <span class='ocrx_word' id='word_1_475' title='bbox 2660 831 2910 888; x_wconf 90' lang='lat' dir='ltr'><strong>inventus</strong></span> <span class='ocrx_word' id='word_1_476' title='bbox 2933 831 3018 889; x_wconf 88' lang='lat' dir='ltr'><strong>vel</strong></span> <span class='ocrx_word' id='word_1_477' title='bbox 3043 833 3290 903; x_wconf 89' lang='lat' dir='ltr'><strong>adeptus,</strong></span> <span class='ocrx_word' id='word_1_478' title='bbox 3321 851 3420 906; x_wconf 90' lang='lat' dir='ltr'><strong>per</strong></span> <span class='ocrx_word' id='word_1_479' title='bbox 3439 854 3475 890; x_wconf 85' lang='lat' dir='ltr'><strong>n</strong></span> <span class='ocrx_word' id='word_1_480' title='bbox 3503 846 3562 891; x_wconf 86' lang='lat' dir='ltr'><strong>et</strong></span> 
     </span>
    </p>
   </div>
   <div class='ocr_carea' id='block_1_66' title="bbox 1973 917 3561 1000">
    <p class='ocr_par' dir='ltr' id='par_1_66' title="bbox 1973 917 3561 1000">
     <span class='ocr_line' id='line_1_67' title="bbox 1973 917 3561 1000; baseline 0.008 -29"><span class='ocrx_word' id='word_1_481' title='bbox 1973 933 2003 970; x_wconf 88' lang='lat' dir='ltr'><strong>c</strong></span> <span class='ocrx_word' id='word_1_482' title='bbox 2027 917 2192 972; x_wconf 87' lang='lat' dir='ltr'><strong>scribi</strong></span> <span class='ocrx_word' id='word_1_483' title='bbox 2225 919 2402 974; x_wconf 90' lang='lat' dir='ltr'><strong>debet.</strong></span> <span class='ocrx_word' id='word_1_484' title='bbox 2437 918 2706 976; x_wconf 86' lang='lat' dir='ltr'><strong>Nacturus</strong></span> <span class='ocrx_word' id='word_1_485' title='bbox 2730 923 3074 996; x_wconf 87' lang='lat' dir='ltr'><strong>participium</strong></span> <span class='ocrx_word' id='word_1_486' title='bbox 3099 924 3265 981; x_wconf 91' lang='lat' dir='ltr'><strong>futuri</strong></span> <span class='ocrx_word' id='word_1_487' title='bbox 3295 930 3561 1000; x_wconf 87' lang='lat' dir='ltr'><strong>temporis</strong></span> 
     </span>
    </p>
   </div>
   <div class='ocr_carea' id='block_1_67' title="bbox 1973 1010 3561 1089">
    <p class='ocr_par' dir='ltr' id='par_1_67' title="bbox 1973 1010 3561 1089">
     <span class='ocr_line' id='line_1_68' title="bbox 1973 1010 3561 1089; baseline 0.008 -26"><span class='ocrx_word' id='word_1_488' title='bbox 1973 1024 2072 1079; x_wconf 87' lang='lat' dir='ltr'><strong>per</strong></span> <span class='ocrx_word' id='word_1_489' title='bbox 2090 1029 2119 1066; x_wconf 91' lang='lat' dir='ltr'><strong>c</strong></span> <span class='ocrx_word' id='word_1_490' title='bbox 2143 1011 2337 1068; x_wconf 87' lang='lat' dir='ltr'><strong>solum.</strong></span> <span class='ocrx_word' id='word_1_491' title='bbox 2393 1010 2587 1069; x_wconf 79' lang='lat' dir='ltr'><strong>Navita</strong></span> <span class='ocrx_word' id='word_1_492' title='bbox 2615 1023 2672 1070; x_wconf 89' lang='lat' dir='ltr'><strong>et</strong></span> <span class='ocrx_word' id='word_1_493' title='bbox 2700 1013 2882 1073; x_wconf 88' lang='lat' dir='ltr'><strong>Nauta</strong></span> <span class='ocrx_word' id='word_1_494' title='bbox 2913 1025 3200 1089; x_wconf 87' lang='lat' dir='ltr'><strong>utrumque</strong></span> <span class='ocrx_word' id='word_1_495' title='bbox 3239 1029 3387 1078; x_wconf 88' lang='lat' dir='ltr'><strong>recte</strong></span> <span class='ocrx_word' id='word_1_496' title='bbox 3422 1021 3561 1076; x_wconf 89' lang='lat' dir='ltr'><strong>dici-</strong></span> 
     </span>
    </p>
   </div>
   <div class='ocr_carea' id='block_1_68' title="bbox 1973 1105 3558 1186">
    <p class='ocr_par' dir='ltr' id='par_1_68' title="bbox 1973 1105 3558 1186">
     <span class='ocr_line' id='line_1_69' title="bbox 1973 1105 3558 1186; baseline 0.006 -27"><span class='ocrx_word' id='word_1_497' title='bbox 1973 1113 2080 1159; x_wconf 90' lang='lat' dir='ltr'><strong>tur.</strong></span> <span class='ocrx_word' id='word_1_498' title='bbox 2111 1105 2514 1163; x_wconf 87' lang='lat' dir='ltr'><strong>Nummularius</strong></span> <span class='ocrx_word' id='word_1_499' title='bbox 2538 1107 2659 1181; x_wconf 76' lang='grc' dir='ltr'>[Με.</span> <span class='ocrx_word' id='word_1_500' title='bbox 2689 1109 2847 1181; x_wconf 86' lang='lat' dir='ltr'><strong>ch.,</strong></span> <span class='ocrx_word' id='word_1_501' title='bbox 2875 1110 3300 1186; x_wconf 86' lang='lat' dir='ltr'><strong>Nummolarius]</strong></span> <span class='ocrx_word' id='word_1_502' title='bbox 3323 1128 3421 1184; x_wconf 88' lang='lat' dir='ltr'><strong>per</strong></span> <span class='ocrx_word' id='word_1_503' title='bbox 3445 1114 3558 1170; x_wconf 85' lang='lat' dir='ltr'><strong>duo</strong></span> 
     </span>
    </p>
   </div>
   <div class='ocr_carea' id='block_1_69' title="bbox 1971 1197 3556 1272">
    <p class='ocr_par' dir='ltr' id='par_1_69' title="bbox 1971 1197 3556 1272">
     <span class='ocr_line' id='line_1_70' title="bbox 1971 1197 3556 1272; baseline 0.006 -22"><span class='ocrx_word' id='word_1_504' title='bbox 1971 1213 2045 1263; x_wconf 90' lang='lat' dir='ltr'><strong>m,</strong></span> <span class='ocrx_word' id='word_1_505' title='bbox 2075 1197 2220 1268; x_wconf 92' lang='lat' dir='ltr'><strong>quod</strong></span> <span class='ocrx_word' id='word_1_506' title='bbox 2261 1207 2347 1254; x_wconf 90' lang='lat' dir='ltr'><strong>est</strong></span> <span class='ocrx_word' id='word_1_507' title='bbox 2370 1215 2713 1256; x_wconf 89' lang='lat' dir='ltr'><strong>nummorum</strong></span> <span class='ocrx_word' id='word_1_508' title='bbox 2746 1200 2990 1272; x_wconf 85' lang='lat' dir='ltr'><strong>largitor.</strong></span> <span class='ocrx_word' id='word_1_509' title='bbox 3023 1200 3359 1259; x_wconf 89' lang='lat' dir='ltr'><strong>Nummisma</strong></span> <span class='ocrx_word' id='word_1_510' title='bbox 3401 1205 3556 1260; x_wconf 88' lang='lat' dir='ltr'><strong>simi-</strong></span> 
     </span>
    </p>
   </div>
   <div class='ocr_carea' id='block_1_70' title="bbox 1969 1287 3554 1365">
    <p class='ocr_par' dir='ltr' id='par_1_70' title="bbox 1969 1287 3554 1365">
     <span class='ocr_line' id='line_1_71' title="bbox 1969 1287 3554 1365; baseline 0.004 -22"><span class='ocrx_word' id='word_1_511' title='bbox 1969 1287 2095 1344; x_wconf 88' lang='lat' dir='ltr'><strong>liter</strong></span> <span class='ocrx_word' id='word_1_512' title='bbox 2120 1303 2216 1359; x_wconf 92' lang='lat' dir='ltr'><strong>per</strong></span> <span class='ocrx_word' id='word_1_513' title='bbox 2235 1289 2340 1346; x_wconf 87' lang='lat' dir='ltr'><strong>duo</strong></span> <span class='ocrx_word' id='word_1_514' title='bbox 2360 1307 2434 1357; x_wconf 91' lang='lat' dir='ltr'><strong>m,</strong></span> <span class='ocrx_word' id='word_1_515' title='bbox 2457 1292 2602 1363; x_wconf 87' lang='lat' dir='ltr'><strong>quod</strong></span> <span class='ocrx_word' id='word_1_516' title='bbox 2625 1300 2709 1347; x_wconf 88' lang='lat' dir='ltr'><strong>est</strong></span> <span class='ocrx_word' id='word_1_517' title='bbox 2729 1293 2932 1348; x_wconf 90' lang='lat' dir='ltr'><strong>nummi</strong></span> <span class='ocrx_word' id='word_1_518' title='bbox 2955 1308 3303 1365; x_wconf 76' lang='lat' dir='ltr'><strong>percussum.</strong></span> <span class='ocrx_word' id='word_1_519' title='bbox 3339 1293 3554 1362; x_wconf 74' lang='lat' dir='ltr'><strong>Nasus,</strong></span> 
     </span>
    </p>
   </div>
   <div class='ocr_carea' id='block_1_71' title="bbox 1967 1382 3550 1456">
    <p class='ocr_par' dir='ltr' id='par_1_71' title="bbox 1967 1382 3550 1456">
     <span class='ocr_line' id='line_1_72' title="bbox 1967 1382 3550 1456; baseline 0.003 -18"><span class='ocrx_word' id='word_1_520' title='bbox 1967 1382 2110 1452; x_wconf 90' lang='lat' dir='ltr'><strong>quod</strong></span> <span class='ocrx_word' id='word_1_521' title='bbox 2136 1391 2221 1439; x_wconf 87' lang='lat' dir='ltr'><strong>est</strong></span> <span class='ocrx_word' id='word_1_522' title='bbox 2243 1391 2495 1440; x_wconf 80' lang='lat' dir='ltr'><strong>strenuus</strong></span> <span class='ocrx_word' id='word_1_523' title='bbox 2521 1383 2605 1440; x_wconf 88' lang='lat' dir='ltr'><strong>vel</strong></span> <span class='ocrx_word' id='word_1_524' title='bbox 2632 1383 2817 1440; x_wconf 81' lang='lat' dir='ltr'><strong>etlicax</strong></span> <span class='ocrx_word' id='word_1_525' title='bbox 2840 1427 2854 1451; x_wconf 93' lang='lat'><strong>,</strong></span> <span class='ocrx_word' id='word_1_526' title='bbox 2882 1401 2982 1456; x_wconf 92' lang='lat' dir='ltr'><strong>per</strong></span> <span class='ocrx_word' id='word_1_527' title='bbox 3003 1388 3110 1443; x_wconf 91' lang='lat' dir='ltr'><strong>duo</strong></span> <span class='ocrx_word' id='word_1_528' title='bbox 3138 1403 3174 1441; x_wconf 88' lang='lat' dir='ltr'><strong>u</strong></span> <span class='ocrx_word' id='word_1_529' title='bbox 3200 1387 3550 1444; x_wconf 87' lang='lat' dir='ltr'><strong>scribendum</strong></span> 
     </span>
    </p>
   </div>
   <div class='ocr_carea' id='block_1_72' title="bbox 1965 1472 3551 1548">
    <p class='ocr_par' dir='ltr' id='par_1_72' title="bbox 1965 1472 3551 1548">
     <span class='ocr_line' id='line_1_73' title="bbox 1965 1472 3551 1548; baseline 0.004 -19"><span class='ocrx_word' id='word_1_530' title='bbox 1965 1475 2131 1546; x_wconf 72' lang='lat'><strong>308</strong></span> <span class='ocrx_word' id='word_1_531' title='bbox 2149 1483 2254 1530; x_wconf 86' lang='lat' dir='ltr'><strong>est.</strong></span> <span class='ocrx_word' id='word_1_532' title='bbox 2278 1472 2478 1548; x_wconf 77' lang='lat' dir='ltr'><strong>[Nimis</strong></span> <span class='ocrx_word' id='word_1_533' title='bbox 2509 1476 2724 1540; x_wconf 91' lang='lat' dir='ltr'><strong>dicitur,</strong></span> <span class='ocrx_word' id='word_1_534' title='bbox 2753 1478 3011 1548; x_wconf 86' lang='lat' dir='ltr'><strong>quidquid</strong></span> <span class='ocrx_word' id='word_1_535' title='bbox 3044 1478 3166 1548; x_wconf 85' lang='lat' dir='ltr'><strong>plus</strong></span> <span class='ocrx_word' id='word_1_536' title='bbox 3193 1476 3357 1534; x_wconf 88' lang='lat' dir='ltr'><strong>fuerit</strong></span> <span class='ocrx_word' id='word_1_537' title='bbox 3385 1493 3551 1548; x_wconf 83' lang='lat' dir='ltr'><strong>quam</strong></span> 
     </span>
    </p>
   </div>
   <div class='ocr_carea' id='block_1_73' title="bbox 1964 1564 3550 1638">
    <p class='ocr_par' dir='ltr' id='par_1_73' title="bbox 1964 1564 3550 1638">
     <span class='ocr_line' id='line_1_74' title="bbox 1964 1564 3550 1638; baseline 0.003 -20"><span class='ocrx_word' id='word_1_538' title='bbox 1964 1572 2196 1634; x_wconf 88' lang='lat' dir='ltr'><strong>oportet.</strong></span> <span class='ocrx_word' id='word_1_539' title='bbox 2243 1564 2377 1619; x_wconf 90' lang='lat' dir='ltr'><strong>Nam</strong></span> <span class='ocrx_word' id='word_1_540' title='bbox 2421 1581 2648 1636; x_wconf 89' lang='lat' dir='ltr'><strong>parvum</strong></span> <span class='ocrx_word' id='word_1_541' title='bbox 2692 1575 2800 1631; x_wconf 91' lang='lat' dir='ltr'><strong>est,</strong></span> <span class='ocrx_word' id='word_1_542' title='bbox 2846 1567 2988 1636; x_wconf 92' lang='lat' dir='ltr'><strong>quod</strong></span> <span class='ocrx_word' id='word_1_543' title='bbox 3040 1567 3218 1624; x_wconf 91' lang='lat' dir='ltr'><strong>minus</strong></span> <span class='ocrx_word' id='word_1_544' title='bbox 3249 1576 3336 1624; x_wconf 91' lang='lat' dir='ltr'><strong>est</strong></span> <span class='ocrx_word' id='word_1_545' title='bbox 3381 1584 3550 1638; x_wconf 88' lang='lat' dir='ltr'><strong>quam</strong></span> 
     </span>
    </p>
   </div>
   <div class='ocr_carea' id='block_1_74' title="bbox 1964 1655 3548 1729">
    <p class='ocr_par' dir='ltr' id='par_1_74' title="bbox 1964 1655 3548 1729">
     <span class='ocr_line' id='line_1_75' title="bbox 1964 1655 3548 1729; baseline 0.004 -20"><span class='ocrx_word' id='word_1_546' title='bbox 1964 1663 2192 1725; x_wconf 89' lang='lat' dir='ltr'><strong>opertet.</strong></span> <span class='ocrx_word' id='word_1_547' title='bbox 2243 1655 2446 1710; x_wconf 88' lang='lat' dir='ltr'><strong>Horum</strong></span> <span class='ocrx_word' id='word_1_548' title='bbox 2477 1655 2531 1711; x_wconf 92' lang='lat' dir='ltr'><strong>in</strong></span> <span class='ocrx_word' id='word_1_549' title='bbox 2560 1657 2738 1712; x_wconf 91' lang='lat' dir='ltr'><strong>medio</strong></span> <span class='ocrx_word' id='word_1_550' title='bbox 2768 1657 2958 1713; x_wconf 89' lang='lat' dir='ltr'><strong>modus</strong></span> <span class='ocrx_word' id='word_1_551' title='bbox 2991 1665 3104 1722; x_wconf 88' lang='lat' dir='ltr'><strong>est,</strong></span> <span class='ocrx_word' id='word_1_552' title='bbox 3137 1659 3281 1729; x_wconf 89' lang='lat' dir='ltr'><strong>quod</strong></span> <span class='ocrx_word' id='word_1_553' title='bbox 3323 1659 3548 1726; x_wconf 87' lang='lat' dir='ltr'><strong>dicitur,</strong></span> 
     </span>
    </p>
   </div>
   <div class='ocr_carea' id='block_1_75' title="bbox 1961 1745 3549 1824">
    <p class='ocr_par' dir='ltr' id='par_1_75' title="bbox 1961 1745 3549 1824">
     <span class='ocr_line' id='line_1_76' title="bbox 1961 1745 3549 1824; baseline 0.003 -22"><span class='ocrx_word' id='word_1_554' title='bbox 1961 1749 2088 1803; x_wconf 88' lang='lat' dir='ltr'><strong>satis</strong></span> <span class='ocrx_word' id='word_1_555' title='bbox 2117 1756 2214 1824; x_wconf 77' lang='lat' dir='ltr'><strong>est.</strong></span> <span class='ocrx_word' id='word_1_556' title='bbox 2256 1745 2364 1804; x_wconf 87' lang='lat' dir='ltr'><strong>Sed</strong></span> <span class='ocrx_word' id='word_1_557' title='bbox 2391 1747 2682 1818; x_wconf 86' lang='lat' dir='ltr'><strong>aliquando</strong></span> <span class='ocrx_word' id='word_1_558' title='bbox 2707 1747 2897 1804; x_wconf 85' lang='lat' dir='ltr'><strong>Latina</strong></span> <span class='ocrx_word' id='word_1_559' title='bbox 2928 1749 3108 1821; x_wconf 87' lang='lat' dir='ltr'><strong>lingua</strong></span> <span class='ocrx_word' id='word_1_560' title='bbox 3139 1751 3243 1806; x_wconf 91' lang='lat' dir='ltr'><strong>hoc</strong></span> <span class='ocrx_word' id='word_1_561' title='bbox 3269 1751 3439 1807; x_wconf 88' lang='lat' dir='ltr'><strong>verbo</strong></span> <span class='ocrx_word' id='word_1_562' title='bbox 3467 1753 3549 1808; x_wconf 89' lang='lat' dir='ltr'><strong>sic</strong></span> 
     </span>
    </p>
   </div>
   <div class='ocr_carea' id='block_1_76' title="bbox 1961 1839 3544 1914">
    <p class='ocr_par' dir='ltr' id='par_1_76' title="bbox 1961 1839 3544 1914">
     <span class='ocr_line' id='line_1_77' title="bbox 1961 1839 3544 1914; baseline 0.006 -22"><span class='ocrx_word' id='word_1_563' title='bbox 1961 1839 2219 1904; x_wconf 89' lang='lat' dir='ltr'><strong>abutitur,</strong></span> <span class='ocrx_word' id='word_1_564' title='bbox 2263 1847 2325 1894; x_wconf 92' lang='lat' dir='ltr'><strong>ut</strong></span> <span class='ocrx_word' id='word_1_565' title='bbox 2351 1841 2505 1896; x_wconf 88' lang='lat' dir='ltr'><strong>nimis</strong></span> <span class='ocrx_word' id='word_1_566' title='bbox 2545 1855 2643 1910; x_wconf 90' lang='lat' dir='ltr'><strong>pro</strong></span> <span class='ocrx_word' id='word_1_567' title='bbox 2676 1855 2761 1908; x_wconf 91' lang='lat' dir='ltr'><strong>eo,</strong></span> <span class='ocrx_word' id='word_1_568' title='bbox 2793 1842 2934 1912; x_wconf 91' lang='lat' dir='ltr'><strong>quod</strong></span> <span class='ocrx_word' id='word_1_569' title='bbox 2963 1850 3048 1897; x_wconf 90' lang='lat' dir='ltr'><strong>est</strong></span> <span class='ocrx_word' id='word_1_570' title='bbox 3084 1841 3256 1907; x_wconf 83' lang='lat' dir='ltr'><strong>valde,</strong></span> <span class='ocrx_word' id='word_1_571' title='bbox 3285 1853 3544 1914; x_wconf 86' lang='lat' dir='ltr'><strong>ponatur.</strong></span> 
     </span>
    </p>
   </div>
   <div class='ocr_carea' id='block_1_77' title="bbox 1959 1931 3546 2002">
    <p class='ocr_par' dir='ltr' id='par_1_77' title="bbox 1959 1931 3546 2002">
     <span class='ocr_line' id='line_1_78' title="bbox 1959 1931 3546 2002; baseline 0.003 -16"><span class='ocrx_word' id='word_1_572' title='bbox 1959 1931 2124 1986; x_wconf 87' lang='lat' dir='ltr'><strong>veluti</strong></span> <span class='ocrx_word' id='word_1_573' title='bbox 2167 1932 2404 2002; x_wconf 87' lang='lat' dir='ltr'><strong>positum</strong></span> <span class='ocrx_word' id='word_1_574' title='bbox 2450 1933 2754 1990; x_wconf 89' lang='lat' dir='ltr'><strong>invenimus</strong></span> <span class='ocrx_word' id='word_1_575' title='bbox 2784 1934 2837 1990; x_wconf 91' lang='lat' dir='ltr'><strong>in</strong></span> <span class='ocrx_word' id='word_1_576' title='bbox 2863 1933 3060 1992; x_wconf 83' lang='lat' dir='ltr'><strong>litteris</strong></span> <span class='ocrx_word' id='word_1_577' title='bbox 3088 1935 3274 1990; x_wconf 88' lang='lat' dir='ltr'><strong>sacris.</strong></span> <span class='ocrx_word' id='word_1_578' title='bbox 3322 1934 3458 1991; x_wconf 83' lang='lat' dir='ltr'><strong>Nam</strong></span> <span class='ocrx_word' id='word_1_579' title='bbox 3489 1946 3546 1992; x_wconf 82' lang='lat' dir='ltr'><strong>et</strong></span> 
     </span>
    </p>
   </div>
   <div class='ocr_carea' id='block_1_78' title="bbox 1959 2020 3548 2096">
    <p class='ocr_par' dir='ltr' id='par_1_78' title="bbox 1959 2020 3548 2096">
     <span class='ocr_line' id='line_1_79' title="bbox 1959 2020 3548 2096; baseline 0.003 -20"><span class='ocrx_word' id='word_1_580' title='bbox 1959 2021 2013 2076; x_wconf 90' lang='lat' dir='ltr'><strong>in</strong></span> <span class='ocrx_word' id='word_1_581' title='bbox 2053 2023 2260 2093; x_wconf 87' lang='lat' dir='ltr'><strong>psalmo</strong></span> <span class='ocrx_word' id='word_1_582' title='bbox 2293 2042 2306 2077; x_wconf 88' lang='lat'><strong>:</strong></span> <span class='ocrx_word' id='word_1_583' title='bbox 2347 2020 2426 2077; x_wconf 89' lang='lat' dir='ltr'><strong>Tu</strong></span> <span class='ocrx_word' id='word_1_584' title='bbox 2464 2025 2755 2096; x_wconf 70' lang='lat' dir='ltr'><strong>pracepisti</strong></span> <span class='ocrx_word' id='word_1_585' title='bbox 2799 2024 3051 2079; x_wconf 89' lang='lat' dir='ltr'><strong>mandata</strong></span> <span class='ocrx_word' id='word_1_586' title='bbox 3091 2025 3342 2080; x_wconf 88' lang='lat' dir='ltr'><strong>custodiri</strong></span> <span class='ocrx_word' id='word_1_587' title='bbox 3385 2027 3548 2080; x_wconf 65' lang='lat' dir='ltr'><strong>nimis</strong></span> 
     </span>
    </p>
   </div>
   <div class='ocr_carea' id='block_1_79' title="bbox 1959 2112 2894 2189">
    <p class='ocr_par' dir='ltr' id='par_1_79' title="bbox 1959 2112 2894 2189">
     <span class='ocr_line' id='line_1_80' title="bbox 1959 2112 2894 2189; baseline 0.005 -23"><span class='ocrx_word' id='word_1_588' title='bbox 1959 2112 2131 2187; x_wconf 85' lang='lat' dir='ltr'><strong>(Psnl.</strong></span> <span class='ocrx_word' id='word_1_589' title='bbox 2161 2131 2352 2181; x_wconf 78' lang='lat' dir='ltr'><strong>cxvm,</strong></span> <span class='ocrx_word' id='word_1_590' title='bbox 2384 2115 2465 2189; x_wconf 76' lang='grc'>4),</span> <span class='ocrx_word' id='word_1_591' title='bbox 2497 2117 2550 2171; x_wconf 90' lang='lat' dir='ltr'><strong>id</strong></span> <span class='ocrx_word' id='word_1_592' title='bbox 2578 2127 2663 2172; x_wconf 89' lang='lat' dir='ltr'><strong>est</strong></span> <span class='ocrx_word' id='word_1_593' title='bbox 2692 2116 2894 2189; x_wconf 79' lang='lat' dir='ltr'><strong>valde.)</strong></span> 
     </span>
    </p>
   </div>
   <div class='ocr_carea' id='block_1_80' title="bbox 2029 2202 3543 2279">
    <p class='ocr_par' dir='ltr' id='par_1_80' title="bbox 2029 2202 3543 2279">
     <span class='ocr_line' id='line_1_81' title="bbox 2029 2202 3543 2279; baseline 0.004 -21"><span class='ocrx_word' id='word_1_594' title='bbox 2029 2202 2251 2276; x_wconf 86' lang='lat' dir='ltr'><strong>[Nullus</strong></span> <span class='ocrx_word' id='word_1_595' title='bbox 2278 2213 2359 2260; x_wconf 88' lang='lat' dir='ltr'><strong>est</strong></span> <span class='ocrx_word' id='word_1_596' title='bbox 2385 2213 2493 2262; x_wconf 92' lang='lat' dir='ltr'><strong>tam</strong></span> <span class='ocrx_word' id='word_1_597' title='bbox 2540 2205 2592 2260; x_wconf 82' lang='lat' dir='ltr'><strong>in</strong></span> <span class='ocrx_word' id='word_1_598' title='bbox 2619 2221 2680 2263; x_wconf 90' lang='lat' dir='ltr'><strong>re</strong></span> <span class='ocrx_word' id='word_1_599' title='bbox 2719 2222 2880 2278; x_wconf 90' lang='lat' dir='ltr'><strong>quam</strong></span> <span class='ocrx_word' id='word_1_600' title='bbox 2906 2208 2960 2262; x_wconf 92' lang='lat' dir='ltr'><strong>in</strong></span> <span class='ocrx_word' id='word_1_601' title='bbox 2990 2224 3238 2279; x_wconf 86' lang='lat' dir='ltr'><strong>persona.</strong></span> <span class='ocrx_word' id='word_1_602' title='bbox 3275 2208 3446 2264; x_wconf 87' lang='lat' dir='ltr'><strong>Nemo</strong></span> <span class='ocrx_word' id='word_1_603' title='bbox 3487 2211 3543 2266; x_wconf 87' lang='lat' dir='ltr'><strong>in</strong></span> 
     </span>
    </p>
   </div>
   <div class='ocr_carea' id='block_1_81' title="bbox 1955 2295 3542 2371">
    <p class='ocr_par' dir='ltr' id='par_1_81' title="bbox 1955 2295 3542 2371">
     <span class='ocr_line' id='line_1_82' title="bbox 1955 2295 3542 2371; baseline 0.005 -24"><span class='ocrx_word' id='word_1_604' title='bbox 1955 2306 2187 2362; x_wconf 86' lang='lat' dir='ltr'><strong>persona</strong></span> <span class='ocrx_word' id='word_1_605' title='bbox 2237 2295 2452 2361; x_wconf 91' lang='lat' dir='ltr'><strong>dicitur,</strong></span> <span class='ocrx_word' id='word_1_606' title='bbox 2482 2303 2544 2350; x_wconf 92' lang='lat' dir='ltr'><strong>ut</strong></span> <span class='ocrx_word' id='word_1_607' title='bbox 2587 2313 2655 2354; x_wconf 91' lang='lat' dir='ltr'><strong>ne</strong></span> <span class='ocrx_word' id='word_1_608' title='bbox 2702 2295 2865 2353; x_wconf 83' lang='lat' dir='ltr'><strong>homo</strong></span> <span class='ocrx_word' id='word_1_609' title='bbox 2909 2297 3040 2371; x_wconf 82' lang='lat' dir='ltr'><strong>[Ms.</strong></span> <span class='ocrx_word' id='word_1_610' title='bbox 3085 2299 3240 2370; x_wconf 83' lang='lat' dir='ltr'><strong>Reg.,</strong></span> <span class='ocrx_word' id='word_1_611' title='bbox 3269 2309 3329 2354; x_wconf 91' lang='lat' dir='ltr'><strong>ut</strong></span> <span class='ocrx_word' id='word_1_612' title='bbox 3375 2316 3542 2355; x_wconf 87' lang='lat' dir='ltr'><strong>nemo</strong></span> 
     </span>
    </p>
   </div>
   <div class='ocr_carea' id='block_1_82' title="bbox 1954 2382 3542 2464">
    <p class='ocr_par' dir='ltr' id='par_1_82' title="bbox 1954 2382 3542 2464">
     <span class='ocr_line' id='line_1_83' title="bbox 1954 2382 3542 2464; baseline 0.005 -27"><span class='ocrx_word' id='word_1_613' title='bbox 1954 2382 2163 2454; x_wconf 85' lang='lat' dir='ltr'><strong>homo].</strong></span> <span class='ocrx_word' id='word_1_614' title='bbox 2214 2382 2355 2440; x_wconf 87' lang='lat' dir='ltr'><strong>Novi</strong></span> <span class='ocrx_word' id='word_1_615' title='bbox 2379 2385 2681 2442; x_wconf 86' lang='lat' dir='ltr'><strong>declinatur</strong></span> <span class='ocrx_word' id='word_1_616' title='bbox 2721 2389 2862 2444; x_wconf 86' lang='lat' dir='ltr'><strong>sicut</strong></span> <span class='ocrx_word' id='word_1_617' title='bbox 2885 2390 2973 2443; x_wconf 86' lang='lat' dir='ltr'><strong>odi</strong></span> <span class='ocrx_word' id='word_1_618' title='bbox 2997 2399 3052 2446; x_wconf 88' lang='lat' dir='ltr'><strong>et</strong></span> <span class='ocrx_word' id='word_1_619' title='bbox 3079 2392 3310 2447; x_wconf 86' lang='lat' dir='ltr'><strong>memini.</strong></span> <span class='ocrx_word' id='word_1_620' title='bbox 3343 2390 3542 2464; x_wconf 83' lang='lat' dir='ltr'><strong>[Nubit</strong></span> 
     </span>
    </p>
   </div>
   <div class='ocr_carea' id='block_1_83' title="bbox 1955 2473 3537 2546">
    <p class='ocr_par' dir='ltr' id='par_1_83' title="bbox 1955 2473 3537 2546">
     <span class='ocr_line' id='line_1_84' title="bbox 1955 2473 3537 2546; baseline 0.006 -19"><span class='ocrx_word' id='word_1_621' title='bbox 1955 2473 2155 2528; x_wconf 91' lang='lat' dir='ltr'><strong>femina</strong></span> <span class='ocrx_word' id='word_1_622' title='bbox 2191 2473 2342 2541; x_wconf 87' lang='lat' dir='ltr'><strong>viro;</strong></span> <span class='ocrx_word' id='word_1_623' title='bbox 2374 2475 2458 2529; x_wconf 92' lang='lat' dir='ltr'><strong>vir</strong></span> <span class='ocrx_word' id='word_1_624' title='bbox 2481 2487 2663 2533; x_wconf 93' lang='lat' dir='ltr'><strong>autem</strong></span> <span class='ocrx_word' id='word_1_625' title='bbox 2691 2479 2839 2534; x_wconf 90' lang='lat' dir='ltr'><strong>ducit</strong></span> <span class='ocrx_word' id='word_1_626' title='bbox 2866 2495 3110 2539; x_wconf 79' lang='lat' dir='ltr'><strong>uxorem.</strong></span> <span class='ocrx_word' id='word_1_627' title='bbox 3142 2481 3333 2537; x_wconf 80' lang='lat' dir='ltr'><strong>Mulier</strong></span> <span class='ocrx_word' id='word_1_628' title='bbox 3361 2482 3537 2546; x_wconf 88' lang='lat' dir='ltr'><strong>nubit,</strong></span> 
     </span>
    </p>
   </div>
   <div class='ocr_carea' id='block_1_84' title="bbox 1953 2563 3538 2646">
    <p class='ocr_par' dir='ltr' id='par_1_84' title="bbox 1953 2563 3538 2646">
     <span class='ocr_line' id='line_1_85' title="bbox 1953 2563 3538 2646; baseline 0.008 -27"><span class='ocrx_word' id='word_1_629' title='bbox 1953 2563 2079 2634; x_wconf 90' lang='lat' dir='ltr'><strong>quia</strong></span> <span class='ocrx_word' id='word_1_630' title='bbox 2101 2564 2263 2636; x_wconf 91' lang='lat' dir='ltr'><strong>pallio</strong></span> <span class='ocrx_word' id='word_1_631' title='bbox 2283 2567 2508 2624; x_wconf 84' lang='lat' dir='ltr'><strong>obnubit</strong></span> <span class='ocrx_word' id='word_1_632' title='bbox 2541 2578 2724 2641; x_wconf 88' lang='lat' dir='ltr'><strong>caput,</strong></span> <span class='ocrx_word' id='word_1_633' title='bbox 2750 2573 3068 2646; x_wconf 76' lang='lat' dir='ltr'><strong>genasque].</strong></span> <span class='ocrx_word' id='word_1_634' title='bbox 3102 2572 3258 2629; x_wconf 86' lang='lat' dir='ltr'><strong>Nubo</strong></span> <span class='ocrx_word' id='word_1_635' title='bbox 3281 2591 3403 2632; x_wconf 88' lang='lat' dir='ltr'><strong>cum</strong></span> <span class='ocrx_word' id='word_1_636' title='bbox 3439 2593 3538 2632; x_wconf 88' lang='lat' dir='ltr'><strong>vo-</strong></span> 
     </span>
    </p>
   </div>
   <div class='ocr_carea' id='block_1_85' title="bbox 1953 2653 3538 2738">
    <p class='ocr_par' dir='ltr' id='par_1_85' title="bbox 1953 2653 3538 2738">
     <span class='ocr_line' id='line_1_86' title="bbox 1953 2653 3538 2738; baseline 0.008 -27"><span class='ocrx_word' id='word_1_637' title='bbox 1953 2653 2087 2712; x_wconf 89' lang='lat' dir='ltr'><strong>calis</strong></span> <span class='ocrx_word' id='word_1_638' title='bbox 2127 2657 2403 2726; x_wconf 84' lang='lat' dir='ltr'><strong>sequitur,</strong></span> <span class='ocrx_word' id='word_1_639' title='bbox 2433 2658 2462 2713; x_wconf 91' lang='lat' dir='ltr'><strong>b</strong></span> <span class='ocrx_word' id='word_1_640' title='bbox 2498 2659 2659 2716; x_wconf 88' lang='lat' dir='ltr'><strong>debet</strong></span> <span class='ocrx_word' id='word_1_641' title='bbox 2707 2658 2860 2729; x_wconf 73' lang='lat' dir='ltr'><strong>esse;</strong></span> <span class='ocrx_word' id='word_1_642' title='bbox 2891 2679 3016 2719; x_wconf 90' lang='lat' dir='ltr'><strong>cum</strong></span> <span class='ocrx_word' id='word_1_643' title='bbox 3055 2681 3359 2723; x_wconf 79' lang='lat' dir='ltr'><strong>consonans</strong></span> <span class='ocrx_word' id='word_1_644' title='bbox 3385 2685 3438 2738; x_wconf 83' lang='lat' dir='ltr'><strong>p,</strong></span> <span class='ocrx_word' id='word_1_645' title='bbox 3474 2678 3538 2723; x_wconf 91' lang='lat' dir='ltr'><strong>ut</strong></span> 
     </span>
    </p>
   </div>
   <div class='ocr_carea' id='block_1_86' title="bbox 1953 2745 3537 2825">
    <p class='ocr_par' dir='ltr' id='par_1_86' title="bbox 1953 2745 3537 2825">
     <span class='ocr_line' id='line_1_87' title="bbox 1953 2745 3537 2825; baseline 0.011 -24"><span class='ocrx_word' id='word_1_646' title='bbox 1953 2748 2125 2818; x_wconf 82' lang='lat' dir='ltr'><strong>nupsi.</strong></span> <span class='ocrx_word' id='word_1_647' title='bbox 2150 2745 2328 2821; x_wconf 85' lang='lat' dir='ltr'><strong>[Nihil</strong></span> <span class='ocrx_word' id='word_1_648' title='bbox 2345 2751 2660 2810; x_wconf 84' lang='lat' dir='ltr'><strong>adverbium</strong></span> <span class='ocrx_word' id='word_1_649' title='bbox 2681 2762 2794 2820; x_wconf 88' lang='lat' dir='ltr'><strong>est;</strong></span> <span class='ocrx_word' id='word_1_650' title='bbox 2822 2752 2993 2811; x_wconf 78' lang='lat' dir='ltr'><strong>Nihili</strong></span> <span class='ocrx_word' id='word_1_651' title='bbox 3016 2771 3209 2814; x_wconf 89' lang='lat' dir='ltr'><strong>nomen</strong></span> <span class='ocrx_word' id='word_1_652' title='bbox 3230 2767 3344 2825; x_wconf 84' lang='lat' dir='ltr'><strong>est;</strong></span> <span class='ocrx_word' id='word_1_653' title='bbox 3368 2761 3537 2817; x_wconf 88' lang='lat' dir='ltr'><strong>homo</strong></span> 
     </span>
    </p>
   </div>
   <div class='ocr_carea' id='block_1_87' title="bbox 1949 2838 3534 2922">
    <p class='ocr_par' dir='ltr' id='par_1_87' title="bbox 1949 2838 3534 2922">
     <span class='ocr_line' id='line_1_88' title="bbox 1949 2838 3534 2922; baseline 0.011 -30"><span class='ocrx_word' id='word_1_654' title='bbox 1949 2838 2094 2893; x_wconf 91' lang='lat' dir='ltr'><strong>enim</strong></span> <span class='ocrx_word' id='word_1_655' title='bbox 2122 2838 2322 2896; x_wconf 88' lang='lat' dir='ltr'><strong>nullius</strong></span> <span class='ocrx_word' id='word_1_656' title='bbox 2343 2843 2623 2910; x_wconf 90' lang='lat' dir='ltr'><strong>momenti,</strong></span> <span class='ocrx_word' id='word_1_657' title='bbox 2647 2845 2796 2900; x_wconf 86' lang='lat' dir='ltr'><strong>nihili</strong></span> <span class='ocrx_word' id='word_1_658' title='bbox 2827 2844 3070 2920; x_wconf 88' lang='lat' dir='ltr'><strong>dicitur].</strong></span> <span class='ocrx_word' id='word_1_659' title='bbox 3110 2847 3393 2922; x_wconf 75' lang='lat' dir='ltr'><strong>Narigium</strong></span> <span class='ocrx_word' id='word_1_660' title='bbox 3414 2869 3534 2908; x_wconf 90' lang='lat' dir='ltr'><strong>om-</strong></span> 
     </span>
    </p>
   </div>
   <div class='ocr_carea' id='block_1_88' title="bbox 1948 2928 3533 3014">
    <p class='ocr_par' dir='ltr' id='par_1_88' title="bbox 1948 2928 3533 3014">
     <span class='ocr_line' id='line_1_89' title="bbox 1948 2928 3533 3014; baseline 0.011 -32"><span class='ocrx_word' id='word_1_661' title='bbox 1948 2928 2034 2983; x_wconf 88' lang='lat' dir='ltr'><strong>nis</strong></span> <span class='ocrx_word' id='word_1_662' title='bbox 2067 2928 2295 2985; x_wconf 80' lang='lat' dir='ltr'><strong>classics</strong></span> <span class='ocrx_word' id='word_1_663' title='bbox 2335 2930 2600 3002; x_wconf 90' lang='lat' dir='ltr'><strong>profectio</strong></span> <span class='ocrx_word' id='word_1_664' title='bbox 2629 2933 2847 2990; x_wconf 89' lang='lat' dir='ltr'><strong>dicitur.</strong></span> <span class='ocrx_word' id='word_1_665' title='bbox 2901 2935 3085 2992; x_wconf 79' lang='lat' dir='ltr'><strong>Nauta</strong></span> <span class='ocrx_word' id='word_1_666' title='bbox 3123 2949 3205 2995; x_wconf 90' lang='lat' dir='ltr'><strong>est</strong></span> <span class='ocrx_word' id='word_1_667' title='bbox 3233 2943 3410 2999; x_wconf 87' lang='lat' dir='ltr'><strong>omnis</strong></span> <span class='ocrx_word' id='word_1_668' title='bbox 3437 2945 3533 3014; x_wconf 90' lang='lat' dir='ltr'><strong>qui</strong></span> 
     </span>
    </p>
   </div>
   <div class='ocr_carea' id='block_1_89' title="bbox 1949 3017 3529 3096">
    <p class='ocr_par' dir='ltr' id='par_1_89' title="bbox 1949 3017 3529 3096">
     <span class='ocr_line' id='line_1_90' title="bbox 1949 3017 3529 3096; baseline 0.012 -24"><span class='ocrx_word' id='word_1_669' title='bbox 1949 3017 2191 3076; x_wconf 88' lang='lat' dir='ltr'><strong>laborem</strong></span> <span class='ocrx_word' id='word_1_670' title='bbox 2231 3020 2362 3077; x_wconf 87' lang='lat' dir='ltr'><strong>facit</strong></span> <span class='ocrx_word' id='word_1_671' title='bbox 2390 3024 2697 3096; x_wconf 88' lang='lat' dir='ltr'><strong>navigandi.</strong></span> <span class='ocrx_word' id='word_1_672' title='bbox 2749 3025 2940 3093; x_wconf 84' lang='lat' dir='ltr'><strong>Navis,</strong></span> <span class='ocrx_word' id='word_1_673' title='bbox 2969 3029 3234 3088; x_wconf 88' lang='lat' dir='ltr'><strong>ablativus</strong></span> <span class='ocrx_word' id='word_1_674' title='bbox 3261 3034 3318 3089; x_wconf 90' lang='lat' dir='ltr'><strong>in</strong></span> <span class='ocrx_word' id='word_1_675' title='bbox 3342 3034 3360 3088; x_wconf 92' lang='lat' dir='ltr'><strong>i</strong></span> <span class='ocrx_word' id='word_1_676' title='bbox 3387 3044 3442 3090; x_wconf 91' lang='lat' dir='ltr'><strong>et</strong></span> <span class='ocrx_word' id='word_1_677' title='bbox 3475 3038 3529 3091; x_wconf 90' lang='lat' dir='ltr'><strong>in</strong></span> 
     </span>
    </p>
   </div>
   <div class='ocr_carea' id='block_1_90' title="bbox 2271 3113 3525 3203">
    <p class='ocr_par' dir='ltr' id='par_1_90' title="bbox 2271 3113 3525 3203">
     <span class='ocr_line' id='line_1_91' title="bbox 2271 3113 3525 3203; baseline 0.013 -35"><span class='ocrx_word' id='word_1_678' title='bbox 2271 3113 2401 3189; x_wconf 77' lang='grc' dir='ltr'>[Με.</span> <span class='ocrx_word' id='word_1_679' title='bbox 2449 3115 2601 3189; x_wconf 84' lang='lat' dir='ltr'><strong>Reg.,</strong></span> <span class='ocrx_word' id='word_1_680' title='bbox 2636 3118 2929 3177; x_wconf 87' lang='lat' dir='ltr'><strong>ablativum</strong></span> <span class='ocrx_word' id='word_1_681' title='bbox 2973 3121 3028 3177; x_wconf 92' lang='lat' dir='ltr'><strong>in</strong></span> <span class='ocrx_word' id='word_1_682' title='bbox 3054 3123 3148 3178; x_wconf 90' lang='lat' dir='ltr'><strong>iet</strong></span> <span class='ocrx_word' id='word_1_683' title='bbox 3174 3125 3228 3180; x_wconf 93' lang='lat' dir='ltr'><strong>in</strong></span> <span class='ocrx_word' id='word_1_684' title='bbox 3255 3143 3283 3181; x_wconf 85' lang='lat' dir='ltr'><strong>e</strong></span> <span class='ocrx_word' id='word_1_685' title='bbox 3311 3128 3525 3203; x_wconf 87' lang='lat' dir='ltr'><strong>mittit].</strong></span> 
     </span>
    </p>
   </div>
   <div class='ocr_carea' id='block_1_91' title="bbox 1950 3204 3530 3290">
    <p class='ocr_par' dir='ltr' id='par_1_91' title="bbox 1950 3204 3530 3290">
     <span class='ocr_line' id='line_1_92' title="bbox 1950 3204 3530 3290; baseline 0.009 -30"><span class='ocrx_word' id='word_1_686' title='bbox 1950 3204 2193 3278; x_wconf 88' lang='lat' dir='ltr'><strong>Nequam</strong></span> <span class='ocrx_word' id='word_1_687' title='bbox 2223 3223 2332 3264; x_wconf 90' lang='lat' dir='ltr'><strong>non</strong></span> <span class='ocrx_word' id='word_1_688' title='bbox 2358 3209 2558 3265; x_wconf 87' lang='lat' dir='ltr'><strong>malum</strong></span> <span class='ocrx_word' id='word_1_689' title='bbox 2591 3211 2879 3282; x_wconf 83' lang='lat' dir='ltr'><strong>significat,</strong></span> <span class='ocrx_word' id='word_1_690' title='bbox 2911 3214 3004 3270; x_wconf 89' lang='lat' dir='ltr'><strong>sed</strong></span> <span class='ocrx_word' id='word_1_691' title='bbox 3033 3214 3298 3272; x_wconf 88' lang='lat' dir='ltr'><strong>inutilem.</strong></span> <span class='ocrx_word' id='word_1_692' title='bbox 3335 3216 3530 3290; x_wconf 84' lang='lat' dir='ltr'><strong>Negle-</strong></span> 
     </span>
    </p>
   </div>
   <div class='ocr_carea' id='block_1_92' title="bbox 1943 3299 3527 3379">
    <p class='ocr_par' dir='ltr' id='par_1_92' title="bbox 1943 3299 3527 3379">
     <span class='ocr_line' id='line_1_93' title="bbox 1943 3299 3527 3379; baseline 0.008 -28"><span class='ocrx_word' id='word_1_693' title='bbox 1943 3313 2068 3368; x_wconf 88' lang='lat' dir='ltr'><strong>gens</strong></span> <span class='ocrx_word' id='word_1_694' title='bbox 2101 3313 2199 3368; x_wconf 89' lang='lat' dir='ltr'><strong>per</strong></span> <span class='ocrx_word' id='word_1_695' title='bbox 2220 3314 2253 3369; x_wconf 87' lang='lat' dir='ltr'><strong>g</strong></span> <span class='ocrx_word' id='word_1_696' title='bbox 2297 3299 2636 3356; x_wconf 86' lang='lat' dir='ltr'><strong>scribendum</strong></span> <span class='ocrx_word' id='word_1_697' title='bbox 2685 3310 2791 3370; x_wconf 87' lang='lat' dir='ltr'><strong>est,</strong></span> <span class='ocrx_word' id='word_1_698' title='bbox 2826 3303 2980 3374; x_wconf 90' lang='lat' dir='ltr'><strong>quasi</strong></span> <span class='ocrx_word' id='word_1_699' title='bbox 3010 3322 3102 3360; x_wconf 86' lang='lat' dir='ltr'><strong>nec</strong></span> <span class='ocrx_word' id='word_1_700' title='bbox 3131 3303 3327 3376; x_wconf 82' lang='lat' dir='ltr'><strong>legens,</strong></span> <span class='ocrx_word' id='word_1_701' title='bbox 3353 3325 3380 3361; x_wconf 88' lang='lat' dir='ltr'><strong>c</strong></span> <span class='ocrx_word' id='word_1_702' title='bbox 3412 3308 3465 3362; x_wconf 93' lang='lat' dir='ltr'><strong>in</strong></span> <span class='ocrx_word' id='word_1_703' title='bbox 3493 3327 3527 3379; x_wconf 83' lang='lat' dir='ltr'><strong><em>g</em></strong></span> 
     </span>
    </p>
   </div>
   <div class='ocr_carea' id='block_1_93' title="bbox 1943 3382 3527 3466">
    <p class='ocr_par' dir='ltr' id='par_1_93' title="bbox 1943 3382 3527 3466">
     <span class='ocr_line' id='line_1_94' title="bbox 1943 3382 3527 3466; baseline 0.008 -26"><span class='ocrx_word' id='word_1_704' title='bbox 1943 3401 2281 3442; x_wconf 86' lang='lat' dir='ltr'><strong>conversum.</strong></span> <span class='ocrx_word' id='word_1_705' title='bbox 2312 3382 2511 3457; x_wconf 76' lang='lat' dir='ltr'><strong>Narro,</strong></span> <span class='ocrx_word' id='word_1_706' title='bbox 2533 3393 2775 3449; x_wconf 88' lang='lat' dir='ltr'><strong>narratio</strong></span> <span class='ocrx_word' id='word_1_707' title='bbox 2798 3409 2895 3466; x_wconf 90' lang='lat' dir='ltr'><strong>per</strong></span> <span class='ocrx_word' id='word_1_708' title='bbox 2922 3394 3027 3452; x_wconf 91' lang='lat' dir='ltr'><strong>duo</strong></span> <span class='ocrx_word' id='word_1_709' title='bbox 3054 3412 3082 3448; x_wconf 89' lang='lat' dir='ltr'><strong>r</strong></span> <span class='ocrx_word' id='word_1_710' title='bbox 3108 3396 3386 3453; x_wconf 84' lang='lat' dir='ltr'><strong>scribitur.</strong></span> <span class='ocrx_word' id='word_1_711' title='bbox 3424 3396 3527 3453; x_wconf 82' lang='lat' dir='ltr'><strong>Ni-</strong></span> 
     </span>
    </p>
   </div>
   <div class='ocr_carea' id='block_1_94' title="bbox 1941 3474 2862 3553">
    <p class='ocr_par' dir='ltr' id='par_1_94' title="bbox 1941 3474 2862 3553">
     <span class='ocr_line' id='line_1_95' title="bbox 1941 3474 2862 3553; baseline 0.011 -25"><span class='ocrx_word' id='word_1_712' title='bbox 1941 3474 2018 3529; x_wconf 90' lang='lat' dir='ltr'><strong>hil</strong></span> <span class='ocrx_word' id='word_1_713' title='bbox 2043 3484 2098 3532; x_wconf 91' lang='lat' dir='ltr'><strong>et</strong></span> <span class='ocrx_word' id='word_1_714' title='bbox 2121 3476 2196 3531; x_wconf 88' lang='lat' dir='ltr'><strong>nil</strong></span> <span class='ocrx_word' id='word_1_715' title='bbox 2217 3487 2510 3550; x_wconf 90' lang='lat' dir='ltr'><strong>utrumque</strong></span> <span class='ocrx_word' id='word_1_716' title='bbox 2537 3481 2642 3538; x_wconf 91' lang='lat' dir='ltr'><strong>dici</strong></span> <span class='ocrx_word' id='word_1_717' title='bbox 2665 3490 2862 3553; x_wconf 88' lang='lat' dir='ltr'><strong>potest.</strong></span> 
     </span>
    </p>
   </div>
   <div class='ocr_carea' id='block_1_95' title="bbox 2537 3595 2930 3657">
    <p class='ocr_par' dir='ltr' id='par_1_95' title="bbox 2537 3595 2930 3657">
     <span class='ocr_line' id='line_1_96' title="bbox 2537 3595 2930 3657; baseline 0.01 -4"><span class='ocrx_word' id='word_1_718' title='bbox 2537 3595 2834 3654; x_wconf 81' lang='lat' dir='ltr'><strong>LITTERA</strong></span> <span class='ocrx_word' id='word_1_719' title='bbox 2863 3599 2930 3657; x_wconf 92' lang='grc' dir='ltr'>Ο.</span> 
     </span>
    </p>
   </div>
   <div class='ocr_carea' id='block_1_96' title="bbox 2009 3702 3524 3788">
    <p class='ocr_par' dir='ltr' id='par_1_96' title="bbox 2009 3702 3524 3788">
     <span class='ocr_line' id='line_1_97' title="bbox 2009 3702 3524 3788; baseline 0.008 -30"><span class='ocrx_word' id='word_1_720' title='bbox 2009 3702 2167 3776; x_wconf 78' lang='grc' dir='ltr'>[οιεα</span> <span class='ocrx_word' id='word_1_721' title='bbox 2197 3707 2312 3778; x_wconf 88' lang='lat' dir='ltr'><strong>ipsa</strong></span> <span class='ocrx_word' id='word_1_722' title='bbox 2337 3709 2501 3764; x_wconf 87' lang='lat' dir='ltr'><strong>arbor</strong></span> <span class='ocrx_word' id='word_1_723' title='bbox 2523 3719 2628 3775; x_wconf 86' lang='lat' dir='ltr'><strong>est,</strong></span> <span class='ocrx_word' id='word_1_724' title='bbox 2658 3709 2866 3768; x_wconf 89' lang='lat' dir='ltr'><strong>fructus</strong></span> <span class='ocrx_word' id='word_1_725' title='bbox 2892 3712 3052 3781; x_wconf 74' lang='lat' dir='ltr'><strong>oliva,</strong></span> <span class='ocrx_word' id='word_1_726' title='bbox 3077 3730 3272 3772; x_wconf 85' lang='lat' dir='ltr'><strong>succus</strong></span> <span class='ocrx_word' id='word_1_727' title='bbox 3297 3715 3524 3788; x_wconf 78' lang='lat' dir='ltr'><strong>oleum].</strong></span> 
     </span>
    </p>
   </div>
   <div class='ocr_carea' id='block_1_97' title="bbox 1942 3791 3525 3879">
    <p class='ocr_par' dir='ltr' id='par_1_97' title="bbox 1942 3791 3525 3879">
     <span class='ocr_line' id='line_1_98' title="bbox 1942 3791 3525 3879; baseline 0.013 -32"><span class='ocrx_word' id='word_1_728' title='bbox 1942 3791 2243 3853; x_wconf 87' lang='lat' dir='ltr'><strong>Obaudiens</strong></span> <span class='ocrx_word' id='word_1_729' title='bbox 2263 3799 2331 3854; x_wconf 90' lang='lat' dir='ltr'><strong>ab</strong></span> <span class='ocrx_word' id='word_1_730' title='bbox 2353 3814 2504 3867; x_wconf 88' lang='lat' dir='ltr'><strong>aure,</strong></span> <span class='ocrx_word' id='word_1_731' title='bbox 2528 3816 2594 3857; x_wconf 91' lang='lat' dir='ltr'><strong>eo</strong></span> <span class='ocrx_word' id='word_1_732' title='bbox 2612 3804 2756 3872; x_wconf 88' lang='lat' dir='ltr'><strong>quod</strong></span> <span class='ocrx_word' id='word_1_733' title='bbox 2775 3805 2959 3860; x_wconf 86' lang='lat' dir='ltr'><strong>audiat</strong></span> <span class='ocrx_word' id='word_1_734' title='bbox 2984 3807 3372 3879; x_wconf 82' lang='lat' dir='ltr'><strong>imperantem;</strong></span> <span class='ocrx_word' id='word_1_735' title='bbox 3401 3810 3525 3866; x_wconf 87' lang='lat' dir='ltr'><strong>ideo</strong></span> 
     </span>
    </p>
   </div>
   <div class='ocr_carea' id='block_1_98' title="bbox 1937 3889 3524 3973">
    <p class='ocr_par' dir='ltr' id='par_1_98' title="bbox 1937 3889 3524 3973">
     <span class='ocr_line' id='line_1_99' title="bbox 1937 3889 3524 3973; baseline 0.013 -35"><span class='ocrx_word' id='word_1_736' title='bbox 1937 3897 2036 3953; x_wconf 84' lang='lat' dir='ltr'><strong>per</strong></span> <span class='ocrx_word' id='word_1_737' title='bbox 2057 3901 2131 3939; x_wconf 85' lang='lat' dir='ltr'><strong>au</strong></span> <span class='ocrx_word' id='word_1_738' title='bbox 2160 3889 2505 3945; x_wconf 84' lang='lat' dir='ltr'><strong>scribendum</strong></span> <span class='ocrx_word' id='word_1_739' title='bbox 2534 3899 2636 3947; x_wconf 90' lang='lat' dir='ltr'><strong>est.</strong></span> <span class='ocrx_word' id='word_1_740' title='bbox 2672 3892 2750 3948; x_wconf 69' lang='grc' dir='ltr'><strong><em>οδ</em></strong></span> <span class='ocrx_word' id='word_1_741' title='bbox 2777 3899 3085 3966; x_wconf 70' lang='grc' dir='ltr'><strong>ριέεροείιὶο</strong></span> <span class='ocrx_word' id='word_1_742' title='bbox 3110 3899 3383 3956; x_wconf 85' lang='lat' dir='ltr'><strong>interdum</strong></span> <span class='ocrx_word' id='word_1_743' title='bbox 3423 3917 3524 3973; x_wconf 89' lang='lat' dir='ltr'><strong>po—</strong></span> 
     </span>
    </p>
   </div>
   <div class='ocr_carea' id='block_1_99' title="bbox 1938 3974 3519 4052">
    <p class='ocr_par' dir='ltr' id='par_1_99' title="bbox 1938 3974 3519 4052">
     <span class='ocr_line' id='line_1_100' title="bbox 1938 3974 3519 4052; baseline 0.013 -23"><span class='ocrx_word' id='word_1_744' title='bbox 1938 3974 2087 4030; x_wconf 88' lang='lat' dir='ltr'><strong>nitur</strong></span> <span class='ocrx_word' id='word_1_745' title='bbox 2130 3976 2319 4047; x_wconf 89' lang='lat' dir='ltr'><strong>plena,</strong></span> <span class='ocrx_word' id='word_1_746' title='bbox 2360 3987 2421 4034; x_wconf 91' lang='lat' dir='ltr'><strong>ut</strong></span> <span class='ocrx_word' id='word_1_747' title='bbox 2465 3991 2574 4048; x_wconf 90' lang='lat' dir='ltr'><strong>est,</strong></span> <span class='ocrx_word' id='word_1_748' title='bbox 2615 3983 2779 4052; x_wconf 86' lang='lat' dir='ltr'><strong>obire,</strong></span> <span class='ocrx_word' id='word_1_749' title='bbox 2827 3987 3092 4044; x_wconf 79' lang='lat' dir='ltr'><strong>aberrare.</strong></span> <span class='ocrx_word' id='word_1_750' title='bbox 3139 3990 3416 4047; x_wconf 80' lang='lat' dir='ltr'><strong>Interdum</strong></span> <span class='ocrx_word' id='word_1_751' title='bbox 3456 3977 3519 4049; x_wconf 88' lang='lat' dir='ltr'><strong>in</strong></span> 
     </span>
    </p>
   </div>
   <div class='ocr_carea' id='block_1_100' title="bbox 1936 4064 3516 4148">
    <p class='ocr_par' dir='ltr' id='par_1_100' title="bbox 1936 4064 3516 4148">
     <span class='ocr_line' id='line_1_101' title="bbox 1936 4064 3516 4148; baseline 0.011 -28"><span class='ocrx_word' id='word_1_752' title='bbox 1936 4064 2181 4122; x_wconf 85' lang='lat' dir='ltr'><strong>eamdem</strong></span> <span class='ocrx_word' id='word_1_753' title='bbox 2207 4067 2446 4126; x_wconf 89' lang='lat' dir='ltr'><strong>litteram</strong></span> <span class='ocrx_word' id='word_1_754' title='bbox 2475 4072 2694 4139; x_wconf 88' lang='lat' dir='ltr'><strong>transit,</strong></span> <span class='ocrx_word' id='word_1_755' title='bbox 2724 4089 2756 4129; x_wconf 89' lang='lat' dir='ltr'><strong>a</strong></span> <span class='ocrx_word' id='word_1_756' title='bbox 2779 4090 2884 4146; x_wconf 87' lang='lat' dir='ltr'><strong>qua</strong></span> <span class='ocrx_word' id='word_1_757' title='bbox 2911 4092 3144 4148; x_wconf 89' lang='lat' dir='ltr'><strong>sequens</strong></span> <span class='ocrx_word' id='word_1_758' title='bbox 3169 4095 3348 4136; x_wconf 88' lang='lat' dir='ltr'><strong>sermo</strong></span> <span class='ocrx_word' id='word_1_759' title='bbox 3374 4082 3516 4138; x_wconf 88' lang='lat' dir='ltr'><strong>inci-</strong></span> 
     </span>
    </p>
   </div>
   <div class='ocr_carea' id='block_1_101' title="bbox 1936 4154 3520 4241">
    <p class='ocr_par' dir='ltr' id='par_1_101' title="bbox 1936 4154 3520 4241">
     <span class='ocr_line' id='line_1_102' title="bbox 1936 4154 3520 4241; baseline 0.013 -32"><span class='ocrx_word' id='word_1_760' title='bbox 1936 4154 2045 4225; x_wconf 87' lang='lat' dir='ltr'><strong>pit;</strong></span> <span class='ocrx_word' id='word_1_761' title='bbox 2072 4163 2134 4210; x_wconf 91' lang='lat' dir='ltr'><strong>ut</strong></span> <span class='ocrx_word' id='word_1_762' title='bbox 2173 4156 2399 4228; x_wconf 75' lang='lat' dir='ltr'><strong>offulsit,</strong></span> <span class='ocrx_word' id='word_1_763' title='bbox 2428 4164 2725 4231; x_wconf 84' lang='lat' dir='ltr'><strong>ommutuit,</strong></span> <span class='ocrx_word' id='word_1_764' title='bbox 2775 4170 3034 4238; x_wconf 84' lang='lat' dir='ltr'><strong>opposuit.</strong></span> <span class='ocrx_word' id='word_1_765' title='bbox 3073 4170 3344 4241; x_wconf 86' lang='lat' dir='ltr'><strong>Sequente</strong></span> <span class='ocrx_word' id='word_1_766' title='bbox 3387 4189 3520 4229; x_wconf 82' lang='lat' dir='ltr'><strong>vero</strong></span> 
     </span>
    </p>
   </div>
   <div class='ocr_carea' id='block_1_102' title="bbox 1935 4246 3515 4327">
    <p class='ocr_par' dir='ltr' id='par_1_102' title="bbox 1935 4246 3515 4327">
     <span class='ocr_line' id='line_1_103' title="bbox 1935 4246 3515 4327; baseline 0.009 -26"><span class='ocrx_word' id='word_1_767' title='bbox 1935 4263 1964 4301; x_wconf 74' lang='grc' dir='ltr'><strong>υ</strong></span> <span class='ocrx_word' id='word_1_768' title='bbox 1988 4246 2106 4303; x_wconf 89' lang='lat' dir='ltr'><strong>loco</strong></span> <span class='ocrx_word' id='word_1_769' title='bbox 2127 4251 2476 4308; x_wconf 87' lang='lat' dir='ltr'><strong>consonantis</strong></span> <span class='ocrx_word' id='word_1_770' title='bbox 2498 4253 2704 4324; x_wconf 88' lang='lat' dir='ltr'><strong>integra</strong></span> <span class='ocrx_word' id='word_1_771' title='bbox 2726 4265 2926 4324; x_wconf 70' lang='lat' dir='ltr'><strong>manet,</strong></span> <span class='ocrx_word' id='word_1_772' title='bbox 2946 4269 3009 4315; x_wconf 90' lang='lat' dir='ltr'><strong>ut</strong></span> <span class='ocrx_word' id='word_1_773' title='bbox 3026 4259 3288 4327; x_wconf 71' lang='lat' dir='ltr'><strong>obversus,</strong></span> <span class='ocrx_word' id='word_1_774' title='bbox 3309 4262 3515 4316; x_wconf 79' lang='lat' dir='ltr'><strong>obvius.</strong></span> 
     </span>
    </p>
   </div>
   <div class='ocr_carea' id='block_1_103' title="bbox 1936 4335 3519 4418">
    <p class='ocr_par' dir='ltr' id='par_1_103' title="bbox 1936 4335 3519 4418">
     <span class='ocr_line' id='line_1_104' title="bbox 1936 4335 3519 4418; baseline 0.012 -27"><span class='ocrx_word' id='word_1_775' title='bbox 1936 4335 2084 4394; x_wconf 83' lang='lat' dir='ltr'><strong>Onus</strong></span> <span class='ocrx_word' id='word_1_776' title='bbox 2127 4340 2173 4396; x_wconf 90' lang='lat' dir='ltr'><strong>si</strong></span> <span class='ocrx_word' id='word_1_777' title='bbox 2203 4339 2270 4396; x_wconf 89' lang='lat' dir='ltr'><strong>de</strong></span> <span class='ocrx_word' id='word_1_778' title='bbox 2296 4357 2460 4399; x_wconf 92' lang='lat' dir='ltr'><strong>onere</strong></span> <span class='ocrx_word' id='word_1_779' title='bbox 2504 4347 2672 4413; x_wconf 90' lang='lat' dir='ltr'><strong>venit,</strong></span> <span class='ocrx_word' id='word_1_780' title='bbox 2715 4363 2814 4418; x_wconf 87' lang='lat' dir='ltr'><strong>per</strong></span> <span class='ocrx_word' id='word_1_781' title='bbox 2839 4365 2868 4404; x_wconf 89' lang='grc' dir='ltr'><strong><em>ο</em></strong></span> <span class='ocrx_word' id='word_1_782' title='bbox 2897 4350 3097 4417; x_wconf 90' lang='lat' dir='ltr'><strong>solam;</strong></span> <span class='ocrx_word' id='word_1_783' title='bbox 3129 4353 3172 4407; x_wconf 92' lang='lat' dir='ltr'><strong>si</strong></span> <span class='ocrx_word' id='word_1_784' title='bbox 3203 4353 3271 4408; x_wconf 90' lang='lat' dir='ltr'><strong>de</strong></span> <span class='ocrx_word' id='word_1_785' title='bbox 3307 4352 3519 4410; x_wconf 85' lang='lat' dir='ltr'><strong>honore</strong></span> 
     </span>
    </p>
   </div>
   <div class='ocr_carea' id='block_1_104' title="bbox 1934 4428 3510 4508">
    <p class='ocr_par' dir='ltr' id='par_1_104' title="bbox 1934 4428 3510 4508">
     <span class='ocr_line' id='line_1_105' title="bbox 1934 4428 3510 4508; baseline 0.01 -27"><span class='ocrx_word' id='word_1_786' title='bbox 1934 4442 2034 4498; x_wconf 90' lang='lat' dir='ltr'><strong>per</strong></span> <span class='ocrx_word' id='word_1_787' title='bbox 2056 4428 2090 4483; x_wconf 86' lang='lat' dir='ltr'><strong>h</strong></span> <span class='ocrx_word' id='word_1_788' title='bbox 2131 4430 2405 4486; x_wconf 89' lang='lat' dir='ltr'><strong>scribitur.</strong></span> <span class='ocrx_word' id='word_1_789' title='bbox 2439 4430 2682 4490; x_wconf 81' lang='lat' dir='ltr'><strong>Oblatrat</strong></span> <span class='ocrx_word' id='word_1_790' title='bbox 2706 4451 2806 4508; x_wconf 90' lang='lat' dir='ltr'><strong>per</strong></span> <span class='ocrx_word' id='word_1_791' title='bbox 2831 4437 2860 4492; x_wconf 89' lang='lat' dir='ltr'><strong>b</strong></span> <span class='ocrx_word' id='word_1_792' title='bbox 2891 4439 3236 4497; x_wconf 88' lang='lat' dir='ltr'><strong>scribendum</strong></span> <span class='ocrx_word' id='word_1_793' title='bbox 3262 4451 3366 4498; x_wconf 88' lang='lat' dir='ltr'><strong>est.</strong></span> <span class='ocrx_word' id='word_1_794' title='bbox 3397 4441 3510 4498; x_wconf 82' lang='lat' dir='ltr'><strong>Ob-</strong></span> 
     </span>
    </p>
   </div>
   <div class='ocr_carea' id='block_1_105' title="bbox 1859 4487 3507 4603">
    <p class='ocr_par' dir='ltr' id='par_1_105' title="bbox 1859 4487 3507 4603">
     <span class='ocr_line' id='line_1_106' title="bbox 1859 4487 3507 4603; baseline 0.011 -33"><span class='ocrx_word' id='word_1_795' title='bbox 1859 4487 1907 4548; x_wconf 81' lang='grc' dir='ltr'>υ</span> <span class='ocrx_word' id='word_1_796' title='bbox 1930 4487 2034 4571; x_wconf 64' lang='grc' dir='ltr'><strong>ἆται</strong></span> <span class='ocrx_word' id='word_1_797' title='bbox 2060 4532 2156 4588; x_wconf 81' lang='grc' dir='ltr'>ρει·</span> <span class='ocrx_word' id='word_1_798' title='bbox 2184 4518 2247 4584; x_wconf 72' lang='grc' dir='ltr'>ις</span> <span class='ocrx_word' id='word_1_799' title='bbox 2271 4530 2418 4591; x_wconf 75' lang='lat' dir='ltr'><strong>optat</strong></span> <span class='ocrx_word' id='word_1_800' title='bbox 2442 4537 2541 4592; x_wconf 89' lang='lat' dir='ltr'><strong>per</strong></span> <span class='ocrx_word' id='word_1_801' title='bbox 2565 4541 2600 4595; x_wconf 84' lang='lat' dir='ltr'><strong>p</strong></span> <span class='ocrx_word' id='word_1_802' title='bbox 2624 4487 3507 4603; x_wconf 57' lang='lat' dir='ltr'><strong>...Ei{u.iai;;.;;.;&quot;.;;;.;.;,</strong></span> 
     </span>
    </p>
   </div>
   <div class='ocr_carea' id='block_1_106' title="bbox 1930 4609 3517 4692">
    <p class='ocr_par' dir='ltr' id='par_1_106' title="bbox 1930 4609 3517 4692">
     <span class='ocr_line' id='line_1_107' title="bbox 1930 4609 3517 4692; baseline 0.01 -28"><span class='ocrx_word' id='word_1_803' title='bbox 1930 4609 2133 4677; x_wconf 84' lang='lat' dir='ltr'><strong>obsum,</strong></span> <span class='ocrx_word' id='word_1_804' title='bbox 2165 4611 2420 4684; x_wconf 88' lang='lat' dir='ltr'><strong>obstrepo,</strong></span> <span class='ocrx_word' id='word_1_805' title='bbox 2448 4614 2479 4668; x_wconf 89' lang='lat' dir='ltr'><strong>b</strong></span> <span class='ocrx_word' id='word_1_806' title='bbox 2503 4616 2572 4671; x_wconf 91' lang='lat' dir='ltr'><strong>ad</strong></span> <span class='ocrx_word' id='word_1_807' title='bbox 2595 4617 2832 4687; x_wconf 90' lang='lat' dir='ltr'><strong>priorem</strong></span> <span class='ocrx_word' id='word_1_808' title='bbox 2858 4620 3142 4692; x_wconf 88' lang='lat' dir='ltr'><strong>syllabam,</strong></span> <span class='ocrx_word' id='word_1_809' title='bbox 3167 4637 3195 4677; x_wconf 92' lang='lat' dir='ltr'><strong>s</strong></span> <span class='ocrx_word' id='word_1_810' title='bbox 3219 4622 3286 4678; x_wconf 82' lang='lat' dir='ltr'><strong>ad</strong></span> <span class='ocrx_word' id='word_1_811' title='bbox 3315 4638 3517 4680; x_wconf 81' lang='lat' dir='ltr'><strong>secun-</strong></span> 
     </span>
    </p>
   </div>
   <div class='ocr_carea' id='block_1_107' title="bbox 1929 4701 3516 4786">
    <p class='ocr_par' dir='ltr' id='par_1_107' title="bbox 1929 4701 3516 4786">
     <span class='ocr_line' id='line_1_108' title="bbox 1929 4701 3516 4786; baseline 0.01 -30"><span class='ocrx_word' id='word_1_812' title='bbox 1929 4701 2052 4757; x_wconf 85' lang='lat' dir='ltr'><strong>dam</strong></span> <span class='ocrx_word' id='word_1_813' title='bbox 2080 4703 2335 4772; x_wconf 87' lang='lat' dir='ltr'><strong>pertinet.</strong></span> <span class='ocrx_word' id='word_1_814' title='bbox 2390 4704 2576 4764; x_wconf 87' lang='lat' dir='ltr'><strong>Obitus</strong></span> <span class='ocrx_word' id='word_1_815' title='bbox 2605 4725 2826 4777; x_wconf 87' lang='lat' dir='ltr'><strong>nomen,</strong></span> <span class='ocrx_word' id='word_1_816' title='bbox 2853 4721 2907 4768; x_wconf 89' lang='grc' dir='ltr'><strong>ει</strong></span> <span class='ocrx_word' id='word_1_817' title='bbox 2934 4715 3106 4770; x_wconf 88' lang='lat' dir='ltr'><strong>subito</strong></span> <span class='ocrx_word' id='word_1_818' title='bbox 3145 4723 3309 4786; x_wconf 88' lang='lat' dir='ltr'><strong>atque</strong></span> <span class='ocrx_word' id='word_1_819' title='bbox 3343 4718 3516 4772; x_wconf 83' lang='lat' dir='ltr'><strong>obiter</strong></span> 
     </span>
    </p>
   </div>
   <div class='ocr_carea' id='block_1_108' title="bbox 1930 4791 3504 4878">
    <p class='ocr_par' dir='ltr' id='par_1_108' title="bbox 1930 4791 3504 4878">
     <span class='ocr_line' id='line_1_109' title="bbox 1930 4791 3504 4878; baseline 0.01 -31"><span class='ocrx_word' id='word_1_820' title='bbox 1930 4791 2181 4850; x_wconf 85' lang='lat' dir='ltr'><strong>adverbia</strong></span> <span class='ocrx_word' id='word_1_821' title='bbox 2233 4796 2302 4850; x_wconf 88' lang='lat' dir='ltr'><strong>ab</strong></span> <span class='ocrx_word' id='word_1_822' title='bbox 2348 4797 2410 4850; x_wconf 90' lang='lat' dir='ltr'><strong>ob</strong></span> <span class='ocrx_word' id='word_1_823' title='bbox 2460 4807 2517 4853; x_wconf 91' lang='lat' dir='ltr'><strong>et</strong></span> <span class='ocrx_word' id='word_1_824' title='bbox 2556 4801 2650 4854; x_wconf 83' lang='lat' dir='ltr'><strong>sub</strong></span> <span class='ocrx_word' id='word_1_825' title='bbox 2699 4805 3169 4874; x_wconf 69' lang='lat' dir='ltr'><strong>prmpositionibus</strong></span> <span class='ocrx_word' id='word_1_826' title='bbox 3212 4808 3504 4878; x_wconf 89' lang='lat' dir='ltr'><strong>incipiunt.</strong></span> 
     </span>
    </p>
   </div>
   <div class='ocr_carea' id='block_1_109' title="bbox 1931 4882 3513 4967">
    <p class='ocr_par' dir='ltr' id='par_1_109' title="bbox 1931 4882 3513 4967">
     <span class='ocr_line' id='line_1_110' title="bbox 1931 4882 3513 4967; baseline 0.013 -30"><span class='ocrx_word' id='word_1_827' title='bbox 1931 4882 2191 4940; x_wconf 77' lang='lat' dir='ltr'><strong>Obsolerit</strong></span> <span class='ocrx_word' id='word_1_828' title='bbox 2217 4905 2242 4942; x_wconf 93' lang='lat' dir='ltr'><strong>s</strong></span> <span class='ocrx_word' id='word_1_829' title='bbox 2270 4889 2485 4958; x_wconf 88' lang='lat' dir='ltr'><strong>quidem</strong></span> <span class='ocrx_word' id='word_1_830' title='bbox 2517 4891 2701 4957; x_wconf 88' lang='lat' dir='ltr'><strong>habet,</strong></span> <span class='ocrx_word' id='word_1_831' title='bbox 2731 4895 2826 4950; x_wconf 88' lang='lat' dir='ltr'><strong>sed</strong></span> <span class='ocrx_word' id='word_1_832' title='bbox 2859 4911 2965 4950; x_wconf 89' lang='lat' dir='ltr'><strong>non</strong></span> <span class='ocrx_word' id='word_1_833' title='bbox 3007 4898 3176 4967; x_wconf 88' lang='lat' dir='ltr'><strong>ipsius</strong></span> <span class='ocrx_word' id='word_1_834' title='bbox 3211 4901 3387 4962; x_wconf 81' lang='lat' dir='ltr'><strong>verbi,</strong></span> <span class='ocrx_word' id='word_1_835' title='bbox 3413 4902 3513 4956; x_wconf 87' lang='lat' dir='ltr'><strong>sed</strong></span> 
     </span>
    </p>
   </div>
   <div class='ocr_carea' id='block_1_110' title="bbox 1925 4976 3506 5056">
    <p class='ocr_par' dir='ltr' id='par_1_110' title="bbox 1925 4976 3506 5056">
     <span class='ocr_line' id='line_1_111' title="bbox 1925 4976 3506 5056; baseline 0.01 -28"><span class='ocrx_word' id='word_1_836' title='bbox 1925 4976 2336 5044; x_wconf 66' lang='lat' dir='ltr'><strong>praepositionis,</strong></span> <span class='ocrx_word' id='word_1_837' title='bbox 2365 4993 2484 5049; x_wconf 66' lang='lat' dir='ltr'><strong>qua:</strong></span> <span class='ocrx_word' id='word_1_838' title='bbox 2506 4991 2590 5036; x_wconf 85' lang='lat' dir='ltr'><strong>est</strong></span> <span class='ocrx_word' id='word_1_839' title='bbox 2608 4983 2719 5049; x_wconf 87' lang='lat' dir='ltr'><strong>obs,</strong></span> <span class='ocrx_word' id='word_1_840' title='bbox 2745 4985 2884 5040; x_wconf 86' lang='lat' dir='ltr'><strong>sicut</strong></span> <span class='ocrx_word' id='word_1_841' title='bbox 2903 4987 2968 5040; x_wconf 85' lang='lat' dir='ltr'><strong>ab</strong></span> <span class='ocrx_word' id='word_1_842' title='bbox 2991 4995 3045 5041; x_wconf 89' lang='lat' dir='ltr'><strong>et</strong></span> <span class='ocrx_word' id='word_1_843' title='bbox 3070 4987 3180 5041; x_wconf 87' lang='lat' dir='ltr'><strong>abs.</strong></span> <span class='ocrx_word' id='word_1_844' title='bbox 3216 4986 3506 5056; x_wconf 78' lang='lat' dir='ltr'><strong>Obsoleril,</strong></span> 
     </span>
    </p>
   </div>
   <div class='ocr_carea' id='block_1_111' title="bbox 1923 5065 3502 5152">
    <p class='ocr_par' dir='ltr' id='par_1_111' title="bbox 1923 5065 3502 5152">
     <span class='ocr_line' id='line_1_112' title="bbox 1923 5065 3502 5152; baseline 0.011 -32"><span class='ocrx_word' id='word_1_845' title='bbox 1923 5065 1978 5120; x_wconf 93' lang='lat' dir='ltr'><strong>id</strong></span> <span class='ocrx_word' id='word_1_846' title='bbox 2007 5074 2092 5122; x_wconf 90' lang='lat' dir='ltr'><strong>est</strong></span> <span class='ocrx_word' id='word_1_847' title='bbox 2116 5067 2454 5126; x_wconf 86' lang='lat' dir='ltr'><strong>inveteravit.</strong></span> <span class='ocrx_word' id='word_1_848' title='bbox 2487 5071 2744 5141; x_wconf 73' lang='lat' dir='ltr'><strong>Obnixus,</strong></span> <span class='ocrx_word' id='word_1_849' title='bbox 2773 5077 2824 5132; x_wconf 91' lang='lat' dir='ltr'><strong>id</strong></span> <span class='ocrx_word' id='word_1_850' title='bbox 2850 5089 2936 5134; x_wconf 90' lang='lat' dir='ltr'><strong>est</strong></span> <span class='ocrx_word' id='word_1_851' title='bbox 2955 5081 3308 5136; x_wconf 83' lang='lat' dir='ltr'><strong>conabundus</strong></span> <span class='ocrx_word' id='word_1_852' title='bbox 3337 5097 3436 5152; x_wconf 90' lang='lat' dir='ltr'><strong>per</strong></span> <span class='ocrx_word' id='word_1_853' title='bbox 3464 5084 3502 5138; x_wconf 79' lang='grc' dir='ltr'>ἱ.</span> 
     </span>
    </p>
   </div>
   <div class='ocr_carea' id='block_1_112' title="bbox 1924 5155 3503 5238">
    <p class='ocr_par' dir='ltr' id='par_1_112' title="bbox 1924 5155 3503 5238">
     <span class='ocr_line' id='line_1_113' title="bbox 1924 5155 3503 5238; baseline 0.01 -26"><span class='ocrx_word' id='word_1_854' title='bbox 1924 5155 2190 5224; x_wconf 76' lang='lat' dir='ltr'><strong>Obmus,</strong></span> <span class='ocrx_word' id='word_1_855' title='bbox 2219 5159 2270 5215; x_wconf 92' lang='lat' dir='ltr'><strong>id</strong></span> <span class='ocrx_word' id='word_1_856' title='bbox 2293 5171 2380 5217; x_wconf 85' lang='lat' dir='ltr'><strong>est</strong></span> <span class='ocrx_word' id='word_1_857' title='bbox 2401 5163 2684 5236; x_wconf 89' lang='lat' dir='ltr'><strong>obligatus,</strong></span> <span class='ocrx_word' id='word_1_858' title='bbox 2715 5183 2811 5238; x_wconf 89' lang='lat' dir='ltr'><strong>per</strong></span> <span class='ocrx_word' id='word_1_859' title='bbox 2833 5185 2861 5222; x_wconf 92' lang='lat' dir='ltr'><strong>e</strong></span> <span class='ocrx_word' id='word_1_860' title='bbox 2882 5169 3228 5226; x_wconf 86' lang='lat' dir='ltr'><strong>scribendum</strong></span> <span class='ocrx_word' id='word_1_861' title='bbox 3259 5181 3362 5227; x_wconf 84' lang='lat' dir='ltr'><strong>est.</strong></span> <span class='ocrx_word' id='word_1_862' title='bbox 3397 5172 3503 5228; x_wconf 82' lang='lat' dir='ltr'><strong>0c-</strong></span> 
     </span>
    </p>
   </div>
   <div class='ocr_carea' id='block_1_113' title="bbox 1921 5251 2828 5326">
    <p class='ocr_par' dir='ltr' id='par_1_113' title="bbox 1921 5251 2828 5326">
     <span class='ocr_line' id='line_1_114' title="bbox 1921 5251 2828 5326; baseline 0.013 -24"><span class='ocrx_word' id='word_1_863' title='bbox 1921 5265 2075 5304; x_wconf 87' lang='lat' dir='ltr'><strong>casus</strong></span> <span class='ocrx_word' id='word_1_864' title='bbox 2105 5266 2203 5321; x_wconf 86' lang='lat' dir='ltr'><strong>per</strong></span> <span class='ocrx_word' id='word_1_865' title='bbox 2225 5251 2331 5310; x_wconf 91' lang='lat' dir='ltr'><strong>duo</strong></span> <span class='ocrx_word' id='word_1_866' title='bbox 2351 5271 2378 5308; x_wconf 80' lang='grc' dir='ltr'><strong><em>ο</em></strong></span> <span class='ocrx_word' id='word_1_867' title='bbox 2396 5263 2453 5310; x_wconf 87' lang='lat' dir='ltr'><strong>et</strong></span> <span class='ocrx_word' id='word_1_868' title='bbox 2479 5271 2576 5326; x_wconf 89' lang='lat' dir='ltr'><strong>per</strong></span> <span class='ocrx_word' id='word_1_869' title='bbox 2597 5273 2760 5313; x_wconf 90' lang='lat' dir='ltr'><strong>unum</strong></span> <span class='ocrx_word' id='word_1_870' title='bbox 2784 5277 2828 5314; x_wconf 90' lang='lat' dir='ltr'><strong>s.</strong></span> 
     </span>
    </p>
   </div>
   <div class='ocr_carea' id='block_1_114' title="bbox 2501 5369 2908 5428">
    <p class='ocr_par' dir='ltr' id='par_1_114' title="bbox 2501 5369 2908 5428">
     <span class='ocr_line' id='line_1_115' title="bbox 2501 5369 2908 5428; baseline 0.007 -3"><span class='ocrx_word' id='word_1_871' title='bbox 2501 5369 2800 5428; x_wconf 77' lang='lat' dir='ltr'><strong>LITTERA</strong></span> <span class='ocrx_word' id='word_1_872' title='bbox 2848 5373 2908 5428; x_wconf 86' lang='lat' dir='ltr'><strong>P.</strong></span> 
     </span>
    </p>
   </div>
   <div class='ocr_carea' id='block_1_115' title="bbox 1990 5452 3500 5538">
    <p class='ocr_par' dir='ltr' id='par_1_115' title="bbox 1990 5452 3500 5538">
     <span class='ocr_line' id='line_1_116' title="bbox 1990 5452 3500 5538; baseline 0.012 -30"><span class='ocrx_word' id='word_1_873' title='bbox 1990 5452 2197 5512; x_wconf 83' lang='lat' dir='ltr'><strong>Pascha</strong></span> <span class='ocrx_word' id='word_1_874' title='bbox 2221 5467 2277 5514; x_wconf 92' lang='lat' dir='ltr'><strong>et</strong></span> <span class='ocrx_word' id='word_1_875' title='bbox 2305 5456 2480 5515; x_wconf 82' lang='lat' dir='ltr'><strong>Phase</strong></span> <span class='ocrx_word' id='word_1_876' title='bbox 2505 5477 2672 5517; x_wconf 90' lang='lat' dir='ltr'><strong>unum</strong></span> <span class='ocrx_word' id='word_1_877' title='bbox 2701 5473 2802 5519; x_wconf 90' lang='lat' dir='ltr'><strong>est.</strong></span> <span class='ocrx_word' id='word_1_878' title='bbox 2847 5463 3177 5523; x_wconf 72' lang='lat' dir='ltr'><strong>Parascheve</strong></span> <span class='ocrx_word' id='word_1_879' title='bbox 3214 5483 3311 5538; x_wconf 87' lang='lat' dir='ltr'><strong>per</strong></span> <span class='ocrx_word' id='word_1_880' title='bbox 3340 5486 3373 5524; x_wconf 89' lang='lat' dir='ltr'><strong>u</strong></span> <span class='ocrx_word' id='word_1_881' title='bbox 3408 5471 3500 5526; x_wconf 83' lang='lat' dir='ltr'><strong>de—</strong></span> 
     </span>
    </p>
   </div>
   <div class='ocr_carea' id='block_1_116' title="bbox 1916 5545 3498 5626">
    <p class='ocr_par' dir='ltr' id='par_1_116' title="bbox 1916 5545 3498 5626">
     <span class='ocr_line' id='line_1_117' title="bbox 1916 5545 3498 5626; baseline 0.01 -26"><span class='ocrx_word' id='word_1_882' title='bbox 1916 5545 2008 5601; x_wconf 90' lang='lat' dir='ltr'><strong>bet</strong></span> <span class='ocrx_word' id='word_1_883' title='bbox 2032 5547 2086 5603; x_wconf 92' lang='lat' dir='ltr'><strong>in</strong></span> <span class='ocrx_word' id='word_1_884' title='bbox 2117 5551 2407 5607; x_wconf 87' lang='lat' dir='ltr'><strong>novissima</strong></span> <span class='ocrx_word' id='word_1_885' title='bbox 2454 5553 2660 5626; x_wconf 86' lang='lat' dir='ltr'><strong>syllaba</strong></span> <span class='ocrx_word' id='word_1_886' title='bbox 2689 5557 2872 5612; x_wconf 90' lang='lat' dir='ltr'><strong>scribi.</strong></span> <span class='ocrx_word' id='word_1_887' title='bbox 2931 5553 3247 5613; x_wconf 86' lang='lat' dir='ltr'><strong>Patriarcha</strong></span> <span class='ocrx_word' id='word_1_888' title='bbox 3274 5559 3308 5614; x_wconf 82' lang='lat' dir='ltr'><strong>h</strong></span> <span class='ocrx_word' id='word_1_889' title='bbox 3335 5561 3498 5616; x_wconf 84' lang='lat' dir='ltr'><strong>debet</strong></span> 
     </span>
    </p>
   </div>
   <div class='ocr_carea' id='block_1_117' title="bbox 1915 5638 3496 5721">
    <p class='ocr_par' dir='ltr' id='par_1_117' title="bbox 1915 5638 3496 5721">
     <span class='ocr_line' id='line_1_118' title="bbox 1915 5638 3496 5721; baseline 0.009 -29"><span class='ocrx_word' id='word_1_890' title='bbox 1915 5638 2137 5705; x_wconf 82' lang='lat' dir='ltr'><strong>habere,</strong></span> <span class='ocrx_word' id='word_1_891' title='bbox 2181 5641 2233 5696; x_wconf 90' lang='lat' dir='ltr'><strong>id</strong></span> <span class='ocrx_word' id='word_1_892' title='bbox 2263 5650 2346 5698; x_wconf 88' lang='lat' dir='ltr'><strong>est</strong></span> <span class='ocrx_word' id='word_1_893' title='bbox 2374 5645 2624 5715; x_wconf 89' lang='lat' dir='ltr'><strong>princeps</strong></span> <span class='ocrx_word' id='word_1_894' title='bbox 2665 5655 2898 5716; x_wconf 87' lang='lat' dir='ltr'><strong>patrum.</strong></span> <span class='ocrx_word' id='word_1_895' title='bbox 2953 5643 3221 5719; x_wconf 80' lang='lat' dir='ltr'><strong>[Patrium</strong></span> <span class='ocrx_word' id='word_1_896' title='bbox 3257 5664 3288 5703; x_wconf 82' lang='lat' dir='ltr'><strong>a</strong></span> <span class='ocrx_word' id='word_1_897' title='bbox 3319 5652 3496 5721; x_wconf 75' lang='lat' dir='ltr'><strong>patria</strong></span> 
     </span>
    </p>
   </div>
   <div class='ocr_carea' id='block_1_118' title="bbox 243 5721 3494 5818">
    <p class='ocr_par' dir='ltr' id='par_1_118' title="bbox 243 5721 3494 5818">
     <span class='ocr_line' id='line_1_119' title="bbox 243 5721 3494 5818; baseline 0.006 -38"><span class='ocrx_word' id='word_1_898' title='bbox 243 5725 429 5798; x_wconf 91' lang='lat' dir='ltr'><strong>quenti</strong></span> <span class='ocrx_word' id='word_1_899' title='bbox 478 5723 676 5794; x_wconf 78' lang='lat' dir='ltr'><strong>syllaba</strong></span> <span class='ocrx_word' id='word_1_900' title='bbox 697 5721 940 5790; x_wconf 82' lang='lat' dir='ltr'><strong>jungitur</strong></span> <span class='ocrx_word' id='word_1_901' title='bbox 964 5721 1094 5792; x_wconf 62' lang='lat' dir='ltr'><strong>{.lfs.</strong></span> <span class='ocrx_word' id='word_1_902' title='bbox 1129 5721 1276 5792; x_wconf 48' lang='lat' dir='ltr'><strong>Reg,</strong></span> <span class='ocrx_word' id='word_1_903' title='bbox 1305 5724 1550 5794; x_wconf 86' lang='lat' dir='ltr'><strong>sequenti</strong></span> <span class='ocrx_word' id='word_1_904' title='bbox 1593 5725 1814 5796; x_wconf 36' lang='lat' dir='ltr'><strong>syll‘alzze</strong></span> <span class='ocrx_word' id='word_1_905' title='bbox 1913 5729 2130 5787; x_wconf 87' lang='lat' dir='ltr'><strong>dicitur.</strong></span> <span class='ocrx_word' id='word_1_906' title='bbox 2166 5731 2453 5792; x_wconf 81' lang='lat' dir='ltr'><strong>Paternum</strong></span> <span class='ocrx_word' id='word_1_907' title='bbox 2481 5753 2509 5792; x_wconf 88' lang='lat' dir='ltr'><strong>a</strong></span> <span class='ocrx_word' id='word_1_908' title='bbox 2543 5749 2698 5809; x_wconf 87' lang='lat' dir='ltr'><strong>patre</strong></span> <span class='ocrx_word' id='word_1_909' title='bbox 2727 5741 2927 5796; x_wconf 86' lang='lat' dir='ltr'><strong>dictum</strong></span> <span class='ocrx_word' id='word_1_910' title='bbox 2957 5751 3058 5796; x_wconf 85' lang='lat' dir='ltr'><strong>est.</strong></span> <span class='ocrx_word' id='word_1_911' title='bbox 3089 5738 3326 5812; x_wconf 62' lang='lat' dir='ltr'><strong>Papaver</strong></span> <span class='ocrx_word' id='word_1_912' title='bbox 3347 5759 3443 5818; x_wconf 80' lang='lat' dir='ltr'><strong>per</strong></span> <span class='ocrx_word' id='word_1_913' title='bbox 3469 5761 3494 5800; x_wconf 77' lang='grc' dir='ltr'>υ</span> 
     </span>
    </p>
   </div>
  </div>
