3934 6180
319 317 422 376 915

1303 305 1773 365 υιιιΑεεΑιιςιι.
1813 336 1882 346 -—
1921 305 2008 362 DE
2045 303 2608 362 OB'BHOGMPHA.

3465 310 3568 366 ειι

319 422 661 483 scribendum
692 420 815 493 est].
865 420 1176 488 Pandeetes,
1208 422 1260 477 id
1285 429 1368 477 est
1412 421 1594 476 omnia
1638 417 1890 473 ferentes.
1920 420 1972 479 Α
1997 415 2246 482 dicimus,
2269 431 2376 472 non
2400 415 2702 488 prestulari.
2755 414 3028 471 Prehende
3049 425 3106 472 et
3134 417 3341 472 Prendo
3369 428 3572 476 utrum-

318 516 441 572 ldeo
470 513 635 571 Vetus
659 519 714 568 et
742 511 950 567 Novum
977 511 1407 576 Testamentum,
1435 511 1482 565 si
1509 506 1724 564 insimul
1761 505 1896 561 scri—

317 608 484 672 bitur,
531 605 700 660 Vetus
723 611 780 658 et
819 603 1027 658 Novum
1078 601 1295 658 insimul
1341 598 1646 655 Pandecten
1674 597 1893 654 dicitur.

318 695 557 766 Pangor,
584 701 769 764 pactus
807 710 921 748 sum
950 693 1081 750 facit
1105 693 1458 765 praeteritum.
1497 691 1810 760 Parumper,
1842 687 1898 742 id

316 797 401 841 est
421 798 613 855 parum
641 789 1026 855 prmposterata
1068 782 1449 855 praepositione
1489 798 1613 852 per;
1639 781 1780 837 sicut
1801 795 1900 850 pu-

317 878 528 930 betenus
552 873 730 930 ablata
751 890 777 928 s
797 887 896 944 per
921 887 1236 944 apocopam.
1266 871 1453 939 Pario,
1468 873 1662 944 peperi,
1687 879 1899 942 partum

317 962 448 1018 facit
495 961 748 1032 supinum
791 961 1039 1027 verbum,
1068 961 1194 1016 inde
1229 963 1523 1031 periturus.
1555 957 1730 1014 Pareo
1767 957 1901 1014 facit

315 1053 649 1126 praeteritum
675 1053 819 1124 parsi
855 1050 934 1124 [et
957 1051 1207 1125 peperci].
1265 1051 1482 1108 Patiens
1512 1066 1632 1107 sum
1677 1049 1895 1105 laboris.

317 1145 516 1202 Plenus
545 1161 664 1201 sum
685 1145 948 1200 bonorum
972 1151 1028 1199 et
1045 1144 1224 1201 bonis.
1256 1141 1494 1198 Pauidus
1515 1150 1568 1197 et
1599 1141 1782 1197 acidus
1802 1154 1902 1212 per

319 1256 345 1293 υ
369 1237 675 1294 scribenda.
703 1233 902 1301 Papus,
930 1236 1071 1307 pavi,
1097 1245 1154 1290 et
1185 1252 1336 1307 pauo,
1378 1235 1612 1306 pavonis.
1652 1232 1899 1306 [Pwnitet

315 1348 404 1388 me
434 1333 697 1388 muneris.
732 1327 883 1402 Piget
914 1347 1001 1386 me
1029 1329 1396 1403 perfectionis.
1439 1327 1613 1384 Pudet
1637 1342 1728 1382 me
1751 1339 1900 1380 amo-

316 1424 413 1478 ris.
448 1419 608 1476 Pecto
652 1428 830 1491 caput,
857 1435 966 1476 non
992 1421 1218 1492 pectine.
1264 1417 1493 1485 Pexum,
1520 1433 1628 1473 non
1660 1413 1900 1488 pectina-

319 1510 480 1585 tum.]
510 1509 652 1567 Pene
673 1511 1020 1582 praepositio;
1049 1519 1106 1568 et
1125 1528 1281 1583 penes
1307 1511 1619 1568 adverbium
1640 1522 1740 1579 per
1769 1507 1902 1562 sim-

317 1603 518 1674 plicetu
532 1618 563 1656 e
582 1603 905 1657 scribantur.
923 1598 1134 1656 Pennas
1154 1602 1356 1657 avium.
1374 1599 1578 1656 Pinnas
1599 1613 1896 1654 murorum.

319 1693 473 1761 Peto,
499 1702 679 1765 expeto
707 1693 826 1748 siue
847 1710 872 1748 s
901 1693 1065 1749 scribi
1107 1693 1288 1750 debet.
1320 1689 1652 1748 Peterediunt
1688 1688 1900 1758 abiecta

317 1785 353 1838 Ii
381 1784 437 1839 in
463 1783 852 1854 compositione
876 1798 907 1838 a
936 1783 1186 1854 petendis
1229 1781 1638 1839 hereditatibus
1675 1779 1893 1836 dicitur.

321 1873 647 1949 [Pertinacia
675 1875 832 1932 malae
858 1876 938 1931 rei
963 1875 1183 1942 dicitur,
1211 1881 1267 1930 et
1293 1872 1598 1932 constantia
1621 1870 1826 1944 bonas]

395 1966 709 2024 Percussae:
758 1982 984 2038 corpore
1020 1965 1372 2023 :Perculsum
1419 1967 1602 2021 animo
1645 1963 1896 2019 dicimus.

323 2059 588 2127 Percutio,
626 2062 854 2132 percussi
880 2075 978 2131 per
1004 2058 1112 2115 duo
1135 2077 1181 2126 s,
1207 2059 1330 2115 inde
1351 2072 1730 2130 percussurus.
1773 2054 1902 2109 Per-

307 2153 471 2222 jurus
500 2159 584 2208 est
610 2152 702 2222 qui
731 2151 874 2206 male
891 2151 1060 2222 jurat.
1090 2147 1342 2220 Pejurus,
1375 2149 1532 2220 quasi
1551 2147 1705 2219 pejus
1728 2145 1898 2216 jurat,

317 2247 374 2301 in
395 2245 564 2301 verbo
588 2262 614 2298 r
641 2259 750 2300 non
775 2244 939 2299 habet
958 2241 1089 2315 [Ηε.
1115 2240 1270 2312 Reg.,
1295 2241 1480 2312 pejuro
1507 2240 1650 2294 enim
1679 2238 1901 2294 verbum

321 2355 347 2391 r
371 2351 480 2392 non
502 2336 662 2392 debet
687 2335 918 2400 habere;
945 2339 1031 2390 est
1047 2333 1193 2388 enim
1215 2332 1372 2402 quasi
1392 2329 1548 2402 pejus
1560 2327 1730 2402 jure].
1751 2326 1903 2383 Plue-

319 2432 437 2496 bus,
464 2429 518 2484 id
558 2437 642 2483 est
675 2426 889 2498 Apollo,
915 2425 991 2481 ita
1035 2424 1315 2489 scribitur,
1345 2432 1404 2477 ut
1439 2429 1561 2492 post
1586 2437 1622 2492 p
1645 2426 1904 2490 sequatur

318 2523 374 2576 It.
407 2519 632 2576 Phoebus
652 2519 734 2576 sol
755 2519 977 2585 dicitur,
993 2514 1184 2571 Phoebe
1203 2515 1289 2572 vel
1312 2513 1512 2570 Phoebo
1536 2513 1682 2579 luna,
1701 2520 1905 2568 utrum-

318 2628 427 2684 que
454 2628 550 2685 per
577 2631 610 2684 p
645 2621 701 2667 et
725 2612 757 2667 lt
783 2610 1068 2668 scribenda
1108 2616 1256 2666 sunt.
1299 2605 1532 2678 Pignora
1576 2603 1809 2659 ﬁliorum
1849 2609 1906 2656 et

319 2701 683 2760 aﬂ'ectionum.
739 2698 970 2771 Pignera
1015 2713 1216 2754 rerum.
1260 2695 1564 2766 Plagiarius
1583 2735 1598 2757 ,
1627 2693 1683 2749 id
1710 2699 1795 2748 est
1818 2707 1905 2747 se-

318 2795 531 2850 ductor.
579 2790 909 2855 Plaustrum,
953 2790 1259 2861 capistrum,
1296 2786 1608 2850 claustrum,
1656 2792 1901 2848 uestrum,

321 2895 574 2950 rastrum,
599 2891 656 2940 et
682 2883 809 2938 talia
834 2891 948 2937 tres
990 2888 1375 2944 consonantes,
1403 2876 1593 2933 vocale
1620 2883 1900 2946 sequente,

321 2977 379 3030 in
424 2988 585 3028 unam
627 2970 890 3042 syllabam
925 2967 1202 3040 iungenda
1243 2975 1388 3022 sunt.
1440 2962 1622 3018 Pluris
1649 2963 1903 3028 dicimus,

321 3065 470 3136 quod
495 3061 697 3133 majore
737 3076 948 3118 summa
975 3066 1211 3114 taxatur.
1262 3055 1451 3111 Plures
1479 3069 1607 3110 vero
1634 3055 1699 3110 de
1724 3052 1906 3109 multi-

1999 521 2106 576 que
2155 507 2260 562 dici
2297 516 2497 579 potest.
2535 504 2772 562 Pretium
2799 521 2898 578 per
2926 525 2954 562 e
2994 507 3313 579 simplicem.
3347 509 3567 568 Precari

1998 605 2084 652 est
2121 598 2302 669 rogari
2343 597 2470 671 μὴ.
2497 597 2626 670 Reg.
2676 607 2760 654 est
2786 598 3023 672 rogare],
3068 599 3336 670 deprecari
3376 615 3567 658 excus-

1999 703 2120 744 sare
2143 731 2158 754 ,
2209 690 2296 745 vel
2345 706 2597 761 purgare,
2643 699 2932 762 utrumque
2955 705 3054 762 per
3089 709 3117 747 e
3144 693 3479 763 simplicem;
3513 703 3574 750 ut

2000 779 2258 851 Virgilius
2279 778 2434 850 (Αἶπυ.
2465 797 2564 848 xu,
2594 780 2720 853 95l)
2755 801 2774 838 :

2365 889 2606 956 Equidem
2629 894 2810 957 merui,
2833 905 2929 946 nec
2949 893 3214 959 deprecor,
3233 901 3416 962 inquit.

2001 994 2287 1053 Praemium
2309 1014 2432 1054 cum
2460 999 2789 1072 diphthongo
2817 1018 2883 1056 te.
2907 1000 3080 1057 Aliter
3101 1004 3407 1073 proemium
3437 1019 3576 1074 prm—

1999 1085 2131 1141 fatio
2156 1085 2372 1143 dicitur.
2397 1084 2764 1160 Prwgnantem
2785 1105 2908 1145 cum
2931 1091 3144 1158 scribis,
3171 1093 3412 1148 adnectis
3431 1110 3462 1164 g
3492 1108 3572 1149 se-

2000 1174 2190 1231 cundae
2218 1175 2454 1248 syllaba,
2478 1187 2570 1233 aut
2593 1179 2795 1251 scripto
2807 1180 3013 1237 divides
3038 1190 3094 1237 et
3111 1181 3217 1237 alia
3243 1180 3573 1252 huiusmodi,

2000 1274 2061 1322 ut
2083 1284 2329 1340 magnus,
2362 1268 2574 1342 dignus,
2617 1273 2826 1342 pignus.
2860 1270 3121 1330 Primitia:
3154 1275 3434 1345 pluraliter
3458 1284 3575 1330 tan--

2001 1369 2114 1415 tum
2138 1360 2408 1427 dicuntur,
2437 1363 2532 1418 sed
2559 1362 2843 1433 aliquoties
2865 1365 3210 1436 singulariter
3254 1367 3572 1436 intellegen-

2001 1450 2101 1506 ὼε.
2158 1448 2440 1523 Privignus
2488 1469 2587 1524 per
2645 1455 3037 1513 detractionem
3071 1476 3099 1513 e
3128 1459 3324 1516 litterae
3348 1459 3454 1517 dici
3483 1477 3578 1532 po-

2004 1549 2127 1609 test,
2158 1541 2427 1616 integrum
2454 1545 2598 1600 enim
2629 1543 2746 1615 ejus
2796 1547 3116 1617 privigenum
3145 1566 3290 1606 reor.

2078 1630 2247 1688 Probo
2279 1633 2501 1690 verbum
2553 1635 2819 1706 duplicem
2866 1636 3314 1708 signiﬁcationem
3374 1641 3573 1707 habet;

2000 1725 2294 1794 probamus
2318 1725 2461 1780 enim
2501 1742 2621 1797 qua:
2646 1726 2926 1798 elegimus,
2972 1727 3027 1783 id
3069 1737 3154 1785 est
3197 1729 3575 1800 adprobamus.

1927 1779 1976 1840 Β
2002 1815 2319 1883 Probamus,
2351 1835 2471 1890 qua:
2523 1819 2702 1890 qualia
2731 1779 2870 1877 sunt
2915 1779 3386 1893 temptamusfut,
3419 1828 3581 1897 proba

1996 1925 2079 1963 me
2111 1906 2271 1965 Deus.
2300 1907 2408 1965 Pro
2429 1912 2761 1982 praepositio,
2804 1927 2926 1968 cum
2951 1914 3023 1970 sit
3051 1915 3372 1972 naturaliter
3399 1918 3578 1990 longa,

1998 1998 2270 2054 interdum
2313 2000 2370 2056 in
2413 2002 2803 2070 compositione
2845 2005 3211 2076 corrumpitur
3268 2005 3405 2080 [Με.
3448 2007 3575 2080 Reg,

1998 2087 2344 2161 corripitur];
2377 2089 2578 2159 partim
2599 2091 2962 2161 correptione,
2991 2099 3050 2147 ut
3092 2111 3351 2164 proavus;
3380 2097 3578 2166 partim

1999 2177 2366 2248 assumptione
2390 2178 2584 2235 litterae
2603 2179 2659 2245 d,
2683 2189 2745 2234 ut
2771 2181 2998 2250 prodest,
3026 2183 3286 2255 proditus,
3307 2187 3577 2258 prodigus.

2000 2265 2270 2322 Interdum
2294 2266 2505 2339 integra
2541 2275 2624 2324 est
2651 2277 2708 2323 et
2744 2269 2861 2338 ipsa
2903 2285 3050 2341 pars,
3083 2273 3170 2328 cui
3218 2272 3580 2346 coniungitur,

1998 2365 2060 2412 ut
2100 2375 2342 2428 procuro.
2397 2358 2759 2430 Sequentibus
2791 2362 2886 2416 iet
2936 2380 2964 2417 υ
3006 2364 3125 2420 loco
3167 2368 3580 2422 consonantium

2001 2464 2275 2518 nunquam
2303 2450 2541 2505 litteram
2567 2450 2771 2522 perdit;
2819 2461 2912 2508 aut
2939 2462 3142 2521 mutat;
3173 2463 3234 2510 ut
3272 2456 3578 2528 providens;

2003 2549 2096 2596 aut
2123 2541 2369 2608 assumit,
2401 2550 2494 2597 aut
2519 2543 2904 2614 corrumpitur,
2933 2550 2995 2599 ut
3019 2544 3303 2616 projectus.
3327 2542 3580 2602 Protinus

2002 2632 2138 2703 peri
2165 2632 2460 2702 temporale
2485 2641 2588 2701 est,
2624 2625 2678 2690 id
2715 2643 2799 2691 est
2830 2637 3053 2691 statim:

2127 2743 2357 2795 Protinus
2379 2744 2557 2796 Encas
2577 2748 2723 2811 cmpit
2745 2747 2898 2798 celeri
2924 2756 3120 2800 certare
3143 2753 3318 2812 sagitta
3346 2753 3389 2800 ⁸.

2004 2841 2265 2900 Protenus
2307 2860 2405 2916 per
2431 2862 2460 2901 e
2499 2847 2812 2904 adverbium
2838 2850 3007 2906 locale
3037 2859 3140 2919 est,
3179 2853 3232 2909 id
3279 2862 3382 2920 est,
3419 2869 3583 2926 porro

2006 2942 2184 3003 tenus,
2216 2944 2277 2992 ut
2301 2933 2476 2992 rCum
2519 2947 2766 3010 protenus
2796 2951 3018 3014 utraque
3063 2943 3215 2999 tellus
3263 2962 3369 3001 una
3423 2947 3580 3018 foret.

2005 3025 2115 3084 Pro
2143 3029 2198 3084 in
2221 3029 2555 3100 appositioue
2573 3031 2659 3086 vel
2685 3034 3074 3102 compositione
3094 3034 3282 3093 loculis
3299 3044 3356 3092 et
3375 3045 3584 3108 tempo-

319 3117 528 3211 tjudine.
576 3117 762 3208 Plures
793 3146 1415 3222 comparativus‘gradus
1441 3152 1556 3209 est,
1585 3141 1740 3211 cujus
1762 3141 1905 3212 posi-

2013 3117 2138 3174 ralis
2165 3118 2291 3192 [11s.
2318 3119 2448 3192 Reg.
2475 3121 2560 3176 vel
2588 3123 2898 3192 temporalis
2930 3123 3058 3197 est].
3087 3122 3196 3180 Pro
3216 3128 3430 3199 templo,
3461 3146 3584 3200 pro-

321 3249 468 3302 tivus
495 3244 666 3299 multi.
703 3243 924 3298 Poderis
951 3256 1048 3312 per
1073 3258 1104 3296 ο
1124 3249 1180 3296 ει
1211 3257 1258 3305 e,
1289 3239 1341 3295 id
1365 3245 1449 3295 est
1487 3236 1666 3292 tunica
1697 3234 1904 3300 talaris,

318 3351 432 3408 qua
461 3335 774 3390 sacerdotes
794 3333 851 3390 in
868 3331 1040 3388 veteri
1066 3331 1186 3402 lege
1214 3329 1522 3386 utebantur.
1547 3325 1736 3392 Poena,
1761 3327 1908 3396 quod

321 3437 408 3485 cst
454 3425 776 3497 subpliciutn
805 3440 904 3496 per
943 3440 974 3478 ο
1004 3430 1062 3478 ει
1098 3439 1126 3476 e
1166 3419 1442 3478 scribitur.
1489 3417 1665 3491 [Pone
1703 3416 1908 3488 aliquid

323 3517 645 3588 simpliciter
665 3524 925 3572 statuens.
954 3516 1191 3585 Dispono
1219 3513 1422 3584 aliquid
1444 3511 1668 3585 [operis]
1697 3510 1907 3580 impen-

326 3611 491 3666 sioris
518 3609 604 3665 vel
629 3609 840 3665 consilii
864 3609 1128 3665 facturus.
1159 3607 1258 3663 Est
1275 3615 1454 3661 autem
1483 3603 1613 3676 [Με.
1641 3602 1794 3675 Reg,
1812 3602 1910 3660 Est

324 3703 515 3776 etiam]
539 3703 825 3774 disponere
851 3700 1073 3758 fmderis
1101 3698 1364 3770 ineundi].
1397 3694 1602 3760 Potior,
1629 3695 1793 3766 309
1815 3708 1910 3764 po.

325 3797 458 3850 titus
498 3809 638 3860 sum,
669 3800 725 3849 et
747 3793 1012 3864 perfruar,
1039 3787 1346 3861 perfruetus
1371 3801 1512 3842 sum.
1540 3783 1728 3839 Potius
1752 3800 1850 3854 per
1877 3799 1908 3840 ο

325 3885 675 3942 scribendum
701 3891 806 3946 est,
837 3897 944 3937 non
977 3893 1077 3951 per
1098 3896 1151 3942 u,
1186 3877 1314 3949 quia
1355 3891 1386 3931 a
1413 3882 1570 3946 potes
1597 3871 1726 3946 [Με.
1755 3872 1908 3943 Reg.,

327 3991 358 4030 a
385 3972 552 4045 potis]
573 3973 741 4029 venit.
768 3971 980 4044 [Potior
1001 3969 1211 4025 fructus
1242 3975 1298 4025 et
1324 3966 1502 4023 fructu
1533 3965 1731 4021 dicitur
1769 3965 1912 4035 apud

326 4066 617 4136 antiquos:
642 4061 828 4118 Potior
848 4063 984 4118 hanc
1009 4079 1138 4117 rem.
1165 4058 1372 4126 Potior,
1387 4057 1686 4130 potissimus
1713 4053 1908 4128 [facit].

330 4159 588 4214 Potamus
615 4172 760 4222 eum,
783 4156 869 4211 cui
894 4163 1079 4228 potum
1102 4153 1442 4224 porregimus
1463 4149 1592 4222 [Ms.
1618 4147 1766 4220 Reg.,
1787 4163 1914 4220 por-

329 4248 602 4322 rigimus].
660 4247 880 4303 Pometa
928 4247 1177 4308 dicimus,
1231 4245 1320 4299 ubi
1366 4257 1524 4313 poma
1574 4249 1912 4306 nascuntur;

333 4343 588 4398 Pomaria
629 4341 722 4396 ubi
759 4347 1061 4396 servantur.
1093 4334 1404 4392 Postulatur
1426 4333 1629 4404 aliquid
1657 4333 1910 4399 honeste;

334 4431 583 4488 Poscitur
628 4429 915 4502 improbe].
965 4426 1250 4483 Postumus
1293 4423 1502 4494 abiecta
1532 4424 1564 4478 Ιι
1606 4422 1735 4496 [Με.
1761 4422 1914 4493 Reg.,

333 4521 663 4577 Posthumus
683 4519 893 4589 abiecta
913 4519 978 4584 h;
1007 4518 1048 4589 ί.
1071 4516 1134 4582 l.,
1165 4514 1398 4588 adjecta]
1427 4514 1480 4570 in
1506 4513 1916 4584 compositione,

333 4621 418 4670 est
445 4612 590 4668 enim
614 4621 739 4681 post
762 4613 1063 4677 humatum,
1095 4611 1149 4666 id
1171 4619 1255 4666 est
1279 4617 1402 4681 post
1420 4608 1686 4680 sepultum
1709 4617 1920 4678 patrem

337 4720 408 4759 ua
416 4710 522 4757 ιιιε.

410 4791 459 4846 Ρ
483 4794 538 4848 in
561 4794 893 4864 temporibus
914 4793 1200 4849 verborum
1225 4805 1323 4861 per
1353 4791 1382 4844 ὁ
1427 4797 1824 4855 commutatur;
1856 4795 1920 4844 ut

336 4883 530 4948 scribo,
554 4884 770 4955 scripsi;
801 4882 940 4948 tabo,
962 4881 1130 4954 lapsi;
1156 4881 1316 4947 nubo,
1337 4881 1511 4952 nupsi.
1540 4878 1741 4946 Pramo,
1766 4879 1841 4935 illi
1865 4889 1920 4936 et

338 4975 499 5032 alios.
533 4973 799 5039 Praedico,
829 4982 955 5030 ante
985 4974 1128 5029 dico.
1187 4971 1313 5027 Prw
1343 4971 1399 5027 in
1444 4970 1780 5040 appositione
1833 4968 1920 5025 vel

339 5067 736 5140 compositione
779 5066 1070 5131 invenitur,
1100 5071 1156 5118 et
1202 5063 1272 5117 ad
1309 5061 1394 5118 vel
1438 5061 1500 5116 ob
1541 5061 1628 5116 vel
1651 5078 1809 5132 super
1836 5059 1923 5116 vel

340 5160 496 5219 ualde
521 5161 606 5216 vel
629 5168 749 5214 ante
769 5157 1054 5230 signiﬁcat.
1079 5153 1392 5212 Torrentius
1417 5171 1429 5206 :
1459 5150 1755 5223 Contempsi
1772 5150 1923 5206 illum

342 5254 432 5308 hic
458 5267 568 5323 pra:
587 5267 690 5315 me,
720 5249 825 5306 hoc
847 5256 952 5313 est,
981 5247 1051 5302 ad
1094 5244 1550 5315 comparationem
1576 5241 1700 5296 mei.
1730 5241 1866 5297 ltem
1905 5259 1920 5296 :

343 5343 440 5398 Fit
464 5342 653 5396 misera
673 5354 782 5409 prta
810 5353 1009 5401 amore,
1040 5334 1094 5390 id
1121 5342 1224 5399 est,
1247 5332 1318 5388 ob
1338 5347 1601 5389 amorem.
1632 5328 1922 5398 Praesideo,

343 5434 681 5509 supersideo.
732 5429 1083 5495 Prwualidus,
1110 5426 1266 5482 valde
1289 5425 1516 5481 validus.
1547 5423 1670 5479 Prae
1716 5437 1926 5493 praepo-

343 5524 477 5581 sitio
497 5531 554 5579 et
578 5530 838 5596 praeterea
866 5536 966 5591 per
990 5536 1037 5576 re
1062 5517 1436 5588 diphthongon
1456 5513 1759 5571 scribenda.
1794 5513 1924 5568 Pre-

343 5627 431 5674 sto
473 5630 569 5687 per
596 5633 624 5670 ο
652 5613 1016 5675 scribendum,
1066 5627 1172 5667 non
1199 5625 1296 5682 per
1341 5627 1375 5664 u
1405 5623 1424 5662 .°
1464 5609 1604 5666 unde
1645 5607 1924 5679 prestolari

423 5739 449 5768 ι
490 5726 660 5797 Virg,
696 5724 823 5780 .‘En.
858 5743 907 5791 v,
939 5722 1058 5780 485.

1946 4485 1999 4545 D

2006 3212 2189 3278 video;
2235 3219 2290 3268 et
2339 3213 2461 3268 loco
2499 3230 2528 3269 e
2577 3221 2634 3269 et
2683 3230 2859 3284 super,
2886 3214 2970 3270 vel
2999 3225 3136 3280 ante,
3182 3216 3267 3274 vel
3303 3217 3372 3272 ad
3401 3219 3486 3275 vel
3529 3220 3584 3276 in

2005 3304 2290 3374 accipitur,
2342 3312 2402 3360 ut
2446 3305 2736 3376 prominet;
2779 3305 2834 3360 id
2881 3300 2991 3373 est,
3037 3309 3418 3378 supereminet.
3475 3307 3584 3366 Pro

2007 3399 2156 3452 curia
2206 3398 2360 3452 sociis
2405 3399 2556 3469 signa
2600 3397 2751 3465 dare,
2781 3397 2836 3454 id
2859 3407 2960 3468 est,
2992 3407 3119 3454 ante
3144 3400 3372 3460 curiam.
3400 3400 3582 3474 Virgi-

2008 3491 2111 3548 lius
2136 3491 2290 3564 (Ᾰῐη.
2311 3509 2364 3559 v,
2390 3491 2517 3563 500)
2540 3511 2552 3548 :

2435 3603 2648 3654 Summis
2671 3603 2927 3656 incurvant
2949 3605 3136 3656 vlribns
3158 3617 3300 3656 arcus

2191 3666 2288 3717 Pro
2309 3678 2367 3717 se
2385 3669 2598 3729 quisque
2626 3668 2747 3730 viri;
3222 3692 3232 3706 ι

2011 3768 2089 3841 [id
2112 3777 2214 3835 est,
2258 3769 2325 3824 ad
2354 3785 2482 3825 suas
2508 3769 2695 3841 vires].
2742 3767 2850 3824 Pro
2901 3773 3216 3836 testimonio,
3246 3773 3349 3826 hoc
3394 3780 3497 3838 est,
3530 3774 3583 3827 in

2009 3863 2338 3919 testimonio.
2381 3861 2450 3916 Et
2492 3878 2592 3932 pro
2633 3861 3006 3929 interiectione
3046 3863 3330 3933 accipitur,
3363 3877 3432 3917 uo
3474 3859 3583 3917 Pro

2010 3951 2195 4006 dolor!
2222 3959 2280 4006 et
2321 3949 2785 4006 circumflectitur.
2832 3949 3168 4006 Pulmentum
3213 3959 3268 4006 et
3292 3951 3588 4020 pulmenta-

2012 4045 2152 4100 rium
2192 4041 2410 4096 dicitur.
2443 4037 2673 4098 Pudoris
2727 4057 2824 4111 per
2851 4059 2885 4096 u
2935 4049 2990 4096 et
3015 4057 3045 4095 ο
3086 4042 3427 4097 scribendum
3453 4051 3538 4096 est
3571 4061 3583 4095 :

2014 4131 2254 4205 [poderis
2271 4146 2371 4202 per
2393 4148 2424 4186 ο
2463 4139 2519 4187 ει
2541 4148 2587 4198 e,
2619 4131 2674 4187 id
2706 4139 2810 4197 est,
2851 4131 3028 4187 tonica
3073 4130 3159 4204 [L.
3196 4131 3412 4204 tunica].
3451 4133 3585 4188 tals»

2016 4223 2114 4291 ris,
2137 4238 2244 4294 qua
2272 4221 2584 4279 sacerdotes
2604 4221 2660 4277 in
2687 4231 2871 4278 vetere
2903 4221 3016 4293 lege
3046 4223 3374 4295 utebantur].

2604 4332 2901 4390 unum
2936 4333 3002 4402 ρ.

2091 4429 2334 4498 Quwstor
2365 4446 2397 4486 a
2426 4432 2739 4502 quarendo,
2779 4431 2934 4502 quasi
2979 4433 3236 4502 quaesitor
3289 4447 3388 4503 per
3419 4449 3464 4488 (ι’
3511 4435 3590 4489 (ιὶα

2017 4522 2330 4594 phthongou
2353 4523 2642 4578 scribatur.
2671 4521 2916 4588 Qua'stus
2939 4523 3095 4590 lucri,
3118 4539 3217 4595 per
3237 4542 3284 4579 re
3311 4525 3591 4596 diphthon-

2019 4629 2147 4683 gon.
2197 4614 2421 4680 Questus
2450 4612 2574 4686 [Ms.
2616 4612 2788 4683 Reg.,
2830 4611 3592 4686 Querimonia]‘lacrymarum

2019 4721 2118 4777 per
2135 4722 2183 4760 e.
2216 4705 2532 4778 Quanquam
2553 4703 2704 4776 prior
2727 4704 2933 4775 syllaba
2955 4718 2990 4758 η
3026 4703 3226 4760 habere
3261 4704 3441 4774 debet,
3485 4724 3591 4764 non

2020 4814 2092 4851 ut.
2141 4795 2382 4862 Quantus
2418 4804 2475 4850 et
2516 4804 2693 4850 tantus
2718 4809 2816 4865 per
2843 4811 2876 4848 η
2904 4795 3188 4864 euphoniae
3215 4811 3400 4865 causa,
3446 4800 3596 4855 venit

2019 4888 2166 4944 enim
2185 4903 2217 4941 a
2228 4896 2472 4957 quamtus
2487 4895 2542 4941 et
2561 4895 2781 4941 temtas.
2813 4885 3079 4954 Quantus,
3092 4903 3256 4958 quam
3272 4903 3501 4959 magnus
3511 4889 3594 4945 di-

2023 4978 2185 5032 citur.
2217 4976 2443 5044 Querela
2456 4992 2554 5048 per
2581 4993 2750 5032 unum
2769 4976 2812 5044 ι,
2829 4977 2969 5034 sicut
2983 4978 3225 5045 suadela,
3255 4979 3439 5046 tutela,
3461 4997 3591 5036 cans

2021 5067 2165 5134 dela,
2205 5067 2520 5140 corruptela.
2556 5067 2834 5135 Quatenus.
2879 5069 3196 5124 adverbium
3232 5067 3359 5136 loci,
3409 5069 3464 5125 id
3488 5077 3594 5137 est,

2023 5173 2323 5228 quousque,
2375 5173 2474 5228 per
2517 5175 2564 5212 e.
2621 5156 2908 5231 [Quatinus
2956 5157 3262 5228 coniunctio
3313 5159 3545 5214 causalis
3573 5196 3590 5224 ,

2024 5247 2078 5304 id
2099 5255 2202 5314 est,
2225 5257 2306 5314 ut,
2341 5263 2439 5318 per
2474 5247 2808 5304 iscrihatur.
2850 5247 3137 5314 ρων-ξων,
3168 5249 3234 5304 de
3272 5249 3590 5319 inquirendo

2026 5353 2124 5410 per
2150 5355 2196 5394 te
2234 5337 2620 5410 diphthongon.
2672 5339 2940 5404 Queritur,
2966 5337 3033 5394 de
3079 5338 3358 5408 plorando,
3415 5355 3512 5410 per
3546 5357 3594 5397 e.

2029 5430 2412 5496 Queremonia,.
2427 5446 2526 5502 per
2560 5431 2666 5486 duo
2695 5447 2743 5485 e.
2774 5429 2979 5496 Queror
3015 5430 3083 5484 de
3124 5439 3176 5486 te
3196 5471 3210 5495 ,
3251 5432 3346 5486 tibi
3392 5432 3457 5489 dc
3483 5431 3592 5488 illo.

2027 5517 2160 5575 Item
2187 5535 2509 5589 conqueror.
2537 5518 2556 5592 ]

2102 5610 2205 5677 Qui
2235 5610 2436 5681 syllaba
2463 5625 2560 5680 per
2588 5627 2618 5682 τι
2657 5619 2761 5667 ctu
2801 5619 2853 5665 ct
2881 5611 2894 5665 i
2925 5610 3195 5669 scribitur.
3237 5613 3290 5668 Si
3318 5613 3590 5680 dividitur,
