3934 6180
395 318 498 379 9Ιό

1203 272 1355 369 Βξιῖ.
1384 313 1610 370 ALBlNl
1649 313 1781 370 seu
1815 309 2090 368 meum
2127 311 2412 370 eranum
2448 313 2629 372 psus
2665 313 2774 370 vu.

3545 319 3645 372 9l6

393 452 493 508 per
525 452 554 492 c
581 442 636 490 et
671 449 707 488 u
736 433 826 488 eti
863 428 1146 494 scribenda
1169 437 1274 485 est.
1305 427 1446 494 Quid
1483 441 1779 498 pronomen
1806 440 1906 495 per
1923 425 1958 478 d
1988 428 2033 484 Α
2132 422 2180 477 R
2203 426 2502 494 sequentei
2529 425 2770 481 vocalem
2797 440 3011 495 semper
3039 426 3334 497 aspiratur,
3353 437 3416 483 ut
3443 429 3644 500 hircus,

394 523 736 582 scrutandum
762 530 867 578 est.
897 519 1211 593 [Quicquam
1231 526 1288 572 et
1306 516 1551 589 quicquid
1588 517 1643 570 in
1674 514 1854 569 medio
1872 529 1967 585 per

392 633 421 672 c
449 633 558 674 non
573 631 670 687 per
699 615 738 669 d
763 613 1070 671 scribenda.
1098 610 1118 682 ]
1143 611 1201 666 ln
1237 607 1627 677 compositione
1647 606 1964 676 plerumque

392 711 428 769 ά
453 712 508 767 in
534 728 562 767 c
583 716 946 770 commutatur
971 705 1100 781 [11s.
1126 703 1278 773 Reg.,
1312 715 1571 756 conversa
1593 697 1876 770 mutatur],
1905 706 1967 753 ut

392 800 447 854 in
468 799 959 870 praepositionibus,
986 795 1203 859 accedo,
1235 791 1530 850 accumula.
1570 790 1694 856 Quit
1718 791 1962 854 verbum,

391 890 534 958 quod
579 888 639 946 ﬁt
679 905 711 950 a
760 905 923 961 queo,
967 888 1104 956 quis,
1157 884 1268 952 quit
1311 898 1408 953 per
1454 891 1494 936 t.
1547 881 1704 947 Quot,
1749 883 1964 952 quando

390 996 648 1037 numerus
671 989 773 1045 est,
806 994 904 1052 per
952 989 969 1032 t
987 997 1005 1042 ;
1045 976 1259 1046 quando
1291 988 1586 1045 pronomen
1609 988 1706 1042 per
1768 973 1802 1026 ά
1830 972 1964 1026 scri-

389 1073 626 1130 bendum
669 1080 770 1128 est.
811 1070 1048 1143 [Quoties
1088 1077 1144 1122 et
1174 1066 1322 1121 toties
1353 1065 1468 1118 sine
1491 1082 1524 1118 η
1550 1062 1737 1136 [scribi
1760 1059 1959 1138 debet].

392 1161 908 1232 Quorundam,sicut
924 1161 1214 1216 eorundem
1230 1175 1327 1230 per
1352 1176 1385 1212 η
1410 1174 1517 1213 non
1530 1173 1626 1228 per
1645 1174 1695 1210 m
1718 1157 1962 1211 scriben—

390 1253 516 1308 dum
546 1261 647 1308 est.
676 1251 791 1318 Quo
812 1251 978 1318 vadis,
1006 1252 1073 1307 ad
1116 1266 1276 1321 quem
1313 1249 1486 1304 locum
1525 1247 1810 1319 significat.
1844 1244 1961 1311 Qua

388 1343 558 1410 vadis,
588 1359 694 1412 qua
736 1341 823 1396 via
851 1341 1065 1396 dicitur.
1100 1339 1216 1406 Quo
1242 1339 1527 1411 aliquando
1557 1353 1655 1408 pro
1683 1337 1775 1392 ubi
1801 1335 1962 1406 poni-

389 1443 496 1489 tur.
523 1432 888 1503 Augustinus:
917 1431 1126 1485 Iuvenis
1152 1430 1364 1484 domum
1395 1429 1672 1499 famosam,
1710 1442 1813 1498 quo
1840 1424 1961 1478 boni

388 1524 646 1589 habitant,
697 1524 750 1578 id
788 1531 890 1588 est,
921 1522 1013 1576 ubi
1039 1521 1304 1577 habitant.
1335 1521 1536 1587 Quotus
1581 1520 1734 1590 cujus
1763 1517 1959 1580 aetatis,

389 1616 532 1671 unde
553 1624 607 1672 et
642 1625 800 1687 quota
835 1615 996 1685 310
1022 1613 1146 1667 luna
1175 1613 1388 1667 dicitur.
1420 1611 1782 1682 Augustinus:
1820 1608 1963 1676 Quo-

387 1707 686 1779 tusquisque
711 1708 764 1761 in
783 1707 880 1760 hac
925 1706 1029 1761 vita
1055 1706 1272 1760 existere
1304 1705 1581 1776 potesl,qui
1619 1721 1722 1758 non
1752 1703 1962 1757 convin-

2065 516 2450 588 hirquittallsts,
2493 517 2767 588 hirpinus,
2816 518 3069 583 hirsutus,
3115 521 3304 587 hirtus,
3348 521 3644 589 hirtuleius,

2068 606 2259 661 Hirrus
2284 607 2560 677 proprium
2586 608 2640 672 ι’,
2671 608 2775 662 nisi
2805 616 2896 662 aut
2915 610 3350 681 monosyllabum
3371 612 3460 678 sit,
3488 623 3548 667 ut
3564 617 3647 680 ir;

2065 707 2157 754 aut
2184 714 2252 753 ex
2277 708 2438 753 metu
2468 700 2642 764 verbis,
2678 707 2740 753 ut
2764 717 2844 766 eo,
2879 701 2944 766 is,
2971 701 3099 755 irem
3135 715 3153 753 :
3179 701 3310 768 'Iris,
3342 705 3397 760 id
3426 714 3529 770 est,
3559 722 3649 760 ar-

2063 807 2194 857 cus;
2223 803 2316 846 aut
2343 793 2447 848 nisi
2476 809 2508 845 a
2529 801 2652 861 post
2673 809 2705 845 r
2729 803 3019 862 sequatur;
3049 803 3178 850 tunc
3198 797 3341 851 enim
3365 814 3474 853 non
3504 801 3651 870 τιςρί-

2055 890 2236 946 ratur,
2267 891 2324 938 ut
2353 883 2457 947 ira,
2489 883 3020 949 iratus,.iracundus,
3047 887 3276 951 irascor,
3303 895 3357 941 et
3385 890 3648 960 quidquid

2065 973 2134 1028 ab
2159 975 2239 1029 eis
2265 975 2342 1028 lit.
2375 973 2420 1027 Β
2457 983 2715 1044 sequente
2742 991 2772 1028 ο
2800 977 2972 1030 vocali
3012 992 3118 1031 non
3149 981 3437 1048 aspiratur,
3466 988 3524 1034 ut
3554 998 3646 1034 or-

2065 1064 2180 1129 bus,
2212 1065 2258 1119 si
2282 1081 2411 1121 vero
2438 1065 2542 1119 alia
2570 1082 2596 1118 r
2620 1074 2894 1136 sequatur,
2928 1075 3020 1121 aut
3051 1076 3088 1130 t,
3116 1075 3244 1122 tunc
3273 1070 3563 1138 aspiratur,
3587 1078 3651 1124 ut

2059 1157 2271 1221 horreo,
2307 1158 2515 1223 horror,
2554 1159 2757 1221 hortus,
2782 1158 3037 1222 holerum,
3066 1157 3392 1213 Hortentius.
3417 1161 3651 1216 Notatur

2061 1247 2336 1302 hordeum.
2380 1246 2673 1318 Rhythmus
2719 1247 2926 1314 Graece,
2979 1249 3171 1304 Latine
3219 1251 3515 1306 modulatio
3567 1253 3651 1308 di-

2061 1340 2222 1394 citur.

2651 1427 2950 1485 LITTERA
2986 1427 3046 1484 S.

2133 1519 2409 1592 [Salutare
2451 1520 2735 1577 consilium
2770 1529 2856 1578 est
2900 1538 2912 1574 :
2965 1521 3040 1574 ita
3075 1519 3283 1577 salubre
3315 1538 3426 1577 non
3453 1531 3644 1587 uocet;

2054 1614 2295 1668 saliuare
2321 1614 2559 1684 prodest.
2590 1612 2815 1669 Salubre
2842 1615 2908 1667 ad
2935 1613 3109 1668 locum
3135 1611 3372 1668 refertur
3392 1623 3446 1668 et
3470 1615 3538 1667 ad
3567 1616 3651 1668 ci-

2057 1706 2211 1760 bum.
2228 1702 2427 1770 Saevus,
2439 1704 2763 1770 πείθεσθαὶ,
2779 1703 2972 1758 savisti
2985 1704 3537 1776 pertudiphtbongon.
3553 1705 3650 1760 Sa-

387 1772 538 1854 catur
562 1772 672 1853 esse
690 1807 946 1868 peccator.
977 1797 1032 1850 ld
1057 1805 1160 1862 est,
1182 1797 1236 1850 in
1267 1772 1370 1867 qua
1402 1772 1560 1850 actate
1589 1813 1602 1862 ;
1628 1809 1733 1864 quo
1753 1793 1956 1848 dierum
1990 1772 2035 1833 Β
2061 1811 2194 1865 gena
2217 1811 2315 1865 per
2331 1811 2498 1851 ereum
2513 1796 2702 1850 setiam
2721 1795 2806 1867 [L.
2821 1772 3280 1868 retu—signiﬁcat.
3300 1772 3496 1866 Sagitta
3513 1800 3648 1868 peri

386 1889 471 1945 vel
501 1904 765 1944 annorum
803 1887 1075 1960 numero.]
1120 1885 1365 1953 Quotidie
1409 1885 1724 1940 adverbium
1747 1882 1959 1939 numeri

383 1995 482 2050 per
505 1998 536 2054 q
557 1987 610 2037 et
636 1997 670 2034 u
695 1979 1038 2035 scribendum
1060 1987 1158 2041 est,
1193 1994 1300 2033 non
1326 1992 1424 2049 per
1443 1994 1492 2044 c,
1515 1985 1573 2031 ut
1595 1984 1726 2046 quot
1747 1975 1954 2031 diebus.

385 2071 588 2129 Cotidie
615 2071 951 2148 [adverbium
994 2070 1437 2144 continuationis)
1474 2087 1572 2141 per
1608 2089 1635 2128 c
1681 2079 1738 2128 et
1756 2070 1958 2141 simpli-

385 2179 556 2220 cemo
602 2162 802 2219 dicitur
825 2171 878 2218 et
908 2161 1180 2227 scribitur,
1230 2177 1337 2216 non
1389 2179 1486 2232 per
1512 2179 1564 2233 ιι,
1620 2161 1746 2232 quia
1795 2177 1903 2218 non
1929 2177 1960 2215 a

383 2261 550 2325 quota
579 2253 687 2321 die,
719 2253 813 2310 sed
851 2271 882 2308 a
911 2248 1208 2310 continenti
1234 2251 1321 2308 die
1345 2254 1545 2309 dictum
1572 2260 1674 2308 est.
1706 2252 1750 2318 Q
1778 2253 1957 2308 littera

384 2352 512 2399 tunc
561 2350 707 2399 recte
749 2341 990 2414 ponitur,
1036 2358 1158 2398 eum
1185 2342 1262 2397 illi
1307 2342 1490 2398 statim
1530 2359 1564 2396 u
1614 2343 1874 2412 sequitur,
1905 2351 1962 2398 et

385 2434 507 2490 alia:
553 2434 809 2506 Quaelibet
861 2434 1113 2506 pluresve
1157 2434 1371 2491 vocales
1405 2435 1604 2490 littera:
1657 2435 1960 2504 conjuncta:

383 2523 607 2593 fuerint,
641 2526 716 2581 ita
742 2533 799 2582 ut
822 2540 929 2580 una
963 2525 1165 2600 syllaba
1189 2525 1280 2580 sit.
1313 2525 1520 2582 Caetera
1542 2541 1642 2597 per
1660 2543 1687 2580 c
1709 2525 1955 2584 scribun-

383 2621 492 2669 tur.

958 2706 1276 2762 LITTERA.
1311 2709 1380 2762 R.

453 2795 676 2870 [Radius
703 2797 985 2854 masculini
1011 2799 1224 2868 generis
1253 2808 1366 2865 est;
1397 2814 1502 2855 non
1528 2800 1735 2854 radium
1759 2800 1956 2857 neutri.

384 2887 628 2960 Regium,
656 2889 801 2959 quod
830 2888 975 2960 regis
1008 2887 1130 2956 fuit,
1160 2889 1377 2945 dicitur.
1409 2887 1633 2961 Regale,
1663 2891 1806 2962 quod
1846 2893 1960 2961 regi

383 2979 562 3054 [Bed.,
595 2978 744 3054 rege]
789 2978 1006 3052 dignum
1048 2988 1149 3035 est.
1195 2979 1392 3035 Recens
1435 2980 1534 3050 feci
1578 2981 1824 3048 dicimus,
1852 2969 1957 3037 non

2061 1903 2184 1942 cum
2210 1893 2423 1958 pastum
2451 1897 2506 1943 et
2532 1887 2960 1960 pinguedinem]
2987 1886 3080 1942 Sal
3096 1896 3152 1941 et
3177 1889 3461 1944 masculini
3487 1904 3649 1959 gene-

2062 1977 2138 2031 ris
2166 1985 2221 2032 et
2249 1978 2428 2033 neutri
2450 1977 2557 2033 dici
2585 1986 2784 2050 potest.
2822 1977 3036 2033 Sartm:
3059 1979 3142 2032 vel
3168 1981 3384 2044 sertriar,
3412 1981 3507 2048 qui
3531 1996 3650 2034 sar-

2057 2069 2134 2123 cit
2156 2069 2372 2124 dicitur.
2407 2067 2734 2133 Sarcinator,
2760 2070 2852 2139 qui
2883 2070 3126 2125 sarcinas
3145 2079 3342 2125 servat.
3374 2069 3472 2126 Sat
3500 2086 3602 2140 per
3631 2082 3650 2124 t

2059 2159 2335 2226 Scribitur,
2371 2162 2498 2231 quia
2527 2175 2625 2230 per
2649 2174 2945 2230 apocopum
2973 2177 3005 2213 a
3041 2159 3252 2218 satisﬁt.
3290 2159 3561 2216 Saturitas
3593 2163 3650 2218 in

2057 2250 2218 2314 cibo;
2247 2250 2302 2304 in
2342 2251 2539 2306 ceteris
2563 2265 2693 2305 vero
2719 2250 2934 2305 satietas
2971 2249 3186 2306 dieitur.
3218 2249 3476 2321 [Sanguis
3513 2252 3652 2306 dici-

2061 2339 2296 2398 turdum
2327 2351 2543 2407 manat;
2581 2341 2782 2398 ell‘usus
2822 2357 2954 2397 vero
2998 2357 3162 2397 cruor
3205 2343 3447 2415 dicitur].
3499 2343 3648 2409 Scio,

2059 2435 2214 2500 sciui,
2264 2435 2483 2500 scitum,
2513 2435 2740 2489 sciturus
2785 2433 2942 2500 facit,
2982 2442 3036 2489 et
3057 2451 3122 2491 ex
3152 2449 3220 2490 eo
3244 2437 3426 2489 scisco.
3459 2432 3651 2489 Scribe

2056 2543 2157 2598 per
2189 2528 2238 2582 b.
2269 2526 2465 2598 Scripsi
2489 2542 2588 2598 per
2619 2545 2651 2599 p
2679 2527 3048 2592 scribendum,
3077 2527 3202 2598 quia
3237 2527 3266 2581 b
3295 2529 3490 2583 transit
3521 2543 3554 2597 p
3591 2527 3651 2582 in

2058 2617 2335 2688 praeterito
2363 2625 2623 2688 tempore.
2663 2617 2940 2691 [Sci-turus
2968 2635 3077 2674 non
3102 2626 3408 2673 sectaturus
3427 2617 3524 2690 '(L.
3553 2633 3650 2672 se-

2059 2707 2302 2780 caturus)
2329 2725 2359 2762 a
2387 2709 2554 2764 verbo
2577 2711 2739 2782 seco.]
2775 2709 2882 2764 Sed
2915 2709 3118 2778 antiqui
3153 2709 3333 2762 sedum
3367 2706 3649 2773 dicebant,

2061 2800 2182 2856 ideo
2209 2800 2302 2855 sed
2326 2816 2423 2870 per
2447 2801 2482 2853 d
2505 2801 2846 2858 scribendum
2872 2808 2972 2856 est.
3009 2801 3200 2866 Sedeo,
3230 2801 3362 2865 sedi,
3394 2799 3519 2853 inde
3539 2815 3652 2853 ses-

2059 2909 2215 2947 surus
2241 2907 2338 2964 per
2365 2893 2470 2948 duo
2490 2910 2533 2947 s.
2561 2891 2836 2965 [Segnities
2853 2894 2974 2949 vitii
3003 2901 3107 2958 est;
3136 2893 3356 2961 segnitia
3379 2891 3648 2962 frigoris].

2060 2985 2254 3041 Sensus
2283 3001 2480 3040 nomen
2517 2993 2602 3040 est
2623 2991 2830 3055 quartae
2871 2985 3273 3050 declinationis,
3323 2991 3377 3038 et
3418 2984 3655 3054 partici-

379 3081 633 3141 rscenter,
667 3079 880 3128 utentes
915 3069 1134 3174 nomine
1169 3086 1268 3142 pro
1303 3069 1603 3174 adverbio]
1640 3070 1716 3126 Re
1752 3087 1960 3144 pranpo-
1983 3113 2030 3174 ο
2058 3077 2207 3148 pium
2235 3083 2319 3132 est
2356 3075 2616 3146 praeteriti
2660 3077 2920 3149 temporis
2959 3093 2990 3132 a
3026 3079 3195 3133 verbo
3231 3077 3464 3148 passivo,
3497 3076 3652 3145 quod

381 3163 508 3224 sitio
532 3179 639 3220 non
661 3171 869 3218 tantum
895 3161 1048 3232 plena
1085 3163 1415 3232 praeponitur
1437 3161 1754 3233 quibusdam
1790 3164 1961 3234 parti-

381 3260 484 3315 bus
507 3259 798 3324 orationis;
827 3265 887 3313 ut
914 3265 1155 3322 removet,
1184 3257 1417 3327 refricat,
1441 3258 1696 3329 respirat;
1725 3258 1818 3312 sed
1845 3266 1899 3313 et
1924 3257 1960 3311 d

382 3347 618 3406 litteram
646 3349 895 3416 assumit,
926 3357 987 3402 ut
1025 3347 1274 3412 redolere,
1316 3347 1504 3402 redire.
1553 3347 1660 3403 Sed
1692 3347 1960 3403 interdum

382 3436 562 3494 littera
595 3437 630 3492 d
672 3438 996 3508 geminatur,
1030 3437 1240 3508 quoties
1292 3438 1360 3492 ab
1405 3452 1468 3491 ea
1509 3453 1738 3506 sequens
1774 3439 1964 3508 incipit

383 3526 608 3598 syllaba,
641 3535 696 3580 ct
721 3542 826 3580 una
862 3541 988 3598 pars
1011 3525 1273 3581 orationis
1309 3524 1437 3597 [Ms.
1476 3525 1601 3596 Reg.
1633 3535 1684 3580 et
1719 3542 1825 3581 una
1855 3527 1964 3598 syl-

384 3614 527 3688 laba]
554 3613 826 3686 expletur;
854 3622 915 3668 ut
943 3611 1157 3668 reddere
1189 3611 1417 3668 dicimus
1453 3614 1722 3684 geminata
1767 3615 1837 3680 d;
1876 3630 1964 3670 re-

384 3706 582 3762 ducere
609 3711 788 3760 autem
813 3704 1063 3776 simplici.
1101 3703 1350 3772 Redoleo,
1377 3715 1708 3778 unguentum
1742 3708 1958 3765 dicitur.

385 3798 467 3854 Re
485 3796 791 3868 praepositio
817 3811 959 3867 saepe
985 3811 1107 3851 eum
1139 3797 1206 3852 ad
1228 3805 1583 3853 consonantes
1610 3800 1835 3864 accedit,
1867 3814 1961 3871 ge-

383 3891 558 3946 minat
591 3889 728 3956 illas,
771 3889 916 3960 quod
937 3888 1254 3960 plerumque
1290 3888 1430 3959 apud
1461 3891 1710 3960 antiquos
1746 3900 1858 3958 est;
1899 3899 1962 3948 ut

257 4038 265 4044 ,
331 4057 333 4059 ι
384 3982 516 4038 cado
541 3981 765 4048 reccido,
795 3980 892 4036 tuli
914 3979 1105 4045 rettuli,
1133 3979 1268 4052 pello
1304 3979 1517 4052 repello,
1545 3981 1613 4035 do
1637 3982 1815 4049 reddo,
1847 3982 1959 4055 lego

384 4073 595 4144 rellego.
626 4071 882 4144 Reliquiae
905 4085 1004 4142 per
1025 4089 1057 4143 q
1081 4071 1424 4128 scribendum
1447 4081 1550 4138 est,
1569 4080 1628 4127 et
1653 4087 1753 4142 per
1791 4088 1957 4128 unum

384 4163 428 4230 ι,
450 4165 578 4220 licet
596 4163 848 4236 Virgilius
874 4162 1026 4237 (Ain.
1053 4179 1092 4230 ι,
1115 4163 1149 4218 '5
1163 4160 1206 4236 ι)
1228 4166 1436 4234 poetica
1457 4161 1670 4218 licentia
1691 4165 1917 4220 dixisset
1941 4181 1956 4219 :

385 4253 662 4326 Relliquiat
678 4252 942 4309 Danaum.

457 4350 535 4406 Re
554 4349 864 4422 praepositio
887 4349 923 4403 d
949 4349 1182 4410 litteram
1211 4351 1544 4408 extrinsecus
1579 4353 1801 4424 accipit,
1833 4371 1955 4411 eum

2062 3176 2144 3224 est
2163 3171 2377 3236 sentior,
2407 3170 2562 3241 cujus
2594 3169 2759 3225 etiam
2794 3170 3092 3242 perfectum
3135 3179 3246 3237 est,
3285 3187 3466 3226 sensus
3503 3187 3646 3236 sum,

2060 3277 2243 3316 sensus
2256 3255 2341 3326 es,
2369 3278 2551 3316 sensus
2579 3271 2655 3316 est
2671 3279 2690 3326 ;
2717 3277 2824 3316 non
2850 3263 3088 3317 sentitus.

2133 3353 2288 3424 Saepe
2312 3353 2342 3406 b
2368 3353 2421 3408 in
2450 3354 2831 3424 praepositione
2857 3355 2951 3409 sub
2980 3355 3258 3425 euphoniae
3285 3370 3446 3409 causa
3475 3355 3530 3409 in
3557 3370 3653 3410 se—

2061 3453 2315 3514 quentem
2338 3445 2634 3500 mutabitur
2654 3453 3057 3511 consonantem,
3079 3455 3142 3500 ut
3161 3446 3373 3514 suﬂ'ero,
3400 3462 3648 3516 suggero,

2061 3537 2350 3599 summitto,
2383 3550 2650 3604 suppono;
2686 3549 2828 3606 saepe
2857 3538 3063 3608 integra
3100 3546 3301 3602 manet,
3332 3537 3376 3593 si
3413 3553 3652 3608 sequens

2061 3624 2267 3696 syllaba
2303 3641 2334 3680 a
2357 3624 2527 3680 vocali
2559 3625 2764 3695 incipit,
2797 3637 2858 3682 ut
2882 3628 3160 3693 subaudio,
3189 3628 3414 3691 subesse,
3445 3628 3649 3695 subire,

2059 3717 2360 3783 subsistere,
2389 3715 2593 3770 subula.
2626 3715 2832 3784 Sanies,
2859 3719 3147 3784 soccordia,
3176 3718 3322 3782 sitis;
3345 3726 3399 3773 et
3427 3719 3480 3772 in
3515 3735 3652 3773 neu-

2060 3815 2146 3864 tro
2158 3806 2396 3879 sulphur,
2421 3805 2743 3877 scrupulum,
2775 3809 2973 3878 sinape,
2997 3809 3138 3874 siler,
3156 3809 3502 3880 singulariter
3528 3818 3654 3862 tan-

2061 3905 2174 3952 tum
2199 3899 2470 3953 dicuntur.
2501 3893 2611 3951 Sed
2639 3897 2897 3968 Virgilius
2926 3897 3137 3968 (Georg.
3185 3914 3266 3964 m,
3304 3897 3430 3970 M9)
3467 3917 3479 3950 ι
3513 3897 3650 3952 Sul-

2058 3991 2227 4062 phura
2255 3992 2399 4055 viva;
2428 3997 2482 4046 et
2518 3988 2834 4046 Terrentius
2871 3987 3154 4044 masculini
3179 3988 3454 4060 scrupulus
3481 3987 3645 4059 311

2060 4080 2262 4136 retulit.
2297 4080 2450 4147 Sero,
2477 4097 2643 4146 seras,
2675 4080 2844 4134 semei
2872 4096 2902 4134 a
2929 4079 3245 4142 claudendo,
3275 4094 3396 4148 qua:
3421 4079 3650 4133 veniunt

2059 4189 2090 4228 a
2115 4190 2251 4238 sera,
2281 4172 2335 4227 id
2360 4182 2462 4238 est,
2492 4187 2743 4242 vespera;
2769 4180 2826 4226 et
2852 4171 2976 4241 quia
3008 4186 3153 4235 sero,
3189 4171 3242 4225 id
3279 4178 3384 4235 est,
3419 4184 3650 4242 vespere

2058 4265 2336 4321 civitatum
2363 4264 2755 4320 obclauduntur
2789 4271 2988 4333 portae,
3019 4271 3074 4318 et
3107 4263 3230 4317 inde
3258 4277 3419 4327 serae,
3449 4263 3504 4317 id
3529 4272 3644 4328 est,

2060 4363 2260 4421 vectes,
2305 4357 2499 4425 quibus
2537 4363 2708 4426 porta:
2742 4353 2826 4408 vel
2869 4354 3058 4409 hostiae
3100 4353 3184 4426 [L.
3226 4352 3389 4425 ostia]
3427 4355 3646 4408 urbium

385 4441 455 4498 ad
481 4441 720 4498 vocalem
749 4441 1092 4512 incipientem
1116 4442 1267 4498 verbi
1288 4441 1512 4512 alicujus
1531 4445 1773 4511 accedit;
1797 4462 1956 4515 quam
1986 4453 2038 4518 ο
2059 4445 2436 4512 obfirmantur,
2475 4452 2531 4500 ut
2561 4445 2615 4500 in
2639 4443 2848 4514 psalmo
2875 4461 2889 4498 :
2920 4443 3183 4509 Quoniam
3217 4443 3531 4512 confortavit
3559 4459 3643 4497 se-

382 4537 422 4591 d
450 4551 558 4593 non
585 4533 799 4605 accipit,
837 4534 885 4590 si
913 4533 982 4588 ad
1016 4551 1049 4588 ιι
1089 4544 1474 4592 consonantem
1510 4536 1762 4604 accedat;
1792 4545 1854 4592 ut
1879 4538 1964 4592 ul-

385 4644 504 4700 cere
549 4627 836 4694 redulccro,
877 4644 975 4699 ago
1021 4627 1218 4699 redigo,
1263 4645 1324 4684 eo
1373 4629 1560 4695 redeo;
1605 4647 1726 4685 voco
1763 4646 1961 4698 revoco,

386 4720 532 4778 uinco
563 4719 784 4788 reuinco.
821 4717 1022 4792 [Rubor
1044 4721 1208 4782 arbor
1235 4728 1353 4786 est;
1385 4719 1565 4776 Robur
1588 4720 1824 4776 virtutis.
1851 4720 1965 4776 Ru-

387 4814 483 4874 bor
505 4810 745 4885 coloris].
786 4810 1010 4872 Roseunt
1053 4828 1152 4883 per
1187 4830 1235 4870 e.
1278 4812 1598 4870 Roseaceum
1627 4815 1872 4870 mixtum.
1913 4813 1962 4870 R

387 4906 738 4978 sequentibus
763 4923 820 4972 a,
847 4923 904 4973 ιι,
941 4907 1214 4964 vocalibus
1235 4923 1344 4964 non
1369 4909 1665 4980 aspiratur;
1697 4915 1760 4964 ut
1784 4925 1961 4978 arcus,

385 4999 579 5065 urtica,
599 5014 766 5064 urna;
791 4999 994 5057 notatis
1019 5001 1308 5072 aspiratur,
1337 5009 1398 5056 ut
1433 5001 1588 5067 hara,
1615 5003 1834 5068 harena,
1869 5004 1964 5059 ha-

387 5091 578 5156 rundo.
601 5088 649 5146 R
674 5099 932 5160 sequente
953 5107 982 5146 δ
1008 5091 1249 5148 vocalem
1276 5092 1467 5150 leviter
1489 5093 1732 5162 ellertur,
1756 5103 1818 5150 ut
1842 5112 1964 5151 erus

385 5197 594 5249 eruum,
623 5199 801 5254 ergen.
829 5181 888 5238 Si
920 5191 1043 5253 post
1071 5198 1099 5236 r
1121 5192 1382 5252 sequatur
1411 5185 1440 5239 ό
1469 5185 1552 5240 vel
1585 5201 1619 5238 ιι
1658 5183 1740 5240 vel
1763 5203 1790 5240 s
1822 5185 1907 5240 vel
1935 5203 1965 5241 e

387 5270 567 5343 longs,
599 5281 727 5332 tunc
756 5274 992 5346 graviter
1027 5272 1333 5345 profertur;
1374 5282 1436 5330 ut
1471 5275 1664 5340 herba,
1695 5275 1960 5341 herbidus,

389 5361 623 5430 herbilis,
648 5364 931 5430 herbosus;
969 5365 1246 5436 proprium
1274 5365 1468 5430 hernae,
1505 5367 1646 5422 unde
1671 5373 1793 5422 est:
1828 5364 1964 5420 Iler.

389 5453 510 5508 nica
535 5470 668 5510 saxa
701 5455 876 5512 colunt
902 5468 950 5510 ι.
997 5455 1248 5521 Hersilia,
1286 5457 1513 5526 heredes,
1541 5457 1829 5526 heredium,
1856 5456 1964 5513 He-

391 5543 569 5599 renius
590 5545 885 5616 proprium,
913 5553 967 5601 et
996 5544 1267 5603 Hercules.

461 5668 490 5697 ι
531 5655 702 5727 Virg,
732 5655 857 5711 Eu.
887 5671 986 5724 vn,
1024 5655 1146 5712 684.

2066 4551 2154 4589 ras
2179 4544 2450 4606 portarum
2478 4545 2689 4589 tuarum
2721 4532 2947 4607 (Psalm.
2978 4548 3176 4597 CXLVII,
3209 4535 3318 4604 l5).

2136 4623 2288 4690 Sero,
2326 4624 2479 4691 seris,
2515 4625 2644 4692 seri,
2680 4640 2710 4681 ει
2739 4626 3070 4680 seminando.
3125 4623 3253 4678 Sero
3297 4620 3559 4687 rumores,
3589 4624 3642 4678 id

2063 4724 2170 4782 est,
2202 4715 2446 4786 devulgo.
2482 4711 2702 4780 Servile,
2733 4713 2898 4778 civile,
2937 4721 2991 4768 et
3024 4713 3153 4767 olive
3179 4728 3275 4782 per
3296 4731 3322 4767 υ
3350 4713 3640 4768 scribenda

2064 4815 2208 4872 sunt,
2237 4807 2255 4860 l
2285 4806 2441 4876 longa
2482 4803 2676 4860 ante-1.
2719 4804 2913 4861 Servus
2949 4813 3005 4859 et
3029 4819 3196 4859 alveus
3223 4817 3322 4873 per
3347 4805 3456 4859 duo
3477 4822 3534 4869 u,
3568 4805 3640 4858 ita

2065 4908 2126 4955 ut
2163 4899 2315 4970 prior
2351 4897 2664 4967 digammon
2703 4895 2807 4962 sit,
2849 4910 3082 4966 sequens
3108 4894 3330 4950 vocalis.
3373 4893 3645 4949 Similiter

2062 5009 2290 5066 parvus,
2326 5006 2518 5062 pravus
2561 4997 2617 5045 et
2653 5005 2857 5044 corvus.
2913 4987 3231 5058 [Servitium
3274 4985 3640 5040 multitudinis

2063 5095 2342 5139 servorum
2371 5088 2472 5136 est.
2498 5078 2734 5137 Servitus
2762 5079 3008 5134 condicio
3035 5077 3324 5133 serviendi.
3359 5075 3467 5130 Sed
3495 5085 3639 5130 vete-

2064 5187 2151 5228 res
2176 5171 2547 5228 indiderenter
2572 5169 2853 5226 servitium
2877 5183 2979 5238 pro
3005 5166 3291 5223 serviendo
3314 5172 3635 5235 posuerunt.

2063 5264 2260 5321 Similis
2306 5279 2425 5319 sum
2466 5264 2543 5318 tui
2588 5263 2848 5318 moribus.
2905 5261 3107 5317 Similis
3152 5275 3270 5316 sum
3308 5261 3405 5314 tibi
3453 5251 3636 5330 faeie]

2064 5355 2216 5412 Sicut
2243 5355 2444 5426 primus
2473 5369 2503 5410 e
2531 5353 2746 5419 multis;
2779 5362 2834 5409 et
2855 5353 3003 5424 prior
3045 5367 3111 5407 ex
3138 5350 3376 5416 duobus;
3409 5349 3484 5403 ita
3515 5362 3635 5419 pos.

2063 5457 2270 5502 tremas
2318 5447 2384 5501 de
2421 5445 2625 5511 multis,
2672 5455 2728 5501 et
2755 5443 3076 5516 posteriore
3105 5441 3330 5498 duobus.
3373 5439 3632 5503 Solemus,

2062 5551 2128 5593 co
2167 5536 2312 5607 quod
2353 5537 2494 5592 solet
2532 5537 2588 5592 in
2632 5551 2775 5592 anno
2816 5549 2918 5604 per
2954 5549 3120 5590 unum
3149 5532 3187 5587 Ι.
3245 5530 3353 5587 Sed
3385 5539 3444 5587 et
3475 5545 3527 5582 m
3552 5546 3632 5586 se-

2133 5650 2161 5689 ι’
2197 5648 2294 5704 llic
2320 5649 2501 5706 linitur
2526 5651 2642 5707 cod.
2685 5666 2784 5706 ms.
2827 5648 3026 5721 Regius
3057 5644 3398 5710 Parisiensis.
3428 5642 3628 5701 Cetera

2065 5721 2136 5776 ibi
2166 5721 2438 5776 deﬁciunt.
