3934 6180
278 301 387 359 9i7

1257 300 1711 372 crassatum
1747 300 1944 359 war.
1979 299 2540 372 aerumnarum.
2573 347 2580 352 .
2677 343 2682 348 .

3428 313 3534 370 918

277 420 468 491 quanti
502 419 706 492 syllaba
751 421 1048 484 secundum
1089 419 1430 488 Priscianum
1475 418 1633 494 iungi
1671 415 1850 473 debet.
1877 416 1927 494 ,Δ
1958 429 2174 469 aeneum
2211 424 2356 486 terga
2387 415 2672 486 fatigamus
2704 416 2880 488 hasta.
2920 417 3055 488 Quia
3083 421 3228 494 quod
3253 422 3532 483 hominum

279 512 401 584 [Sol
427 514 482 566 in
510 519 739 580 utraque
765 528 992 569 numero
1016 512 1349 578 declinatur;
1384 511 1477 565 sed
1508 508 1857 582 singulariter

276 605 361 660 sol
406 604 581 673 ipsum
620 603 888 658 luminare
933 603 1235 674 signiﬁcat;
1277 611 1334 656 at
1370 601 1513 657 soles
1556 601 1702 671 ipsos
1737 600 1856 657 dies

273 695 640 759 twminamus,
679 695 736 748 in
763 694 960 763 quibus
999 694 1080 748 sol
1115 700 1290 748 totum
1327 692 1612 747 inluminat
1649 690 1854 762 polum.

277 784 532 840 Nonnulli
568 792 749 839 tamen
790 792 1030 838 veterum
1075 784 1192 852 ipsa
1223 783 1469 838 carmina
1498 781 1637 837 soles
1678 781 1855 836 nomi-

275 889 500 940 navere,
527 874 666 929 sicut
693 872 910 928 Oratius
947 888 1172 928 exorsus
1198 880 1314 940 est;
1373 871 1691 945 solesmeas
1711 869 1854 934 omni

273 965 509 1022 ecclesiae
533 975 713 1021 vestrae
737 965 1059 1020 commenda.
1099 964 1168 1020 Et
1194 963 1344 1020 Mam
1382 963 1590 1035 (Eclog.
1619 979 1695 1030 lx,
1722 961 1813 1034 52)
1830 980 1848 1017 :

799 1161 802 1166 .
927 1166 929 1168 .
1030 1149 1070 1164 ρ
1126 1119 1585 1181 Sepoegoiongos

428 1181 671 1236 Cantando
694 1179 900 1244 puerum
923 1181 1124 1230 memini
1145 1179 1226 1236 me
1249 1179 1464 1232 candore
1483 1179 1634 1232 soles.

277 1307 483 1366 Solium
506 1309 724 1380 proprie
751 1309 895 1364 sedis
921 1309 1119 1378 regalis
1143 1316 1246 1372 est,
1279 1308 1425 1363 unde
1448 1307 1637 1363 Graece
1663 1306 1847 1362 basili-

273 1415 363 1452 cas
421 1399 647 1453 thronus
693 1407 937 1453 vocatur.
987 1398 1225 1458 Samnio.
1253 1414 1360 1454 non
1399 1399 1678 1464 somnior;
1707 1414 1848 1453 som-

256 1489 436 1555 niavi,
464 1505 574 1544 non
603 1488 901 1545 samniatus
931 1505 1073 1545 sum.
1279 1485 1282 1490 ’
1394 1557 1396 1560 ν

348 1579 527 1652 [Sars,
555 1583 747 1645 sortis;
777 1594 832 1638 et
858 1599 972 1638 sors
996 1583 1165 1639 sordis
1193 1584 1411 1639 dicitur.
1445 1582 1600 1638 Unde
1617 1580 1849 1638 Ambro-

269 1673 416 1729 sius:
433 1674 648 1729 Mundet
683 1691 855 1741 cassa,
885 1692 950 1730 ne
973 1691 1086 1731 sors
1115 1675 1294 1747 aliqua
1315 1676 1419 1730 vini
1445 1675 1669 1746 gratiam
1693 1675 1846 1728 deca-

269 1763 425 1820 loret.
469 1765 706 1841 Tametsi
748 1775 946 1838 negant
977 1767 1192 1837 quidem
1220 1766 1424 1820 sordem
1453 1763 1845 1820 nominativum
1880 1753 1922 1813 Β

269 1855 604 1927 singularem
649 1855 893 1929 habere].
943 1855 1209 1927 Spondeo,
1235 1856 1490 1928 spopondi
1529 1857 1586 1911 in
1607 1854 1845 1912 secunda

269 1945 484 2017 syllaba
507 1964 533 2001 s
558 1947 776 2012 amittit,
798 1947 946 2002 velut
968 1947 1244 2002 Prisciano
1269 1947 1463 2016 placet.
1495 1945 1847 2018 [Stercaratas

265 2050 438 2107 agros
469 2052 574 2091 non
611 2047 921 2092 stercoralos
961 2039 1130 2104 dicas,
1168 2038 1364 2108 quibus
1400 2045 1612 2092 stercus
1649 2037 1716 2090 ad
1762 2035 1845 2092 fe-

269 2127 616 2182 cundandum
666 2125 939 2200 infertur.]
997 2126 1185 2183 Studia
1221 2127 1313 2183 tibi
1342 2127 1476 2197 feci,
1505 2126 1557 2182 id
1585 2137 1691 2193 est,
1719 2129 1846 2184 dum

266 2219 464 2276 studeo
491 2221 610 2276 tibi.
657 2220 846 2277 Studia
874 2232 964 2275 tua
989 2221 1090 2290 feci
1130 2222 1208 2286 id,
1251 2230 1306 2276 te
1330 2222 1598 2277 studente.
1641 2221 1846 2293 [Sumi-

267 2328 410 2380 mus,
445 2328 570 2369 cum
611 2315 710 2384 ipsi
741 2315 1035 2385 accipimus
1077 2314 1146 2368 ab
1184 2312 1310 2369 alio.
1357 2313 1449 2368 Sic
1478 2327 1600 2367 cum
1633 2313 1844 2380 damus,

267 2402 556 2460 dicendum
590 2405 798 2476 accipe;
831 2421 952 2460 cum
983 2404 1348 2475 permittimus
1388 2403 1489 2474 ipsi
1521 2403 1733 2467 tollere,
1764 2403 1845 2460 di-

267 2499 502 2556 cendum
529 2507 613 2556 est
635 2497 828 2572 sume.]
859 2499 1071 2570 Sumpsi
1098 2515 1194 2570 per
1220 2516 1254 2570 p
1283 2498 1662 2562 scribendum;
1695 2497 1847 2553 sitni-

261 2591 398 2647 iiter
421 2599 478 2647 et
495 2601 820 2664 sumpturus.
867 2591 1153 2664 Superum,
1194 2593 1286 2663 qui
1329 2607 1494 2662 super
1528 2593 1644 2647 mit
1670 2591 1846 2647 videri

259 2699 436 2754 quam
459 2691 561 2741 est.
601 2684 795 2756 Supter
813 2700 913 2756 per
935 2701 969 2756 p
997 2701 1103 2740 non
1131 2701 1229 2756 per
1255 2685 1283 2740 b
1313 2686 1590 2741 scribitur.
1625 2683 1848 2757 [Supter

259 2783 376 2839 est,
428 2777 570 2846 quod
616 2791 677 2831 re
725 2775 905 2845 aliqua
953 2776 1231 2846 superiore
1274 2777 1559 2846 premitur.
1625 2773 1844 2846 Suptus,

259 2866 412 2935 quod
439 2867 730 2923 demissum
761 2866 924 2922 altius
951 2882 1058 2920 non
1086 2866 1350 2937 tangitur.
1381 2864 1550 2936 Super
1576 2872 1679 2930 est,
1701 2865 1846 2934 quod

259 2958 505 3023 eminet;
561 2974 756 3028 supra,
805 2957 949 3027 quod
1001 2955 1332 3012 substratum
1387 2955 1588 3024 aliquid
1636 2952 1842 3026 habet].

261 3045 520 3117 Supplico
569 3046 764 3101 divinat
809 3046 1012 3117 pietati,
1061 3061 1160 3116 per
1188 3046 1292 3100 duo
1333 3063 1387 3116 p.
1435 3043 1721 3116 Suppellea:
1747 3061 1846 3114 per

1959 502 2082 571 iuit,
2113 505 2436 562 animalibus
2453 505 2738 578 imposuit,
2762 517 2818 565 et
2847 517 2932 567 est
2956 507 3399 585 cacosyntheton.

2032 594 2288 666 Tinguere
2332 587 2770 666 dicendum'cst,
2818 615 2926 656 non
2971 603 3188 673 tingere.
3243 604 3530 660 Temeritas

1956 682 2073 740 sine
2100 686 2355 752 consilio;
2406 687 2629 743 audacia
2658 698 2780 759 post
2818 692 3124 747 consilium.
3165 693 3529 766 Temperantia

1954 775 2286 842 animorum;
2337 779 2638 847 temperatio
2683 793 2893 846 rerum;
2940 783 3208 853 temperies
3251 799 3520 838 aurarum.

1939 863 2134 920 ‘Turba
2167 867 2216 920 si
2253 867 2325 942 sit
2361 867 2658 938 proprium,
2697 869 2930 924 turbonis
2963 870 3124 940 facit;
3168 872 3212 928 si
3247 872 3530 945 appellati-

1952 957 2080 1009 vum
2117 949 2378 1022 turbinis;
2429 973 2554 1011 nam
2601 959 2714 1013 sive
2759 969 2976 1028 ventus,
3027 961 3143 1017 sive
3188 977 3295 1034 quo
3340 963 3528 1019 ludum

1950 1045 2127 1118 pueri,
2170 1047 2261 1102 hic
2294 1049 2452 1104 turbo
2491 1048 2708 1104 dicitur.
2758 1050 3012 1121 Virgilius
3053 1051 3207 1122 (zEn.
3234 1068 3334 1120 vn,
3369 1046 3536 1117 579).

1939 1143 1952 1154 ‘
2072 1181 2080 1193 ν.
2437 1146 2440 1149 ’
2515 1145 2522 1168 ⁵
2559 1156 2712 1210 Torta
2727 1157 2820 1208 sub
2843 1162 3054 1212 verbere
3083 1153 3242 1212 turbo.

2019 1255 2180 1328 312
2207 1256 2515 1330 [Teloneum
2544 1275 2651 1314 non
2673 1260 2987 1330 thelaneum,
3019 1263 3070 1318 id
3096 1271 3197 1330 est,
3225 1272 3366 1334 pert
3394 1265 3529 1320 sim-

1948 1348 2144 1418 plicem
2181 1367 2196 1406 :
2229 1366 2336 1406 non
2381 1351 2709 1422 aspiratione
2743 1355 2944 1410 addita.
2993 1355 3091 1411 Est
3130 1365 3308 1413 autem
3341 1357 3528 1416 Graece

1949 1438 2130 1506 telan,
2172 1439 2365 1496 Latine
2405 1441 2682 1514 vectigal.]
2722 1443 2896 1500 Traho
2920 1485 2936 1511 ,
2976 1446 3107 1500 veho
3149 1447 3206 1502 in
3256 1451 3529 1519 praeterito

1946 1532 2332 1600 aspirationem
2373 1533 2430 1590 in
2469 1549 2506 1589 π
2541 1542 2880 1600 convertunt,
2919 1545 2982 1590 ut
3026 1539 3190 1604 traxi,
3228 1541 3362 1595 aeri.
3402 1541 3524 1596 alia

1944 1620 2234 1690 projiciunt
2281 1624 2704 1694 aspirationem;
2758 1626 2990 1682 dicimus
3043 1629 3187 1682 enim
3243 1629 3525 1699 prehendo,

1949 1718 2001 1765 et
2029 1711 2257 1782 prenda;
2299 1713 2567 1767 vehemens
2604 1721 2658 1770 et
2695 1731 2930 1781 vemens;
2973 1715 3124 1780 nihil,
3155 1715 3248 1780 nil,
3279 1724 3334 1771 et
3356 1717 3526 1774 nihili.

1949 1799 2197 1856 Hercule.
2226 1810 2280 1858 et
2304 1801 2462 1880 crcle,
2489 1802 2635 1874 quod
2662 1812 2748 1860 est
2772 1805 3089 1862 adverbium
3114 1804 3350 1864 iurandi.

2533 1931 2834 1991 LITTERA
2872 1933 2941 1990 V.

2029 2039 2211 2108 Vinea,
2261 2044 2308 2098 si
2352 2044 2603 2100 arborem
2649 2045 2942 2116 signiﬁcat,
2975 2047 3028 2102 in
3072 2048 3245 2118 prima
3273 2050 3530 2122 syllabai

1946 2131 2108 2187 debet
2153 2131 2377 2200 habere;
2411 2136 2549 2191 etin
2589 2137 2824 2192 secunda
2863 2151 2911 2204 e,
2954 2138 2999 2194 si
3033 2140 3102 2194 ad
3141 2129 3526 2212 indulgentiam

1945 2223 2201 2296 pertinet,
2246 2221 2422 2294 prima
2466 2224 2672 2296 syllaba
2699 2242 2747 2293 e,
2795 2235 2852 2282 et
2895 2229 3179 2286 secundai
3224 2231 3441 2300 habeat,
3470 2242 3530 2290 ut

1945 2319 2031 2365 est
2073 2311 2239 2367 venia.
2292 2311 2488 2384 Urgere
2542 2315 2802 2372 debemus
2857 2317 3058 2385 dicere,
3113 2334 3224 2377 non
3272 2336 3526 2396 urguere.

1946 2399 2204 2472 Virgilius
2233 2418 2246 2455 :
2282 2400 2547 2474 Urgentur
2565 2407 2748 2478 panis.
2792 2406 2926 2463 Item
2951 2425 2965 2462 :
2991 2406 3186 2481 Urgere
3212 2409 3316 2466 tela
3344 2413 3524 2467 manu.

1959 2489 2173 2560 Vaccas,
2203 2493 2248 2548 si
2274 2491 2526 2550 animalia
2555 2495 2845 2568 signiﬁcat,
2875 2513 2974 2570 per
3006 2516 3036 2554 υ
3053 2517 3072 2565 ;
3101 2499 3148 2556 si
3177 2499 3338 2558 ﬂores
3362 2500 3522 2565 lauri,

1945 2580 2000 2638 id
2029 2589 2133 2646 est,
2170 2582 2368 2642 baccas
2396 2599 2493 2653 per
2519 2585 2549 2640 b
2579 2587 2868 2644 scribatur.
2914 2587 3082 2644 Vallis
3124 2597 3182 2646 et
3207 2588 3401 2646 vallum
3429 2605 3530 2660 per

1945 2673 2346 2730 a-scribendum
2376 2683 2480 2731 est.
2529 2675 2782 2732 Ballistra
2817 2687 2873 2732 et
2897 2678 3102 2734 ballena
3127 2693 3228 2750 per
3254 2679 3305 2734 b.
3343 2677 3526 2758 Volva,

1945 2762 2088 2830 quod
2134 2771 2217 2818 est
2251 2766 2473 2831 ostium,
2499 2780 2598 2835 per
2627 2783 2676 2822 υ.
2721 2766 2892 2823 Balba
2929 2767 3131 2826 mobile
3158 2783 3378 2836 nomen,
3407 2767 3524 2823 bal-

1947 2852 2064 2920 bus,
2087 2854 2263 2922 balba,
2289 2855 2520 2910 balbum.
2551 2857 2704 2926 Quod
2732 2869 2817 2917 est
2843 2861 3168 2932 tardilaqua,
3195 2876 3293 2932 per
3329 2860 3359 2916 b
3389 2859 3530 2918 scri-

1945 2943 2124 2998 batur.
2186 2942 2351 3000 Valde
2399 2947 2714 3004 adverbium
2761 2963 2792 3006 a
2829 2951 3004 3006 valida
3042 2953 3257 3008 nomine
3283 2952 3525 3018 veniens,

1947 3033 2092 3087 unde
2139 3033 2290 3088 valde
2323 3045 2578 3107 corrupte
2608 3038 2828 3106 dicitur,
2856 3056 2954 3113 per
2979 3058 3008 3096 υ
3034 3041 3380 3097 scribendum
3419 3051 3522 3096 est.

257 3097 1670 3210 «ἶιῖὅΓρέἐειυίιζέιζιῼζέῇἑὲιὲὲἦζ⁷εὲἑέιεῖιξάεξέυνῇιιᾶίηὶη,
1704 3097 1845 3194 sicut
1872 3097 1916 3160 ο
2025 3121 2224 3190 Velius.
2247 3126 2292 3180 si
2319 3097 2502 3181 lanarn'
2523 3097 2827 3198 signiﬁcat;
2843 3097 2942 3201 [Ser
2968 3148 3032 3197 v;
3063 3131 3110 3186 si
3138 3130 3321 3195 tcum.
3344 3130 3398 3185 id
3417 3138 3525 3195 est.

255 3235 322 3284 et
353 3228 406 3283 in
428 3229 623 3285 veteris
651 3225 822 3295 libris,
851 3229 932 3286 sic
958 3229 1012 3284 in
1037 3228 1236 3286 nostris
1254 3243 1352 3299 per
1369 3245 1401 3298 y
1419 3228 1581 3285 scribi
1609 3235 1843 3301 oportet.

856 3377 1157 3436 LITTERA
1195 3381 1260 3438 Τ.

343 3507 576 3565 Totidem
610 3524 710 3580 per
737 3517 756 3564 t
784 3509 1057 3578 scribitur,
1082 3513 1206 3582 quia
1239 3527 1272 3568 a
1297 3521 1372 3568 tot
1399 3529 1629 3572 numero
1652 3517 1844 3574 adver-

260 3599 402 3655 biali
431 3599 601 3655 venit.
637 3599 804 3656 Trans
831 3602 1138 3672 praepositio
1166 3603 1434 3660 interdum
1461 3605 1622 3676 plena
1651 3615 1755 3674 est,
1785 3616 1846 3664 ut

257 3690 562 3756 transtulit,
591 3701 821 3757 transeo,
856 3701 1200 3746 transactum.
1248 3693 1305 3747 In
1334 3695 1651 3763 quibusdam
1683 3713 1717 3750 η
1743 3706 1846 3752 ets

257 3780 530 3850 admittit,
571 3789 632 3836 ut
658 3781 908 3849 traducit,
937 3780 1129 3835 traicit.
1182 3779 1383 3837 Tabula
1405 3791 1462 3838 et
1487 3783 1666 3854 fabula
1693 3795 1790 3855 per
1815 3787 1847 3841 b

256 3872 597 3930 scribantur.
653 3872 877 3948 [Testor,
926 3872 1129 3943 aliquid
1172 3873 1503 3930 conﬁrmans
1547 3873 1851 3935 sententia.

254 3961 544 4020 Contestor
562 3979 686 4020 eum
707 3964 939 4034 quadam
960 3963 1286 4020 auctoritate
1311 3963 1608 4022 allirmans.
1657 3960 1848 4020 Prata.

253 4066 379 4112 star
399 4054 686 4110 manifesta
711 4054 952 4112 cavenda
973 4054 1313 4111 denuntians.
1343 4053 1586 4110 Obtestar
1608 4055 1845 4126 aliquem

251 4157 450 4216 lurare
476 4144 821 4215 compellens.
851 4143 1082 4212 Attestor
1113 4145 1348 4214 aliquem
1378 4145 1443 4200 ad
1478 4146 1844 4202 testimonium

255 4252 488 4302 vocans,
515 4237 610 4307 qui
637 4237 709 4292 sit
737 4236 999 4308 dignitate
1025 4235 1110 4292 vel
1145 4238 1469 4294 auctoritate
1495 4238 1708 4294 eminus
1755 4235 1840 4310 [L.

260 4327 555 4400 eminens].
611 4327 852 4382 Detestor
891 4325 1094 4397 aliquid
1139 4329 1502 4384 execrandum
1559 4345 1840 4399 respuens.

1947 3214 2193 3286 pulcher,
2231 3230 2331 3285 per
2365 3216 2394 3271 b
2424 3217 2716 3273 scribatur.
2756 3217 2858 3274 Ver
2887 3229 2942 3276 et
2962 3221 3034 3276 ait
3061 3235 3160 3292 per
3183 3238 3212 3276 υ
3236 3220 3523 3276 scribenda

1947 3315 2094 3362 sunt.
2146 3305 2260 3374 Vel,
2303 3309 2352 3363 si
2397 3308 2708 3378 coniunctio
2751 3318 2856 3378 est,
2896 3325 2996 3382 per
3037 3328 3103 3378 a;
3151 3311 3198 3366 si
3242 3311 3524 3367 humorem

1946 3399 2234 3471 signiﬁcat,
2275 3416 2374 3471 per
2401 3402 2443 3472 ι’,
2489 3403 2534 3458 si
2569 3402 2796 3470 idolum,
2836 3419 2935 3476 per
2975 3403 3006 3460 b
3045 3402 3387 3460 scribendum
3419 3412 3522 3460 est.

1955 3492 2202 3563 Verbera,
2230 3496 2382 3566 prior
2411 3497 2615 3570 syllaba
2651 3499 2721 3555 ab
2749 3515 2810 3566 v;
2839 3499 3112 3570 posterior
3145 3513 3176 3554 a
3209 3498 3238 3554 b
3277 3497 3522 3568 incipiat.

1948 3585 2202 3656 Ulciscor,
2251 3589 2393 3647 ultus
2439 3607 2556 3646 sum
2607 3589 2758 3647 facit.
2819 3588 2969 3657 Vala,
3014 3591 3157 3647 calas
3205 3606 3238 3646 a
3273 3588 3521 3647 volando.

1956 3675 2104 3746 Vala,
2133 3681 2208 3735 vis
2239 3697 2270 3736 a
2298 3682 2598 3748 voluntate,
2626 3681 2776 3752 quod
2794 3681 3174 3753 imperativum
3204 3679 3525 3735 naturaliter

1944 3784 2050 3823 nou
2103 3770 2294 3837 habet;
2348 3771 2473 3840 quia
2511 3773 2793 3842 imperata
2842 3771 3182 3828 necessitatis
3223 3777 3368 3834 sunt,
3412 3784 3522 3824 non

1945 3855 2257 3912 voluntatis.
2294 3855 2417 3928 [Vis
2448 3855 2717 3926 duplicem
2761 3858 3212 3928 signiﬁcationem
3240 3857 3423 3920 habet,
3463 3865 3519 3910 ct

1943 3948 2160 4003 virtutis
2188 3947 2466 4013 videlicet,
2499 3948 2642 4018 quod
2671 3947 2860 4003 Graece
2885 3948 3165 4004 A'rNAMtc
3213 3946 3440 4012 dicitur;
3467 3955 3538 4004 et.

1943 4036 2230 4103 violentiae,
2271 4036 2415 4106 quod
2442 4035 2629 4092 Graece
2653 4041 2796 4093 BlAN
2827 4043 3073 4091 vocatur.
3124 4031 3322 4088 Verbex
3344 4032 3519 4098 vobis.

1943 4128 2013 4183 ab
2038 4144 2065 4182 υ
2092 4127 2456 4199 incipiendum
2497 4134 2602 4194 est,
2646 4135 2703 4182 et
2747 4125 2878 4182 facit
2915 4125 3224 4202 genetivum
3266 4123 3522 4191 verberes,

1943 4217 2156 4289 longam
2183 4236 2212 4274 ο
2251 4219 2306 4274 in
2353 4219 2591 4274 secunda
2620 4217 2849 4290 syllaba.
2899 4215 3038 4272 Dum
3063 4223 3272 4283 vertex,
3299 4214 3520 4282 cordex,

1942 4309 2151 4366 cadexi
2178 4308 2396 4364 brevem
2424 4309 2623 4365 habent
2653 4309 2708 4364 in
2738 4308 2975 4379 obliquis
2999 4309 3240 4376 casibus,
3272 4315 3334 4364 ut
3353 4307 3523 4366 verti-

268 4418 576 4489 l'riumphat
597 4418 828 4482 hostem,
852 4418 944 4490 qui
963 4426 1198 4489 superat.
1227 4417 1536 4490 Triumphat
1554 4436 1655 4478 nos
1677 4420 1840 4488 Deus,

1954 4399 2046 4465 cis,
2074 4400 2309 4468 corticis,
2339 4399 2544 4456 codicis
2572 4407 2629 4457 et
2655 4407 2851 4456 caetera
2878 4399 3023 4456 talia.

264 4524 390 4568 sum
424 4508 714 4578 superandi
739 4508 926 4563 hostes
951 4508 1210 4564 auxilium
1239 4509 1448 4564 tribuit.

336 4599 677 4670 Transmigro
712 4600 938 4654 verbum
965 4598 1233 4669 duplicem
1269 4599 1721 4672 signiﬁcationem
1745 4603 1844 4660 ha-

248 4693 386 4757 bet;
438 4690 763 4761 transmigro
793 4690 962 4756 enim,
1009 4704 1133 4744 cum
1169 4691 1236 4746 de
1275 4690 1395 4746 loco
1424 4693 1492 4748 ad
1526 4693 1704 4760 locum
1739 4695 1844 4751 iter

248 4780 428 4836 facio.
475 4778 610 4835 Item
651 4781 965 4850 transmigro
1013 4779 1242 4847 dicitur,
1292 4797 1416 4838 cum
1469 4785 1841 4843 additamenta

249 4867 562 4927 accusativi
602 4885 781 4936 casus,
825 4869 879 4924 id
924 4877 1028 4935 est,
1071 4886 1194 4926 cum
1240 4871 1476 4941 aliquem
1518 4875 1584 4929 de
1620 4874 1740 4930 loco
1774 4876 1842 4932 ad

251 4962 446 5017 locum
475 4959 768 5029 transfero,
796 4969 894 5014 ut:
927 4960 1420 5020 Nabuchodonosor
1439 4965 1846 5037 transmigrsvit

247 5039 481 5110 Indicos
509 5051 578 5106 ab
599 5048 933 5105 Hierusalem
966 5051 1016 5105 in
1042 5051 1410 5123 Babyloniam.
1439 5052 1842 5126 Transmigrans

247 5143 615 5218 participium
661 5157 814 5213 mque
857 5142 1160 5212 dupliciter,
1208 5152 1262 5200 et
1303 5146 1370 5200 de
1417 5144 1537 5200 loco
1570 5145 1640 5218 ad
1663 5145 1842 5204 locum

253 5235 545 5294 transiens
573 5233 796 5306 aliquis;
847 5243 903 5289 et
931 5234 1094 5289 alium
1122 5237 1186 5291 de
1215 5235 1333 5291 loco
1362 5234 1430 5291 ad
1464 5236 1641 5292 locum
1671 5246 1846 5293 trans-

253 5327 455 5383 ferens
501 5323 864 5398 intelligitur.]
917 5322 1062 5378 Tunc
1096 5326 1355 5395 temporis
1386 5327 1700 5383 adverbium
1725 5337 1844 5396 est;

254 5430 381 5474 talin
408 5416 636 5472 ordinis.
667 5414 862 5489 [Terga
888 5415 1163 5470 hominum
1193 5424 1320 5470 sunt
1348 5422 1578 5483 tantum,
1610 5417 1849 5489 singula-

251 5505 407 5563 riter
435 5513 655 5580 tergum.
709 5503 904 5576 Tergus
952 5505 1362 5576 quadripedum,
1399 5506 1680 5576 pluraliter
1721 5506 1854 5568 facit

249 5610 508 5668 tergora,
535 5594 590 5651 id
615 5595 719 5662 est,
748 5593 946 5668 coria.]
976 5595 1099 5652 ideo
1127 5595 1183 5650 in
1209 5596 1460 5666 exemplo
1485 5597 1632 5667 quod
1673 5613 1855 5670 gram-

256 5690 508 5748 maticus
530 5690 730 5763 posuit,
759 5690 952 5746 vitiosa
975 5688 1294 5760 compositio
1316 5697 1396 5745 est
1423 5704 1437 5745 :
1479 5689 1735 5763 Versaque
1753 5691 1849 5763 ju-

2021 4507 2277 4582 [Ulterior
2321 4518 2378 4566 et
2406 4509 2625 4566 ultimus
2665 4511 2958 4580 positivum
3001 4511 3226 4581 gradum
3269 4526 3378 4568 non
3425 4511 3524 4567 ha—

1943 4589 2132 4682 Μαι]
2157 4599 2403 4670 Veniunt;
2445 4603 2537 4673 qui
2575 4601 2840 4670 vendunt;
2876 4613 3115 4670 veneunt,
3142 4603 3236 4674 qui
3274 4603 3520 4660 vendun-

1945 4697 2054 4745 tur.
2110 4689 2369 4746 Velocitas
2411 4692 2610 4762 pedum
2659 4700 2717 4748 et
2759 4706 3080 4762 corporum;
3115 4692 3367 4750 celeritas
3395 4693 3525 4757 ani.-
3567 4732 3574 4742 ρ

1944 4795 2157 4838 morum
2186 4789 2241 4842 et
2268 4779 2555 4837 factorum.
2593 4777 2774 4848 Ulcus,
2800 4780 2944 4851 quod
2972 4780 3231 4838 nascitur.
3265 4779 3525 4854 [Vulnus,

1941 4869 2083 4942 quod
2129 4884 2228 4939 per
2272 4869 2440 4926 alium
2481 4870 2565 4926 ﬁt.
2617 4867 2810 4942 Urgaa,
2853 4885 2964 4927 non
2993 4887 3183 4943 arguo.
3223 4873 3520 4946 Virgilius:

1944 4961 2203 5027 Quibusve
2259 4971 2510 5032 urgentur
2560 4978 2744 5033 panic.
2809 4960 2990 5036 Uirgo,
3037 4965 3199 5032 misi;
3241 4967 3512 5038 quomodo
3578 4956 3581 4959 ’

1940 5054 2125 5127 pingo,
2175 5052 2344 5123 pinxi,
2391 5060 2621 5124 uterque
2649 5053 2769 5110 sine
2812 5070 2881 5121 u;
2935 5062 3176 5112 attamen
3219 5057 3289 5114 ad
3327 5069 3526 5115 nomen

1919 5134 2298 5215 derivativum
2355 5142 2536 5210 addit;
2604 5151 2666 5199 ut
2719 5143 2939 5217 pinguis
2977 5143 3256 5219 unguine].
3324 5145 3518 5214 γυιω,

1941 5234 2134 5301 malva,
2192 5235 2326 5289 stiva
2379 5249 2480 5306 per
2523 5251 2552 5290 υ
2596 5234 2718 5292 loco
2779 5237 3130 5292 consonantis
3192 5235 3518 5294 scribentur.

1954 5323 2142 5394 Valde,
2175 5339 2274 5397 per
2319 5323 2714 5382 detractionem
2761 5321 2784 5380 ε
2822 5326 3016 5383 suam
3051 5323 3162 5384 hoc
3203 5315 3522 5387 adverbium

1947 5417 2149 5474 dictum
2179 5424 2279 5483 est,
2313 5418 2468 5489 quasi
2505 5415 2694 5474 valide.
2709 5417 2898 5476 Valide
2928 5421 3074 5476 enim
3100 5419 3310 5492 integra
3333 5423 3534 5481 dictio.‘

1956 5506 2126 5564 Villus
2146 5517 2232 5564 est
2250 5506 2658 5573 vestimentum;
2686 5505 2814 5562 uilla
2836 5509 3127 5580 possessio.

2023 5596 2184 5670 [Vas,
2223 5597 2391 5664 uadis,
2432 5597 2501 5652 de
2537 5595 2749 5664 fenore,
2793 5610 2992 5669 genere
3030 5599 3348 5658 masculino.
3393 5599 3520 5666 Vas,

1956 5691 2115 5747 cassis
2139 5691 2204 5749 dc
2228 5690 2444 5748 vasculo
2472 5689 2769 5766 neutrum],
2797 5699 3026 5765 utraque
3050 5708 3148 5766 per
3174 5711 3232 5762 ιι,
3261 5694 3347 5765 fas
3377 5709 3475 5762 per
3499 5697 3523 5766 f
