3934 6180
316 359 417 417 921

1131 361 1604 422 DIDASCALICA.
1638 395 1708 406 ——-
1745 363 2017 422 DlALOG.
2058 365 2148 423 DE
2185 367 2392 425 RHET.
2423 370 2511 427 ET
2553 371 2738 432 VIRT.

3462 385 3569 441 θρα

307 479 613 536 bestiarum
646 493 795 535 more
816 477 1168 552 vagabantur,
1194 497 1297 537 nec
1314 482 1526 538 ratione
1546 477 1710 538 animi
1731 482 1886 553 quid-
1915 485 1963 543 Α
1990 481 2146 549 dere;
2197 484 2444 540 ultimum
2484 501 2549 542 ac
2591 502 2884 558 summum,
2934 494 3076 561 quod
3118 499 3380 553 memoria
3420 515 3566 557 com—

308 587 495 644 quam,
549 572 643 627 sed
696 571 954 641 pleraque
998 572 1206 628 viribus
1243 573 1486 644 corporis
1538 574 1886 628 administra-

304 667 460 723 bant.
508 664 756 722 Nondum
784 665 966 720 divina
999 666 1189 736 religio
1234 665 1414 739 [Mss.,
1445 665 1641 721 divina:
1670 665 1888 736 religio-

305 756 450 830 nis],
506 757 745 811 nondum
793 755 1016 811 humani
1069 755 1230 811 ofﬁcii
1275 757 1414 812 ratio
1445 757 1743 824 colebatur,
1793 759 1888 815 sed

305 861 452 902 eam
513 852 570 902 et
615 845 905 900 temeraria
956 843 1329 919 [dominatrix]
1384 847 1650 918 cupiditas
1701 847 1770 904 ad
1828 863 1896 918 se,

307 936 632 1008 explendam
680 935 884 991 viribus
933 937 1177 1007 corporis
1223 938 1568 993 abutebatur.
1600 937 1718 1006 Quo
1749 947 1886 994 tem-

301 1045 438 1102 pore
470 1025 692 1100 quidam
720 1029 806 1083 vir
853 1043 1082 1101 magnus
1107 1037 1163 1084 et
1208 1030 1425 1100 sapiens
1462 1032 1732 1103 cognovit,
1762 1048 1884 1103 quas

299 1121 532 1178 materia
562 1130 616 1176 et
636 1129 834 1192 quanta
861 1121 931 1176 ad
960 1121 1226 1178 maximas
1252 1137 1341 1177 res
1371 1122 1748 1193 opportunitas
1765 1122 1883 1178 ani—

298 1212 408 1270 mis
455 1213 655 1269 inesset
680 1212 979 1278 hominum,
1007 1212 1053 1267 si
1081 1210 1203 1282 quis
1246 1227 1366 1268 eam
1391 1220 1575 1282 posset
1602 1213 1800 1268 elicere
1827 1219 1884 1268 et

298 1305 666 1378 praecipiendo
695 1303 974 1360 meliorem
1005 1303 1248 1360 reddere.
1279 1303 1381 1372 Qui
1410 1305 1681 1375 dispersos
1703 1304 1880 1360 homi-

297 1415 397 1457 nes
425 1400 478 1454 in
520 1397 665 1471 agris
688 1405 742 1454 et
771 1397 825 1452 in
851 1398 1008 1454 tectis
1052 1397 1406 1469 sylvestribus
1428 1398 1640 1454 abditos
1669 1397 1881 1453 ratione

295 1493 531 1564 quadam
582 1491 842 1562 compulit
888 1491 941 1546 in
988 1507 1154 1547 unum
1185 1493 1383 1557 locum,
1433 1500 1488 1547 et
1531 1490 1879 1562 congregavit

295 1602 394 1642 eos
414 1585 467 1641 in
491 1601 678 1646 unum,
704 1585 939 1655 aliquam
965 1586 1202 1654 quietem
1217 1583 1399 1657 [Mss.,
1426 1586 1480 1640 in
1502 1601 1664 1640 unam
1687 1599 1877 1654 quam-

1989 574 2359 642 prehenderis,
2381 577 2750 646 pronuntiare.

2060 663 2194 719 Cas.
2240 664 2298 720 Si
2330 667 2597 723 rhetorica
2625 670 2680 724 in
2705 672 2882 728 causis
2906 680 2961 728 et
2981 676 3368 744 quaestionibus
3391 681 3566 738 civili-

1987 755 2089 811 bus
2113 766 2380 824 versatur,
2412 774 2635 817 necesse
2672 771 2779 830 est,
2803 773 2862 820 ut
2909 767 3042 822 mihi
3089 770 3321 839 videtur,
3370 789 3563 832 causas

1986 845 2132 916 ipsas
2167 857 2315 904 certa
2345 850 2545 907 habere
2568 868 2788 924 genera,
2821 871 2940 926 qua:
2974 859 3264 918 voluissem
3307 866 3464 932 scire,
3508 878 3563 924 et

1984 936 2248 1006 exemplis
2274 939 2406 993 mihi
2447 945 2765 999 monstrari.
2796 976 2867 984 —
2889 945 3020 1002 Acs.
3051 949 3156 1005 Ars
3195 953 3412 1022 quidem
3439 957 3563 1013 rhe—

1983 1025 2170 1115 toricae
2211 1025 2390 1098 [Μαι.
2423 1030 2718 1105 rhetorica]
2755 1035 2810 1089 in
2856 1037 3032 1093 tribus
3074 1052 3325 1098 versatur
3350 1048 3563 1115 generi-

1981 1114 2106 1180 bus,
2150 1115 2204 1169 id
2231 1124 2336 1182 est,
2366 1116 2814 1189 demonstrativo,
2870 1125 3237 1194 deliberativo,
3291 1114 3556 1200 iudiciali.

1980 1203 2456 1263 Demonstrativnm
2481 1225 2651 1282 genus
2679 1222 2782 1279 est,
2809 1217 2950 1286 quod
2977 1220 3232 1276 tribuiter
3260 1224 3312 1277 in
3333 1225 3560 1296 alicujus

1979 1304 2144 1350 certae
2183 1312 2428 1368 personae
2456 1299 2671 1356 laudem
2704 1304 2786 1358 vel
2837 1306 3162 1378 vituperium
3195 1309 3375 1384 [Mss.,
3416 1316 3560 1370 vitu-

1977 1387 2362 1478 perationem],
2392 1398 2452 1445 ut
2485 1392 2540 1447 in
2568 1392 2765 1451 Genesi
2805 1397 2872 1454 de
2895 1400 3032 1456 Abel
3058 1411 3112 1457 et
3152 1403 3285 1460 Cain
3311 1406 3506 1478 legitur
3538 1426 3553 1463 :

1978 1477 2224 1550 Respexit
2261 1481 2521 1538 Dominus
2549 1485 2620 1539 ad
2667 1486 2797 1541 Abel
2824 1498 2874 1542 et
2907 1490 2979 1544 ad
3021 1509 3240 1549 munera
3283 1477 3436 1568 ejus;
3486 1501 3556 1554 ad

1935 1577 1944 1585 '
1977 1569 2110 1625 Cain
2137 1581 2310 1626 autem
2339 1583 2388 1627 et
2416 1576 2487 1629 ad
2530 1593 2747 1633 munera
2778 1582 2894 1652 ejus
2936 1601 3040 1638 non
3071 1589 3312 1657 respexit.
3351 1590 3556 1646 Delibe-

293 1691 404 1748 φη
431 1675 566 1749 rem]
612 1676 872 1732 inducens
917 1676 1102 1730 υιίιθηι
1134 1683 1295 1745 atque
1338 1678 1650 1743 honestam;
1698 1677 1875 1747 primo
1973 1663 2200 1717 rationm
2246 1673 2332 1719 est
2379 1665 2434 1720 in
2461 1670 2716 1727 suasione
2742 1681 2797 1728 et
2841 1674 3196 1752 dissuasione,
3225 1680 3384 1751 315
3415 1684 3555 1737 utin

291 1775 516 1838 propter
569 1765 908 1825 insolentiam
961 1764 1337 1832 reclamantes,
1410 1767 1603 1822 deinde
1648 1776 1875 1839 propter
1901 1833 1942 1843 _
1973 1754 2850 1830 secundoResumlibrolesimus.
2877 1765 3302 1840 qualimr[M“-,
3329 1771 3553 1843 legitur.

291 1859 565 1914 rationem
608 1866 767 1928 atque
795 1857 1096 1913 orationem
1135 1856 1426 1911 studiosius
1474 1857 1774 1924 audientes,
1802 1872 1871 1913 ex

1973 1846 2263 1920 quomodo]
2301 1849 2473 1905 suasit
2512 1850 2770 1908 Absaloni
2791 1833 3144 1928 Aeliitophel,
3165 1871 3224 1916 ut
3259 1833 3425 1920 David
3459 1833 3555 1934 pa;

295 1947 442 2007 feris
463 1959 518 2006 et
543 1949 868 2004 immanibus
887 1947 1047 2004 mites
1078 1948 1311 2004 reddidit
1358 1955 1412 2003 et
1437 1946 1770 2006 mansuetos.
1793 1949 1873 2005 Ac

1974 1943 2112 1992 trem
2136 1940 2421 2009 perderet;
2443 1939 2520 2016 [et
2543 1944 2834 2018 quomodo]
2859 1945 3056 2004 Cbusai
3075 1949 3329 2007 dissuasit
3349 1951 3554 2024 [consi-

291 2045 435 2100 mibi
454 2042 666 2114 quidem
689 2043 923 2110 videtur,
956 2042 1172 2098 domine
1209 2042 1285 2097 mi
1307 2059 1425 2108 rex,
1453 2043 1556 2098 hoc
1580 2058 1682 2098 nec
1709 2042 1870 2098 tacita

1971 2025 2102 2082 lium
2134 2027 2304 2102 ejus],
2335 2041 2394 2086 ut
2442 2023 2626 2106 regem
2669 2036 2920 2093 salvaret.
2940 2039 3206 2096 Judiciale
3234 2052 3335 2110 est,
3354 2023 3414 2100 in
3445 2060 3552 2116 quo

287 2133 488 2210 [Edit.,
518 2133 689 2208 tanta]
713 2177 728 2202 ,
757 2151 860 2192 nec
885 2135 1040 2206 inops
1065 2135 1278 2190 dicendi
1314 2134 1580 2205 sapientia
1609 2135 1872 2205 perlicere

1970 2129 2056 2210 est
2109 2124 2382 2179 accusatio
2428 2134 2486 2180 et
2531 2126 2797 2210 defensio,
2853 2138 2915 2185 ut
2960 2131 3015 2186 in
3053 2133 3277 2190 Actibus
3325 2137 3552 2209 legimus

250 2207 552 2300 -potuisse,
584 2236 646 2283 ut
672 2207 936 2284 [homines
962 2242 991 2280 a
1019 2224 1407 2281 consuetudine
1440 2223 1620 2280 subito
1645 2240 1870 2282 conver-

1970 2209 2372 2281 Apostolorum,
2399 2217 2670 2286 quomodo
2695 2207 2862 2275 Judaai
2889 2237 3011 2276 cum
3043 2207 3548 2298 Tertullibquodam

286 2328 452 2387 teret,
481 2330 537 2375 et
557 2319 626 2374 ad
649 2318 890 2375 diversas
912 2318 1035 2373 vitae
1061 2316 1297 2372 rationes
1321 2315 1648 2372 traduceret.

342 2436 384 2482 ι
648 2430 848 2505 [omn
886 2429 992 2488 srr
1033 2428 1510 2502 RHETORICAH

362 2546 495 2603 Cas.
537 2546 694 2604 Unde
735 2547 882 2602 dicta
912 2554 998 2603 est
1025 2545 1328 2602 rhetorica?
1355 2575 1429 2587 ——
1458 2543 1591 2600 Acs.
1621 2545 1747 2601 ’Δπὸ
1771 2541 1864 2602 τοῦ

282 2642 576 2718 ῥητορεύειν,
606 2639 750 2711 quod
772 2646 877 2707 est,
902 2639 1166 2704 declamo,
1187 2653 1304 2704 oro,
1329 2638 1452 2694 dico
1475 2635 1656 2709 [Mss.,
1683 2637 1737 2692 id
1757 2646 1862 2704 est,

275 2735 443 2804 copia
488 2729 818 2804 lucutlonis].
849 2731 1072 2786 —C.ut.
1100 2730 1182 2784 Ad
1210 2745 1370 2800 quem
1410 2729 1576 2786 tinem
1622 2731 1864 2800 spectat?

273 2853 360 2869 -—
379 2825 512 2880 Ann.
539 2823 622 2879 Ad
649 2825 788 2880 bene
809 2822 1022 2878 dicendi
1052 2821 1355 2878 scientiam.
1714 2822 1719 2826 ’

357 2917 490 2975 Cas.
517 2919 576 2974 In
604 2917 801 2990 quibus
825 2925 1076 2974 versatur
1096 2917 1295 2972 rebus?
1321 2947 1393 2958 —-
1420 2917 1552 2972 Acs.
1600 2915 1659 2972 In
1692 2916 1861 2973 civili-

267 3011 384 3070 bus
413 3011 491 3085 [id
510 3020 615 3078 est,
651 3010 846 3084 doctis]
891 3010 1298 3082 quaestionibus,
1336 3025 1456 3080 quae
1482 3009 1716 3065 naturali
1744 3010 1859 3064 ani-

1967 2314 2183 2360 oratore
2202 2306 2426 2363 Paulum
2450 2313 2780 2367 accusabant
2807 2315 2948 2384 apud
2968 2319 3251 2385 praesidem
3276 2319 3510 2382 Felicem
3531 2343 3547 2392 ;

1967 2401 2024 2450 et
2073 2398 2344 2465 quomodo
2391 2399 2593 2457 Paulus
2636 2417 2698 2459 se
2750 2403 3074 2464 defendebat
3111 2409 3252 2479 apud
3298 2414 3548 2471 eumdem

1968 2484 2322 2562 [praesidem].
2375 2489 2512 2547 Nam
2560 2494 2614 2548 in
2653 2493 2873 2563 judiciis
2911 2500 3128 2570 saepius,
3162 2503 3292 2572 quid
3332 2521 3546 2577 mquum

1965 2577 2056 2641 sit,
2089 2577 2380 2646 quaeritur;
2406 2580 2460 2636 in
2487 2581 2960 2652 demonstratione,
2992 2590 3122 2659 quid
3147 2592 3432 2650 honestum
3454 2598 3544 2664 sit,

1964 2668 2306 2741 intelligitur;
2345 2672 2401 2728 in
2430 2673 2835 2746 deliberatione,
2883 2679 3012 2750 quid
3056 2682 3337 2742 honestum
3378 2689 3448 2743 sit
3491 2701 3548 2747 et

1961 2759 2111 2827 utile,
2133 2763 2525 2820 consideratur.

2491 2856 2585 2912 DE
2617 2858 2996 2919 PERIOCHIS.

2029 2942 2164 2998 CAR.
2197 2943 2338 3012 Quot
2385 2947 2551 3002 habet
2598 2965 2764 3006 causa
2807 2953 3278 3017 circumstantias?
3314 2962 3541 3022 —Ats.

1960 3029 2206 3089 Plenaria
2229 3051 2394 3091 causa
2421 3046 2630 3109 septem
2683 3041 2848 3097 habet
2879 3045 3334 3116 circumstantias,
3357 3053 3548 3111 videli-

269 3105 356 3160 ωί
387 3104 600 3205 ῖῃεειιίο
643 3103 851 3205 condi“
877 3099 1303 3205 -ΡοξξιιηιοηΝξιηι
1334 3102 1476 3205 εἶξαι
1496 3100 1746 3204 uinum"?
1771 3108 1858 3205 es?
1890 3189 1929 3205 Α
1959 3133 2070 3190 cet,
2096 3139 2406 3196 personam,
2446 3099 2666 3196 factum,
2695 3141 2923 3203 tempus,
2950 3099 3542 3205 locum:

413 3195 426 3210 .
795 3195 808 3208 .
996 3193 1008 3208 .
1221 3193 1233 3205 .
1405 3193 1417 3204 .
1542 3191 1554 3204 .
1727 3191 1738 3203 .
2056 3184 2066 3190 ι
2098 3184 2116 3196 -
2394 3184 2404 3193 -
2513 3184 2520 3186 ν
2699 3184 2923 3203 φηγ-ς.
2950 3184 3149 3205 -η-..η
3182 3184 3399 3197 ............
3450 3184 3542 3200 υν-

267 3197 631 3302 ⁰¹¹¹¹¹¹Ῑξξ¹⁸Λ⁸⁰
673 3203 812 3302 “ﬁeri
839 3193 1117 3302 θίθθίξξτξ,
1345 3200 1587 3302 Emis)“
1595 3206 1781 3302 12'1":
1791 3197 1859 3302 ξι
1887 3189 1929 3252 C
1961 3215 2254 3283 casionem,
2283 3217 2615 3276 facultatem.
2643 3221 2700 3276 In
2731 3237 2962 3292 persona
3010 3230 3272 3296 quaeritur
3297 3184 3420 3302 quis:
3464 3233 3543 3289 fe-

267 3287 664 3346 exereitatione
713 3287 818 3342 hoc
865 3301 973 3340 non
1011 3283 1318 3349 didicerint,
1344 3283 1421 3338 ita
1463 3282 1706 3337 naturale
1735 3281 1849 3336 fere

268 3389 366 3438 est
435 3380 707 3444 omnibus,
769 3377 906 3433 alios
951 3389 1210 3432 accusare
1259 3382 1316 3430 et
1368 3374 1576 3445 seipsos
1625 3387 1859 3443 purgare

270 3471 464 3546 [Μαίη
513 3468 844 3542 defendere],
893 3469 1106 3524 etiamsi
1177 3468 1567 3524 exercitatione
1603 3466 1706 3522 hoc
1751 3481 1858 3521 non

270 3566 588 3624 didicerint.
613 3563 718 3619 Sed
734 3562 920 3618 utilius
941 3569 996 3617 et
1015 3561 1317 3632 promptius
1340 3567 1568 3615 utuntur
1587 3558 1855 3624 oratione,

273 3658 377 3730 qui
400 3655 698 3726 disciplinis
747 3655 1109 3716 instruuntur,
1137 3660 1192 3707 et
1215 3666 1317 3706 usu
1343 3657 1686 3706 exercentur.
1717 3649 1856 3704 Nam

274 3747 534 3804 omnibus
561 3744 809 3800 naturale
835 3752 918 3800 est
941 3743 1108 3814 loqui,
1131 3749 1365 3796 attamen
1387 3741 1613 3797 multum
1641 3741 1858 3798 excellit

270 3839 419 3894 alios
439 3839 527 3909 qui
554 3851 652 3908 per
692 3834 1100 3908 grammaticam
1121 3831 1380 3902 loquitur.

354 3931 488 3986 Cas.
536 3931 678 3985 Bene
705 3928 866 3993 dicis,
891 3925 1188 3996 magister;
1230 3923 1393 3979 etiam
1417 3921 1592 3978 omnis
1615 3922 1727 3977 vita
1764 3937 1858 3976 no-

273 4029 399 4076 stra
452 4018 755 4088 disciplinis
798 4015 1037 4088 prolicit,
1068 4023 1123 4070 et
1169 4031 1266 4070 usu
1303 4013 1466 4069 valet.
1520 4011 1858 4082 Quapropter

272 4112 491 4187 [hujus]
539 4111 826 4167 rhetorica:
847 4108 1145 4178 disciplina:
1195 4105 1409 4177 regulas
1454 4105 1610 4160 nobis
1659 4105 1854 4174 pande.

268 4207 420 4264 Nam
446 4205 759 4276 quotidiana
795 4201 1210 4271 occupationum
1239 4198 1534 4254 necessitas
1584 4196 1731 4265 cogit
1758 4212 1858 4252 nos

269 4297 524 4355 exerceri
575 4297 631 4352 in
673 4294 795 4350 illis.
827 4294 893 4349 Et
921 4293 1176 4364 primum,
1211 4305 1331 4361 quae
1355 4287 1536 4362 [Νίκη
1568 4287 1718 4361 quot]
1749 4289 1858 4344 sint

267 4388 429 4446 illius
454 4387 588 4442 artis
613 4389 797 4456 partes
823 4383 1009 4439 dicito.

722 4495 812 4551 DE
846 4491 1188 4550 PARTIBUS
1222 4488 1410 4548 EJUS.

347 4612 481 4668 Ann.
512 4610 658 4666 Artis
686 4607 970 4664 rhetorica:
996 4613 1179 4677 partes
1203 4603 1440 4674 quinque
1469 4610 1593 4658 sunt
1621 4621 1633 4656 :
1666 4602 1852 4655 inven-

267 4710 379 4772 tio,
406 4705 712 4777 dispositio,
738 4701 987 4766 elocutio,
1033 4697 1315 4762 memoria,
1343 4695 1728 4767 pronuntiatio.
1756 4693 1852 4748 In-

264 4799 447 4855 tentio
474 4804 560 4852 est
601 4793 926 4864 excogitatio
975 4805 1157 4845 rerum
1203 4803 1455 4843 verarum
1484 4802 1547 4842 ac
1589 4783 1854 4840 verisimi-

261 4893 430 4956 lium,
461 4905 580 4961 quae
637 4901 858 4945 causam
899 4881 1233 4954 probabilem
1267 4879 1516 4934 reddant.
1569 4876 1852 4947 Dispositio

263 4992 363 5041 est
393 4997 573 5039 rerum
624 4982 964 5036 inventamm
1005 4975 1058 5030 in
1088 4971 1335 5029 ordinem
1364 4969 1691 5025 distributio.
1724 4967 1854 5024 Elo-

264 5075 418 5128 cutio
448 5081 533 5128 est
569 5071 888 5126 idoneorum
919 5065 1207 5120 verborum
1236 5061 1303 5116 ad
1339 5059 1700 5116 inventionem
1755 5074 1849 5115 ac-

265 5161 658 5220 commodatio.
691 5158 948 5214 Memoria
975 5162 1060 5212 est
1078 5153 1232 5208 ﬁrma
1258 5150 1423 5206 animi
1452 5164 1631 5205 rerum
1652 5165 1717 5206 ac
1734 5164 1855 5205 ver-

263 5257 473 5312 borum
513 5253 580 5309 ad
619 5251 983 5308 inventionem
1029 5243 1322 5318 perceptio.
1370 5240 1742 5297 Pronuntiatio
1774 5249 1858 5298 est

264 5365 344 5405 ex
375 5361 559 5403 rerum
605 5355 662 5402 et
685 5345 974 5400 verborum
1004 5338 1267 5413 dignitate
1315 5337 1464 5392 vocis
1511 5342 1566 5391 et
1612 5336 1858 5406 corporis

263 5438 596 5497 moderatio.
641 5453 672 5510 ι,

349 5530 592 5586 Primum
619 5535 704 5585 est
750 5525 894 5582 enim
930 5521 1196 5586 invenire,
1243 5519 1388 5590 quod
1437 5515 1616 5583 dicas;
1659 5513 1853 5570 deinde

255 5623 420 5698 quod
459 5620 747 5684 inveneris,
790 5619 1108 5688 disponere;
1155 5621 1269 5668 tum
1319 5610 1463 5682 quod
1495 5607 1850 5679 disposueris,

257 5715 461 5772 verbis
497 5714 800 5786 explicare;
849 5716 1041 5780 quarto
1086 5705 1229 5778 quod
1280 5701 1552 5759 inveneris
1591 5709 1646 5755 et
1671 5699 1852 5770 dispo-

261 5811 476 5866 sueris.
516 5815 569 5863 et
611 5805 853 5862 oratione
891 5799 1161 5866 vestieris,
1191 5797 1450 5856 memoria
1494 5793 1846 5864 comprehcn-

1961 3306 2128 3373 cerit;
2165 3308 2220 3363 in
2235 3307 2380 3366 facto
2405 3312 2534 3381 quid
2555 3311 2776 3381 fecerit;
2810 3315 2864 3370 in
2903 3324 3164 3389 tempore,
3189 3324 3406 3393 quando
3455 3325 3540 3382 fe-

1959 3399 2128 3467 writ;
2161 3401 2219 3456 in
2252 3401 2394 3470 loco,
2423 3405 2516 3460 ubi
2569 3403 2774 3464 factum
2805 3406 2908 3473 sit;
2963 3410 3018 3465 in
3047 3415 3242 3481 modo,
3272 3419 3540 3486 quomodo

1958 3489 2076 3546 ﬁeri
2117 3494 2409 3563 potuisset;
2441 3495 2496 3550 in
2523 3499 2828 3564 occasione,
2862 3516 2960 3555 cur
3010 3501 3194 3560 facere
3242 3507 3537 3577 voluisset;

1958 3580 2013 3638 in
2034 3582 2307 3653 facultate,
2321 3588 2368 3642 si
2394 3588 2443 3643 ei
2473 3591 2839 3662 suppeditaret
2864 3603 3107 3665 potestas
3149 3597 3403 3656 faciendi.
3437 3603 3542 3659 Per

1958 3674 2058 3730 has
2097 3678 2242 3732 enim
2267 3679 2704 3738 circumstantias
2731 3690 2788 3739 et
2813 3686 3126 3743 conﬁrmari
3167 3697 3347 3759 potest
3377 3707 3539 3749 causa

1955 3776 2010 3822 et
2036 3768 2317 3825 infirmari.
2368 3771 2593 3828 Frustra
2622 3773 2766 3829 enim
2811 3776 2863 3831 in
2921 3783 3290 3837 controversia
3341 3788 3539 3854 quaeris

1958 3859 2087 3926 quid
2115 3859 2319 3915 factum
2347 3862 2438 3927 sit,
2461 3863 2506 3917 si
2555 3879 2787 3933 persona
2827 3866 3077 3924 facientis
3119 3872 3310 3926 deerit.
3343 3873 3409 3929 Et
3439 3876 3540 3931 ite-

1957 3965 2076 4005 rum
2097 3966 2382 4022 personam
2414 3951 2614 4008 frustra
2641 3957 2905 4018 ostendis.
2935 3960 2979 4014 si
3005 3958 3208 4016 factum
3227 3977 3335 4017 non
3361 3966 3540 4024 aderit

1955 4057 2221 4112 personae.
2262 4043 2394 4098 Item
2419 4042 2518 4096 tali.
2561 4045 2614 4099 in
2655 4045 2774 4101 loco
2799 4046 2907 4117 [vel
2957 4048 3076 4120 tali]
3127 4058 3368 4121 tempore
3411 4057 3537 4114 talis

1957 4149 2047 4189 res
2074 4133 2190 4188 ﬁeri
2213 4149 2321 4189 non
2347 4136 2543 4204 potuit,
2572 4134 2725 4208 [item
2749 4152 2856 4193 non
2883 4153 2950 4194 eo
2977 4141 3138 4196 modo
3169 4141 3288 4198 ﬁeri
3316 4148 3534 4221 potuit],

1955 4235 2018 4285 ut
2059 4226 2278 4291 asseris,
2302 4242 2403 4282 nec
2448 4228 2570 4284 ideo
2600 4228 2778 4285 facere
2800 4229 2969 4286 voluit
2996 4271 3011 4296 ,
3053 4249 3156 4289 nec
3201 4235 3325 4292 talis
3373 4239 3536 4296 homo

1957 4319 2119 4374 talem
2148 4319 2339 4375 habuit
2382 4329 2724 4390 potestatem,
2760 4331 2822 4378 ut
2877 4325 2982 4380 hoc
3017 4325 3202 4384 facere
3248 4332 3531 4400 potuisset.

2027 4410 2161 4467 Cas.
2216 4412 2346 4470 Loci
2397 4417 2886 4472 controversiarum
2923 4427 3049 4490 quot
3109 4424 3367 4477 sunt?—
3399 4425 3532 4483 Aut.

1880 4541 1933 4602 υ
1958 4505 2087 4562 Loci
2129 4507 2644 4573 controversiarum,
2675 4523 2812 4579 quos
2840 4510 3086 4568 rhetores
3132 4522 3308 4571 status
3346 4532 3536 4572 causa-

1957 4614 2077 4654 rum
2106 4600 2400 4670 appellant,
2433 4600 2487 4656 id
2515 4608 2618 4664 est,
2648 4602 2742 4658 ubi
2771 4603 3000 4672 quaestio
3047 4607 3295 4662 consistit
3321 4617 3376 4663 et
3421 4609 3536 4680 prl-

1954 4701 2104 4741 tnum
2132 4701 2238 4742 non
2260 4687 2574 4742 convenerit
2609 4687 2752 4740 inter
2796 4695 3000 4756 partes,
3031 4699 3159 4746 sunt
3205 4693 3534 4766 rationales,

1954 4783 2049 4832 aut
2077 4776 2296 4847 legales.

2023 4865 2157 4922 CAR.
2196 4865 2338 4933 Quot
2359 4875 2486 4922 sunt
2510 4866 2838 4923 rationales?
2881 4899 2953 4911 -—
2985 4870 3118 4927 Au.
3160 4871 3420 4942 Quatuor,
3451 4877 3533 4932 vi-

1951 4956 2149 5012 delicet
2175 4957 2326 5024 facti,
2356 4967 2450 5012 aut
2476 4959 2730 5026 nominis,
2769 4967 2864 5015 aut
2909 4962 3206 5032 qualitatis,
3229 4976 3324 5023 aut
3353 4977 3530 5026 trans-

1950 5050 2187 5108 lationis.

2019 5140 2154 5197 Cm.
2183 5140 2530 5211 Singulorum
2577 5145 2820 5214 exempla
2865 5144 3068 5215 profer.
3097 5177 3162 5188 —-
3187 5146 3318 5204 ALB.
3346 5148 3528 5208 Prima

1951 5235 2036 5292 est
2059 5234 2188 5291 facti
2235 5235 2405 5305 ipsius
2451 5237 2848 5302 controversia;
2880 5245 2940 5292 ut
2984 5246 3105 5293 est:
3160 5237 3390 5301 Fecisti:
3427 5260 3530 5299 non

1954 5327 2073 5398 feci.
2107 5327 2175 5382 Et
2203 5327 2316 5383 haec
2341 5327 2515 5398 prima
2540 5330 2902 5385 controversia
2923 5370 2938 5396 ,
2962 5345 3082 5400 qua:
3126 5331 3180 5386 in
3205 5332 3348 5389 facto
3394 5351 3526 5391 cnn-

1957 5427 2084 5486 stat,
2100 5419 2298 5476 dicitur
2309 5419 2686 5489 conjecturalis
2715 5421 3049 5485 constitutio,
3065 5423 3188 5491 quia
3205 5425 3528 5496 conjecturis

1951 5526 2041 5566 res
2061 5507 2389 5581 exploranda
2417 5516 2503 5565 est
2524 5507 2572 5564 si
2602 5506 2840 5574 fecisset,
2865 5523 2933 5563 an
2962 5523 3090 5566 non.
3116 5511 3186 5567 At
3207 5528 3330 5568 cum
3356 5514 3425 5570 de
3448 5514 3527 5570 fa-

1951 5610 2042 5658 cto
2063 5601 2314 5657 convenit
2334 5599 2801 5670 interlitigatores,
2818 5607 2946 5654 tunc
2976 5614 3118 5670 saepe
3137 5602 3372 5659 nominis
3391 5619 3524 5661 con-

1951 5692 2268 5750 troversiam
2287 5691 2653 5755 introducunt,
2668 5691 2794 5760 quia
2807 5699 3094 5746 accusator
3113 5708 3306 5762 augere
3319 5695 3522 5750 crimen

1951 5802 2019 5844 ex
2037 5785 2254 5844 nomine
2280 5784 2473 5844 nititur
2492 5823 2507 5852 ,
2555 5790 2608 5841 et
2634 5782 2886 5840 defensor
2914 5784 3184 5849 minuere;
3229 5792 3305 5850 ut,
3331 5785 3374 5842 si
3403 5785 3524 5855 quis
