3934 6180
367 341 472 398 925

1179 333 1234 386 ιι.
1276 330 1342 384 r.
1388 322 1617 382 suum
1655 317 1788 379 seu
1828 311 2110 374 sucum
2147 309 2434 368 osanna
2467 307 2652 366 rans
2690 307 2804 368 ιιι.
2870 288 2877 296 ’

3533 305 3634 362 ξιξι

366 473 580 524 sacrum
611 471 641 511 e
670 455 788 511 loco
815 454 1025 523 privato
1046 449 1397 521 subripucrit,
1420 456 1604 501 utrum
1629 444 1717 500 fur
1751 445 1824 498 sit
1843 457 1928 498 no
1969 443 2014 500 Α
2044 435 2400 509 pervehitur].
2426 435 2544 502 Ille,
2565 435 2659 504 qui
2688 434 2745 494 in
2773 431 3014 505 gladium
3037 431 3358 488 incubuerat
3380 471 3398 496 ,
3444 430 3644 488 leviter

366 550 670 610 minaudus,
705 564 774 601 an
821 544 1157 612 sacrilegus?
1195 541 1455 596 Defensor
1475 539 1567 600 ait,
1598 536 1772 592 furem
1798 549 1940 598 esse,

368 642 496 714 quia
529 640 615 695 fur
661 637 1018 709 quadruplum
1058 635 1215 690 solvit
1245 650 1258 685 :
1290 639 1576 686 accusator
1602 628 1943 696 sacrilegum,

369 734 494 804 quia
532 729 827 802 sacrilegus
879 727 1056 797 capite
1098 723 1368 794 plectitur.
1419 721 1486 778 Et
1543 717 1702 792 [haec]
1747 717 1947 773 consti-

371 824 506 880 tutio
527 820 810 877 diffinitiva
838 818 1066 881 dicitur;
1093 815 1218 884 quia
1240 813 1368 884 quid
1391 813 1462 865 sit
1484 810 1592 874 fur,
1616 819 1668 864 et
1699 809 1828 879 quid
1852 823 1944 863 sa-

371 915 604 984 crilegus
657 910 1020 968 diﬂiniendum
1072 915 1156 961 est
1209 908 1448 968 ratione;
1515 910 1572 957 et
1625 900 1943 962 videndum,

372 1006 429 1060 in
461 1005 615 1073 cujus
663 1001 1036 1058 difﬁnitionem
1071 999 1259 1062 cadat,
1320 996 1412 1066 qui
1462 1009 1676 1051 sacrum
1725 993 1792 1047 de
1836 990 1949 1061 pri-

370 1103 495 1150 vato
525 1095 639 1150 loco
665 1090 1016 1159 subripuerit.
1072 1087 1129 1144 Si
1154 1104 1285 1143 vero
1307 1089 1450 1146 inter
1495 1092 1866 1140 accusatorem
1895 1089 1950 1137 et

371 1188 706 1242 defensorem
761 1182 1015 1238 convenit
1043 1182 1108 1236 de
1150 1182 1296 1237 facto
1337 1188 1395 1236 et
1427 1181 1494 1236 de
1521 1178 1738 1232 nomine
1782 1177 1945 1239 facti,

372 1287 504 1332 tunc
525 1276 812 1346 quaerenda
838 1283 921 1330 est
939 1273 1226 1328 aestimatio
1248 1272 1397 1336 facti,
1427 1272 1479 1326 id
1499 1279 1585 1325 est
1609 1309 1625 1333 ,
1679 1268 1841 1337 quale
1881 1268 1953 1322 sit

369 1368 592 1432 factum,
611 1366 818 1435 justum
843 1381 910 1418 an
948 1364 1231 1433 injustam,
1260 1363 1392 1417 utile
1421 1379 1489 1416 an
1513 1359 1721 1414 inutile.
1749 1359 1817 1413 Et
1837 1359 1953 1413 hmc

371 1461 685 1518 constitutio
719 1456 987 1527 generalis
1017 1457 1251 1519 dicitur,
1308 1453 1463 1522 cujus
1517 1453 1621 1506 hoc
1673 1451 1744 1505 sit
1771 1465 1955 1505 exem-

371 1553 556 1623 plum:
596 1552 820 1618 Quidam
849 1550 956 1604 dux
1002 1548 1294 1611 Romanus,
1321 1561 1444 1601 cum
1498 1544 1837 1599 obsideretur
1888 1543 1954 1598 ab

374 1643 628 1704 inimicis,
661 1656 762 1696 nec
787 1641 894 1696 ullo
921 1640 1078 1694 modo
1113 1641 1341 1694 evadere
1383 1637 1649 1706 potuisset
1675 1633 1830 1705 [Ms.,
1861 1648 1958 1702 po-

377 1732 526 1804 tuit],
572 1739 761 1802 pactus
822 1739 906 1786 est
959 1745 1084 1785 cum
1136 1729 1404 1792 hostibus,
1465 1736 1526 1780 ut
1582 1741 1735 1781 arma
1778 1727 1950 1781 daret.

374 1830 558 1885 Armis
583 1828 753 1900 [vero]
783 1828 923 1883 datis
969 1827 1173 1881 salvum
1208 1825 1392 1880 eduxit
1434 1823 1751 1879 exercitum.
1781 1821 1956 1876 Accu~

376 1929 528 1978 satur
555 1936 586 1974 a
631 1918 951 1988 quibusdam
996 1931 1118 1972 reus
1146 1929 1268 1970 esse
1305 1912 1623 1981 majestatis.
1651 1911 1751 1966 Iiic
1788 1911 1855 1965 dc
1885 1909 1962 1963 fa-

375 2021 464 2066 cto
493 2011 634 2064 etde
665 2008 795 2063 facti
823 2007 1040 2062 nomine
1065 2005 1318 2061 convenit
1346 2003 1488 2057 inter
1521 2001 1708 2057 ambas
1733 2007 1957 2070 partes;

377 2101 472 2156 sed
509 2099 669 2170 quale
690 2099 761 2153 sit
789 2096 989 2153 factum
1031 2096 1293 2165 qua-ritur
1320 2135 1335 2160 ,
1395 2094 1497 2148 hoc
1535 2092 1732 2147 modo:
1766 2091 1963 2148 Utrum

378 2194 552 2248 satius
588 2200 733 2247 esset
759 2190 1010 2245 amittere
1037 2189 1234 2242 milites
1261 2228 1274 2252 ,
1325 2203 1394 2240 an
1437 2185 1502 2240 ad
1536 2187 1676 2241 hanc
1703 2185 1963 2240 conditio-

379 2298 505 2338 nem
531 2282 902 2353 turpissimam
925 2279 1147 2335 venire?
1196 2276 1361 2346 Cujus
1403 2276 1804 2336 constitutionis
1841 2275 1963 2344 plu-

379 2387 468 2427 res
498 2379 624 2428 sunt
647 2381 850 2442 partes,
881 2370 948 2425 de
981 2370 1176 2440 quibus
1206 2369 1446 2424 dicemus
1493 2366 1656 2422 infra.
1684 2365 1742 2421 In
1769 2374 1965 2436 quarta

378 2462 781 2527 constitutione,
811 2476 972 2533 quam
1034 2459 1440 2515 translationem
1496 2457 1650 2530 [Μδη
1682 2458 1965 2528 translati-

382 2551 528 2625 vam]
559 2553 922 2618 nominamus,
950 2552 1231 2622 quaeritur,
1260 2566 1328 2604 an
1377 2549 1558 2604 facere
1594 2565 1706 2604 rem
1751 2550 1964 2613 debeat,

383 2644 476 2714 qui
497 2643 648 2707 fecit,
675 2650 768 2697 aut
791 2657 857 2696 eo
879 2649 1140 2710 tempore,
1166 2647 1258 2692 aut
1281 2654 1346 2693 eo
1372 2639 1553 2704 modo,
1591 2648 1685 2692 aut
1711 2638 1852 2703 loco,
1875 2645 1969 2694 aut

383 2750 507 2788 cum
561 2733 667 2788 illis
714 2748 836 2788 cum
861 2732 1056 2800 quibus
1084 2730 1245 2784 fecit?
1272 2728 1342 2784 Ut
1370 2729 1415 2782 si
1441 2729 1660 2784 Orestes
1683 2736 1971 2784 accusetur

384 2823 833 2894 Clytemnestram
856 2820 1010 2892 μίση
1035 2818 1412 2892 Clemcstram]
1442 2828 1667 2874 matrem
1695 2835 1848 2874 suam
1871 2835 1968 2874 oce

385 2915 584 2972 cidisse
613 2933 626 2968 :
660 2930 766 2970 non
790 2913 938 2984 juste
964 2914 1133 2970 tilium
1167 2915 1430 2970 occidisse
1457 2922 1708 2980 matrem,
1734 2913 1862 2970 licet
1876 2912 1968 2967 illa

387 3007 645 3064 occiderit
674 3006 1132 3080 Agamemnonem
1158 3013 1363 3076 patrem
1377 3021 1534 3062 suum
1565 3021 1745 3075 regem
1760 3004 1973 3061 Graeco-

388 3114 530 3153 rum.
554 3097 652 3153 l-lic
667 3097 834 3168 quani
855 3096 1016 3152 debet
1040 3112 1137 3168 per
1166 3096 1592 3163 translationem,
1611 3095 1755 3166 juste
1779 3093 1970 3152 fecerit

393 3193 547 3267 μισ..
576 3191 816 3265 fecisset]
842 3232 857 3257 ,
894 3208 964 3247 an
990 3191 1138 3246 non?

461 3308 596 3363 Cu.
637 3305 791 3362 Statu
817 3319 994 3361 causa:
1021 3304 1238 3359 invento
1264 3344 1279 3371 ,
1325 3304 1594 3375 quomodo
1644 3312 1772 3358 tunc
1801 3311 1977 3359 status

393 3400 509 3470 ipse
533 3398 955 3454 considerandus
983 3397 1102 3451 est?
1130 3395 1341 3451 —ALa.
1375 3393 1770 3452 Constitutione
1799 3408 1978 3448 causa:

396 3497 610 3559 reperta
633 3489 816 3543 statim
859 3487 1037 3557 placet
1077 3485 1421 3542 considerare
1445 3525 1460 3551 ,
1514 3491 1697 3537 utrum
1751 3484 1978 3552 quaestio

396 3595 574 3636 causa:
600 3577 827 3649 simplex
858 3578 949 3641 sit,
977 3593 1047 3631 an
1094 3576 1400 3645 conjuncta.
1458 3572 1694 3643 Simplex
1719 3582 1821 3635 est,
1860 3589 1980 3642 quae

396 3684 560 3724 unam
586 3669 643 3723 in
667 3684 726 3724 se
751 3668 992 3723 continet
1034 3666 1409 3736 quaestionem,
1434 3664 1538 3718 hoc
1558 3663 1717 3718 modo
1741 3681 1754 3717 :
1787 3662 1979 3717 Corin-

397 3758 529 3813 thiis
559 3757 760 3813 bellum
803 3755 1036 3812 indicam
1079 3753 1206 3828 [Με.
1235 3795 1250 3821 ,
1305 3751 1671 3824 indicamus],
1721 3768 1788 3806 an
1831 3753 1978 3807 non?

398 3850 694 3920 Conjuncta
721 3857 805 3906 est
835 3849 1083 3918 quaastio,
1122 3864 1241 3918 qua:
1284 3861 1351 3901 ex
1375 3847 1618 3917 pluribus
1671 3849 1983 3917 quaestioni-

397 3947 500 4001 bus
521 3952 754 4009 constat,
776 3944 879 3998 hoc
903 3951 1060 4013 pacto
1087 3961 1100 3995 :
1129 3940 1323 3996 Utrum
1345 3940 1611 4011 Carthago
1631 3940 1897 4004 diruatur,
1915 3953 1982 3992 an

387 4037 918 4108 .Carthaginensibus
946 4035 1222 4099 reddatur,
1248 4047 1316 4087 an
1340 4049 1405 4088 eo
1419 4032 1630 4087 colonia
1658 4030 1986 4086 deducatur?

471 4131 635 4202 316
654 4129 786 4186 CAR.
819 4128 928 4183 Sed
953 4127 1152 4197 legales
1189 4141 1337 4180 nunc
1363 4125 1774 4180 constitutiones
1801 4137 1985 4178 exem-

400 4225 504 4296 plis
523 4224 801 4279 confirma.
827 4251 898 4262 ——
930 4221 1061 4275 Αιιι.
1096 4217 1556 4274 Considerandum
1585 4224 1668 4269 est
1687 4213 1854 4286 [sicut
1873 4213 1985 4281 jam

402 4314 560 4387 dixi],
584 4316 638 4369 in
669 4314 896 4377 ratione,
927 4327 994 4364 an
1018 4311 1071 4364 in
1096 4309 1297 4378 scripto
1317 4309 1390 4362 sit
1419 4307 1824 4363 controversia?
1850 4303 1986 4357 Nam

404 4407 593 4476 scripti
624 4402 991 4460 controversia
1012 4410 1095 4455 est
1119 4415 1183 4455 ea
1208 4440 1222 4463 ,
1279 4415 1398 4468 quae
1426 4414 1493 4452 ex
1522 4398 1721 4467 scripta
1752 4397 1870 4466 lege
1900 4410 1990 4448 na-

405 4501 609 4565 scitur,
659 4499 764 4552 hoc
810 4495 989 4550 modo.
1038 4493 1151 4547 Lex

405 4599 539 4644 state
569 4604 749 4643 narem
778 4585 1102 4656 reliquerint,
1132 4584 1309 4637 omnia
1361 4583 1602 4635 amittant
1631 4621 1648 4646 ,
1700 4589 1749 4634 et
1807 4595 1988 4633 eorum

406 4684 512 4738 s'ut
537 4699 696 4737 onera
720 4690 769 4734 et
797 4679 962 4744 navit,
989 4679 1077 4751 qui
1101 4679 1156 4732 in
1206 4693 1268 4730 ea
1311 4677 1674 4730 remanserint.
1707 4675 1822 4728 Duo
1873 4674 1991 4742 qui—

411 4777 556 4840 dum,
581 4776 706 4829 dum
729 4774 782 4826 in
831 4771 939 4826 alto
984 4771 1320 4840 navigarent,
1373 4785 1492 4823 cum
1523 4768 1746 4822 alterius
1794 4768 1987 4832 navis,

412 4865 514 4939 [et]
541 4863 765 4918 alterius
786 4876 924 4916 onus
951 4869 1114 4924 esset,
1140 4859 1460 4929 naufragum
1490 4857 1774 4927 quemdam
1802 4865 1993 4911 natan-

413 4968 523 5013 tem
552 4951 919 5010 misericordia
943 4951 1073 5005 moti
1090 4951 1142 5004 in
1165 4964 1359 5004 navem
1389 4947 1744 5003 sustulerunt.
1775 4946 1988 5011 Postea,

413 5063 537 5105 eum
566 5047 840 5116 aliquanto
880 5043 1000 5113 plus
1031 5043 1175 5112 ipsos
1225 5028 1438 5112 quoque
1483 5049 1778 5110 tempestas
1833 5041 1996 5095 vehe-

415 5138 652 5195 mentius
667 5137 875 5208 jactare
904 5133 1158 5202 cmpisset
1199 5131 1352 5203 [Ms.,
1383 5130 1590 5203 coepit],
1619 5146 1790 5200 usque
1818 5131 1951 5186 adeo
1977 5171 1992 5195 ,

416 5241 480 5286 ut
506 5230 753 5286 dominus
781 5225 964 5290 navis,
1015 5239 1140 5278 cum
1174 5223 1314 5277 idem
1364 5221 1692 5291 gubernator
1721 5229 1901 5285 esset,
1940 5220 1993 5274 in

419 5321 671 5393 scapham
700 5315 1088 5375 conscenderet
1113 5311 1265 5386 [Ms.,
1321 5310 1683 5383 confugeret],
1730 5325 1848 5380 quae
1872 5310 1999 5365 reli-

420 5421 544 5483 gata
565 5410 686 5466 navi
699 5407 1024 5470 coltmrebat,
1039 5415 1092 5459 et
1107 5405 1254 5471 inde,
1268 5413 1528 5474 quantum
1541 5403 1733 5472 potuit,
1757 5401 1876 5455 navi
1892 5402 2005 5470 opi-

423 5503 712 5558 tulabatur.
736 5499 828 5555 llle
856 5505 1057 5562 autem,
1083 5495 1236 5565 cujus
1259 5511 1466 5551 merces
1487 5502 1666 5560 erant,
1687 5494 1745 5548 in
1771 5492 2005 5564 gladium

423 5594 622 5648 ibidem
651 5593 705 5646 in
735 5590 860 5646 navi
888 5587 1153 5643 incumbit
1172 5587 1328 5660 [Ms.,
1353 5585 1720 5657 occumberet]
1751 5605 1765 5640 :
1793 5583 2005 5640 naufra-

425 5695 524 5750 gus
545 5693 675 5731 vero
702 5680 771 5731 ad
813 5677 1173 5744 gubernacu'a
1209 5679 1478 5741 accessit,
1519 5691 1710 5730 navem
1760 5677 1999 5745 regebat.

429 5765 628 5822 Sedata
681 5770 1016 5830 tempestate,
1047 5766 1198 5838 navis
1245 5766 1296 5820 in
1332 5774 1547 5836 portum
1573 5768 1816 5836 pervenit
1845 5766 1994 5838 pla,

2050 531 2289 597 saucius,
2317 545 2385 584 ex
2413 528 2638 583 vulnere
2665 534 2940 582 recreatus
2957 534 3058 580 est.
3079 523 3282 580 Navem
3303 539 3428 580 cum
3450 539 3640 590 onere,

2053 621 2268 696 [borum
2305 618 2492 691 trium]
2522 619 2679 690 juxta
2717 618 2976 686 scriptam
3012 615 3184 686 legem
3225 615 3457 685 quisque
3483 630 3643 670 suam

2053 715 2206 772 dixit.
2235 714 2304 768 Et
2327 713 2418 768 hic
2445 727 2514 766 ex
2559 710 2759 780 scripto
2786 708 3014 780 quaestio
3053 707 3319 774 nascitur,
3352 705 3514 774 cujus
3569 706 3639 762 sit

2051 806 2226 871 navis,
2249 803 2655 860 diilinitionibus
2695 801 2953 856 adhibitis
2977 841 2992 865 ,
3045 799 3179 869 quid
3223 799 3295 854 sit
3333 798 3649 869 relinquere

2053 912 2268 964 navem,
2292 903 2349 950 et
2371 895 2500 964 quid
2534 906 2816 948 remanere
2841 892 2895 946 in
2922 890 3089 960 navi?

2121 989 2258 1044 Item
2303 987 2628 1056 ambiguitas
2661 999 2802 1053 saepe
2838 984 2893 1039 in
2931 984 3133 1056 scripta
3151 983 3269 1054 lege
3313 981 3444 1037 facit
3493 997 3648 1052 qua:-

2056 1079 2307 1145 stionem,
2331 1079 2434 1134 hoc
2466 1078 2624 1132 modo
2650 1094 2663 1130 :
2694 1075 2947 1130 Meretrix
2984 1091 3232 1129 coronam
3262 1090 3368 1126 non
3414 1072 3649 1136 habeat;

2055 1174 2102 1226 si
2130 1171 2337 1236 habeat,
2385 1168 2695 1240 publicetur.
2733 1167 2832 1223 Hic
2863 1166 3189 1235 ambiguitas
3221 1165 3276 1217 in
3305 1163 3512 1232 scripto
3541 1170 3662 1228 est,

2059 1277 2128 1316 an
2149 1259 2427 1324 meretrix,
2459 1258 2542 1312 vel
2566 1273 2764 1313 corona
2797 1255 3116 1326 publicanda
3145 1254 3233 1311 sit.

2129 1353 2209 1407 Ex
2245 1350 2532 1407 contrariis
2557 1363 2770 1420 quoque
2793 1347 3002 1417 legibus
3048 1361 3192 1416 smpe
3219 1345 3449 1414 quaestio
3475 1342 3655 1397 nasci.

2061 1451 2172 1510 tur,
2208 1445 2336 1498 dum
2385 1441 2451 1496 dc
2495 1456 2601 1494 una
2639 1455 2699 1494 re
2736 1438 2894 1493 aliter
2939 1437 3043 1490 alia
3089 1435 3174 1491 lex
3227 1443 3430 1500 cavet,
3490 1433 3656 1488 aliter

2063 1532 2248 1587 altera.
2282 1531 2434 1587 LEX:
2471 1528 2574 1594 Qui
2602 1540 2885 1599 tyrannum
2937 1523 3210 1588 occiderit,
3244 1541 3539 1594 remquam
3564 1540 3655 1576 eo-

2064 1620 2130 1674 let
2152 1621 2355 1690 prtrmii
2383 1619 2495 1672 loco
2519 1637 2551 1672 α
2577 1617 2889 1686 magistratu
2915 1623 3072 1686 roget,
3105 1623 3153 1666 et
3177 1615 3430 1684 accipiat.
3463 1613 3652 1667 Altera

2065 1711 2179 1770 Lux
2214 1732 2229 1767 :
2262 1709 2504 1782 Tyranno
2566 1709 2733 1764 occiso
2788 1701 3057 1779 [quinque]
3083 1706 3242 1760 etiam
3285 1706 3527 1774 proximi
3566 1722 3656 1759 co-

1983 1790 2030 1852 B
2057 1804 2302 1875 gnatione
2359 1799 2686 1854 occidantur.
2739 1795 3125 1860 Alexandrum,
3158 1795 3250 1866 qui
3299 1796 3353 1849 in
3414 1795 3652 1850 Thessa-

2061 1891 2136 1946 lia
2199 1890 2537 1961 tyrannidem
2590 1894 2903 1958 occuparat,
2936 1885 3119 1940 Thebc
3171 1899 3306 1938 uxor
3342 1900 3443 1938 sua
3491 1892 3652 1938 noctu

2061 1981 2284 2038 occidit.
2311 1978 2437 2033 [hec
2462 1977 2632 2032 filium
2657 1994 2838 2044 suum,
2863 1992 3019 2048 quem
3049 1992 3115 2030 ex
3139 1984 3366 2047 tyranno
3397 1975 3650 2042 habebat,

2061 2070 2163 2126 sibi
2204 2070 2260 2124 in
2293 2069 2500 2140 praemii
2528 2068 2646 2124 loco
2667 2066 2928 2139 deposcit.
2963 2067 3102 2122 Sunt
3126 2051 3216 2138 qui
3245 2082 3311 2120 ex
3335 2067 3456 2135 lege
3477 2066 3647 2122 occidi

2061 2177 2289 2234 puerum
2324 2161 2507 2216 dicant
2533 2167 2784 2230 oportere
2811 2177 2823 2213 :
2853 2166 2977 2214 sunt
3006 2159 3097 2230 qui
3120 2158 3302 2212 dicant
3322 2159 3474 2212 reddi
3499 2174 3650 2228 opor-

2064 2261 2180 2307 tere
2206 2252 2366 2307 matri
2388 2250 2508 2308 loco
2552 2250 2780 2322 praemii.
2811 2249 2919 2305 Res
2965 2250 3018 2304 in
3058 2247 3263 2316 judicio
3309 2256 3414 2302 est.
3457 2247 3524 2302 Et
3569 2247 3654 2302 hic

2063 2341 2516 2397 considerandum
2554 2354 2672 2411 qua:
2697 2338 2783 2394 lex
2827 2339 2893 2393 ad
2924 2337 3179 2408 majorem
3211 2337 3502 2392 utilitatem
3539 2353 3655 2406 pcr-

2067 2433 2270 2497 tineat;
2301 2439 2357 2486 et
2380 2447 2501 2501 qua:
2520 2431 2670 2500 prius
2707 2431 2780 2486 sit
2801 2428 2952 2502 [Ms.,
2989 2427 3154 2500 esset]
3185 2428 3417 2498 scripta;
3448 2439 3502 2484 et
3523 2443 3659 2498 quos

2066 2537 2291 2595 quzeque
2319 2523 2570 2578 habuerit
2595 2522 2952 2593 legislatores.

2137 2618 2214 2671 Ex
2245 2616 2448 2685 scripto
2471 2623 2528 2672 et
2547 2616 2816 2671 sententia
2839 2615 3211 2672 controversia
3237 2613 3511 2674 consistit.
3534 2627 3658 2668 cum

2068 2706 2204 2762 alter
2228 2707 2410 2762 verbis
2434 2707 2566 2776 ipsis
2596 2721 2717 2775 quae
2745 2705 2946 2774 scripta
2966 2715 3114 2770 sunt,
3153 2705 3356 2769 utitur;
3401 2702 3544 2756 alter
3589 2701 3661 2755 ad

2069 2796 2122 2851 id
2149 2796 2293 2866 quod
2319 2795 2639 2866 scriptorem
2664 2796 2901 2851 sensisse
2941 2795 3075 2851 dicit
3097 2793 3254 2866 [Ms.,
3283 2791 3450 2865 dicet]
3479 2832 3496 2858 ,
3544 2806 3662 2846 om~

2069 2901 2192 2946 nent
2225 2888 2468 2960 adjungit
2490 2887 2802 2942 dictionem.
2833 2886 2902 2944 Ut
2938 2887 3024 2942 lex
3052 2895 3153 2950 est,
3182 2902 3306 2957 quae.
3335 2895 3470 2940 uetat
3507 2894 3664 2938 noctu

2069 2987 2248 3049 portas
2285 2979 2499 3048 aperiri.
2541 2976 2770 3054 Quidam
2799 2977 2973 3046 aperit
3002 2985 3057 3031 et
3085 2978 3290 3032 amicos
3325 2977 3380 3031 in
3404 2975 3667 3045 oppidum

2071 3069 2297 3140 suscipit
2324 3067 2474 3141 [Hs.,
2507 3067 2747 3140 accipit],
2789 3085 2857 3124 ne
2886 3069 2953 3123 ab
2999 3068 3248 3125 hostibus
3291 3069 3668 3138 opprimeren-

2078 3171 2188 3226 tur,
2209 3161 2256 3216 si
2301 3161 2432 3216 foris
2469 3162 2817 3216 mansissent.
2869 3160 3169 3217 Accusator
3217 3162 3388 3218 solam
3433 3160 3670 3218 attendit

2080 3253 2341 3317 litteram;
2381 3251 2633 3308 defensor
2663 3253 2984 3308 sententiam
3017 3269 3030 3306 :
3069 3251 3392 3322 scriptorem
3408 3250 3548 3321 legis
3567 3265 3668 3320 pro

2079 3343 2313 3400 inimicis
2343 3342 2517 3397 claudi
2551 3353 2732 3411 portas
2780 3342 2984 3413 oppidi,
3012 3358 3123 3399 non
3173 3358 3273 3412 pro
3313 3342 3508 3396 amicis
3553 3339 3671 3410 jus-

2079 3435 2234 3489 sisse.
2268 3434 2429 3488 Fiunt
2455 3449 2550 3502 per
2581 3435 3048 3490 ratiocinationem
3078 3431 3163 3489 vel
3188 3430 3568 3488 ditlinitionem
3591 3431 3671 3486 le-

2081 3528 2162 3598 gis
2187 3527 2534 3596 quaestiones,
2565 3526 2692 3582 dum
2715 3527 2822 3582 alia
2871 3526 3080 3582 ratione
3106 3525 3247 3580 alter
3269 3525 3540 3594 scriptum
3588 3524 3673 3578 in-

2083 3617 2370 3687 terpretari
2397 3618 2606 3683 nititur,
2643 3619 2750 3674 alia
2798 3619 2975 3674 alter:
3007 3617 3091 3674 vel
3136 3618 3180 3672 si
3232 3616 3450 3672 diverso
3507 3615 3668 3670 modo

2081 3713 2364 3781 scriptoris
2415 3712 2740 3767 sententiam
2787 3720 3053 3768 conantur
3107 3710 3351 3768 deﬁnire.
3415 3709 3488 3764 Et
3531 3707 3673 3777 dus-

2083 3805 2248 3870 modi,
2280 3812 2341 3859 ut
2362 3803 2496 3870 dixi,
2521 3819 2589 3860 ex
2618 3805 2822 3875 scripto
2856 3803 2993 3859 ﬁunt
3016 3803 3360 3874 quaestiones.

2154 3914 2286 3970 Cm.
2323 3912 2609 3984 Perspecto
2635 3914 3016 3969 controversiae
3043 3912 3182 3977 loco,
3205 3911 3506 3966 secundum
3529 3911 3674 3982 quod

2087 4008 2291 4071 dixisti,
2324 4022 2390 4061 an
2421 4006 2473 4060 in
2501 4006 2705 4061 ratione
2736 4007 2808 4060 sit
2834 4045 2848 4070 ,
2897 4005 2981 4060 vel
3010 4007 3063 4060 in
3095 4005 3295 4074 scripto
3315 4046 3331 4070 ,
3379 4019 3490 4073 quo
3545 4012 3675 4058 tunc

2085 4102 2296 4154 animus
2327 4099 2578 4154 ferendus
2597 4099 2713 4154 est?
2737 4129 2809 4139 —-
2835 4098 2968 4152 ALs.
3019 4097 3316 4152 Videndum
3363 4104 3450 4151 est
3473 4137 3489 4161 ,
3550 4095 3675 4165 quae

2087 4192 2335 4263 quaestio,
2361 4205 2480 4259 qum
2509 4190 2668 4254 ratio,
2699 4205 2819 4259 qua:
2867 4177 3162 4258 iudicatio,
3192 4197 3248 4243 et
3290 4188 3436 4258 quod
3483 4186 3670 4241 firma-

2088 4290 2325 4337 mentum
2362 4295 2538 4335 causae
2567 4281 2656 4335 sit.

2157 4375 2288 4432 Cm.
2331 4375 2406 4430 De
2427 4375 2648 4444 singulis
2674 4375 2856 4429 dicito.
2898 4403 2969 4415 -—
2999 4374 3132 4428 Aug.
3179 4373 3416 4440 (lucretio
3435 4381 3522 4428 est
3545 4388 3673 4428 con-

1209 4511 1221 4546 ,
1263 4465 1366 4558 Qui
1423 4491 1481 4544 εη
1533 4465 1752 4544 una.“
1796 4465 1988 4558 iam”-
2010 4495 2062 4557 Ι)
2091 4467 2320 4530 stitutio,
2350 4467 2402 4520 in
2431 4481 2534 4534 qua
2563 4480 2740 4520 causa:
2758 4465 3075 4534 disceptatio
3093 4472 3322 4527 constat,
3355 4465 3459 4519 hoc
3480 4465 3666 4518 modo.

2098 4559 2222 4614 Non
2236 4561 2361 4630 jure
2389 4558 2590 4627 fecisti;
2643 4558 2768 4627 jure
2821 4557 2938 4625 feci.
2973 4555 3129 4610 Ratio
3181 4565 3263 4610 est
3292 4596 3306 4622 ,
3351 4571 3457 4626 qua
3503 4557 3669 4612 utitur

2095 4667 2240 4716 reus,
2264 4664 2430 4720 quare
2468 4646 2589 4716 jure
2627 4646 2815 4703 fecerit
2843 4645 2998 4718 [Ms.,
3029 4645 3287 4718 fecisset].
3324 4645 3390 4702 Ut
3411 4647 3636 4702 Orestes
3662 4687 3676 4713 ,

2095 4741 2140 4796 si
2163 4747 2507 4796 accusaretur
2547 4738 2854 4801 matricidii,
2902 4753 3009 4791 non
3055 4737 3219 4792 habet
3263 4735 3636 4792 defensionem
3663 4777 3678 4802 ,

2096 4833 2198 4887 nisi
2239 4830 2404 4904 [hoc],
2428 4831 2572 4885 dicat
2601 4870 2617 4896 ,
2667 4829 2791 4899 jure
2816 4829 2947 4900 feci;
2985 4826 3078 4881 illa
3108 4829 3243 4880 enim
3273 4839 3477 4898 patrem
3508 4845 3678 4881 meum

2098 4922 2378 4977 occiderat.
2403 4919 2672 4976 Judicatio
2697 4929 2780 4976 est
2821 4933 2885 4973 ex
2919 4918 3126 4972 ratione
3157 4916 3410 4972 deducta.
3456 4918 3680 4973 Summa

2100 5012 2294 5086 [Edit.,
2318 5012 2560 5086 Sumam]
2589 5011 2924 5081 hujnsmodi:
2955 5011 3255 5065 Rectumne
3277 5008 3443 5065 fuerit
3460 5012 3531 5066 ab
3552 5009 3685 5067 Ore-

2099 5115 2181 5160 ste
2208 5115 2438 5160 matrem
2462 5103 2658 5168 occidi,
2689 5118 2808 5158 cum
2842 5101 2929 5156 illa
2980 5101 3187 5156 Orestis
3216 5109 3426 5170 patrem
3468 5103 3690 5157 occide-

2099 5197 2202 5250 rit?
2223 5193 2637 5248 Firmamentum
2653 5201 2734 5247 est
2760 5190 3067 5246 ﬁrmissima
3088 5192 3485 5263 argumentatio
3501 5191 3693 5246 defen-

2102 5287 2260 5352 soris,
2296 5293 2378 5350 ut,
2406 5285 2453 5339 si
2501 5283 2631 5344 velit
2657 5281 2874 5338 Orestes
2920 5281 3120 5347 dicere,
3148 5281 3411 5354 ejusmodi
3440 5283 3688 5337 animum

2106 5379 2296 5434 matris
2326 5377 2519 5450 [Edit.,
2546 5373 2729 5447 matri]
2760 5373 2915 5448 [suae]
2939 5371 3104 5430 fuisse
3133 5374 3187 5428 in
3211 5383 3446 5445 patrem,
3467 5374 3526 5428 in
3545 5375 3690 5446 seip-

2105 5488 2246 5538 sum,
2276 5473 2328 5526 in
2359 5485 2602 5543 regnum,
2636 5471 2688 5526 in
2714 5485 2873 5526 omne
2892 5485 3059 5540 genus
3091 5477 3354 5536 suum,°ut
3376 5469 3450 5524 ab
3479 5485 3545 5525 ea
3571 5485 3692 5540 pa:-

2104 5582 2203 5624 nas
2231 5565 2384 5622 liberi
2405 5566 2486 5621 sui
2523 5564 2863 5636 potissimum
2892 5572 3146 5634 expetere
3169 5557 3521 5620 debuissent.

2173 5675 2305 5732 Cm.
2347 5674 2431 5748 De_
2448 5674 2680 5744 generali
2705 5675 3087 5731 constitutione
3111 5675 3263 5746 prius
3311 5672 3520 5739 dixisti,
3545 5671 3691 5740 quod

2100 5766 2279 5836 plures
2304 5773 2484 5834 partes
2516 5766 2737 5844 haberet
2762 5765 2952 5840 [Edit.,
2981 5781 3100 5837 qua
3137 5764 3388 5838 pluribus
3437 5763 3687 5835 partibus
