3934 6180
247 343 364 400 925

1071 332 1542 396 οωλεωλιεᾼ.
1583 361 1652 372 --
1688 329 1960 392 DlALOG.
1999 329 2090 387 ns
2123 330 2332 407 nam.
2371 330 2462 386 nr
2502 299 2686 400 vim.

3411 333 3518 391 9‘16

242 450 509 525 must].
531 450 666 510 illas
686 456 914 520 rogo,~ut
938 448 1144 518 pandas
1165 448 1324 516 mihi,
1353 447 1626 519 inagister,
1648 459 1833 500 exem-
1857 448 1910 508 Α
1935 447 2028 501 sed
2066 446 2230 521 [post]
2267 456 2554 504 accusatur
2591 463 2714 504 reus
2751 445 3068 518 maiestatis.
3111 447 3343 504 Intentio
3381 459 3514 506 est:

243 548 468 621 ptisque
499 528 790 600 confirmes
820 557 917 612 per
939 540 1228 610 singulas,
1257 555 1342 595 me
1370 547 1578 598 tacente
1606 546 1660 594 et
1701 553 1832 609 pro-

242 640 440 696 hante.
463 664 532 677 —
559 630 1004 704 Asn.v[Faciam].
1041 631 1133 685 llla
1167 631 1554 696 controversia,
1577 646 1697 700 quae
1719 628 1837 701 [de-

243 725 548 798 monstrat]
576 724 735 794 quale
768 724 842 782 sit
872 722 1000 776 illud
1027 721 1408 793 factum,quod
1435 737 1533 777 reo
1559 721 1835 791 objicitur,

241 818 574 877 constitutio
616 815 888 886 generalis
912 821 1158 880 vocatur,
1185 823 1240 874 et
1272 815 1438 870 habet
1454 823 1642 884 partes
1660 814 1795 868 duas
1818 852 1833 877 ,

245 909 561 983 iudicialem
599 917 656 966 et
691 907 1035 978 negotialem.
1092 905 1382 977 Negotialis
1429 914 1540 972 est,
1592 906 1647 964 in
1686 920 1794 973 qua
1822 944 1836 970 ,

254 1001 390 1072 «inid
409 1000 550 1072 juris
577 999 668 1063 sit,
687 1013 756 1068 cx
802 997 945 1055 civili
970 1012 1123 1060 more
1145 1007 1204 1052 et
1227 997 1503 1067 aequitate
1521 996 1837 1060 considera-

255 1106 369 1151 tsr.
391 1092 492 1148 Cui
515 1091 807 1162 diligentia:
833 1097 1076 1160 praesunt
1123 1089 1366 1160 iudices,
1397 1097 1455 1143 et
1489 1087 1656 1142 habet
1687 1087 1742 1141 in
1781 1102 1839 1142 se

254 1187 589 1257 implicatam
621 1181 756 1255 [.ils.
777 1221 793 1247 ,
828 1179 1168 1253 implicitam]
1209 1178 1638 1236 controversiam
1665 1176 1841 1232 civilis

247 1278 414 1350 juris,
440 1276 547 1332 hoc
573 1274 774 1329 modo:
804 1271 1056 1338 Quidam,
1080 1270 1210 1326 dum
1241 1269 1408 1326 filium
1428 1268 1590 1338 317
1620 1283 1726 1326 non
1749 1267 1844 1322 ha-

249 1369 399 1434 buit,
427 1365 690 1436 pupillum
717 1364 818 1420 sibi
846 1362 974 1420 fecit
994 1363 1261 1418 hinredem
1291 1377 1306 1416 :
1335 1361 1430 1418 sed
1455 1359 1688 1430 pupillus
1715 1367 1841 1414 ante

251 1464 512 1522 mortuus
539 1461 808 1522 estquam
833 1450 1123 1506 hmreditas
1150 1450 1204 1504 in
1249 1456 1570 1518 potestatem
1595 1446 1714 1517 ejus
1753 1461 1842 1504 ve-

252 1547 449 1614 nisset.
475 1545 562 1600 Fit
582 1542 932 1602 controuersia
956 1555 988 1595 a
1015 1539 1264 1596 secundis
1294 1539 1598 1594 bacredibus
1625 1537 1797 1607 patris
1825 1555 1836 1589 :

255 1638 462 1694 Nostra
485 1643 570 1692 est
591 1634 886 1705 possessio.
914 1632 1142 1690 Intentio
1173 1641 1258 1686 est
1295 1631 1716 1701 propinquorum
1743 1645 1844 1700 pu-

1936 536 2054 592 Non
2081 539 2316 608 oportuit
2347 553 2500 594 arma
2533 539 2863 610 relinquere.
2909 539 3161 610 Depulsio
3195 549 3282 602 est
3308 559 3322 596 :
3347 539 3519 609 Opor-

1935 627 2060 682 tuit.
2104 627 2334 694 Quwstio
2370 637 2451 684 est
2486 629 2955 701 :Oportueritne?
2992 631 3148 687 Ratio
3178 632 3520 688 estzltlilites

1937 720 2081 774 enim
2118 734 2307 776 omnes
2343 721 2652 791 periissent,
2691 723 2735 777 si
2773 723 2876 778 hoc
2905 739 3012 779 non
3042 723 3311 780 fecissem.
3359 723 3520 792 Inﬁr-

1938 810 2099 866 matio
2127 817 2212 866 est
2234 828 2248 864 :
2272 809 2392 865 Non
2415 811 2537 867 ideo
2565 812 2758 868 fecisti.
2792 814 2870 867 Ex
2892 815 3087 882 quibus
3107 814 3378 870 Judicatio
3403 825 3516 869 est:

1917 901 2338 966 ,Periissentne?
2383 903 2469 968 Et,
2510 904 2700 959 ideonc
2745 904 2963 960 fecisti?
3010 903 3344 977 Comparatio
3382 921 3401 958 :
3433 907 3519 962 An

1939 991 2133 1046 melius
2155 1000 2300 1048 esset
2325 992 2392 1047 ad
2413 993 2556 1048 hanc
2589 995 2953 1066 turpissimam
2983 996 3344 1061 conditionem
3369 997 3524 1054 .veni-
3617 995 3624 1000 ’

1941 1096 2023 1147 re,
2046 1081 2138 1139 vel
2167 1082 2366 1164 milites
2391 1083 2612 1153 perire?

2013 1173 2221 1230 Relatio
2254 1174 2485 1232 criminis
2522 1184 2628 1239 est,
2668 1166 2791 1233 cum
2829 1194 2954 1235 rcus
2985 1180 3040 1235 id
3073 1183 3220 1252 quod
3253 1181 3518 1251 arguitur,

1937 1265 2222 1323 confessus
2245 1267 2466 1324 alterius
2496 1283 2554 1323 se
2582 1269 2859 1324 inductum
2887 1281 3131 1342 peccato,
3164 1271 3288 1342 jure
3325 1274 3520 1330 fecisse

1909 1413 1914 1422 λ
1942 1357 2296 1413 demonstrat.
2317 1358 2398 1414 Ea
2421 1369 2506 1416 est
2521 1360 2826 1430 huiusmodi
2843 1381 2856 1416 :
2875 1362 3331 1422 Horatiusoccisis
3347 1367 3522 1422 tribus

1943 1448 2196 1506 Curiatiis
2218 1448 2399 1522 [Mss.,
2419 1450 2766 1523 Curiatibus],
2793 1461 2849 1507 et
2867 1453 3078 1509 duobus
3097 1436 3311 1511 amissis
3344 1455 3525 1511 fratri—

1943 1541 2065 1606 bus,
2085 1544 2306 1598 domum
2331 1558 2396 1602 se
2419 1544 2594 1600 victor
2631 1545 2852 1614 recepit.
2893 1546 2988 1618 [Is]
3027 1549 3408 1604 animadvertit
3438 1565 3525 1603 so-

1945 1647 2124 1695 rorem
2151 1647 2304 1688 Suam
2332 1634 2400 1688 de
2434 1632 2660 1688 fratrum
2689 1643 2866 1690 morte
2897 1652 3004 1691 non
3030 1638 3300 1692 dolentem
3343 1637 3521 1708 [Mss.,

254 1729 377 1800 pilli
405 1747 418 1784 :
445 1727 642 1786 Nostra
668 1733 756 1782 est
793 1723 1020 1796 pecunia
1043 1763 1060 1789 ,
1109 1723 1177 1780 de
1203 1738 1308 1792 qua
1372 1729 1600 1776 testatus
1623 1736 1731 1776 non
1759 1729 1844 1775 est
1875 1793 1916 1802 _
1948 1740 2050 1779 non
2073 1724 2462 1796 laborantem];
2485 1726 2666 1794 sponsi
2689 1735 2869 1782 autem
2893 1744 3086 1788 nomen
3112 1729 3335 1784 Curiatii
3359 1730 3530 1802 [iden-

251 1793 594 1890 propinquus
621 1793 823 1872 noster.
846 1813 1096 1885 Depulsio
1116 1821 1206 1869 est
1231 1831 1243 1866 :
1270 1812 1381 1868 lmo
1407 1818 1596 1868 nostra
1618 1817 1723 1876 est,
1750 1809 1843 1878 qui
1875 1793 1922 1855 Β
1950 1813 2138 1886 tidem]
2183 1793 2541 1885 appellantem
2587 1830 2712 1873 cum
2753 1819 2957 1888 gemitu
3007 1828 3063 1876 et
3108 1793 3523 1886 lamentatione,

255 1911 509 1969 haeretica
543 1914 863 1966 testamento
882 1906 1062 1978 patris
1112 1921 1316 1960 sumus.
1351 1902 1584 1968 Quwstio
1613 1911 1688 1964 est
1711 1901 1846 1955 ratio

255 2003 392 2076 [Ms.
422 2042 438 2068 ,
483 1998 726 2072 rationis]
759 2013 774 2052 :
811 1997 1019 2068 Pupillo
1067 1997 1212 2052 enim
1256 2002 1415 2066 pater
1465 1999 1847 2049 testamentum

256 2093 504 2164 scripsit,
531 2105 720 2160 quare,
749 2105 870 2159 quae
895 2087 1013 2158 ejus
1051 2095 1196 2151 sunt,
1229 2093 1415 2140 nostra
1465 2083 1598 2137 fiant
1629 2094 1848 2136 necesse

253 2193 362 2241 cst.
395 2182 692 2253 Inﬁrmatio
723 2181 982 2235 rationis:
1009 2179 1120 2233 lmo
1175 2185 1329 2247 pater
1370 2175 1472 2230 sibi
1511 2173 1726 2242 scripsit
1761 2186 1849 2226 se-

258 2277 496 2332 cundum
521 2273 823 2337 haeredem,
873 2286 978 2326 non
1027 2268 1260 2340 pupillo;
1311 2281 1480 2336 quare
1525 2270 1848 2320 testamento

262 2371 406 2424 illius
431 2376 610 2422 vestra
635 2381 754 2423 esse
779 2365 1071 2420 hareditas
1120 2379 1225 2417 non
1281 2368 1478 2431 potest.
1531 2357 1800 2414 Judicatio
1829 2375 1842 2410 :

258 2460 509 2517 Possitne
537 2457 822 2528 quisquam
846 2455 912 2510 de
941 2453 1035 2508 ﬁlii
1070 2452 1258 2522 pupilli
1310 2465 1370 2506 re
1417 2449 1605 2506 testari
1647 2447 1845 2520 [Edit.,

258 2550 390 2608 filiis
433 2548 623 2619 pupilli
678 2543 984 2615 retestari],
1023 2559 1091 2598 an
1121 2540 1364 2597 hreredes
1411 2538 1632 2595 secundi
1679 2537 1848 2608 ipsius

257 2639 687 2714 patrisfamilias,
714 2652 821 2692 non
848 2635 946 2691 filii
969 2649 1185 2704 quoque
1225 2631 1341 2702 ejus
1381 2629 1570 2703 pupilli
1605 2628 1849 2684 heredes

259 2733 374 2788 sint
389 2731 413 2784 ’ἔ

329 2818 616 2877 Judiciafis
644 2829 746 2884 est,
785 2819 841 2874 in
877 2832 982 2887 qua
1021 2816 1160 2887 aequi
1188 2823 1247 2870 ct
1283 2811 1473 2882 iniqui,
1509 2809 1607 2883 [et]
1639 2808 1849 2880 praemii

256 2920 360 2968 aut
383 2925 557 2981 pinnae
592 2910 734 2964 ratio
770 2908 1050 2980 quaeritur.
1095 2903 1265 2972 Hujus
1303 2910 1491 2972 partes
1535 2901 1655 2956 duae
1700 2906 1848 2964 sunt,

256 3001 512 3060 absoluta
551 3009 608 3056 et
653 2999 1005 3069 assumptiva.
1047 2995 1300 3051 Absoluta
1347 3002 1430 3049 est
1455 3033 1470 3058 ,
1520 3007 1639 3062 qua:
1685 2991 1741 3046 in
1791 3005 1850 3045 se

257 3097 508 3152 continet
544 3090 685 3160 juris
728 3099 785 3146 et
829 3090 1036 3160 injuria:
1074 3086 1444 3158 qumstionem,
1496 3085 1601 3138 hoc
1644 3082 1803 3154 modo
1828 3098 1844 3130 τ

258 3191 402 3247 Cum
425 3151 668 3247 Thdiani
689 3151 1108 3241 Lacedaemones
1129 3179 1269 3235 bello
1296 3183 1666 3248 superassent,
1688 3183 1744 3230 et
1770 3151 1847 3228 fe-
1868 3151 1917 3218 (εἶ

261 3297 325 3337 re
352 3294 474 3336 mos
497 3277 700 3334 Graecis
726 3274 906 3348 [Mss.,
929 3271 1113 3344 Grais]
1138 3278 1244 3336 est,
1265 3280 1327 3326 ut
1347 3269 1489 3324 bello
1510 3267 1735 3336 intcr_se
1757 3281 1850 3338 ge-

261 3382 354 3430 sto
378 3369 561 3444 (Hac,
585 3383 712 3424 cum
746 3367 888 3422 inter
913 3380 974 3420 se
991 3363 1191 3420 bellum
1217 3363 1513 3434 gessissent
1536 3360 1642 3433 ut],
1671 3361 1726 3416 hi
1755 3360 1849 3430 qui

264 3463 546 3527 vicissent,
575 3467 834 3528 tropaeum
865 3455 1081 3526 aliquod
1113 3455 1170 3510 in
1195 3455 1394 3512 finibus
1421 3461 1741 3518 statuerent,
1775 3452 1852 3508 vi-

263 3552 456 3610 ctoria:
475 3551 634 3607 modo
662 3550 718 3605 in
744 3547 1030 3619 praesentia
1061 3546 1238 3618 [Mss.,
1269 3544 1632 3618 praesentiam]
1669 3544 1849 3600 decla-

267 3643 456 3701 randa:
496 3657 684 3707 causa,
734 3656 843 3696 non
879 3647 940 3696 ut
979 3639 1034 3694 in
1071 3647 1392 3709 perpetuum
1427 3637 1554 3693 belli
1589 3636 1852 3692 memoria

269 3739 538 3798 maneret,
581 3746 789 3786 aeneum
832 3735 1138 3785 statuerunt
1181 3735 1462 3796 tropaeum.
1518 3725 1856 3780 Accusantur

269 3828 418 3900 apud
437 3841 724 3883 commune
749 3822 970 3881 Gracia:
995 3819 1300 3876 concilium.
1336 3816 1564 3871 Intentio
1591 3821 1676 3870 est
1699 3832 1711 3870 :
1740 3814 1854 3868 Non

252 3921 535 3992 oportuit.
571 3917 819 3989 Depulsio
844 3923 930 3972 est
951 3933 964 3969 :
988 3912 1254 3984 Oportuit.
1287 3909 1522 3976 Quwuio
1543 3916 1628 3963 est
1653 3927 1667 3962 :
1693 3907 1859 3978 Opor-

269 4011 553 4069 tneritne?
592 4010 748 4064 Ratio
773 4017 857 4065 est
878 4027 892 4063 :
916 4007 1049 4063 Eam
1077 4006 1221 4062 enim
1245 4019 1311 4058 ex
1336 4001 1480 4058 bello
1501 3999 1724 4071 gloriam
1751 3999 1859 4054 vir—

271 4110 397 4158 tute
418 4099 747 4170 peperimus,
773 4107 836 4155 ut
867 4097 986 4168 ejus
1012 4104 1214 4152 aeterna
1239 4091 1467 4162 insignia
1502 4089 1732 4160 posteris
1758 4104 1858 4144 no-

270 4194 410 4250 stris
438 4193 904 4262 relinquerentur;
937 4188 1222 4244 statuimus
1251 4193 1530 4253 tnopaaum.
1560 4179 1860 4250 Inﬁrmatio

271 4294 397 4342 est:
414 4284 661 4339 Attamen
682 4291 942 4338 aeternum
963 4277 1370 4335 inimicitiarum
1389 4273 1608 4330 Grtncos
1629 4271 1694 4326 de
1716 4270 1863 4331 Gne-

273 4375 368 4430 cis
405 4371 588 4445 [Hss.,
623 4371 814 4427 Graios
841 4371 908 4427 de
951 4366 1135 4439 Grais]
1174 4373 1582 4422 monumentum
1627 4370 1865 4418 statuere

277 4481 393 4522 non
424 4471 654 4533 oportet.
683 4461 954 4518 Judicatio
981 4469 1065 4516 est
1088 4478 1102 4513 :
1127 4458 1260 4514 Cum
1285 4472 1508 4513 summa:
1533 4456 1748 4511 virtutis
1768 4468 1860 4509 ce-

277 4555 558 4612 lebrandae
574 4569 739 4610 eausa
755 4552 930 4609 Graeci
951 4553 1017 4608 de
1037 4551 1238 4606 Graecis
1259 4549 1440 4622 [Mss.,
1453 4549 1580 4604 Grai
1595 4549 1664 4604 de
1682 4545 1862 4619 Grais]

280 4655 551 4700 mternum
578 4643 988 4700 inimicitiarum
1011 4651 1417 4698 monumentum
1437 4648 1764 4706 statuerunt,
1787 4654 1869 4696 re-

281 4746 378 4794 cte
403 4752 474 4792 an
505 4752 612 4792 non
641 4734 904 4792 fecerint?

361 4827 691 4897 Assumptiva
717 4833 821 4890 est,
849 4839 972 4880 cum
999 4823 1173 4894 ipsum
1195 4822 1395 4879 factum
1415 4819 1632 4893 probari
1655 4835 1758 4874 non
1779 4834 1872 4888 po-

291 4924 421 4981 test,
437 4914 530 4970 sed
546 4915 726 4984 aliquo
744 4913 878 4970 foris
897 4922 1174 4984 assumpto
1193 4920 1508 4984 argumento
1528 4911 1831 4966 defenditur
1855 4925 1870 4973 ;

285 5008 452 5078 cilius
488 5017 667 5080 partes
699 5017 828 5065 sunt
859 5018 1108 5078 quatuor.
1148 5007 1515 5078 Comparatio,
1548 5004 1740 5060 relatio
1768 5003 1873 5058 cri-

292 5099 483 5165 minis,
508 5100 740 5155 remotio
760 5099 1022 5162 criminis,
1052 5096 1318 5152 confessio
1341 5095 1521 5168 [Mss.,
1547 5091 1870 5166 concessio].

368 5185 705 5259 Comparatio
731 5195 834 5252 est,
863 5203 986 5242 cum
1008 5187 1151 5242 aliud
1179 5187 1395 5256 aliquod
1424 5185 1644 5250 factum,
1666 5194 1876 5238 rectum

289 5288 396 5336 aut
420 5279 550 5334 utile
574 5279 876 5335 ostenditur
905 5277 1083 5350 [Hss.,
1112 5276 1500 5349 contenditur],
1529 5277 1668 5345 quod
1698 5284 1756 5328 ut
1783 5275 1879 5330 lie-

290 5379 408 5438 ret,
435 5370 565 5425 illud
594 5372 734 5441 quod
761 5371 1021 5441 arguitur,
1048 5370 1247 5425 dicitur
1268 5385 1388 5426 esse
1420 5370 1789 5435 commissum,
1818 5378 1878 5424 ut

291 5467 357 5522 in
385 5463 654 5534 exemplo,
682 5463 826 5533 quod
853 5464 1015 5540 paulo
1041 5471 1166 5518 ante
1200 5462 1432 5531 positum
1456 5470 1540 5516 est
1574 5460 1749 5532 [Mss.,
1782 5477 1878 5530 po-

292 5554 554 5627 suimus].
591 5555 725 5611 Cum
751 5557 858 5611 dux
883 5555 1157 5610 Romanus
1175 5556 1242 5609 ab
1263 5554 1506 5608 hostibus
1523 5553 1876 5620 obsideretur,

298 5661 407 5725 nec
436 5645 547 5700 ullo
587 5653 744 5725 pacto
765 5644 996 5725 evadere
1025 5644 1220 5725 potnit,
1253 5642 1642 5725 nisi-.[pacarcL
1671 5642 1750 5714 ut]
1785 5644 1880 5724 ho-

300 5717 482 5775 stibus
509 5713 658 5772 arma
690 5717 871 5780 daret;
904 5713 1068 5770 armis
1107 5715 1241 5771 datis
1278 5714 1473 5770 milites
1505 5713 1837 5770 conservavit
1863 5732 1876 5782 ;

1951 1905 2170 1975 indigne
2192 1921 2383 1975 passus
2411 1906 2606 1978 [Edit.,
2639 1909 2773 1964 vidit
2794 1909 2899 1964 hoc
2922 1910 3140 1982 indigne
3161 1910 3388 1983 ferens],
3412 1913 3524 1968 vir-

1909 2034 1914 2038 -
1945 1997 2130 2066 ginem
2161 1997 2378 2054 occidit.
2420 1997 2738 2054 Accusatur.
2787 2000 3017 2056 Intentio
3056 2011 3138 2058 est
3162 2021 3173 2056 :
3201 2001 3400 2071 Iniuria
3441 2020 3528 2059 so-

1949 2102 2128 2144 rorem
2150 2087 2420 2143 occidisti.
2451 2089 2702 2160 Depulsio
2730 2089 2900 2148 :Jure
2920 2092 3113 2148 occidi.
3141 2092 3374 2158 Quaestio
3391 2109 3411 2148 :
3431 2092 3526 2148 Ju-

1948 2193 2079 2234 rcne
2104 2179 2406 2234 occiderit?
2427 2180 2583 2236 Ratio
2609 2196 2628 2234 :
2647 2183 2741 2237 llla
2761 2185 2906 2238 enim
2934 2185 3169 2240 hostium
3194 2196 3426 2242 mortem
3447 2187 3529 2242 lu-

1948 2271 2125 2340 gebat,
2154 2269 2383 2328 fratrum
2409 2272 2730 2343 negligebat,
2756 2289 2845 2329 me
2870 2284 2927 2330 et
2950 2277 3204 2346 populum
3223 2277 3525 2333 Romanum

1948 2362 2146 2418 vicisse
2177 2362 2404 2419 moleste
2435 2363 2664 2419 ferebat.
2712 2365 3013 2435 Inﬁmatio
3035 2384 3055 2422 :
3077 2367 3280 2422 Tamen
3308 2383 3340 2421 a
3365 2367 3530 2423 fratre

1949 2455 2315 2511 indemnatam
2350 2471 2592 2518 sororem
2632 2459 2816 2513 necari
2864 2475 2970 2515 non
3003 2462 3260 2531 oportuit.
3310 2462 3388 2516 Ex
3419 2477 3528 2531 quo

1946 2545 2216 2602 Judicatio
2248 2547 2345 2602 fit:
2370 2547 2504 2604 Cum
2535 2549 2755 2604 Horatia
2781 2549 3011 2606 fratrum
3041 2560 3270 2610 mortem
3294 2553 3532 2624 neglige—

1948 2645 2052 2703 ret,
2089 2637 2329 2693 hostium
2368 2637 2594 2709 lugeret,
2639 2637 2825 2694 fratris
2868 2648 2924 2694 et
2965 2641 3270 2710 reipublicae
3308 2643 3533 2697 victoria

1898 2768 1904 2772 τ
1945 2743 2058 2784 non
2079 2727 2355 2798 gauderet,
2380 2728 2748 2799 oportueritne
2767 2743 2888 2784 eam
2912 2744 2943 2784 a
2963 2728 3132 2786 fratre
3163 2730 3532 2786 indemnatam

1901 2860 1908 2864 .
1948 2817 2168 2874 occidi?

2019 2909 2260 2964 Remotio
2283 2910 2517 2966 criminis
2545 2918 2650 2977 est,
2680 2925 2804 2966 cum
2835 2909 2949 2979 ejus
2971 2911 3198 2967 intentio
3221 2911 3368 2979 facti,
3391 2915 3534 2982 quod

1949 3000 2020 3055 ab
2048 3001 2363 3058 adversario
2393 3002 2646 3068 infertur,
2677 3003 2734 3058 in
2759 3002 2925 3058 alium
2940 3011 3035 3058 aut
3059 3004 3116 3059 in
3155 3004 3297 3058 aliud
3327 3005 3533 3059 crimen

1952 3091 2276 3148 dimovetur.
2315 3093 2374 3149 ld
2415 3093 2476 3148 fit
2517 3092 2770 3149 bifariam
2819 3092 3002 3166 [Mss.,
3045 3093 3347 3166 bipertito].
3399 3093 3534 3149 Nam

1953 3190 2068 3238 tum
2096 3197 2284 3247 causa,
2320 3191 2433 3238 tum
2469 3200 2559 3240 res
2597 3185 2715 3254 ipsa
2751 3191 3077 3240 removetur.
3121 3182 3298 3240 Causa
3323 3185 3532 3257 {Forte,

1951 3271 2150 3345 cum]
2201 3275 2501 3338 remotionis
2549 3275 2653 3330 hoc
2698 3274 2856 3330 nobis
2892 3275 3138 3345 exemplo
3194 3275 3266 3334 sit
3299 3293 3311 3329 :
3343 3275 3537 3330 Rhodii

1951 3366 2216 3436 quosdam
2250 3365 2494 3437 legarunt
2521 3366 2785 3423 Athenas.
2831 3366 3045 3436 Legatis
3075 3374 3372 3437 quaestores
3397 3380 3540 3421 sum-

1951 3464 2102 3526 ptum
2151 3472 2313 3526 quem
2355 3457 2638 3528 Oportebat
2705 3457 2842 3524 dari,
2891 3467 3000 3512 non
3035 3456 3326 3522 dederant;
3374 3455 3537 3526 legati

1951 3546 2180 3616 profecti
2215 3563 2322 3604 non
2365 3557 2510 3605 sunt.
2559 3549 2919 3604 Accusantur.
2955 3547 3187 3603 Intentio
3220 3547 3538 3604 :Proficisci

1952 3640 2209 3709 oportuit.
2249 3639 2500 3712 Drpulsio
2521 3659 2541 3696 :
2566 3641 2684 3697 Non
2703 3640 2958 3712 oportuit.
2988 3639 3221 3706 Qumtio
3240 3653 3260 3692 :
3281 3639 3543 3710 Oportuc-

1954 3731 2138 3786 ritne?
2174 3731 2332 3786 Ratio
2363 3743 2438 3786 est
2463 3747 2482 3786 :
2505 3732 2763 3803 Sumptus
2785 3733 2951 3798 enim,
2973 3733 3065 3800 qui
3092 3731 3158 3785 de
3182 3731 3394 3801 publico
3415 3730 3540 3784 dari

1955 3823 2114 3888 solet,
2143 3823 2232 3878 his
2263 3838 2295 3876 a
2321 3831 2590 3892 qumstorc
2612 3838 2718 3877 non
2745 3830 2829 3877 est
2853 3822 3029 3880 datus.
3072 3819 3370 3887 Inﬁrmatia
3393 3834 3411 3872 :
3436 3819 3545 3872 Vos

1958 3922 2138 3970 tamen
2162 3915 2238 3979 id,
2261 3913 2406 3983 quod
2431 3914 2628 3982 publici
2650 3913 2805 3967 vobis
2823 3920 2943 3966 erat
2966 3911 3166 3981 negotii
3186 3911 3390 3975 datum,
3416 3923 3545 3963 con-

1959 4006 2121 4061 ficere
2157 4004 2456 4074 oportebat.
2507 4002 2776 4059 Judicatio
2808 4009 2895 4056 est
2920 4019 2935 4056 :
2963 4000 3097 4056 Cum
3130 4000 3295 4071 318
3330 4000 3416 4064 iis,
3447 3998 3542 4068 qui

1961 4093 2328 4166 legatierant,
2359 4099 2606 4161 sumptus
2630 4091 2723 4161 qui
2754 4089 3048 4145 debebatur
3084 4105 3150 4144 ex
3187 4088 3398 4159 publico
3433 4104 3538 4144 non
3627 4141 3638 4150 ,

1959 4184 2201 4247 daretur,
2229 4184 2596 4252 oportueritne
2628 4195 2722 4237 eos
2751 4181 3018 4237 conficere
3060 4181 3408 4236 nihilominus
3443 4197 3538 4236 ue-

1961 4276 2168 4347 gotinm
2191 4273 2472 4343 legationis
2490 4273 2514 4326 ἲ

2032 4365 2203 4436 Ipsius
2224 4373 2404 4420 autem
2433 4365 2508 4420 rei
2538 4363 2600 4418 fit
2624 4365 2861 4431 remotio,
2883 4379 3008 4420 cum
3030 4363 3082 4419 id
3102 4364 3243 4436 quod
3264 4365 3426 4419 datur
3441 4363 3547 4417 cri-

1965 4462 2118 4524 mini,
2149 4468 2328 4530 negat,
2355 4474 2531 4530 neque
2571 4460 2636 4515 ad
2687 4475 2767 4525 se,
2806 4474 2982 4529 neque
3020 4459 3088 4514 ad
3118 4457 3351 4512 cilicium
3387 4473 3544 4512 suum

1969 4571 2093 4612 reus
2113 4552 2438 4624 pertinuisse
2467 4571 2480 4607 :
2511 4568 2612 4608 nec
2638 4552 2684 4607 si
2712 4552 2854 4622 quod
2881 4553 2936 4606 in
2965 4566 3029 4606 eo
3065 4552 3136 4606 sit
3173 4551 3450 4615 delictum,
3481 4550 3550 4605 si-

1967 4649 2024 4706 bi
2046 4647 2268 4703 attribui
2290 4655 2556 4718 oportere.
2587 4647 2758 4701 Porro
2788 4647 2839 4700 id
2863 4661 3040 4701 causae
3070 4661 3240 4717 genus
3276 4655 3361 4702 est
3395 4645 3543 4715 ejus-

1970 4739 2116 4794 modi
2149 4755 2163 4792 :
2188 4738 2246 4791 ld
2275 4751 2342 4792 eo
2381 4735 2585 4791 foedere
2613 4735 2757 4804 quod
2790 4733 2988 4789 factum
3017 4743 3103 4789 est
3126 4737 3396 4806 quondam
3425 4750 3546 4790 cum

1975 4829 2330 4890 Samnitibus,
2351 4827 2567 4895 quidam
2591 4811 2902 4880 adolescens
2930 4824 3123 4880 nobilis
3143 4840 3366 4896 porcum
3390 4827 3550 4880 susti-

1975 4920 2089 4976 nuit
2116 4919 2271 4988 jussu
2309 4917 2678 4986 impcratoris;
2709 4915 2911 4972 foedere
2942 4927 3122 4973 autem
3152 4919 3254 4974 hoc
3277 4919 3330 4973 in
3362 4901 3552 4974 Senatu

1974 5010 2298 5081 improbato,
2325 5018 2381 5063 ct
2405 5010 2730 5078 imperatore
2751 5008 3082 5066 Samnitibus
3112 5013 3310 5077 dedito,
3333 5013 3551 5082 quidam

1977 5103 2033 5158 in
2063 5110 2255 5158 senatu
2289 5115 2412 5156 eum
2441 5115 2655 5170 quoque
2680 5101 2826 5163 dicit,
2852 5101 2942 5170 qui
2970 5117 3188 5171 porcum
3221 5103 3406 5166 tenuit,
3432 5102 3549 5157 dedi

1975 5201 2246 5262 oportere.
2284 5188 2514 5242 Intentio
2537 5197 2621 5244 est
2641 5207 2654 5242 :
2675 5189 2805 5244 Dedi
2836 5199 3103 5259 oportere.
3149 5191 3394 5261 Depulsio
3421 5201 3506 5245 est
3539 5211 3552 5246 :

1979 5282 2096 5336 Non
2133 5287 2362 5350 oportet.
2403 5279 2632 5343 Quinctio
2669 5288 2753 5334 est
2777 5299 2789 5334 :
2813 5277 3182 5349 Oporteatne?
3224 5280 3376 5335 Ratio
3398 5281 3555 5337 :Non

1983 5371 2126 5427 enim
2150 5384 2326 5425 meum
2355 5365 2458 5422 fuit
2483 5366 2734 5434 officium,
2774 5383 2876 5425 nec
2904 5385 3023 5424 mea
3059 5378 3318 5440 potestas,
3353 5386 3474 5426 cum
3505 5382 3558 5428 et

1985 5463 2040 5519 id
2075 5463 2252 5518 aetatis
2288 5476 2395 5515 non
2435 5461 2617 5527 habui,
2654 5471 2710 5517 et
2741 5461 2982 5531 privatus
3017 5478 3216 5530 essem,
3261 5472 3315 5520 et
3349 5480 3558 5520 summa

1985 5569 2107 5609 cum
2154 5552 2478 5608 auctoritate
2522 5559 2577 5604 et
2623 5559 2886 5620 potestate
2922 5552 3215 5622 imperator
3261 5556 3556 5622 mandavit,

1985 5643 2076 5713 qui
2105 5643 2327 5706 videret,
2349 5650 2409 5695 ut
2429 5641 2564 5696 satis
2582 5641 2866 5697 honestum
2892 5642 3067 5700 fwdus
3088 5643 3358 5701 feriretur.
3399 5647 3562 5715 Inﬁr-

1989 5733 2148 5788 matio
2172 5743 2254 5790 cst
2279 5754 2289 5787 :
2317 5731 2579 5802 Quoniam
2607 5735 2875 5810 particeps
2897 5735 3070 5794 factus
3091 5752 3148 5794 es
3168 5735 3222 5793 in
3250 5745 3302 5794 tu
3313 5738 3556 5810 rpissitnc
