3934 6180
451 358 559 419 92⁸1
1298 344 1357 401 Β.
1384 342 1448 399 F.
1490 338 1714 397 ALBlNI
1755 336 1889 396 SEU
1924 333 2200 391 ALCUINI
2236 327 2521 389 OPERUI
2559 324 2743 384 PARS
2781 325 2891 382 VII.
3612 322 3723 379 928

454 476 679 537 foedere,
705 478 929 525 summa:
949 461 1227 535 religionis
1254 459 1375 514 dedi
1411 467 1465 513 te
1498 454 1770 512 convenit.
1811 451 2034 507 Iudica-
2058 449 2111 509 Δ
2134 445 2467 515 deprehensa
2491 443 2586 537 sit,
2612 439 2938 511 publicetur.
2982 433 3426 537 flummagnain
3449 434 3567 537 alto

455 568 528 621 tio
558 573 677 620 est:
711 559 845 618 Cum
871 559 918 612 is
952 556 1048 625 qui
1081 550 1365 624 potestatis
1399 547 1533 603 nihil
1570 544 1840 609 habuerit,
1879 541 2036 612 jussu

457 652 799 725 imperatoris
829 650 885 703 in
922 646 1124 701 foedere
1150 650 1205 699 et
1228 643 1282 697 in
1314 648 1464 695 tanta
1493 637 1753 706 religione
1781 632 2038 689 interfue-

458 744 567 809 rit,
611 741 959 798 dedendusne
992 736 1063 791 sit
1103 732 1347 789 hostibus
1388 728 1513 801 [nec
1552 726 1689 798 ne]?
1724 725 1837 780 Hoc
1869 737 2038 795 genus

458 848 640 889 causae
674 846 796 886 cum
824 824 1087 899 superiori
1117 821 1313 885 diﬁert,
1338 818 1482 889 quod
1503 818 1558 871 in
1584 816 1677 871 illo
1708 812 1959 870 concedit
1978 824 2040 867 se

460 941 604 989 reus,
636 921 940 993 oportuisse
970 916 1146 970 facere
1176 911 1232 966 id
1265 910 1407 980 quod
1434 907 1553 963 ﬁeri
1587 907 1731 962 dicat
1756 911 2042 960 accusator

459 1017 794 1090 cportuisse;
820 1012 915 1069 sed
942 1008 1098 1063 alicui
1123 1006 1202 1061 rei
1224 1014 1318 1059 aut
1337 1002 1543 1059 homini
1569 1015 1698 1090 eam;
1709 1011 1931 1090 causam
1960 1004 2042 1090 at-

461 1083 668 1169 tribuit,
716 1117 837 1174 quae
876 1095 1140 1156 voluntati
1176 1108 1288 1149 sua:
1331 1090 1493 1146 fuerit
1525 1087 1907 1159 impedimento
1938 1102 1953 1139 :
1983 1083 2039 1139 in

462 1198 567 1251 hoc
612 1204 791 1249 autem
833 1207 942 1247 non
986 1200 1243 1244 accusare
1288 1183 1533 1245 alterum,
1589 1194 1689 1234 nec
1726 1177 1936 1248 culpam
1985 1176 2042 1230 in

463 1285 627 1340 alium
656 1281 955 1339 transferre
975 1278 1155 1342 debet,
1179 1276 1274 1331 sed
1300 1280 1605 1328 monstrare
1624 1284 1745 1325 eam
1769 1282 1883 1323 rem
1906 1265 2041 1321 nihil

464 1376 530 1430 ad
559 1390 636 1439 se,
668 1388 768 1430 nec
803 1373 872 1427 ad
900 1385 1054 1427 suam
1090 1372 1433 1439 potestatem,
1478 1376 1654 1433 neque
1696 1360 1765 1415 ad
1809 1357 2044 1415 ofﬁcium

465 1480 622 1521 suum
645 1462 991 1535 pertinuisse,
1018 1468 1110 1514 aut
1130 1456 1420 1528 pertinere.

538 1553 814 1608 Concessio
835 1558 938 1617 est,
969 1565 1066 1620 per
1097 1562 1258 1617 quam
1282 1560 1391 1600 non
1419 1543 1622 1598 factum
1645 1542 1821 1612 ipsum
1854 1539 2048 1610 proba-

468 1655 558 1701 tur
575 1646 643 1698 ab
665 1659 780 1709 reo,
808 1641 904 1697 sed
928 1648 990 1695 ut
1013 1641 1328 1711 ignoscatur
1349 1636 1403 1690 id
1429 1635 1664 1705 petitur;
1692 1630 1846 1701 cujus
1866 1636 2050 1700 partes

468 1742 599 1790 sunt
624 1730 787 1804 [dum]
816 1750 830 1784 :
861 1728 1115 1799 Purgatio
1133 1735 1189 1781 et
1208 1723 1535 1795 deprecatio.

2134 547 2316 610 pestas
2343 545 2510 601 esset,
2536 535 2622 590 vis
2650 539 2958 597 ventorum,
2990 528 3175 584 invitis
3197 527 3383 582 nautis
3412 527 3467 581 in
3492 525 3733 582 Rhodie-

2136 646 2258 685 rum
2302 637 2516 701 portum
2553 639 2743 681 navem
2783 623 2979 694 coegit.
3024 620 3272 688 Qumstor
3307 634 3500 673 navem
3538 619 3720 689 νομιί

2134 736 2255 777 esse
2282 720 2413 775 dicit
2441 717 2619 791 [lss.,
2648 715 2831 787 populi
2859 712 3061 785 vocat].
3098 712 3262 767 Navis
3285 710 3538 767 dominus
3564 720 3721 783 negat

2138 810 2405 884 publicari
2453 810 2669 867 debere.
2729 807 2961 862 Intentio
3000 813 3086 861 est
3124 824 3137 859 :
3178 805 3435 859 Rostrata
3476 804 3635 857 navis
3670 804 3725 857 in

2136 910 2301 975 portu
2338 902 2672 972 deprehensa
2698 906 2801 955 est.
2852 897 3102 968 Inputat?)
3125 896 3476 953 :Concessio.
3518 895 3723 951 Ratio:

2140 992 2205 1049 Vi
2241 1000 2299 1047 et
2344 989 2669 1047 necessitate
2705 1003 2893 1045 sumus
2941 989 2996 1043 in
3044 987 3210 1059 319
3248 994 3466 1057 portum
3520 985 3729 1041 redacti

2142 1080 2323 1155 [IIu.,
2349 1080 2568 1153 coacti].
2606 1079 2905 1149 Inﬁrmatio
2932 1086 3051 1133 est:
3076 1076 3279 1133 Navem
3303 1091 3372 1131 ex
3396 1075 3515 1147 lege
3543 1086 3728 1133 tamen

2142 1172 2325 1243 populi
2349 1184 2469 1226 esse
2492 1176 2745 1240 oportere
2781 1166 2964 1240 [Μαίη
2989 1165 3244 1239 oportet].
3288 1163 3563 1219 Judicatio
3598 1173 3726 1221 est:

2143 1264 2280 1319 Cum
2302 1268 2593 1317 rostratam
2620 1273 2815 1315 navem
2842 1259 2897 1313 in
2925 1266 3085 1328 portu
3113 1257 3508 1327 deprehensam
3534 1256 3619 1313 lex
3630 1274 3735 1328 pu-

2141 1353 2389 1420 blicavit;
2405 1365 2636 1421 cumque
2646 1351 2762 1406 hac
2776 1348 2947 1415 navis,
2965 1348 3147 1403 invitis
3160 1349 3364 1413 nautis,
3376 1348 3430 1403 vi
3442 1355 3733 1419 tempesta-
3810 1376 3826 1395 .

2145 1449 2217 1504 tis
2232 1449 2285 1504 in
2309 1455 2523 1519 portum
2552 1444 2791 1515 conjecta
2817 1444 2906 1509 sit,
2937 1448 3256 1512 oporteatne
3274 1455 3396 1497 eam
3425 1441 3733 1512 publicari?

2216 1537 2526 1610 Deprecatio
2553 1544 2669 1603 est,
2700 1550 2825 1592 cum
2850 1542 2905 1589 et
2924 1546 3189 1603 peccasse
3225 1540 3284 1588 et
3317 1532 3570 1589 consulto
3596 1549 3731 1604 pec-

2148 1642 2302 1684 casse
2328 1641 2454 1681 reus
2483 1641 2543 1682 se
2570 1624 2889 1689 conﬁtetur;
2924 1631 3139 1689 tamen,
3168 1630 3228 1675 ut
3255 1622 3361 1677 sibi
3391 1622 3730 1693 ignoscatur,

2147 1717 2387 1790 postulat
2418 1732 2433 1772 :
2463 1717 2608 1787 quod
2656 1731 2829 1787 genus
2872 1728 3101 1786 perraro
3146 1720 3327 1785 potest
3359 1716 3637 1778 accidere,
3672 1716 3732 1770 in

543 1788 798 1894 Purgatio
821 1829 927 1887 est,
967 1788 1067 1889 per
1100 1832 1263 1888 quam
1279 1788 1416 1884 -ejus
1456 1814 1550 1884 qui
1588 1818 1895 1875 accusatur,
1940 1823 2048 1864 non
2078 1788 2123 1848 Β
2149 1788 2259 1879 quo
2299 1824 2406 1864 non
2449 1806 2694 1863 defensio
2735 1804 2899 1871 facti,
2951 1805 3396 1894 sedignoscendi
3441 1806 3733 1877 postulatio

471 1914 673 1971 factum
702 1914 899 1985 ipsum,
924 1910 1019 1965 sed
1039 1908 1288 1965 voluntas
1311 1904 1614 1961 defenditur
1637 1920 1651 1957 :
1674 1909 1731 1956 et
1748 1900 1915 1956 habet
1930 1913 2055 1968 par-

472 1998 556 2060 tes
577 2012 688 2058 tres
714 2020 728 2056 :
753 1999 1191 2070 imprudentiam,
1215 2010 1421 2060 casum,
1445 1991 1918 2049 necessitudinem.
1944 1986 2054 2041 Im—

471 2093 749 2165 prudentia
777 2099 878 2156 est,
912 2105 1035 2146 cum
1060 2088 1228 2143 scisse
1262 2098 1322 2141 se
1349 2084 1550 2154 aliquid
1584 2083 1632 2138 is
1664 2081 1755 2151 qui
1787 2078 2051 2149 arguitur,

473 2190 654 2252 negat.
686 2178 926 2250 Exempli
957 2178 1168 2249 gratia:
1194 2174 1349 2245 Apud
1377 2172 1643 2242 quosdam
1685 2170 1772 2224 lex
1814 2174 1951 2231 erat.
1988 2179 2057 2218 ne

475 2274 597 2343 quis
622 2272 805 2326 Diana:
838 2268 1065 2324 vitulum
1103 2266 1424 2321 immolaret.
1465 2262 1652 2317 Nautas
1682 2259 1900 2330 quidam
1934 2270 2056 2310 cum

475 2363 700 2418 adversa
723 2367 1044 2431 tempestate
1073 2359 1126 2413 in
1154 2357 1263 2412 alto
1292 2354 1651 2424 iactarentur,
1686 2350 1972 2412 vovebant,
2010 2348 2058 2404 si

473 2468 540 2508 eo
564 2462 721 2524 portu
744 2466 905 2523 quem
945 2449 1370 2520 conspiciebant,
1401 2445 1558 2515 potiti
1593 2452 1796 2509 essent,
1830 2443 2057 2499 vitulum

477 2543 550 2616 [ei
576 2542 730 2615 Deo],
759 2543 851 2613 qui
877 2542 951 2596 ibi
978 2546 1140 2605 esset,
1166 2553 1228 2593 se
1254 2535 1647 2592 immolaturos.
1686 2533 1828 2589 Casu
1864 2542 1985 2588 erat
2004 2533 2059 2587 in

474 2648 541 2688 eo
569 2642 725 2703 portu
750 2632 933 2686 fanum
963 2630 1165 2695 Dianas,
1192 2629 1281 2684 cui
1304 2626 1530 2681 vitulum
1560 2625 1840 2680 immolare
1859 2641 1967 2680 non
1990 2626 2058 2679 li-

476 2724 652 2779 cebat.
696 2722 1069 2794 imprudentes
1092 2720 1248 2792 legis,
1278 2734 1401 2775 cum
1428 2720 1688 2782 exissent,
1712 2718 1938 2773 vitulum
1960 2718 2061 2773 im-

477 2812 835 2866 molaverunt.
881 2811 1238 2867 Accusantur.
1282 2810 1511 2864 Intentio
1540 2808 1926 2865 est:Vitulum
1954 2809 2060 2864 im-

477 2903 721 2959 molastis
743 2904 793 2958 ei
818 2902 943 2959 Dea:
974 2900 1156 2976 [Μυκη
1184 2900 1338 2973 Deo],
1367 2902 1453 2956 cui
1482 2916 1589 2956 non
1608 2900 1824 2956 licebat.
1860 2900 2063 2970 Impul-

478 2998 559 3051 sio
594 3004 680 3052 est
720 2996 773 3051 in
817 2996 1163 3053 concessione
1201 2995 1464 3066 deposita.
1511 2993 1666 3049 Ratio
1705 3002 1790 3050 est
1813 3011 1826 3047 :
1849 2993 2061 3051 Nescivi

479 3105 588 3145 non
611 3089 793 3145 licere.
822 3087 1118 3158 Inﬁrmotia
1137 3102 1157 3141 :
1174 3086 1397 3153 Tamen,
1421 3087 1674 3157 quoniam
1696 3085 1891 3152 fecisti,
1916 3088 2058 3158 quod

478 3195 591 3236 non
626 3178 822 3233 licebat
854 3192 922 3233 ex
951 3177 1089 3249 lege,
1131 3176 1392 3247 supplicio
1424 3176 1619 3247 dignus
1662 3191 1741 3232 es.
1787 3174 2057 3230 Judicatio

480 3280 567 3330 est
580 3288 595 3327 :
619 3273 752 3328 Cum
766 3274 817 3328 id
830 3272 1019 3329 fecerit
1027 3273 1171 3343 quod
1185 3285 1291 3327 non
1304 3273 1620 3343 oportuerit,
1638 3280 1693 3328 et
1706 3272 1761 3327 id
1780 3287 1887 3328 non
1900 3287 2060 3342 opor-

480 3370 596 3417 tere
622 3363 897 3427 nescierit,
929 3362 1069 3416 sitne
1091 3360 1352 3431 supplicio
1380 3360 1611 3432 dignus?

552 3450 719 3505 Casus
742 3460 921 3506 autem
941 3450 1171 3505 infertur
1189 3451 1244 3505 in
1268 3452 1691 3518 concessionem,
1707 3453 2063 3509 cumdenton-

480 3552 684 3598 stratur
708 3542 886 3610 aliqua
913 3541 1141 3597 fortuna;
1176 3542 1260 3597 vis
1295 3541 1491 3613 [Edit.,
1523 3541 1738 3597 fortuna
1775 3542 1913 3616 eius]
1958 3558 2058 3599 vo-

481 3632 673 3687 luntati
699 3632 991 3695 obstitisse,
1023 3638 1085 3685 ut
1122 3632 1175 3686 in
1214 3632 1317 3687 bac
1350 3646 1410 3687 re
1435 3649 1447 3685 :
1471 3630 1607 3687 Cum
1642 3632 2060 3691 Lacedtemoniis

481 3721 568 3775 lex
600 3728 763 3786 esset,
793 3728 852 3773 ut
876 3720 1080 3776 hostias
1103 3720 1208 3774 nisi
1235 3720 1302 3775 ad
1323 3720 1645 3777 sacriﬁcium
1677 3722 1947 3792 quoddam
1973 3738 2061 3779 re-

484 3813 604 3867 dem
612 3821 739 3883 ptor
757 3812 1095 3881 prtebuisset,
1114 3811 1342 3882 capitale
1355 3820 1516 3879 esset,
1544 3814 1592 3869 is
1614 3814 1707 3884 qui
1735 3814 2056 3883 redemerat,

481 3920 607 3960 cum
639 3903 889 3959 sacrificii
924 3905 1040 3960 dies
1063 3904 1310 3970 instaret,
1349 3904 1403 3959 in
1432 3906 1623 3962 urbem
1644 3923 1713 3962 ex
1742 3922 1871 3978 agro
1901 3922 2061 3979 agere

482 3996 689 4053 hostias
716 3996 880 4065 coepit
907 4014 921 4049 :
951 4012 1075 4050 cum
1098 3997 1275 4051 subito
1296 3996 1507 4065 magnis
1529 4005 1831 4053 commotus
1852 4006 2059 4068 tempe-

480 4087 708 4141 statibus
738 4085 930 4141 ﬁuvius
959 4086 1206 4150 Eurotas,
1240 4086 1286 4141 is
1305 4087 1394 4156 qui
1422 4086 1881 4142 Lacedmmouiam
1922 4102 2059 4158 pra:-

482 4176 703 4242 teriluit,
735 4177 807 4231 ita
853 4193 1077 4247 magnus
1116 4186 1171 4232 et
1203 4178 1493 4233 vehemens
1533 4176 1708 4235 factus
1746 4187 1848 4241 est,
1889 4187 1951 4233 ut
1992 4193 2059 4234 eo

482 4265 690 4320 traduci
750 4265 979 4320 victimae
1025 4266 1172 4320 nullo
1216 4268 1374 4322 modo
1420 4274 1656 4336 possent.
1709 4267 2055 4337 Redemptor,

482 4376 594 4415 sua:
622 4359 913 4415 voluntatis
940 4360 1285 4414 ostendenda;
1313 4375 1496 4425 causa,
1536 4362 1739 4416 hostias
1771 4375 1960 4415 omnes
1999 4361 2056 4415 in

481 4450 663 4506 littore
692 4450 990 4513 constituit,
1021 4458 1079 4504 ut
1112 4450 1202 4518 qui
1233 4458 1381 4504 trans
1414 4450 1609 4505 ﬁumen
1644 4459 1845 4515 essent,
1875 4451 2059 4505 videre
2086 4483 2134 4544 υ

480 4551 721 4614 possent.
763 4541 898 4597 Cum
918 4556 1105 4596 omnes
1124 4540 1299 4595 studio
1341 4539 1522 4612 [ejus],
1556 4540 1785 4595 subitam
1823 4540 2056 4596 fluminis

482 4630 902 4701 magnitudinem
954 4629 1157 4685 scirent
1202 4628 1368 4684 fuisse
1410 4630 1825 4699 impedimento,
1875 4638 2056 4685 tamen

481 4725 697 4794 quidam
725 4739 847 4779 eum
874 4723 1068 4793 capitis
1095 4720 1422 4799 damnabunt
1449 4719 1629 4793 [Mss.,
1666 4721 2052 4795 arcesserunt].

480 4815 711 4871 Intentio
736 4823 820 4870 est
846 4834 857 4869 :
885 4814 1104 4877 Restim,
1126 4828 1262 4882 quas
1285 4812 1351 4867 ad
1381 4812 1707 4867 sacriﬁcium
1734 4811 1926 4868 afferre
1960 4814 2055 4868 de—

480 4909 665 4972 buisti,
693 4923 798 4961 non
819 4914 1017 4976 prmsto
1038 4905 1274 4959 fuerunt.
1303 4903 1551 4973 Depulsio
1579 4918 1597 4956 :
1620 4903 1928 4960 Concessio.
1958 4904 2058 4958 Ra-

480 5010 551 5053 tio
582 5012 599 5050 :
632 4997 857 5051 Flumen
886 4996 1031 5050 enim
1072 4995 1250 5050 subito
1286 4996 1545 5060 accrevit,
1575 5003 1632 5049 et
1658 5011 1720 5050 ea
1758 5012 1818 5051 re
1854 4996 2059 5051 traduci

480 5107 586 5145 non
632 5095 941 5159 potuerunt.
991 5086 1292 5155 Inﬁrmatio
1317 5100 1335 5137 :
1360 5086 1560 5141 Tamen
1582 5126 1596 5150 ,
1635 5088 1761 5157 quia
1798 5088 1939 5156 quod
1976 5087 2059 5141 lex

470 5180 647 5251 jubet,
678 5178 877 5234 factum
901 5194 1006 5232 non
1043 5185 1148 5239 est,
1175 5177 1436 5246 supplicio
1463 5176 1657 5245 dignus
1680 5193 1757 5231 es.
1790 5178 2059 5231 Judicatio

477 5282 562 5327 est
591 5291 604 5324 :
635 5270 769 5326 Cum
798 5270 854 5325 in
876 5285 941 5324 ea
974 5286 1034 5324 re
1063 5278 1249 5323 contra
1298 5267 1469 5337 legem
1510 5268 1815 5337 redemptor
1856 5269 2056 5337 aliquid

478 5359 688 5426 fecerit,
714 5374 821 5430 qua
850 5362 904 5416 in
932 5375 989 5416 re
1015 5360 1194 5416 studio
1230 5357 1346 5428 ejus
1374 5358 1550 5412 subita
1583 5356 1819 5414 fluminis
1850 5360 2057 5421 magni-

478 5454 609 5507 tudo
636 5451 924 5515 obstiterit,
955 5449 1216 5520 supplicio
1242 5448 1502 5517 dignusne
1528 5447 1635 5502 sit?

552 5538 895 5595 Necessitudo
920 5551 1101 5594 autem
1133 5537 1379 5601 infertur,
1408 5553 1532 5593 cum
1568 5539 1621 5593 vi
1659 5537 1887 5608 quadam
1934 5554 2056 5593 reus

481 5629 556 5688 id,
588 5630 728 5693 quod
758 5630 965 5689 fecerit,
996 5629 1189 5683 fecisse
1208 5627 1529 5690 defenditur,
1576 5629 1676 5683 hoc
1718 5628 1874 5682 modo
1904 5646 1915 5679 :
1947 5628 2052 5681 Lex

479 5724 565 5768 est
588 5715 724 5782 apud
760 5715 1013 5781 Rhodios,
1044 5722 1101 5769 ut
1133 5719 1175 5770 si
1204 5727 1309 5780 qua
1350 5724 1579 5770 rostrata
1619 5718 1770 5771 nan-is
1808 5717 1857 5781 in
1898 5726 2053 5784 partu

2152 1900 2481 1954 continetur.
2511 1898 2626 1954 Hoc
2653 1910 2823 1969 genus
2853 1897 2945 1950 vix
2971 1897 3026 1951 in
3050 1893 3255 1965 judicio
3280 1896 3505 1967 probari
3533 1904 3731 1967 potest.

2151 1991 2278 2047 ideo
2305 2004 2565 2047 concesso
2594 1997 2818 2061 peccato
2850 1987 3065 2045 difﬁcile
3090 1996 3175 2045 est
3200 1990 3268 2045 ab
3294 2005 3393 2055 eo,
3421 1991 3514 2060 qui
3546 2006 3735 2059 pecea-

2153 2089 2333 2136 torum
2362 2081 2560 2135 vindex
2589 2095 2711 2137 esse
2737 2082 2918 2147 debet,
2948 2088 3009 2135 ut
3034 2081 3305 2152 ignoscat,
3338 2082 3660 2153 impetrare.

2223 2173 2365 2230 Ecce
2392 2175 2565 2231 habes
2592 2175 2659 2230 de
2689 2174 2826 2230 locis
2851 2176 3209 2244 questionum
3241 2181 3297 2229 ct
3322 2174 3389 2229 de
3417 2182 3564 2230 statu
3601 2191 3736 2229 eau-

2156 2283 2372 2332 sarum,
2412 2274 2469 2323 et
2510 2268 2577 2322 de
2612 2266 2863 2337 partibus
2908 2266 3313 2322 institutionum
3344 2280 3361 2321 :
3389 2281 3512 2337 quze
3554 2270 3741 2323 omnia

2155 2356 2470 2427 quotidiana
2498 2371 2620 2420 usu,
2653 2363 2850 2411 natura
2877 2356 3168 2425 pandente,
3191 2354 3459 2427 agnoscis.

2226 2448 2361 2503 CAR.
2394 2447 2720 2518 Agnoscam,
2754 2448 2801 2503 si
2832 2454 3154 2501 naturarum
3177 2446 3441 2503 Conditor
3468 2463 3554 2502 me
3582 2448 3743 2519 adju-

2156 2539 2299 2593 verit
2325 2537 2522 2610 [Edit.,
2555 2536 2795 2608 adjuvet]
2825 2556 2836 2589 :
2867 2544 2924 2591 et
2951 2545 3131 2591 tamen
3173 2538 3349 2593 habeo
3387 2537 3528 2607 quod
3557 2539 3660 2593 abs
3688 2546 3747 2592 te

2157 2645 2415 2701 quaram.
2444 2660 2515 2670 —
2539 2629 2671 2685 Ana.
2704 2628 2896 2696 Quaere
2922 2627 3068 2698 quod
3090 2627 3331 2699 placeat;
3358 2643 3582 2699 pergam
3628 2644 3747 2699 quo

2156 2735 2245 2776 me
2276 2720 2452 2775 ducis.
3692 2738 3695 2741 ·

2706 2811 2796 2869 DE
2833 2809 2967 2866 PER
2975 2809 3192 2866 SONIS.

2228 2908 2361 2965 Can.
2415 2907 2555 2975 Quot
2603 2921 2848 2977 persona:
2878 2894 3072 2961 solent
3106 2904 3160 2959 in
3211 2901 3430 2975 judiciis
3481 2905 3639 2959 esse?
3674 2934 3753 2945 —-

2159 2998 2291 3054 Ann.
2337 2997 2601 3066 Quatuor.
2644 2996 2945 3051 Accusator
2976 3009 3184 3059 causae,
3226 2991 3480 3048 defensor
3520 3009 3707 3048 causa-
3732 3037 3753 3061 ,

2161 3098 2328 3145 testes
2358 3087 2554 3163 [Edit.,
2586 3086 2786 3159 testis],
2813 3085 3000 3156 judex.

2232 3180 2367 3236 Csn.
2399 3179 2518 3246 Quo
2562 3176 2788 3246 quisque
2834 3175 3006 3229 utitur
3048 3171 3349 3229 oﬂicio?—
3383 3174 3516 3230 Arn.
3567 3173 3759 3231 Iudex

2160 3271 2447 3341 :equitate,
2493 3268 2649 3324 testis
2692 3267 2953 3330 veritate,
3005 3273 3293 3321 accusator
3337 3267 3640 3323 intentione
3679 3272 3761 3324 ad

2162 3359 2593 3429 amplificandam
2618 3373 2858 3423 causam,
2883 3356 3135 3413 defensor
3152 3356 3533 3412 extenuatione
3558 3359 3625 3412 ad
3648 3362 3763 3415 mi-

2159 3451 2426 3508 nuendam
2453 3466 2702 3517 causam;
2736 3452 2839 3505 nisi
2867 3448 3005 3504 forte
3041 3450 3093 3503 in
3125 3449 3281 3504 laude
3307 3450 3391 3505 vel
3421 3452 3629 3519 praemii
3659 3468 3763 3521 pe-

2160 3542 2352 3597 titione
2376 3542 2449 3596 sit
2472 3556 2635 3597 causa
2660 3542 2836 3612 posita
2862 3560 2874 3593 :
2907 3549 3031 3595 tunc
3055 3554 3317 3595 converso
3339 3540 3537 3613 [Edit.,
3560 3558 3592 3597 e
3619 3560 3757 3597 con-

2159 3630 2339 3702 verso]
2372 3630 2609 3704 [ordine]
2633 3631 2934 3687 accusatori
2960 3631 3361 3696 extenuatione,
3390 3639 3446 3685 et
3475 3632 3755 3687 defensori

2169 3722 2589 3793 ampliﬁcatione
2615 3723 2876 3778 utendum
2902 3730 3005 3777 est.

2228 3814 2360 3870 CAR.
2401 3814 2544 3882 Quot
2590 3813 2767 3869 modis
2811 3813 2872 3867 ﬁt
2919 3812 3272 3883 amplificatio
3312 3814 3397 3869 vel
3432 3816 3755 3869 extenuatio

2161 3904 2378 3960 causae?
2402 3932 2475 3943 -—
2495 3902 2626 3958 Ana.
2656 3902 2896 3958 Duobus.
2934 3903 3013 3957 Ex
3044 3902 3365 3973 impulsione
3403 3901 3490 3957 vel
3533 3904 3753 3958 ratioci-

2162 3994 2400 4050 natione.
2422 3992 2679 4064 Impulsio
2695 4001 2797 4057 est,
2816 4008 2935 4062 qua:
2956 3992 3073 4047 sine
3095 3992 3423 4061 cogitatione
3435 4007 3537 4061 per
3555 4008 3751 4061 quam-

2162 4086 2286 4140 dam
2320 4084 2660 4140 affectionem
2713 4084 2883 4137 animi
2928 4082 3108 4137 facere
3142 4082 3346 4152 aliquid
3381 4083 3662 4146 hortatur,
3697 4093 3756 4135 ut

2164 4192 2347 4241 amor,
2387 4175 2703 4239 iracundia,
2732 4174 3025 4243 aegritudo,
3061 4173 3350 4227 vinolentia
3376 4212 3391 4235 ,
3427 4180 3485 4224 et
3528 4174 3753 4226 omnino

2159 4266 2339 4323 omnia
2368 4265 2421 4319 in
2447 4263 2645 4334 quibus
2675 4263 2889 4318 animus
2922 4263 2995 4316 ita
3023 4263 3237 4317 videtur
3269 4260 3500 4316 aﬂ'ectus
3550 4262 3748 4325 fuisse,

2159 4367 2222 4414 ut
2258 4374 2370 4413 rem
2402 4357 2715 4426 perspicere
2743 4371 2868 4410 cum
2895 4356 3126 4411 consilio
3159 4363 3215 4409 et
3246 4370 3376 4410 cura
3411 4370 3521 4408 non
3553 4363 3745 4424 potue-

2159 4453 2259 4516 rit;
2286 4461 2341 4508 et
2364 4450 2415 4505 id
2436 4493 2451 4516 ,
2477 4449 2619 4521 quod
2646 4450 2808 4514 facit,
2841 4452 3044 4521 impetu
3070 4452 3305 4520 quodam
3352 4451 3524 4505 animi
3560 4450 3748 4505 fecerit

2160 4543 2341 4613 potius
2360 4557 2521 4611 quam
2544 4541 2890 4611 cogitatione.
2918 4540 3269 4596 Ratiocinatio
3297 4550 3479 4597 autem
3516 4551 3604 4598 est
3626 4544 3749 4596 dili-

2162 4648 2294 4704 gens
2319 4642 2375 4687 ct
2404 4632 2744 4687 considerata
2770 4630 3003 4685 faciendi
3033 4631 3235 4699 aliquid
3261 4640 3353 4685 aut
3377 4646 3487 4687 non
3519 4630 3745 4687 facicmli

2161 4722 2505 4792 excogitatio.
2532 4721 2610 4776 Ea
2630 4722 2839 4776 dicetur
2859 4720 3168 4776 interfuisse
3189 4730 3335 4785 tunc,
3365 4736 3491 4776 cum
3519 4721 3743 4777 facienti

2163 4812 2365 4884 aliquid
2396 4821 2489 4867 aut
2518 4828 2623 4868 non
2658 4812 2889 4867 faciendi
2916 4819 3063 4867 certa
3090 4813 3157 4867 de
3189 4826 3350 4866 causa
3387 4812 3624 4873 vitasse,
3653 4820 3745 4865 aut

2164 4910 2382 4957 secutus
2425 4915 2544 4956 esse
2589 4902 2802 4956 animus
2850 4901 3237 4955 videbiturzsi
3274 4901 3534 4956 amicitia:
3581 4915 3741 4957 causa

2163 4992 2292 5062 quid
2327 4991 2528 5046 factum
2550 4992 2778 5055 dicitur;
2813 4992 2859 5046 si
2884 4991 3088 5047 inimici
3121 4990 3449 5056 ulciscendi;
3477 4993 3524 5047 si
3550 5000 3742 5050 metus.

2161 5086 2207 5139 si
2244 5084 2459 5154 gloriae,
2489 5085 2531 5138 si
2556 5084 2828 5153 pecunize,
2860 5084 3112 5152 denique,
3139 5090 3201 5135 ut
3223 5084 3405 5137 omnia
3442 5084 3744 5155 generatim

2160 5175 2569 5243 amplectamur,
2596 5171 2821 5241 alicujus
2843 5172 3130 5235 retinendi,
3161 5173 3409 5243 augendi,
3440 5174 3744 5243 adipiscen-

2158 5264 2280 5319 dive
2304 5264 2608 5329 commodi;
2648 5272 2743 5316 aut
2785 5271 2975 5317 contra
3018 5260 3324 5330 rejicicndi,
3365 5260 3694 5317 diminuendi
3718 5299 3742 5326 ,

2162 5354 2502 5408 devitandivc
2538 5353 2863 5409 incommodi
2899 5368 3083 5408 causa.

2227 5445 2359 5499 Cm.
2394 5444 2636 5511 Qualiter
2671 5453 2955 5499 accusator
2993 5442 3078 5497 vel
3126 5441 3376 5498 defensor
3416 5442 3749 5513 impulsione

2160 5552 2253 5590 seu
2286 5536 2698 5592 ratiocinatione
2740 5536 2819 5590 uti
2868 5533 3060 5590 debet?
3083 5564 3154 5573 ——
3178 5533 3309 5587 Au.
3344 5532 3488 5603 Ergo
3522 5546 3750 5587 accusa-

2161 5638 2245 5683 tur
2302 5646 2425 5684 cum
2453 5628 2773 5699 impulsione
2802 5626 3003 5695 aliquid
3031 5625 3233 5680 factum
3257 5639 3380 5680 esse
3404 5624 3566 5687 dicet,
3591 5621 3747 5675 illum

2161 5718 2416 5787 imprium
2442 5728 2496 5773 et
2518 5719 2930 5774 commotionem
2952 5715 3137 5780 animi,
3162 5714 3746 5781 affectiuucmqm'vcr-
