1967 3090
119 140 176 169 9‘29

528 137 762 167 DIDASCALICA.
784 153 818 158 —-
836 137 971 166 DIALOG.
992 137 1036 164 DE
1056 136 1159 164 RIIET.
1181 137 1225 164 ET
1246 136 1337 165 V'IR'I'.

1695 136 1748 165 950

119 199 163 225 his
176 202 202 223 ct
217 196 359 223 sententiis
382 195 547 231 amplificare
567 196 690 229 debebit,
714 200 742 223 et
764 195 908 223 ostendere
921 196 946 225 Α
959 198 988 221 ιιι
1006 194 1163 225 benevolus,
1176 198 1306 226 attentus,
1317 192 1413 221 docilis
1424 192 1554 221 efﬁciatur
1566 192 1682 221 auditor.
1692 193 1745 220 Sed

118 248 221 278 quanta
236 242 277 269 vis
290 243 325 270 sit
335 242 453 275 amoris,
470 246 570 277 quanta
588 243 670 270 animi
686 242 855 277 perturbatio
873 249 907 268 ex

118 289 259 317 iracundia
278 289 334 322 fiat,
345 293 391 316 aut
401 297 435 317 ex
447 289 538 325 aliqua
552 298 632 317 causa
647 297 741 317 earum
751 311 758 323 ,
782 297 842 325 quae
859 289 909 316 lm-

116 335 226 370 pnlsum
249 335 366 369 aliquem
381 334 437 370 (ad)
454 335 481 362 id
499 335 595 362 fecisse
617 335 690 363 dicet
710 334 808 371 [Ειιὲι.1
821 336 924 369 qua...‘

119 380 207 416 dicit],
222 383 252 407 ut
266 388 320 407 non
341 380 441 408 mirum
461 380 594 413 videatur,
609 381 632 408 si
651 381 722 415 quod
739 381 773 408 ad
789 380 908 412 facinus,

122 426 168 454 tali
187 426 390 461 perturbatione
407 429 558 453 commotus
574 425 679 453 animus
699 425 795 461 [Edit.,
814 426 908 460 quis...

118 470 226 507 animi]
251 471 413 504 accesserit;
441 475 469 498 et
496 471 628 506 exemplis
655 471 817 499 confirmare
847 477 910 499 ante

118 517 190 545 actis
203 536 211 549 ,
235 517 282 551 qui
305 517 385 544 simili
414 517 529 552 impulsu
556 517 657 552 aliquid
685 518 774 546 simile
797 518 911 545 commi-

120 570 192 592 sere.
819 594 822 596 .

155 608 223 636 Cum
237 612 328 636 autem
344 616 397 637 non
412 609 580 645 impulsione,
595 618 689 638 verum
704 611 910 639 ratiocinatione

119 654 237 689 aliquem
260 655 429 683 commisisse
452 655 516 690 quid
531 655 618 688 dicet,
636 656 700 691 quid
724 657 857 684 commodi
874 656 911 685 sit

119 705 240 733 secutus,
251 705 299 728 aut
310 702 374 736 quid
388 702 551 730 incommodi
567 702 682 738 fugerit,
699 703 908 737 demonstrabit,

119 750 149 773 et
170 747 197 774 id
215 747 322 781 augebit
341 754 422 781 quam
444 748 568 775 maxime.
596 748 632 776 Ut
654 748 676 776 si
701 749 792 784 gloria
814 757 909 782 causa,

118 796 247 825 quantam
261 791 376 827 gloriam
389 800 418 820 se
431 796 640 821 consecuturum
656 794 828 821 existimarit.
842 795 909 821 Item

117 836 142 864 si
155 837 355 869 dominationis,
371 837 394 865 si
407 839 539 872 pecuniae,
553 839 576 866 si
588 839 726 872 amicitiae,
748 840 770 867 si
790 840 908 867 inimici-

117 882 238 915 tiarum,
253 887 281 909 et
296 883 406 910 omnino
420 883 550 918 quidquid
572 884 637 917 erit,
656 885 727 919 quod
740 893 830 912 causa:
847 893 909 920 pro—

116 927 200 955 desse
213 928 291 960 dicet,
307 928 333 955 id
346 936 450 956 summe
464 937 561 965 augere
574 930 692 958 debebit.

154 974 286 1002 Defensor
302 979 392 1002 autem
414 983 449 1002 ex
464 977 610 1003 contrario.
630 976 751 1004 Primum
773 976 911 1011 impulsio—

116 1028 183 1048 nem
196 1025 244 1048 aut
254 1021 354 1049 nuliam
369 1022 451 1050 fuisse
465 1023 553 1056 dicet;
569 1027 616 1050 aut
630 1023 653 1051 si
672 1023 755 1051 fuisse
768 1024 908 1056 concedet,

117 1067 288 1099 extenuabit,
302 1071 329 1094 et
340 1067 479 1102 parvulam
493 1068 638 1103 quamdam
650 1067 733 1095 fuisse
744 1068 912 1095 demonstra-

117 1113 174 1145 bit;
187 1116 234 1140 aut
247 1121 301 1140 non
317 1121 350 1141 ex
367 1121 398 1141 ea
415 1114 503 1141 solere
517 1114 671 1148 huiusmodi
687 1114 756 1141 facta
771 1114 845 1141 nasci
864 1113 912 1141 do-

118 1158 201 1185 cebit.
214 1158 441 1186 Ratiocinationis
452 1163 542 1186 autem
559 1159 728 1194 suspiciones
746 1158 893 1186 infirmabit
902 1178 910 1191 ,

118 1203 143 1230 si
155 1207 202 1230 aut
213 1204 384 1232 commodum
403 1204 506 1232 nullum
525 1204 624 1237 fuisse,
650 1208 696 1232 aut
718 1212 851 1240 parvum,
866 1208 912 1232 aut

119 1250 183 1278 aliis
194 1251 280 1286 magis
294 1259 364 1285 esse,
381 1256 429 1279 aut
441 1252 526 1279 nihilo
540 1252 591 1280 sibi
604 1253 690 1288 magis
709 1252 798 1288 [ΙΙες.1
811 1251 909 1289 majus]

118 1303 203 1330 quam
217 1296 290 1329 aliis;
305 1301 352 1325 aut
364 1297 564 1325 incommodum
576 1298 627 1325 sibi
643 1297 730 1333 majus
744 1305 825 1333 quam
838 1305 912 1325 com-

119 1341 230 1369 modum
243 1342 328 1375 dicet,
343 1346 374 1369 ut
386 1349 558 1377 nequaquam
579 1342 662 1370 fuerit
674 1342 746 1370 illius
760 1342 909 1375 commodi,

118 1387 193 1422 quod
217 1387 367 1422 expetitum
390 1388 512 1420 dicatur,
534 1388 706 1424 magnitudo;
728 1392 776 1415 aut
796 1395 858 1415 cum
878 1395 911 1415 eo

119 1432 307 1466 incommodo,
331 1433 402 1468 quod
420 1433 564 1466 acciderit,
585 1437 632 1461 aut
655 1441 716 1461 cum
730 1441 762 1461 eo
775 1433 910 1468 periculo,

118 1478 192 1512 quod
206 1479 346 1511 subeatur,
362 1479 573 1514 comparandum
586 1487 593 1506 :
605 1479 651 1514 qui
664 1486 759 1507 omnes
769 1479 821 1507 loci
834 1479 910 1507 sitni—

116 1523 184 1552 liter
198 1524 358 1552 incommodi
371 1532 479 1560 quoque
492 1525 623 1552 vitatione
635 1525 832 1553 tractabuntur.

239 1579 319 1615 320
336 1579 380 1607 DE
397 1579 531 1608 OFFICIO
548 1580 792 1609 rsnsoxanuu.

153 1635 222 1662 Cn.
243 1635 311 1668 Quia
335 1642 466 1670 personas
491 1643 636 1663 causarum
664 1635 773 1669 dixisti,
794 1636 837 1663 dic
861 1636 910 1665 ob-

117 1688 198 1707 secro
222 1685 249 1707 et
267 1680 326 1707 loca
349 1680 514 1716 singularum
533 1689 721 1716 personarum.
737 1697 772 1702 -——
785 1682 851 1710 ALB.
868 1682 910 1709 Di-

117 1733 192 1757 cam,
201 1725 266 1753 licet
275 1725 326 1753 hoc
338 1734 389 1753 non
399 1730 502 1753 tantum
514 1727 547 1753 ad
557 1727 624 1755 artis
633 1731 765 1762 praecepta
776 1728 912 1763 pertineat
937 1736 940 1739 '

118 1770 207 1806 Uidit.
228 1771 317 1798 hmo...
331 1772 507 1807 pertineant],
522 1777 654 1806 quantum
676 1773 711 1800 ad
733 1773 813 1801 oliicii
831 1774 913 1802 deco-

119 1824 190 1843 rem.
206 1814 293 1843 Judcx
315 1817 343 1843 in
365 1817 512 1849 tribunali,
529 1825 611 1845 causa
626 1818 654 1844 in
669 1818 758 1846 medio
772 1823 834 1847 ante
848 1827 911 1847 eum

118 1861 153 1887 ad
168 1860 275 1888 laudem
290 1861 331 1889 vel
346 1862 379 1889 ad
393 1869 500 1897 pwnam
512 1863 609 1897 posita,
628 1867 659 1890 ut
672 1862 741 1891 forte
754 1864 849 1898 patria:
866 1865 912 1892 de-

118 1906 209 1933 fensio
224 1906 265 1933 vel
279 1907 405 1942 proditio.
420 1907 570 1935 Accusator
587 1908 622 1935 ad
644 1907 792 1936 sinistram.
815 1909 910 1936 Causa:

118 1952 249 1979 defensor
264 1952 297 1980 ad
310 1953 444 1982 dextram.
458 1953 553 1981 Testes
575 1958 649 1982 retro
665 1953 761 1990 [Edit.,
780 1955 910 1991 quoque].

153 1996 223 2024 Cm.
244 1996 285 2024 An
298 1997 412 2034 insignia
426 1997 498 2035 [sua]
512 1998 610 2035 singuli
631 2006 664 2027 ex
677 1999 730 2027 illis
748 2000 865 2027 habent?
877 2016 912 2021 —-—

116 2042 189 2070 ALs.
207 2043 322 2071 Habent.
337 2042 421 2072 Judex
435 2049 541 2079 sceptro
553 2045 689 2079 aequitatis
703 2046 848 2074 armandas
859 2051 911 2079 est,

117 2092 267 2115 accusator
279 2088 392 2124 pugione
404 2088 525 2125 malitize,
538 2089 663 2117 defensor
675 2090 769 2125 clypeo
785 2091 910 2127 pietatis,

118 2138 208 2161 testes
224 2134 286 2161 tuba
298 2134 430 2162 veritatis.

291 2191 336 2219 DE
353 2191 525 2220 PARTIBUS
544 2191 740 2220 ORATIONIS.

154 2247 224 2274 Cn.
240 2247 328 2275 Etiam
346 2255 380 2275 ex
402 2248 445 2275 his
468 2248 593 2276 omnibus
617 2255 705 2275 causa
724 2249 910 2284 adiacentibus

116 2294 335 2321 circumstantiis
348 2294 477 2328 repertis,
501 2295 565 2328 quid
579 2298 644 2322 tunc
663 2295 836 2329 qumrendum
851 2300 909 2328 est,

119 2338 268 2374 magister!
279 2338 392 2366 ——At.s.
406 2339 486 2373 Quid,
510 2340 561 2366 nisi
585 2339 696 2375 singulae
714 2340 797 2367 totius
821 2348 911 2368 causae

119 2389 225 2420 partes.

155 2429 225 2457 Cas.
241 2429 306 2463 Qua:
328 2436 355 2457 et
378 2435 443 2465 quot
462 2430 515 2458 illa:
538 2434 609 2463 smt,
626 2431 720 2458 audire
731 2431 863 2458 desidero.
876 2446 912 2451 —-

118 2474 188 2503 Λιιι.
202 2474 255 2502 Sex
270 2475 365 2511 [enim]
380 2480 443 2503 sunt
464 2481 570 2511 partes,
584 2484 632 2511 per
657 2484 724 2511 quas
747 2477 781 2504 ab
803 2480 911 2504 oratore

118 2520 272 2548 ordinanda
293 2525 335 2549 est
351 2522 448 2549 oratio.
472 2521 566 2549 Causa:
590 2522 746 2553 exordium,
769 2522 910 2554 narratio,

118 2565 302 2599 confirmatio,
318 2567 438 2601 partitio,
451 2567 635 2601 reprehensio,
648 2566 795 2594 conclusio.

155 2612 227 2640 Cu.
245 2613 315 2647 Quid
328 2617 370 2641 est
382 2613 539 2640 exordium?
550 2629 582 2633 —
597 2613 663 2640 Au.
677 2612 771 2640 Oratio
792 2613 911 2640 animum
927 2635 934 2640 ,

117 2660 256 2688 auditoris
282 2659 378 2687 idonee
410 2666 572 2693 comparans
596 2658 630 2686 ad
658 2658 789 2693 reliquam
817 2658 913 2686 dictio-

116 2714 184 2735 nem

155 2752 226 2780 Cm.
239 2751 378 2785 Quomodo
393 2751 468 2787 [hoc]
483 2750 614 2778 efﬁcitur?
627 2765 660 2770 —-
673 2749 740 2777 Au.
760 2749 868 2783 Primo,
883 2754 914 2776 ut

116 2797 295 2830 benevolum,
312 2801 454 2830 attentum,
468 2797 583 2824 docilem
595 2796 696 2824 efﬁcias
714 2797 875 2824 auditorem.

154 2844 228 2876 cui.
247 2843 283 2872 Ut
296 2843 362 2872 mihi
376 2843 492 2877 videtur,
506 2843 558 2871 hoc
570 2849 675 2872 summe
687 2842 835 2871 curandum
854 2846 911 2875 est,

960 248 1076 275 quonam
1093 240 1173 267 modo
1188 240 1240 267 hoc
1253 239 1346 275 [idem]
1360 238 1428 266 efﬁci
1445 239 1548 274 possit,
1567 239 1650 266 velim
1664 239 1744 266 scire.

959 285 1070 313 ——ALs.
1087 285 1208 319 Quatuor
1225 292 1258 312 ex
1281 284 1347 313 locis
1367 285 1542 312 benevolentia
1565 288 1746 319 comparatur.

959 332 982 358 A
996 337 1098 363 nostra,
1115 332 1149 359 ab
1167 330 1397 363 adversariorum,
1418 338 1433 357 a
1449 330 1570 365 judicum
1584 338 1699 365 persona
1710 350 1717 360 .
1732 338 1748 357 τι

959 383 1052 403 causa.
1067 376 1090 403 Α
1101 381 1193 403 nostra
1208 385 1215 403 :
1232 376 1256 403 si
1271 376 1304 402 de
1319 375 1419 403 nostris
1439 374 1516 402 factis
1535 379 1563 402 et
1583 374 1676 402 ciliciis
1688 375 1748 402 sine

960 421 1116 456 arrogantia
1130 421 1266 453 dicemus;
1279 428 1303 448 SI
1318 420 1433 447 crimina
1444 419 1516 447 illata
1528 424 1556 446 et
1572 420 1677 454 aliquas
1697 421 1749 447 mi-

961 474 1012 494 nus
1026 468 1154 495 honestas
1168 467 1336 502 suspiciones
1352 467 1464 502 injcclas
1477 468 1628 501 diluemus;
1647 468 1671 496 si
1687 475 1748 503 quae

960 513 1130 541 incommoda
1145 514 1302 547 acciderint,
1317 518 1363 542 aut
1376 522 1436 549 quze
1459 515 1558 542 instent
1578 514 1749 543 difﬁcultates

934 583 942 589 .
960 559 1145 594 proferemus;
1160 561 1182 587 si
1195 568 1276 595 prece
1289 564 1316 588 et
1329 561 1515 589 obsecratione
1529 562 1624 589 humili
1641 566 1670 590 et
1686 571 1749 597 sup—

961 606 1024 640 plici
1038 610 1155 634 utemur.
1172 607 1211 634 Ab
1230 606 1446 635 adversariorum
1460 612 1549 635 autem
1568 616 1682 643 persona
1701 616 1709 636 :
1725 609 1747 636 si

960 659 1008 680 eos
1025 653 1112 680 autin
1127 653 1230 686 odium,
1244 653 1330 680 autin
1344 654 1488 687 invidiam,
1512 659 1558 682 aut
1577 656 1605 682 in
1628 659 1748 683 contem-

960 703 1037 733 ptum
1050 699 1223 727 adducemus.
1240 699 1268 727 In
1281 699 1371 728 odium
1385 701 1548 729 adducemus
1559 701 1647 737 [Mss.,
1664 702 1745 729 addu-

961 744 1078 780 centur],
1092 745 1115 772 si
1130 745 1195 780 quid
1209 753 1302 773 eorum
1326 753 1423 780 spurce
1433 766 1440 778 ,
1454 746 1577 780 superbe,
1591 746 1749 779 crudeliter,

960 789 1094 817 malitiose
1104 789 1204 817 factum
1218 790 1384 825 proferetur;
1401 791 1427 818 in
1446 791 1591 823 invidiam,
1607 791 1630 819 si
1643 791 1684 819 vis
1698 798 1749 819 eo-

961 842 1031 867 rum,
1045 836 1174 869 potentia,
1188 837 1319 870 pecunirc,
1332 836 1441 870 divitia,
1463 838 1588 873 cognatio
1610 837 1750 872 proferen—

961 883 1019 913 tur;
1033 885 1114 916 atque
1126 889 1219 909 eorum
1234 890 1300 910 usus
1314 890 1454 918 arrogans,
1470 887 1496 911 et
1508 883 1702 916 intolerabilis;
1722 888 1750 911 et

961 926 1032 960 quod
1050 927 1093 954 bis
1115 927 1197 955 rebus
1218 929 1305 964 magis
1325 929 1467 956 videantur
1487 937 1568 964 quam
1592 938 1679 958 causa!
1696 939 1751 958 sum

961 971 1113 1006 conﬁdere;
1139 974 1165 1000 in
1189 979 1372 1009 contemptum
1398 976 1581 1009 adducentur,
1607 977 1629 1004 si
1655 985 1750 1004 eorum

961 1016 1070 1049 inertia,
1086 1018 1261 1053 negligentia,
1276 1019 1380 1054 ignavia
1390 1040 1397 1053 ,
1410 1021 1575 1048 desidiosum
1589 1022 1710 1049 studium
1725 1026 1753 1049 et

961 1061 1128 1090 luxuriosum
1142 1065 1225 1092 otium
1238 1065 1402 1100 proferetur.
1415 1066 1455 1094 Ab
1467 1067 1621 1095 auditorum
1634 1076 1750 1103 persona

960 1110 1146 1138 benevolentia
1171 1112 1333 1146 captabitur,
1347 1113 1368 1139 si
1382 1121 1426 1141 res
1442 1114 1475 1140 ab
1494 1114 1528 1141 iis
1543 1114 1657 1147 fortiter,
1672 1123 1751 1143 man-

961 1160 1048 1188 suete,
1062 1156 1199 1191 sapienter
1212 1161 1293 1192 gesta:
1308 1158 1497 1193 proferentur;
1513 1167 1683 1195 nequaquam
1704 1168 1751 1188 au-

961 1205 1016 1228 tem
1040 1202 1230 1230 asscnlationis
1252 1210 1311 1230 esse
1328 1204 1380 1231 hoc
1403 1204 1580 1239 signiﬁcetur,
1602 1206 1625 1233 si
1648 1206 1681 1234 de
1700 1207 1750 1239 iis,

962 1253 1042 1280 quam
1056 1246 1169 1274 honesta
1184 1247 1359 1282 existimatio,
1373 1254 1528 1285 quantaque
1543 1259 1636 1279 eorum
1654 1251 1750 1287 iudicii

961 1295 988 1318 et
1007 1292 1176 1319 auctoritatis
1190 1294 1355 1328 exspectatio
1368 1295 1414 1328 sit,
1431 1297 1591 1324 ostenditur.
1613 1297 1635 1324 Δ
1658 1299 1749 1330 rebus,

961 1335 985 1363 si
1010 1340 1130 1364 nostram
1151 1345 1260 1365 causam
1287 1339 1421 1368 laudando
1445 1341 1611 1375 extollimus,
1637 1343 1751 1372 aliorum

962 1388 1071 1408 causam
1086 1389 1136 1416 per
1147 1387 1330 1418 contemptum
1344 1385 1537 1419 deprimcmus.

997 1426 1114 1454 Attentaa
1138 1431 1226 1455 autem
1250 1428 1392 1463 faciemus,
1408 1430 1430 1458 si
1451 1432 1695 1462 demonstrabimus
1719 1443 1751 1463 ea

962 1479 1022 1507 quae
1036 1473 1134 1501 dicturi
1147 1482 1249 1507 sumus,
1265 1482 1375 1511 magna,
1390 1484 1472 1510 nova,
1488 1478 1655 1507 incredibilia
1673 1488 1750 1514 esse;

963 1522 1009 1545 aut
1023 1519 1057 1547 ad
1065 1526 1169 1553 omnes,
1183 1524 1230 1547 aut
1243 1521 1277 1548 ad
1290 1529 1336 1549 eos
1349 1523 1393 1556 qui
1406 1523 1526 1557 audient,
1539 1529 1586 1552 aut
1598 1527 1631 1552 ad
1647 1526 1752 1561 aliquos

961 1563 1080 1591 illustres
1093 1564 1227 1598 homines,
1248 1570 1296 1594 aut
1316 1566 1349 1594 ad
1372 1568 1437 1596 deos
1452 1569 1635 1604 immortales,
1654 1576 1701 1599 aut
1717 1572 1751 1600 ad

959 1616 1093 1636 summam
1107 1610 1263 1646 reipublicae
1273 1613 1410 1647 pertinere
1424 1622 1431 1640 :
1447 1618 1475 1641 et
1486 1614 1508 1642 si
1527 1615 1687 1649 pollicemur
1700 1625 1751 1645 nos

959 1653 1035 1682 brevi
1048 1662 1159 1683 causam
1173 1660 1294 1684 nostram
1307 1658 1542 1687 demonstraturos
1551 1682 1557 1693 ,
1571 1665 1651 1696 atque
1666 1669 1752 1698 expo-

959 1706 1056 1727 nemus
1064 1699 1257 1736 judicationem
1270 1706 1317 1730 aut
1326 1703 1522 1738 judicationes,
1543 1706 1565 1733 si
1583 1706 1674 1741 plures
1690 1707 1750 1736 fue-

960 1745 1025 1772 rint.

994 1789 1098 1818 Dccilea
1112 1791 1248 1820 auditores
1265 1792 1412 1827 faciemus,
1428 1795 1450 1822 si
1471 1801 1563 1830 aperte
1584 1801 1612 1824 et
1632 1798 1753 1828 breviter

960 1843 1092 1864 summam
1105 1845 1195 1865 causa!
1209 1845 1392 1873 exponemus;
1406 1840 1459 1867 hoc
1473 1846 1524 1873 cst,
1540 1842 1567 1869 in
1588 1851 1641 1877 quo
1662 1846 1751 1872 consi-

961 1885 1016 1908 stat
1038 1883 1240 1910 controversia‘!
1267 1883 1321 1911 Sed
1346 1885 1391 1918 qui
1421 1886 1490 1912 bene
1514 1887 1634 1914 exordiri
1659 1889 1750 1922 volet,

959 1926 1049 1961 primo
1064 1934 1175 1955 necesse
1192 1932 1243 1959 est,
1265 1932 1295 1955 ut
1317 1936 1373 1956 sua:
1396 1936 1484 1957 causa:
1504 1933 1589 1965 genus
1609 1933 1752 1969 diligenter

962 1977 1100 2007 agnoscat.

996 2018 1062 2047 Cm.
1078 2019 1149 2053 Quot
1163 2024 1227 2047 sunt
1241 2028 1385 2047 causarum
1405 2022 1521 2056 genera?
1531 2039 1566 2043 —
1579 2023 1646 2052 ALB.
1669 2025 1752 2060 Quin-

961 2071 1023 2099 que.
1038 2063 1199 2096 Honestum,
1211 2064 1380 2097 admirabile,
1398 2066 1508 2101 humile,
1523 2076 1638 2104 anceps,
1654 2071 1751 2098 obscu-

962 2119 1033 2138 rum.
1055 2111 1203 2138 Honestum
1225 2119 1314 2140 causa:
1327 2120 1412 2148 genus
1434 2118 1489 2148 est,
1514 2117 1557 2144 cui
1577 2117 1680 2152 statim,
1693 2119 1752 2147 sine

961 2157 1085 2184 oratione
1096 2160 1200 2191 nostra,
1213 2156 1287 2185 favet
1299 2158 1431 2187 auditoris
1441 2161 1558 2189 animus.
1572 2162 1749 2198 Admirabile,

963 2210 977 2230 a
992 2210 1045 2238 quo
1058 2207 1099 2231 est
1113 2203 1245 2231 alienatus
1258 2204 1364 2232 animus
1377 2212 1471 2233 eorum
1486 2207 1531 2241 qui
1545 2207 1663 2236 audituﬂ
1675 2214 1748 2237 sunt.

962 2251 1076 2284 Humile,
1093 2251 1164 2286 quod
1177 2251 1322 2288 negligitur
1337 2253 1371 2280 ab
1389 2253 1520 2286 auditore,
1533 2257 1560 2281 et
1574 2262 1628 2282 non
1641 2263 1750 2292 magno-

960 2304 1025 2331 pere
1031 2296 1222 2324 attendendum
1230 2297 1346 2324 videtur.
1353 2297 1470 2331 Anceps,
1478 2299 1504 2325 in
1511 2306 1564 2334 quo
1569 2299 1750 2334 autjudicatio

961 2342 1042 2369 dubia
1062 2347 1122 2374 est,
1144 2347 1191 2369 aut
1211 2350 1293 2369 causa
1309 2346 1337 2369 et
1357 2343 1507 2371 honestatis
1526 2348 1554 2372 et
1574 2347 1749 2382 turpitudinis

961 2387 1106 2421 particeps,
1119 2391 1149 2413 ut
1166 2386 1381 2413 benevolentiam
1403 2388 1492 2421 pariat
1510 2393 1538 2416 et
1559 2390 1747 2420 offensionem.

963 2431 1123 2463 Obscurum,
1138 2431 1165 2458 in
1178 2439 1232 2465 quo
1243 2435 1290 2459 aut
1301 2432 1371 2460 tardi
1385 2437 1448 2460 sunt
1458 2434 1606 2469 auditores,
1624 2442 1670 2464 aut
1682 2438 1748 2466 ditii-

961 2477 1101 2504 cilioribus
1110 2477 1144 2504 ad
1155 2478 1372 2514 cognoscendum
1385 2479 1499 2515 negotiis
1509 2488 1591 2508 causa
1602 2486 1642 2509 est
1659 2482 1748 2519 impli-

961 2526 1032 2550 cata.

995 2567 1074 2602 321
1094 2566 1160 2594 Cn.
1176 2582 1212 2587 ——
1228 2567 1269 2594 An
1283 2575 1389 2602 semper
1402 2570 1543 2605 perspicue
1562 2572 1681 2599 exordiri
1703 2573 1748 2600 de-

960 2612 1007 2641 bet
1022 2613 1132 2641 orator?
1146 2628 1181 2633 ——
1195 2613 1260 2640 ALs.
1277 2613 1426 2649 Aliquando
1438 2616 1591 2650 perspicue,
1605 2617 1749 2652 aliquamlo

961 2667 1010 2694 per
1030 2660 1224 2687 circuitioncm.
1252 2659 1397 2694 Perspicua
1427 2662 1515 2689 oratio
1538 2666 1591 2694 est,
1617 2664 1660 2691 cui
1685 2672 1747 2693 mox

962 2706 1069 2733 animus
1098 2706 1230 2733 auditoris
1258 2705 1340 2738 favet,
1370 2712 1400 2734 ut
1430 2707 1479 2742 (in
1508 2708 1622 2736 honesto
1651 2718 1749 2746 genere

962 2758 1050 2779 causa
1078 2750 1177 2786 [Edil.,
1209 2750 1303 2786 causa]
1334 2756 1385 2778 est.
1401 2751 1446 2778 Illa
1462 2760 1526 2780 vero
1545 2761 1604 2788 qua:
1622 2762 1671 2790 per
1695 2756 1747 2784 cir-
1783 2770 1785 2790 ,

962 2796 1108 2824 coitionem
1141 2796 1239 2832 [Hau
1274 2796 1447 2834 circuitum]
1481 2798 1510 2825 tit
1531 2820 1538 2832 ,
1570 2799 1640 2828 claui
1672 2802 1746 2831 subit

963 2842 1081 2869 animum
1093 2842 1235 2875 auditoris,
1251 2846 1280 2870 ut
1293 2842 1320 2869 in
1334 2842 1437 2877 humili,
1451 2843 1568 2880 ancipiti,
1579 2846 1620 2873 vel
1631 2847 1747 2875 obscuro
