3934 6180
417 314 518 372 93!

1231 307 1293 361 Β.
1333 303 1396 356 F.
1436 298 1662 354 ALBlNl
1697 296 1827 352 SEU
1868 292 2142 351 ALCUlNl
2175 289 2459 346 OPERUM
2499 285 2678 343 PARS
2705 283 2828 352 ΥΠ.

3572 285 3678 341 952

419 444 600 489 causae
641 440 840 499 genere
869 422 1173 480 faciendum
1204 429 1304 476 est.
1336 419 1443 474 Sed
1485 426 1540 472 et
1587 418 1690 471 hoc
1717 411 1993 469 sciendum
2023 416 2071 476 Α
2100 411 2168 465 tis
2207 418 2312 474 est,
2337 409 2805 463 demonstraturos
2831 417 2931 499 nos
2951 403 3216 499 dicamus.
3253 402 3368 460 Hoc
3392 405 3558 460 modo
3595 423 3685 463 os-

419 531 526 584 est,
559 518 702 589 quod
729 517 1014 572 exordium
1061 512 1455 570 sententiarum
1480 517 1536 562 et
1570 505 1854 578 gravitatis
1873 504 1997 574 plu-

423 613 620 666 rimum
647 608 807 663 debet
838 607 1059 670 habere,
1109 613 1164 658 et
1197 601 1420 656 omnino
1443 599 1648 664 omnia,
1680 612 1802 668 quae
1824 596 1893 654 ad
1918 595 2001 650 di-

422 701 680 771 gnitatem
725 697 1030 766 pertinent;
1064 689 1438 748 ostentationis
1473 703 1602 742 vero
1631 697 1687 742 et
1723 684 2000 740 concinni-

422 792 549 847 tatis
564 789 716 863 Ulla,
732 781 1203 854 concinnitndinis]
1222 782 1520 842 minimum,
1546 787 1832 848 propterea
1857 775 1999 845 quod

419 899 492 941 ex
516 882 604 938 his
630 879 863 950 suspicio
893 875 1137 946 quaedam
1163 872 1471 931 artificiosae
1499 868 1790 938 diligentiae
1821 865 1999 920 nasci-

425 986 536 1040 tur,
560 987 680 1042 quae
720 969 955 1026 maxime
998 963 1232 1020 orationi
1279 962 1461 1024 ﬁdem.
1496 968 1552 1015 et
1585 957 1787 1020 oratori
1811 956 2000 1012 adimit

423 1066 820 1123 auctoritatem.

493 1157 627 1212 Cu.
650 1155 788 1210 Ecce
810 1153 1002 1216 habeo,
1029 1165 1135 1219 quo
1163 1147 1318 1203 modo
1333 1145 1572 1202 exordiri
1596 1145 1790 1198 debeat
1811 1157 1995 1198 causa.

423 1247 577 1302 Nunc
604 1245 932 1301 narrationis
961 1251 1166 1298 textum
1195 1255 1422 1312 expone.
1452 1269 1526 1279 ——-
1561 1239 1692 1292 Ann.
1743 1235 1999 1289 Narratio

422 1349 508 1394 est
546 1353 728 1393 rerum
772 1345 1047 1406 gestarum
1095 1332 1212 1404 [aut
1260 1342 1318 1387 ut
1347 1328 1649 1402 gestarum]
1696 1325 1996 1395 expositio,

421 1445 542 1500 quae
565 1428 668 1481 tria
697 1427 858 1482 debet
895 1426 1120 1488 habere,
1154 1424 1205 1476 id
1227 1429 1332 1486 est,
1382 1430 1439 1475 ut
1470 1420 1668 1494 brevis,
1703 1427 1763 1472 ut
1792 1424 1996 1482 aperta,

422 1529 484 1573 ut
510 1518 804 1584 probabilis
850 1517 939 1571 sit.
975 1515 1158 1569 Brevis
1187 1513 1312 1576 erit,
1351 1512 1394 1567 si
1425 1511 1566 1566 unde
1612 1523 1833 1564 necesse
1882 1515 1997 1571 est,

424 1610 546 1666 inde
571 1609 782 1664 initium
812 1615 1009 1669 sumat,
1043 1613 1098 1658 et
1130 1620 1234 1656 non
1264 1603 1332 1657 ab
1380 1601 1569 1656 ultimo
1597 1607 1902 1668 repetetur;
1947 1603 2001 1652 et

424 1701 492 1763 si,
523 1699 677 1770 cujus
704 1699 784 1754 rei
813 1697 946 1752 satis
972 1696 1080 1751 erit
1113 1710 1379 1750 summam
1408 1694 1628 1758 dixisse,
1676 1692 1792 1760 ejus
1817 1700 2000 1762 partes

2098 505 2315 560 tendam
2346 500 2688 556 adversarios
2715 498 2860 568 quod
2882 498 3162 568 arguimns
3185 496 3339 568 [Ms.,
3363 504 3680 578 arguamus]

2096 604 2151 649 et
2175 595 2414 666 potuisse
2439 591 2641 656 facere,
2669 598 2726 646 et
2742 589 2998 656 voluisse,
3025 597 3082 643 et
3100 589 3315 655 fecisse,
3343 607 3467 646 cum
3490 591 3685 651 fecisse

2098 687 2232 740 satis
2261 686 2332 740 sit
2359 684 2666 739 ostendere.

2168 775 2302 832 Cui.
2343 773 2498 828 Nunc
2527 773 2596 828 ad
2635 772 3052 842 conﬁrmationis
3081 783 3352 843 praecepta
3399 789 3456 830 te
3499 785 3678 836 verte.

2098 869 2374 938 magister,
2408 881 2528 937 quin
2575 865 2812 922 maxime
2849 865 3122 928 omnibus,
3162 881 3306 930 reor,
3353 869 3688 928 necessaria,

2098 968 2160 1013 ut
2203 973 2356 1012 suam
2403 957 2630 1026 quisque
2670 956 2808 1011 sciat
2835 954 3160 1010 conﬁrmare
3183 971 3435 1021 causam;
3474 965 3532 1011 et
3559 957 3690 1015 licet

2101 1047 2402 1103 voluntarie
2446 1045 2631 1110 faciat,
2663 1055 2844 1100 tamen
2888 1059 2994 1098 non
3021 1045 3155 1107 satis
3187 1045 3368 1115 digne,
3414 1046 3520 1101 nisi
3545 1063 3689 1117 pra-

2100 1140 2270 1208 ceptis
2299 1147 2354 1193 et
2385 1155 2507 1203 usu,
2540 1139 2626 1208 agi
2654 1144 2851 1207 potest.
2876 1165 2947 1174 ——
2971 1136 3102 1190 ALn.
3131 1135 3208 1190 Ita
3237 1145 3336 1202 est,
3363 1138 3594 1194 Domine
3612 1143 3683 1195 mi

2101 1244 2218 1294 rex,
2250 1237 2310 1282 ut
2334 1228 2488 1282 diois.
2521 1225 2656 1280 Nam
2683 1240 2874 1281 omnes
2903 1226 3401 1295 argumentationes
3438 1229 3510 1284 ad
3551 1243 3686 1284 con-

2100 1319 2463 1375 firmationum
2498 1316 2726 1371 tendunt
2755 1316 3014 1370 rationes.
3057 1315 3162 1371 Sed
3206 1327 3318 1371 tam
3346 1319 3572 1388 grandis
3599 1329 3690 1376 est

2101 1422 2540 1482 argumentorum
2567 1410 2740 1482 sylva,
2763 1419 2822 1465 ut
2845 1411 2936 1466 vix
2961 1413 3063 1467 sub
3085 1411 3354 1468 brevitate
3375 1412 3544 1480 hujus
3570 1414 3687 1468 dia—

2101 1504 2207 1576 logi
2235 1506 2406 1560 nostri
2433 1505 2632 1574 aliquid
2662 1506 2860 1575 aperiri
2886 1507 3078 1575 possit.

2171 1599 2310 1666 αλιι.
2345 1597 2548 1653 Tamen
2579 1599 2782 1668 stringe
2806 1599 2995 1668 paucis
3021 1599 3196 1668 plura.
3225 1598 3362 1654 Nam
3389 1614 3538 1668 saepe
3573 1615 3684 1654 una

2101 1690 2250 1744 clave
2275 1689 2459 1744 multat
2490 1689 2866 1744 thesaurorum
2895 1705 3041 1761 gazae
3064 1691 3404 1759 aperiuntur.
3442 1721 3516 1731 —-
3545 1690 3680 1744 Au.

424 1762 531 1845 non
576 1762 841 1844 dicentur.
872 1785 1006 1840 Nam
1048 1800 1190 1855 saepe
1215 1785 1346 1839 satis
1389 1791 1489 1847 est,
1533 1783 1662 1851 quid
1703 1783 1902 1836 factum
1931 1781 2004 1836 sit
2035 1762 2079 1823 Β
2105 1781 2323 1835 Faciam
2352 1779 2496 1850 quod
2520 1779 2673 1852 [Ms.,
2703 1779 2886 1851 prout]
2930 1795 3170 1850 possum.
3210 1779 3567 1836 Conﬁnnatio
3599 1789 3686 1836 est

424 1883 620 1944 dicere,
653 1890 712 1934 ut
739 1894 806 1933 ne
830 1894 1019 1933 narres
1044 1876 1493 1947 quemadmodum
1519 1876 1588 1930 sit
1613 1874 1812 1930 factum
1837 1891 1851 1939 ;
1883 1882 1938 1930 et
1957 1873 2002 1930 si

423 1986 530 2026 non
557 1971 768 2042 longius
796 1984 956 2039 quam
986 1983 1121 2038 Opus
1147 1976 1232 2022 est
1255 1968 1308 2020 in
1340 1967 1614 2020 narrando
1639 1965 1998 2035 procedetur;

422 2068 478 2116 et
519 2061 566 2115 si
595 2059 799 2114 nullam
843 2059 898 2112 in
937 2073 1051 2111 rem
1099 2057 1264 2111 aliam
1294 2062 1532 2110 transeat
1562 2054 1714 2128 [Λίδη
1751 2052 2000 2125 transiet]

424 2152 632 2218 oratio;
661 2160 716 2205 et
740 2151 786 2204 si
813 2151 889 2204 ita
917 2150 1146 2213 dicetur,
1172 2157 1231 2202 ut
1256 2163 1641 2217 nonnunquam
1669 2163 1732 2202 ex
1768 2162 1835 2201 eo
1853 2147 2003 2215 quod

425 2243 626 2297 dictum
655 2242 744 2306 sit,
771 2242 825 2295 id
852 2241 999 2310 quod
1022 2256 1129 2294 non
1152 2240 1225 2294 sit
1253 2239 1459 2294 dictum
1489 2239 1854 2309 intelligatur;
1881 2246 1938 2292 et
1955 2239 2002 2293 si

424 2347 533 2388 non
560 2331 720 2387 modo
761 2331 815 2386 id
837 2330 980 2401 quod
1002 2331 1174 2394 obest,
1211 2346 1402 2385 verum
1428 2331 1591 2384 etiam
1634 2330 1688 2384 id
1713 2329 1860 2398 quod
1901 2344 2002 2384 nec

422 2423 600 2488 obest,
629 2436 733 2476 nec
754 2421 991 2491 adjuvat,
1023 2423 1420 2492 prmteribitur;
1454 2430 1509 2476 et
1537 2437 1646 2476 non
1690 2421 1868 2475 minus
1913 2434 2003 2474 re-

424 2527 546 2566 rum
589 2528 699 2568 non
741 2514 1193 2577 necessariarum,
1225 2529 1387 2582 quam
1426 2514 1714 2568 verborum
1760 2512 2003 2566 multitu-

425 2601 548 2658 dine
574 2602 1032 2671 supersedendum
1061 2611 1162 2657 est.
1205 2604 1398 2672 Aperta
1427 2610 1610 2657 autem
1634 2603 1876 2658 narratio
1907 2619 2004 2672 po-

426 2692 556 2745 terit
581 2705 722 2754 esse,
752 2692 798 2746 si
829 2699 888 2746 ut
913 2693 1147 2761 quidque
1167 2693 1400 2760 primum
1423 2701 1635 2763 gestum
1669 2692 1824 2764 [Ms.,
1851 2692 2000 2764 erit],

428 2781 500 2835 ita
525 2781 759 2851 primum
783 2789 1102 2852 exponetur,
1140 2792 1195 2836 et
1218 2797 1400 2836 rerum
1437 2798 1503 2836 ac
1535 2792 1837 2852 temporum
1866 2783 2001 2837 ordo

426 2873 749 2938 servabitur,
782 2881 840 2927 ut
867 2873 940 2928 ita
971 2883 1259 2929 narrentur
1283 2890 1392 2938 res,
1417 2882 1476 2927 ut
1498 2881 1662 2944 gesta:
1691 2882 1816 2930 sunt
1843 2872 1998 2944 μη,

424 2967 627 3041 erunt],
671 2976 764 3024 aut
801 2968 904 3042 [ut]
957 2969 1194 3040 petuisse
1240 2970 1355 3040 geri
1381 2970 1724 3025 videbantur.
1757 2969 1859 3024 llic
1894 2968 2003 3023 erit

425 3062 894 3130 considerandum,
915 3078 981 3118 ne
997 3064 1128 3132 quid
1150 3064 1484 3132 perturbate,
1511 3079 1580 3118 ne
1604 3064 1732 3133 quid
1753 3071 2002 3116 contorte

425 3246 546 3302 bilis
594 3247 700 3302 erit
743 3249 1004 3314 narratio,
1034 3248 1082 3302 si
1113 3247 1168 3301 in
1201 3262 1265 3300 ea
1310 3248 1635 3307 videbuntur
1679 3247 1858 3302 inesse
1883 3260 2007 3314 quae

426 3335 604 3392 solent
629 3351 890 3408 apparere
918 3337 974 3392 in
1013 3338 1272 3402 veritate;
1304 3337 1352 3391 si
1373 3351 1733 3406 personarum
1775 3335 2007 3405 dignita-

429 3437 514 3483 tes
543 3428 940 3494 servabuntur;
983 3428 1029 3482 si
1077 3443 1255 3484 causae
1301 3428 1566 3483 factorum
1593 3427 1913 3491 exstabunt;
1957 3426 2008 3482 si

428 3519 595 3574 fuisse
616 3516 898 3573 facultates
919 3518 1147 3573 faciendi
1176 3517 1330 3588 [Με.,
1359 3517 1616 3588 faciundi]
1643 3517 2004 3581 videbuntur;

427 3608 474 3662 si
507 3617 718 3682 tempus
744 3609 1030 3671 idoneum;
1081 3608 1127 3663 si
1155 3609 1315 3678 spatii
1340 3609 1508 3674 satis;
1541 3609 1584 3663 si
1630 3608 1782 3663 locus
1807 3621 2005 3678 oppor-

431 3709 591 3757 tunus
632 3702 701 3757 ad
744 3701 990 3756 eamdem
1035 3716 1170 3768 rem,
1193 3716 1300 3770 qua
1345 3700 1412 3756 de
1443 3714 1504 3755 re
1544 3708 1799 3756 narratur
1845 3698 2002 3771 [Μεη

427 3791 786 3865 narrabitur],
814 3791 983 3846 fuisse
1009 3793 1354 3859 ostendetur;
1387 3794 1431 3847 si
1458 3807 1546 3848 res
1584 3790 1682 3864 [et]
1719 3791 1792 3846 ad
1817 3807 2006 3847 eorum

428 3884 522 3956 qui
545 3891 708 3954 agent
731 3891 1004 3948 naturam,
1038 3881 1137 3954 [et]
1160 3884 1227 3938 ad
1251 3883 1398 3953 vulgi
1422 3898 1717 3948 rumorem,
1745 3891 1800 3938 et
1819 3881 1888 3936 ad
1909 3896 2010 3936 eo-

429 3988 549 4027 rum
577 3974 670 4042 qui
707 3973 930 4026 audiunt
958 3971 1112 4044 [Ms.,
1142 3971 1382 4043 audient]
1414 3971 1723 4042 Opinionem
1792 3986 2007 4030 accom-

431 4063 755 4118 modabitur.

499 4150 631 4206 Cm.
691 4151 835 4208 Ordo
881 4152 1144 4224 deposcit,
1201 4162 1263 4208 ut
1305 4168 1372 4208 ae
1406 4153 1698 4222 partitione
1724 4152 1895 4208 dicas.
1935 4181 2008 4194 --

427 4238 561 4294 Ann.
616 4240 822 4295 Dicam.
865 4240 1092 4296 Partitio
1119 4251 1204 4298 est
1246 4259 1428 4298 rerum
1453 4244 1521 4298 ad
1569 4259 1788 4299 causam
1834 4244 2027 4312 ipsam.

429 4333 811 4402 pertinentium
861 4334 1075 4399 divisio,
1107 4349 1227 4403 quae
1253 4345 1402 4390 recte
1445 4335 1630 4390 habita
1664 4335 2012 4405 perspicuam.

429 4434 486 4480 et
510 4423 770 4479 illustrem
801 4432 969 4479 totam
996 4425 1296 4480 orationem
1320 4424 1502 4490 edicit,
1532 4439 1652 4494 quae
1681 4425 1818 4480 duas
1842 4424 2006 4480 habet

431 4523 633 4584 partes.
665 4513 780 4569 Una
807 4530 932 4585 pars
959 4521 1064 4580 est,
1093 4530 1212 4585 qua:
1236 4515 1364 4584 quid
1386 4532 1507 4570 cum
1531 4516 1856 4571 adversariis
1877 4531 2008 4571 con-

431 4610 632 4672 veniat,
678 4617 732 4662 et
777 4607 906 4676 quid
949 4608 1003 4662 in
1033 4609 1399 4662 controversia
1428 4607 1784 4676 relinquatur,
1823 4617 2006 4663 osten-

431 4697 546 4753 dit:
575 4714 640 4752 ex
661 4715 764 4769 qua
796 4708 1003 4758 certum
1031 4701 1286 4770 quiddam
1314 4702 1614 4758 destinatur
1642 4701 1906 4768 auditori,
1951 4701 2017 4758 in.

434 4802 540 4855 quo
570 4788 806 4842 animum
835 4791 1028 4846 debeat
1054 4790 1253 4847 habere
1285 4800 1627 4863 occupatum.
1669 4791 1857 4846 Altera
1891 4799 2016 4857 est...

433 4880 487 4933 i'n
533 4894 638 4948 qua
687 4896 866 4935 rerum
895 4896 1100 4947 earum,
1147 4883 1214 4938 de
1242 4885 1438 4954 quibus
1483 4881 1730 4956 [erimus]
1769 4882 2004 4943 dicturi,

431 4971 669 5026 breviter
695 4974 961 5044 expositio
983 4975 1200 5043 ponitur
1222 4984 1276 5030 et
1298 4975 1631 5042 distributio,
1657 4991 1723 5032 ex
1748 4991 1855 5046 qua
1875 4991 2009 5033 con-

434 5061 632 5128 ficitur,
663 5071 722 5116 ut
749 5073 926 5120 certas
967 5066 1146 5120 animo
1177 5082 1264 5122 res
1289 5075 1469 5122 teneat
1512 5069 1745 5124 auditor.
1782 5068 1915 5122 Nam
1953 5076 2018 5122 et

433 5152 548 5206 haec
596 5168 724 5223 pars
767 5154 968 5211 habere
1011 5156 1170 5213 debet
1201 5159 1541 5224 brevitatem,
1591 5159 2006 5227 absolutionem,

434 5244 780 5312 paucitatem.
828 5247 1065 5304 Brevitas
1113 5260 1216 5316 est,
1266 5267 1410 5318 cum,
1464 5252 1570 5308 nisi
1620 5251 2016 5310 necessarium..

435 5335 639 5392 nullum
666 5339 958 5398 assumitur
987 5343 1232 5398 verbum.
1264 5344 1535 5400 Absolutio
1565 5355 1668 5412 est,
1713 5361 1809 5415 per
1840 5359 2004 5414 quam

433 5433 634 5501 omnia,
661 5450 781 5504 qua.
820 5435 1061 5492 incidunt
1092 5437 1160 5491 in.
1186 5453 1430 5506 causam,
1469 5455 1688 5510 genera,
1721 5441 1786 5495 de
1813 5437 2018 5507 quibus

437 5521 722 5578 dicendum
763 5534 866 5592 est,
897 5528 1271 5597 amplectimur
1316 5530 1370 5584 in
1400 5531 1709 5600 partitione.
1757 5529 2012 5584 Paucitas

439 5617 545 5670 est,
576 5625 696 5678 quae
723 5629 816 5667 eas
841 5631 930 5671 res
953 5627 1164 5673 tantum
1186 5620 1338 5688 ponit
1363 5620 1420 5674 in
1448 5621 1758 5688 partitione,
1781 5634 1902 5689 qua!
1926 5633 2019 5675 ne-

443 5699 692 5752 cessaria:
717 5713 842 5759 sunt
867 5707 1104 5763 dicendae
1132 5709 1357 5780 iterum;
1389 5719 1446 5767 et
1479 5725 1547 5765 ne
1571 5711 1724 5780 plura
1744 5725 1907 5781 quam
1929 5725 2016 5767 sa-

2028 3111 2076 3174 C

424 3153 665 3220 dicatur;
699 3171 766 3211 ne
793 3154 998 3229 [quam]
1023 3157 1076 3210 in
1106 3155 1269 3210 aliam
1301 3172 1416 3210 rem
1441 3164 1766 3212 transeatur.
1795 3153 2003 3209 Proba—
2030 3153 2044 3194 ‘~

2105 1873 2519 1941 argumentatio,
2559 1886 2662 1940 qua
2691 1879 2796 1926 tua:
2817 1887 2993 1926 causa
3020 1871 3178 1926 fidem
3211 1880 3268 1926 et
3304 1871 3683 1927 auctoritatem

2105 1981 2412 2036 comparas,
2433 1981 2554 2035 qua:
2581 1965 2790 2020 duobus
2829 1965 3003 2020 modis
3040 1964 3100 2019 lit
3129 1983 3142 2018 :
3184 1973 3278 2019 aut
3314 1978 3379 2018 ex
3412 1965 3679 2034 personis,

2105 2069 2198 2115 aut
2221 2074 2289 2114 ex
2328 2059 2575 2130 negotiis.
2604 2059 2688 2112 Ex
2711 2058 2946 2129 personis
2967 2057 3182 2127 quidem
3209 2057 3306 2112 has
3331 2072 3422 2112 res
3455 2057 3682 2112 attribu-

2109 2160 2188 2206 tas
2218 2157 2470 2220 putamus
2500 2169 2512 2204 :
2546 2149 2775 2213 Nomen,
2820 2159 3093 2214 naturam,
3122 2149 3344 2214 victum,
3376 2148 3649 2202 fortunam
3668 2187 3685 2212 ,

2105 2242 2370 2306 habitum,
2396 2240 2645 2297 effectum
2673 2239 2826 2312 [Ms.,
2861 2238 3246 2311 affectionem],
3274 2239 3478 2305 studia,
3505 2239 3688 2294 consi-

2103 2333 2193 2398 lia,
2227 2333 2392 2400 facta,
2423 2349 2603 2398 casus,
2649 2333 2941 2389 orationes.
2988 2333 3124 2388 Nam
3145 2349 3214 2388 ex
3241 2334 3307 2387 iis
3345 2333 3576 2404 singulis
3606 2347 3690 2386 ar-

2104 2432 2356 2496 gumenta
2385 2431 2611 2493 possunt
2651 2423 2788 2490 ﬁeri,
2831 2433 3074 2494 proutse
3109 2423 3469 2480 commoditas
3510 2438 3688 2478 causa

2105 2515 2261 2569 affert
2287 2513 2442 2586 [Λίδη
2464 2512 2666 2585 offert].

2172 2605 2333 2674 3'22
2368 2604 2502 2660 Cui.
2533 2605 2647 2667 Etsi
2675 2605 2925 2660 brevitati
2953 2605 3158 2670 studes,
3188 2612 3367 2660 tamen
3390 2605 3506 2660 hate
3533 2605 3691 2674 ριι-ικ

2106 2695 2258 2768 [ιιεη
2301 2693 2536 2766 plenius]
2567 2695 2838 2750 desidero.
2883 2725 2954 2736 —-
2977 2695 3110 2750 ALB.
3142 2694 3232 2748 Ea:
3260 2695 3470 2748 nomine
3500 2696 3560 2747 tit
3599 2709 3690 2748 ar-

2104 2791 2415 2854 gumentum
2441 2783 2542 2838 hoc
2571 2783 2751 2849 modo,
2783 2791 2842 2838 ut
2867 2784 2912 2838 si
2954 2782 3202 2838 dicamus
3226 2784 3430 2840 idcirco
3451 2783 3690 2852 aliquem

2104 2874 2356 2928 callidum
2400 2874 2603 2936 vocari,
2654 2873 2798 2944 quod
2839 2874 2912 2928 sit
2960 2874 3252 2929 temerario
3302 2881 3358 2928 et
3407 2871 3692 2943 repentino

2105 2966 2362 3032 consilio;
2391 2974 2450 3019 ut
2469 2979 2640 3020 sacrae
2660 2964 2954 3036 Scriptura:
2981 2963 3238 3036 [quoque]
3266 2972 3482 3017 utamur
3499 2978 3690 3016 exem-

2103 3058 2230 3128 plo:
2266 3074 2392 3112 nam
2433 3058 2575 3112 Esau
2618 3057 2686 3112 de
2713 3055 2883 3112 fratre
2919 3072 3017 3111 suo
3048 3052 3257 3128 [Jacob]
3305 3055 3438 3109 dicit
3472 3073 3486 3106 :
3529 3053 3693 3107 Recte

2108 3158 2321 3202 vocatur
2355 3164 2540 3206 nomen
2567 3148 2682 3217 ejus
2707 3147 2872 3202 Iacob
2901 3149 2979 3218 (id
3003 3156 3103 3216 est,
3128 3147 3524 3218 supplantator)
3552 3163 3567 3212 ;
3620 3162 3687 3198 en

2107 3241 2274 3296 altera
2296 3243 2401 3295 uice
2429 3240 2778 3312 supplantavit
2803 3258 2902 3296 me.

2177 3332 2243 3386 In
2273 3343 2484 3397 natura,
2533 3347 2712 3397 sexus,
2760 3333 2927 3397 natio,
2976 3332 3170 3403 patria,
3224 3329 3498 3402 cognatio,
3555 3338 3692 3384 aetas

2107 3423 2536 3477 considerantur.
2581 3421 2639 3476 In
2670 3437 2822 3486 sexu,
2855 3423 2938 3477 vir
2967 3439 3036 3476 an
3067 3422 3297 3476 mulier?
3331 3422 3388 3475 In
3424 3422 3648 3475 natione
3673 3461 3688 3484 ,

2106 3515 2326 3571 Graecus
2364 3532 2435 3570 an
2473 3516 2776 3571 Barbarus?
2805 3518 2861 3571 ln
2892 3518 3086 3587 patria,
3114 3517 3459 3572 Atheniensis
3484 3531 3553 3570 an
3580 3517 3693 3572 Ro-

2106 3607 2331 3661 manus?
2379 3605 2437 3660 In
2475 3609 2817 3679 cognatione,
2873 3609 3068 3678 quibus
3121 3608 3437 3676 majoribus,
3489 3609 3688 3678 quibus

2107 3700 2520 3769 consanguineis
2560 3700 2631 3754 sit
2672 3699 2867 3754 editus.
2915 3700 2972 3753 In
3014 3709 3191 3764 attate,
3219 3715 3351 3769 puer
3376 3715 3442 3752 an
3478 3700 3692 3754 adoles-

2107 3805 2271 3855 cens;
2304 3797 2432 3843 natu
2457 3790 2732 3859 grandior,
2765 3805 2833 3844 an
2872 3797 3058 3844 senex.
3088 3788 3218 3843 Item
3263 3805 3405 3860 saepe
3437 3806 3505 3842 ex
3542 3805 3688 3844 com-

2107 3880 2281 3936 modis
2308 3881 2392 3934 vel
2435 3880 2788 3935 incommodis
2826 3889 3036 3934 natura:
3075 3879 3385 3949 conjectura
3428 3880 3690 3934 sumenda

2106 3977 2206 4036 est,
2231 3970 2334 4024 hoc
2359 3969 2517 4023 modo
2544 3986 2556 4021 :
2586 3968 2783 4023 Valens
2813 3984 2881 4022 an
2915 3967 3219 4033 imbecillis,
3265 3967 3456 4038 longus
3480 3985 3550 4021 an
3573 3969 3696 4022 bre-

2107 4061 2208 4125 vis,
2242 4060 2510 4115 formosus
2540 4075 2606 4113 an
2633 4059 2911 4124 deformis,
2963 4059 3112 4114 velox
3145 4075 3211 4113 an
3245 4060 3454 4124 tardus,
3501 4068 3694 4114 acutus

2107 4168 2176 4207 an
2209 4154 2407 4219 hebes;
2441 4166 2648 4207 memor
2670 4167 2737 4204 an
2761 4152 3077 4217 obliviosos,
3103 4151 3318 4207 dolosus
3345 4167 3412 4205 an
3435 4152 3686 4222 simplex.

2178 4243 2247 4297 Et
2271 4259 2335 4297 ea:
2365 4243 2602 4297 convictu
2629 4240 2782 4314 [Ms.,
2814 4241 2982 4314 victu]
3029 4242 3209 4296 multa:
3238 4241 3530 4295 trahuntur
3574 4257 3689 4296 sus-

2106 4333 2365 4404 piciones,
2418 4349 2560 4398 cum,
2613 4332 3070 4402 quemadmodum
3115 4341 3168 4386 et
3198 4332 3337 4400 apud
3367 4347 3527 4401 quos,
3558 4339 3613 4386 et
3657 4347 3689 4384 a

2115 4426 2309 4494 quibus
2338 4425 2596 4479 educatus
2619 4432 2671 4479 et
2699 4423 2942 4479 eruditus
2965 4424 3055 4489 sit,
3091 4425 3384 4493 quarritur;
3416 4434 3474 4478 et
3495 4424 3689 4493 quibus

2113 4516 2383 4580 convivat,
2429 4523 2485 4571 et
2523 4532 2629 4586 qua
2661 4516 2869 4572 ratione
2903 4517 3046 4576 vitae.
3091 4525 3147 4572 et
3173 4529 3464 4585 quomore
3503 4515 3687 4570 dome-

2113 4611 2250 4666 stico
2289 4607 2501 4681 [vivat].

2184 4700 2272 4755 Ea:
2327 4704 2541 4770 fortuna
2585 4701 2782 4770 smpius
2839 4701 3011 4773 [Ms.,
3069 4701 3233 4772 saepe]
3295 4703 3692 4768 argumentatio

2117 4795 2378 4859 nascitur,
2409 4809 2530 4848 cum
2563 4810 2752 4848 servus
2787 4810 2856 4847 an
2898 4795 3064 4859 liber,
3107 4793 3430 4863 pecuniosus
3461 4807 3534 4846 an
3561 4807 3692 4861 pan-

2115 4901 2232 4956 per,
2268 4883 2462 4939 nobilis
2497 4899 2567 4938 an
2607 4883 2877 4953 ignobilis,
2917 4883 3044 4938 felix
3087 4899 3157 4937 an
3198 4881 3409 4947 infelix,
3445 4883 3688 4952 privatus

2117 4993 2182 5031 an
2209 4977 2264 5031 in
2289 4983 2552 5046 potestate
2583 4975 2671 5041 sit,
2699 4984 2793 5030 aut
2827 4975 3008 5041 fuerit,
3037 4984 3130 5029 aut
3151 4975 3365 5029 futurus
3397 4975 3487 5036 sit,
3515 4975 3696 5029 consi—

2117 5070 2367 5132 deratur;
2399 5076 2493 5122 aut
2517 5067 2748 5135 denique
2792 5066 2995 5136 aliquid
3013 5081 3208 5122 eorum
3237 5065 3524 5135 qumritur,
3569 5081 3697 5136 qua

2118 5159 2345 5212 fortuna:
2372 5172 2490 5213 esse
2517 5157 2774 5211 attributa
2799 5157 3189 5227 intelliguntur.

2188 5251 2417 5308 Habitus
2474 5258 2656 5305 autem
2700 5251 2755 5305 in
2800 5249 2978 5318 aliqua
3025 5248 3265 5319 perfecta
3316 5256 3373 5303 et
3417 5248 3696 5304 constanti

2119 5343 2284 5398 animi
2314 5349 2408 5397 aut
2437 5341 2681 5411 corporis
2709 5340 3046 5395 absolutione
3079 5340 3348 5394 consistit.
3379 5337 3500 5404 Quo
3521 5339 3578 5392 in
3610 5353 3696 5407 ge-

2115 5452 2245 5491 nere
2265 5445 2350 5491 est
2371 5435 2562 5499 virtus,
2587 5435 2832 5500 scientia,
2863 5443 2918 5488 et
2955 5448 3073 5502 qua:
3114 5432 3387 5487 contraria
3416 5438 3570 5495 sunt;
3609 5447 3704 5487 res

2119 5528 2232 5597 ipsa
2253 5533 2309 5581 et
2331 5527 2691 5595 causa-posita
2716 5525 2950 5591 docebit,
2973 5531 3030 5580 et
3047 5523 3175 5593 quid
3197 5522 3284 5579 hic
3304 5535 3521 5592 quoque
3541 5522 3701 5578 lactis

2120 5617 2440 5688 suSpicionis
2458 5601 2727 5673 ostendat.

2190 5708 2325 5764 Nam
2369 5709 2658 5778 uicerimus
2708 5710 2928 5780 quidem
2978 5709 3116 5766 ratio
3161 5707 3508 5780 perspicuam
3553 5707 3700 5764 solet
