3934 6180
330 355 435 412 935

1143 347 1614 404 DlDASCALlCA.
1641 377 1715 388 -—
1752 342 2025 402 DlALOG.
2067 344 2155 398 DE
2193 342 2402 399 RHET.
2440 344 2530 400 ET
2568 343 2750 399 VIRT.

3475 351 3580 406 954
3673 303 3680 327 τ

327 466 647 541 ιιι-περιεῖτε
669 463 1066 536 conjecturam;
1097 472 1160 519 ut
1185 479 1358 528 amor,
1386 463 1690 527 iracundia,
1729 459 1901 517 mele-
1926 463 1975 521 Α
2003 460 2166 516 dines:
2183 468 2362 524 erunt,
2385 460 2485 513 bas
2509 456 2684 531 [eum]
2727 465 2822 512 aut
2843 457 3218 528 imprudentiae
3259 459 3580 531 [necessitu-

330 563 456 626 stia,
485 568 770 632 propterea
797 558 942 627 quod
971 564 1025 612 et
1063 558 1302 626 ipsorum
1331 556 1415 610 vis
1455 554 1772 624 intellig-itur
1793 591 1810 618 ,
1851 559 1906 607 et

329 663 450 724 qua:
487 665 578 707 res
609 652 798 704 harum
847 649 1048 718 aliquid
1101 645 1254 719 [-Ils.,
1295 647 1531 717 aliquam
1574 644 1710 717 rem]
1763 658 1901 699 con-

247 732 250 733 ⁷
328 748 650 812 sequantur,
691 735 879 793 faciles
906 738 1126 807 cognitu
1152 744 1294 791 sunt.

395 831 652 888 Studium
691 836 892 894 autem,
954 829 1097 897 quod
1134 837 1218 884 est
1259 828 1475 886 assidua
1512 833 1570 882 et
1615 826 1906 881 vehemens

328 919 512 990 aliqua
557 917 627 972 ad
657 931 774 971 rem
808 915 1073 987 applicata
1106 931 1302 988 magna
1331 932 1455 971 cum
1496 916 1776 986 voluptate
1815 929 1908 970 oc-

327 1011 568 1080 cupatio,
607 1007 776 1063 facile
823 1023 890 1063 ex
924 1017 990 1063 eo
1024 1009 1239 1064 ducitur
1284 1009 1712 1077 argumentatio,
1746 1014 1909 1077 prout

327 1116 424 1156 res
457 1100 576 1170 ipsa
599 1097 655 1152 in
678 1112 842 1154 causa
871 1099 1200 1154 desiderabit
1230 1097 1422 1170 [Edit.,
1466 1095 1904 1168 desiderabitur].

329 1188 466 1242 item
493 1201 563 1241 ex
592 1185 810 1240 consilio
839 1188 1072 1242 sumitur
1122 1187 1326 1257 aliquid
1373 1187 1734 1256 suspicionis;
1778 1201 1906 1244 nam

329 1273 615 1331 consilium
640 1282 725 1329 est
747 1275 949 1345 aliquid
971 1274 1202 1332 faciendi
1228 1275 1380 1349 [Ms.,
1406 1276 1666 1348 faciundi]
1693 1278 1779 1332 vel
1799 1291 1905 1332 non

329 1364 562 1422 faciendi
603 1367 905 1437 excogitata
947 1367 1112 1424 ratio.

404 1454 577 1510 Facta
605 1465 784 1511 autem
811 1463 867 1512 et
889 1473 1044 1514 eam
1075 1465 1132 1513 et
1164 1457 1428 1512 orationes
1461 1471 1530 1511 ex
1563 1456 1737 1512 tribus
1775 1463 1909 1509 tem-

325 1547 552 1616 poribus
579 1547 1089 1613 considerabuntur;
1118 1547 1248 1616 quid
1276 1546 1488 1612 fecerit,
1520 1555 1617 1601 aut
1647 1547 1777 1616 quid
1804 1546 1904 1615 ipsi

328 1640 613 1705 acciderit,
646 1647 740 1694 aut
767 1637 896 1708 quid
935 1639 1164 1704 dixerit;
1199 1639 1408 1708 etquid
1437 1637 1620 1704 faciat,
1651 1639 1780 1708 quid
1803 1637 1905 1706 ipsi

328 1733 559 1798 accidat,
600 1732 732 1801 quid
750 1731 912 1797 dicat,
937 1738 1032 1785 aut
1053 1730 1185 1800 quid
1215 1729 1459 1786 facturus
1498 1729 1570 1784 sit
1595 1745 1610 1794 ;
1642 1728 1771 1798 quid
1799 1727 1902 1796 ipsi

2007 551 2178 624 dine],
2208 565 2302 607 aut
2320 551 2697 608 adolescentiae
2717 553 3064 620 persuasione
3081 563 3464 623 perpetrasse;
3488 568 3582 612 aut

2008 645 2309 714 aliquorum
2350 642 2552 697 invidia
2592 642 2765 708 fictas,
2811 652 2902 697 aut
2953 643 3085 700 falsa
3113 647 3365 715 opinione
3404 648 3582 705 illatas

2005 748 2124 790 esse
2149 734 2432 790 dicendum
2457 733 2584 788 erit.
2605 734 2664 787 Si
2692 743 2872 789 autem
2901 735 3048 790 nullo
3081 738 3241 792 modo
3261 738 3384 792 vita:
3408 740 3580 808 turpi-

2007 828 2156 890 tudo,
2183 834 2276 879 aut
2301 825 2521 879 infamia
2544 826 2698 880 leniri
2715 834 2896 895 potest
2916 828 3188 893 oratione,
3213 844 3409 899 negare
3427 845 3583 898 opor-

2009 918 2164 983 tebit,
2207 917 2274 972 de
2316 917 2424 971 vita
2465 918 2582 987 ejus
2626 925 2722 970 aut
2760 917 3002 973 moribus
3028 919 3377 988 quatrendum
3425 918 3580 990 [Ms.,

2007 1007 2296 1079 quaerere],
2346 1008 2441 1063 scd
2488 1008 2555 1062 de
2601 1024 2712 1063 uno
2740 1009 2987 1074 crimine,
3033 1011 3101 1066 de
3143 1026 3250 1080 quo
3303 1020 3580 1081 arguatur.
3673 1038 3690 1049 -

2007 1099 2184 1166 Quare
2211 1099 2473 1154 anteactis
2501 1099 2716 1154 omissis
2743 1099 2891 1164 illud,
2919 1099 3061 1169 quod
3087 1101 3273 1166 instat,
3298 1103 3382 1172 agi
3413 1117 3582 1173 opor-

2008 1201 2140 1248 tere.

2077 1283 2211 1339 CAR.
2283 1284 2498 1348 Dixisti,
2546 1284 2692 1353 quod
2718 1283 2824 1337 alia
2877 1291 3195 1353 argumenta
3239 1299 3271 1339 a
3308 1285 3581 1353 personis,

2005 1377 2110 1430 alia
2161 1391 2202 1430 a'
2231 1376 2462 1446 negotiis
2498 1376 2626 1430 sint.
2683 1375 2809 1428 lianc
2833 1375 2999 1436 enim,
3046 1391 3166 1444 quae
3191 1377 3351 1432 modo
3371 1377 3581 1441 dixisti,

2005 1482 2035 1520 a
2065 1466 2312 1536 personis
2359 1474 2505 1521 sunt.
2546 1465 2826 1535 Superest,
2888 1472 2950 1519 ut
2995 1479 3080 1530 ea,
3111 1481 3232 1534 quae
3283 1484 3315 1520 α
3363 1469 3583 1538 negotiis

2007 1565 2150 1622 aunt,
2207 1557 2372 1612 dicas.
2416 1556 2482 1608 Et
2521 1556 2771 1625 primum,
2832 1554 2962 1624 quid
3009 1557 3288 1627 negotium
3336 1559 3584 1613 nomines

2007 1647 2159 1721 μη,
2214 1649 2429 1719 negotia
2459 1647 2748 1719 nominas],
2797 1647 2981 1701 dicito.
3013 1676 3086 1686 -—-
3115 1647 3248 1702 ALB.
3297 1648 3580 1718 Negotium

2005 1745 2088 1794 est
2141 1739 2316 1808 ipsum
2346 1738 2569 1802 factum,
2597 1738 2652 1792 in
2699 1753 2806 1808 quo
2835 1737 2978 1791 inter
3020 1745 3388 1793 accusatorem
3413 1745 3470 1794 et
3489 1739 3585 1795 de-

326 1839 590 1882 cusurum
626 1823 735 1888 sit;
774 1837 881 1891 qua
916 1822 1160 1877 oratione
1211 1836 1408 1877 usurus
1445 1821 1535 1875 sit.
1577 1819 1656 1873 Ex
1707 1819 1903 1888 quibus

2009 1829 2273 1885 fensorem
2311 1829 2680 1884 controversia
2726 1837 2828 1884 est.
2881 1828 3017 1884 Cum
3065 1844 3196 1884 vero
3233 1844 3302 1884 ex
3354 1832 3585 1902 negotiis

324 1913 492 1972 facile
517 1915 622 1976 erit
647 1913 932 1969 videndum
954 1912 1084 1982 quid
1120 1909 1348 1967 afferant
1373 1910 1442 1966 ad
1481 1907 1904 1965 confirmandam

328 2004 700 2074 conjecturam
723 2002 1064 2073 suspicionis.

403 2096 537 2152 CAR.
575 2095 714 2152 Sunt
739 2096 854 2152 haec
879 2095 998 2150 loca
1015 2093 1316 2149 accusatori
1345 2108 1440 2148 seu
1470 2090 1741 2147 defensori
1763 2105 1908 2146 com-

327 2186 547 2242 munia?
570 2216 646 2228 —
683 2184 817 2242 Aut.
851 2185 1014 2240 Fiunt
1059 2184 1354 2240 secundum
1402 2182 1686 2251 utriusque
1731 2197 1908 2238 causae

326 2278 696 2336 commodum.

399 2368 534 2426 Cm.
571 2367 890 2434 Quomodo?
914 2398 988 2410 —
1012 2368 1145 2428 Aes.
1179 2365 1316 2421 Nam
1353 2373 1639 2424 accusator
1661 2362 1779 2433 ejus
1824 2364 1907 2420 vi~

328 2471 444 2517 tam
465 2468 788 2525 anteactam,
816 2475 980 2530 quam
1005 2459 1206 2530 arguit,
1230 2457 1320 2514 vel
1339 2464 1648 2527 protervam
1665 2455 1782 2525 ejus
1810 2471 1909 2512 na-

327 2563 537 2618 turam;
568 2568 664 2608 seu
691 2552 870 2610 studia
905 2550 1195 2616 malitiosa,
1248 2549 1332 2605 vel
1374 2563 1555 2605 mores
1601 2548 1904 2618 improbos,

323 2643 418 2698 vel
443 2642 588 2704 facta
609 2649 834 2697 cruenta
863 2641 1170 2710 improbare
1197 2640 1433 2705 debebit,
1453 2646 1512 2694 et
1529 2637 1906 2704 ostendere,’si

325 2733 585 2804 potuerit,
615 2733 662 2788 si
689 2733 742 2787 in
774 2732 936 2788 simili
967 2730 1120 2804 [Ms.,
1150 2731 1197 2786 si
1226 2731 1283 2792 in
1312 2745 1419 2800 quo
1443 2728 1587 2800 pari]
1613 2737 1742 2784 ante
1777 2743 1906 2798 pece

325 2837 454 2884 cato
478 2827 758 2886 convictus
779 2826 885 2892 sit;
913 2833 971 2881 et
996 2840 1160 2895 quam
1192 2824 1387 2894 turpis,
1417 2831 1512 2878 aut
1531 2821 1788 2892 cupidus,
1814 2827 1909 2876 aut

323 2921 596 2992 petulans,
630 2927 723 2975 aut
749 2927 1006 2982 cruentus
1029 2924 1196 2982 esset,
1243 2925 1303 2972 ut
1333 2914 1642 2976 mirandum
1679 2928 1788 2968 non
1834 2912 1909 2970 sit

327 3011 496 3078 talem
523 3011 800 3075 hominem
835 3010 906 3066 ad
935 3009 1042 3068 tale
1067 3007 1280 3064 facinus
1307 3007 1602 3078 pmruisse.
1630 3004 1902 3072 Quantum

323 3105 475 3162 enim
499 3104 567 3160 de
606 3106 886 3164 honestate
911 3110 970 3158 et
997 3101 1321 3160 auctoritate
1365 3097 1480 3167 ejus
1507 3099 1600 3168 qui
1624 3097 1902 3168 arguitur,

322 3288 654 3350 defensionis
677 3287 1023 3344 diminutum.
1059 3284 1118 3340 Si
1168 3283 1316 3341 nullo
1342 3290 1468 3344 ante
1513 3289 1637 3343 acto
1679 3288 1904 3350 peccato

322 3396 455 3444 reus
498 3379 750 3436 infamari
786 3377 1008 3448 poterit,
1054 3375 1243 3436 orandi
1269 3373 1424 3445 [Ms.,
1457 3370 1732 3442 hortandi]
1779 3379 1906 3432 sunt

316 3472 556 3542 iudices,
605 3485 713 3526 non
761 3476 1001 3524 veterem
1048 3465 1254 3526 famam
1293 3465 1552 3530 hominis,
1583 3463 1678 3518 sed
1706 3477 1904 3525 novum

329 3560 541 3622 facinus
573 3558 806 3624 hominis
843 3556 1104 3628 judicent.
1131 3553 1296 3627 [Δίκη
1345 3569 1466 3612 esse
1500 3551 1902 3625 iudicandum].

325 3651 464 3708 Nam
485 3659 617 3710 ante
659 3651 892 3706 celatum
919 3663 1060 3713 esse,
1110 3647 1288 3717 qualis
1326 3654 1504 3712 esset;
1533 3662 1679 3702 nunc
1722 3653 1903 3704 autem

330 3741 678 3803 manifestum
723 3757 841 3798 esse
875 3757 891 3806 ;
939 3754 1111 3809 quare
1156 3739 1298 3793 hanc
1356 3752 1472 3794 rem
1507 3753 1576 3792 ex
1639 3737 1905 3806 superiori

323 3838 440 3900 vita
469 3851 578 3892 non
621 3833 807 3892 deberi
834 3831 1203 3896 considerari;
1233 3828 1329 3886 sed
1361 3829 1697 3899 superiorem
1736 3829 1906 3888 vitam

323 3945 396 3986 ex
422 3931 528 3985 bac
551 3928 882 4000 turpitudine
909 3926 1322 3997 improbandam
1366 3923 1520 3997 [Ms.,
1549 3924 1744 3980 debere
1778 3939 1907 3981 con»

327 4018 658 4074 siderare....
690 4015 1046 4088 improbare].

399 4106 534 4164 Cas.
573 4108 632 4166 Si
667 4109 783 4166 haec
807 4107 988 4162 omnia
1013 4113 1301 4162 accusator
1326 4119 1421 4160 reo
1439 4103 1658 4172 ingerit,
1685 4103 1806 4174 quis
1831 4103 1908 4159 lo-

327 4215 427 4256 cus
450 4199 780 4256 defensionis
817 4197 1140 4268 relinquitur
1165 4198 1250 4252 ei?
1294 4223 1365 4237 --
1401 4194 1536 4250 Ann.
1566 4194 1909 4264 Relinquitur

331 4290 662 4351 defensionis
689 4291 916 4349 idoneus
939 4289 1089 4344 locus
1115 4288 1187 4343 ei.
1233 4287 1389 4356 Saape
1417 4286 1558 4340 enim
1587 4300 1694 4340 uno
1723 4294 1906 4354 prote-

327 4392 490 4453 gente
523 4390 673 4446 scuto
701 4379 868 4434 multa
896 4378 1141 4440 nocentis
1175 4375 1513 4445 repelluntur-
1537 4373 1767 4446 spicula.
1799 4374 1908 4430 Des

2004 1929 2317 1990 argumenta
2339 1921 2597 1976 sumenda
2645 1929 2792 1988 sunt,
2842 1922 2946 1977 tria
2997 1922 3384 1979 consideranda
3433 1931 3584 1978 sunt.

2004 2011 2205 2077 Primo,
2233 2011 2362 2080 quid
2387 2013 2458 2066 sit
2478 2019 2602 2066 ante
2623 2027 2758 2077 rem,
2789 2013 2915 2080 quid
2939 2012 2995 2068 in
3026 2028 3102 2076 re,
3133 2013 3261 2083 quid
3287 2019 3412 2082 pust
3431 2014 3582 2068 rem?

2005 2103 2080 2158 Ut
2125 2103 2182 2156 in
2221 2101 2366 2158 facto
2425 2103 2689 2173 cauponis
2736 2102 2931 2174 [Edit.,
2981 2119 3160 2160 causa:
3201 2106 3406 2176 ponis].
3445 2105 3581 2159 Ante

2005 2209 2114 2247 rem
2142 2191 2262 2256 fuit,
2295 2192 2526 2262 quodin
2549 2193 2746 2248 itinere
2775 2193 2854 2248 illi
2886 2194 2993 2250 duo
3026 2193 3365 2250 familiariter
3394 2195 3578 2258 ibant;

2005 2281 2150 2350 quod
2187 2283 2348 2336 simul
2393 2283 2723 2337 diverterent
2775 2281 2846 2337 ad
2872 2282 3195 2352 hospitium;
3251 2285 3395 2353 quod
3422 2284 3583 2340 simul

2004 2380 2301 2429 manarent.
2361 2373 2422 2427 In
2455 2387 2550 2428 re:
2576 2387 2703 2437 nox,
2760 2385 2984 2428 somnus
3022 2371 3217 2444 [Edit.,
3262 2373 3580 2446 somnium],

2004 2464 2224 2520 occisio.
2281 2461 2409 2518 Post
2434 2480 2541 2518 rem
2571 2478 2590 2518 :
2616 2463 2760 2533 quod
2807 2463 2954 2520 solus
2991 2465 3138 2531 ierit,
3181 2464 3327 2536 quod
3377 2466 3583 2523 socium

2006 2553 2304 2624 reliquerit,
2357 2553 2499 2623 quod
2541 2561 2825 2609 cruentum
2872 2553 3110 2623 gladium
3160 2555 3429 2612 habuerit.
3487 2557 3586 2611 Est

2005 2657 2219 2713 quoque
2260 2651 2538 2713 quartum,
2591 2643 2733 2713 quod
2787 2643 2855 2699 ad
2897 2645 3172 2714 negotium
3210 2647 3467 2715 pertinet,
3529 2647 3584 2703 id

2005 2744 2110 2800 est,
2131 2749 2250 2804 qua
2287 2734 2374 2790 lex
2398 2735 2470 2791 sit
2495 2733 2613 2804 ejus
2638 2735 2754 2802 rei;
2783 2735 2868 2792 vel
2889 2737 2982 2805 qui
3012 2736 3122 2792 sint
3141 2745 3391 2794 auctores
3420 2737 3538 2806 ejus
3563 2755 3582 2803 ;

2004 2826 2092 2881 vel
2141 2840 2249 2897 quo
2270 2825 2326 2880 id
2360 2827 2595 2898 nomine,
2657 2826 2802 2898 quod
2828 2824 3029 2882 factum
3051 2835 3157 2890 est,
3195 2829 3458 2899 appellari
3487 2830 3586 2884 de-

2004 2915 2150 2971 beat.
2204 2913 2337 2972 Aute‘
2359 2915 2504 2976 enim
2557 2931 2672 2974 rem
2714 2931 2879 2972 causa
2907 2915 3036 2972 facti
3061 2917 3450 2974 consideranda
3479 2927 3583 2982 est,

2006 3007 2061 3061 id
2088 3013 2190 3072 est,
2257 3021 2325 3060 an
2371 3022 2466 3076 spe
2505 3005 2660 3071 lucri,
2713 3007 2797 3062 vel
2821 3022 2986 3062 causa
3021 3008 3450 3075 inimicitiarum,
3495 3011 3586 3066 vel

1967 3159 1976 3172 Δ
2007 3106 2201 3164 metus,
2230 3098 2316 3154 vel
2359 3098 2518 3154 amici
2545 3098 2740 3170 [Ειέίι.9
2791 3099 3062 3172 amicitiae]
3107 3101 3364 3156 occiderit
3401 3103 3576 3156 homi-

323 3199 628 3258 detractum
658 3196 782 3260 erit,
818 3202 1028 3250 tantum
1049 3193 1160 3250 erit
1183 3193 1250 3248 de
1293 3191 1555 3252 facultate
1582 3190 1750 3245 totius
1768 3187 1904 3257 eius
1933 3169 1979 3234 ο

2007 3191 2171 3246 nem?
2219 3205 2344 3245 nam
2375 3189 2580 3246 frustra
2615 3192 2892 3252 hominem
2920 3192 3170 3250 OcCidere
3198 3193 3333 3250 velle
3353 3194 3584 3249 incredi-

2005 3279 2112 3336 bile
2136 3288 2238 3336 est.
2295 3280 2527 3336 Omnino
2570 3281 2626 3336 in
2664 3282 2908 3352 gestioue
2945 3283 3032 3338 rei.
3055 3281 3253 3355 [Edit.,
3315 3300 3378 3340 re
3401 3286 3578 3359 gesta]

2005 3374 2182 3440 locus,
2209 3380 2442 3444 tempus,
2473 3374 2714 3439 occasio,
2745 3374 2956 3440 modus,
2989 3375 3218 3433 facultas
3252 3378 3584 3434 considerari
3691 3439 3696 3444 ,

2005 3465 2164 3528 solet,
2187 3465 2368 3532 idest,
2413 3466 2469 3520 in
2498 3481 2606 3535 quo
2629 3465 2768 3531 loco,
2799 3463 2906 3537 [vel
2941 3467 2995 3521 in
3022 3465 3153 3539 quo]
3214 3473 3478 3538 tempore,
3501 3469 3588 3528 vel

2003 3571 2100 3628 per
2134 3572 2298 3627 quem
2323 3557 2568 3624 modum,
2595 3556 2682 3613 vel
2713 3572 2818 3626 qua
2844 3558 3152 3623 occasione,
3194 3566 3286 3614 aut
3329 3559 3587 3616 facultate

2003 3651 2264 3708 occiderit
2302 3653 2600 3717 hominem,
2661 3650 3009 3721 quaerendum
3060 3661 3166 3708 est.
3230 3651 3360 3708 Post
3378 3661 3585 3721 gestam

2005 3758 2122 3799 rem
2163 3745 2648 3800 considerabuntur
2671 3744 2826 3812 signa
2872 3744 3120 3813 quadam
3148 3743 3227 3798 rei
3263 3751 3429 3810 gestat
3451 3782 3465 3806 ,
3527 3751 3588 3797 ut

2005 3850 2168 3891 cruor
2189 3835 2354 3889 caedis
2381 3835 2597 3903 signum
2620 3838 2736 3898 est,
2762 3840 2818 3886 et
2831 3830 2964 3902 fuga
2989 3840 3176 3886 reatus
3207 3845 3347 3899 saepe
3375 3831 3586 3901 signum

2005 3939 2130 3980 esse
2147 3924 2307 3980 solet.
3317 3968 3324 3979 ,

2077 4013 2212 4068 CAR.
2250 4011 2710 4068 Commemoratis
2724 4009 2862 4066 locis
2898 4017 3341 4082 argumentorum
3372 4019 3428 4065 et
3453 4026 3582 4066 con-

2006 4105 2392 4172 ﬁrmationum,
2421 4107 2537 4175 ipsa
2561 4105 2966 4174 argumentatio,
2995 4111 3055 4158 ut
3074 4117 3216 4168 reor,
3247 4118 3585 4173 nequaquam

2006 4197 2294 4252 uniformis
2321 4211 2444 4252 esse
2465 4203 2660 4266 potest.
2687 4225 2758 4235 ——
2790 4193 2922 4250 Ann.
2966 4193 3084 4251 Non
3115 4193 3432 4261 uniformis;
3492 4195 3587 4251 sed

2007 4293 2184 4350 omnis
2233 4291 2647 4365 argumentatio,
2694 4306 2816 4361 quae
2845 4305 2912 4346 ex
2947 4290 3032 4345 bis
3069 4289 3202 4345 locis
3236 4304 3373 4358 quos
3431 4304 3585 4343 com-

2008 4383 2448 4449 memoravimus,
2503 4381 2808 4448 conficitur,
2847 4389 2938 4436 aut
2963 4379 3258 4450 probabilis
3283 4389 3377 4434 aut
3401 4393 3587 4434 neces-

324 4472 516 4530 fensor
537 4473 732 4544 prius),
765 4471 811 4532 si
839 4469 1054 4541 poterit.
1085 4467 1304 4524 debebit
1328 4466 1446 4536 eius
1473 4466 1638 4521 Vitam
1665 4480 1786 4521 esse
1809 4466 1906 4521 h0-
1936 4521 1985 4544 δ
2010 4478 2152 4533 saria
2179 4477 2336 4532 debet
2363 4490 2500 4530 esse.
2533 4472 2845 4529 Necessaria
2864 4482 2968 4539 est,
3005 4488 3126 4544 qum
3145 4473 3305 4530 aliter
3330 4471 3449 4528 fieri
3477 4487 3585 4528 non

321 4565 713 4629 nestissimam,
743 4562 1112 4620 fidelissimam
1135 4561 1529 4624 demonstrare,
1558 4565 1654 4612 aut
1673 4557 1728 4612 in
1765 4571 1907 4612 rem-

317 4652 624 4724 publicam,
653 4651 831 4706 autin
860 4657 1128 4720 parentes,
1153 4655 1430 4718 cognatos,
1459 4646 1692 4712 amicos;
1719 4653 1776 4700 et
1791 4645 1908 4716 ejus

316 4743 468 4800 bene
497 4750 644 4814 gesta
689 4741 922 4808 fideliter
961 4755 1028 4798 ac
1068 4738 1304 4803 fortiter,
1351 4738 1532 4807 siqua
1574 4735 1734 4806 [Ms.,
1762 4734 1904 4808 quae]

318 4841 478 4896 sunt,
537 4831 888 4902 proferenda;
934 4839 990 4886 et
1031 4829 1290 4886 miserum
1336 4843 1478 4894 esse,
1527 4835 1638 4881 tam
1676 4825 1907 4896 insignia

317 4929 474 4984 bona
501 4936 611 4982 tam
635 4940 803 4996 parvo
828 4932 984 4984 reatu
1009 4922 1310 4980 obscurari.
1339 4919 1451 4976 Nec
1478 4921 1581 4975 hoc
1603 4918 1780 4988 ipsum
1809 4917 1910 4974 ali-

324 5042 441 5099 qua
483 5026 775 5096 cupiditate
820 5024 906 5080 vel
951 5023 1188 5088 malitia,
1231 5037 1328 5076 seu
1365 5018 1682 5074 infidelitate
1717 5030 1912 5088 perpe-

323 5126 530 5181 trasse,
561 5115 655 5170 sed
689 5130 822 5170 casu
864 5121 926 5168 et
965 5111 1291 5184 ignorantia,
1321 5117 1416 5165 aut
1443 5107 1670 5164 alterius
1716 5123 1911 5178 sugge-

325 5206 516 5264 stione
559 5205 771 5268 fecisse,
815 5204 1131 5273 nullumque
1155 5201 1316 5272 323
1353 5199 1542 5270 patria:
1585 5198 1916 5268 profectibus

327 5298 424 5354 vel
447 5299 648 5369 pietate
669 5295 1093 5368 parentum,rvel
1118 5294 1378 5364 dignitate
1421 5292 1618 5364 [Edit.,
1657 5291 1912 5362 pietati...

327 5390 614 5462 dignitati]
661 5404 874 5444 morum
920 5387 1135 5444 studere
1184 5384 1322 5441 velle
1354 5382 1563 5456 [Edit.,
1614 5380 1822 5454 posse],
1870 5381 1917 5437 si

329 5481 581 5554 quolibet
605 5497 772 5552 parvo
816 5479 923 5552 [vel
971 5476 1096 5550 levi]
1130 5485 1281 5532 reatu
1313 5476 1494 5545 priora
1540 5477 1681 5531 bona
1727 5474 1916 5530 annul-

329 5574 499 5629 landa
527 5581 690 5637 sunt;
720 5580 978 5642 prasterea
1010 5568 1107 5642 [et]
1136 5570 1240 5624 hoc
1255 5567 1483 5636 optimis
1503 5567 1636 5622 viris
1655 5580 1775 5622 esse
1795 5583 1914 5637 per-

335 5663 629 5728 niciosum,
660 5673 732 5720 ut.
757 5663 1060 5720 malitiosos
1085 5660 1341 5732 quislibet
1369 5659 1539 5714 bonos
1567 5658 1763 5716 audeat
1786 5659 1916 5714 insi?

339 5753 568 5811 ululare.
596 5754 655 5810 Si
685 5762 862 5811 autem
889 5762 944 5809 et
967 5753 1020 5809 in
1046 5761 1171 5810 ante
1193 5750 1445 5808 actavita
1467 5751 1660 5822 aliqua:
1683 5751 1915 5820 turpiore-

1936 4521 1986 4582 D

2007 4576 2207 4639 potest,
2252 4575 2348 4622 ut:
2381 4565 2442 4622 Si
2495 4565 2725 4636 peperit,
2786 4567 3078 4622 concubuit
3129 4579 3253 4620 cum
3296 4564 3433 4620 viro.
3493 4562 3588 4620 liae

2011 4658 2162 4731 [Ms,.
2203 4658 2350 4731 ilice]
2375 4672 2505 4715 vero
2526 4672 2622 4726 per
2645 4656 3091 4725 complexionem,
3129 4670 3224 4710 seu
3244 4669 3340 4724 per
3365 4669 3588 4709 enume-

2008 4751 2274 4806 rationem
2297 4763 2391 4804 seu
2417 4762 2516 4817 per
2541 4747 2840 4815 simplicem
2868 4745 3272 4801 conclusionem
3295 4745 3447 4800 fiunt.
3479 4743 3586 4800 Per

2009 4839 2432 4912 complexionem,
2460 4840 2516 4894 in
2546 4855 2673 4918 qua,
2699 4847 2881 4894 utrum
2912 4839 3270 4904 concesseris,
3290 4837 3584 4908 reprehen-

2010 4932 2156 4986 ditur
2189 4930 2245 4986 in
2265 4931 2406 4984 hunc
2426 4929 2644 4984 modum
2673 4947 2687 4982 :
2721 4928 2780 4984 Si
2807 4931 3212 5000 improbusest,
3250 4945 3348 4985 cur
3369 4928 3575 4983 tueris?

2015 5021 2074 5075 Si
2106 5021 2328 5089 probus,
2356 5035 2454 5074 cur
2481 5020 2745 5074 accusas?
2775 5018 2881 5075 Per
2899 5021 3363 5084 enumerationem,
3395 5019 3450 5073 in
3475 5033 3586 5088 qua
3617 5058 3622 5092 ί,

2007 5109 2257 5180 pluribus
2275 5109 2438 5162 rebus
2466 5108 2700 5164 inductis
2724 5124 2831 5164 una
2874 5109 3180 5165 necessario
3209 5109 3588 5174 confirmatur,
3617 5097 3623 5131 ‘

2013 5201 2120 5256 hoc
2170 5205 2328 5270 pacto
2361 5216 2374 5251 :
2405 5197 2657 5264 Necesse,
2707 5207 2801 5254 aut
2853 5199 3260 5254 inimicitiarum
3311 5212 3474 5252 causa
3519 5197 3597 5254 ab

2013 5294 2122 5349 hoc
2137 5305 2258 5348 esse
2281 5292 2425 5346 hunc
2449 5290 2710 5354 occisum,
2736 5298 2830 5345 aut
2857 5298 3053 5355 metus,
3083 5297 3173 5344 aut
3195 5303 3289 5358 spe
3312 5288 3470 5354 lucri,
3497 5296 3591 5344 aut

2019 5383 2247 5452 alicuius
2275 5382 2437 5436 amici
2489 5396 2690 5445 causa;
2747 5389 2803 5436 et
2849 5381 2897 5436 si
2944 5381 3139 5436 borum
3170 5379 3305 5434 nihil
3356 5387 3462 5443 est,
3503 5394 3591 5435 re-

2019 5475 2303 5544 linquitur,
2355 5474 2422 5528 ab
2453 5489 2520 5528 eo
2558 5473 2703 5527 hunc
2741 5487 2848 5526 non
2872 5486 2994 5526 esse
3021 5472 3292 5536 occisum;
3325 5486 3456 5526 nam.
3480 5471 3588 5527 fru.

2013 5573 2131 5624 stra
2195 5565 2364 5620 homo;
2379 5563 2552 5618 occidi
2604 5577 2711 5617 non
2733 5568 2928 5632 potest.
2987 5559 3094 5615 Per
3134 5561 3418 5630 simplicem
3472 5578 3595 5616 con-

2019 5656 2324 5721 clusionem,
2385 5657 2502 5712 hoc.
2536 5654 2698 5710 modo
2738 5667 2754 5707 :
2796 5652 2855 5708 Si
2891 5666 2985 5708 vos
3005 5667 3092 5708 me
3131 5651 3308 5707 istbuc
3345 5667 3410 5708 eo
3460 5661 3595 5708 tem-

2017 5758 2150 5819 pore
2169 5747 2351 5806 dicitis
2397 5744 2546 5818 [hoc]
2601 5744 2816 5811 fecisse,
2866 5759 3056 5817 egoeo
3107 5751 3350 5815 tempore
3395 5741 3592 5815 [Edit.,
