3934 6180
309 353 415 412 955

1147 342 1208 397 Β.
1246 339 1310 395 ιτ.
1353 335 1579 394 ΑιιιιΝι
1618 332 1753 392 SEU
1779 329 2054 387 ALCUINI
2085 329 2372 387 OPERUM
2410 328 2592 385 PARS
2631 326 2741 382 γιι.

3450 317 3561 375 936

314 470 451 543 tum]
476 478 623 524 trans
636 477 784 521 mare
805 461 903 516 fui.
937 460 1061 514 ideo
1087 458 1141 512 id
1176 456 1318 527 quod
1362 451 1702 543 dicitis,_non
1731 445 1893 500 modo
1921 445 1969 503 Α
1995 444 2255 543 optimum
2290 447 2470 543 virum
2525 441 3060 543 vis-habereaettu
3084 435 3385 543 xenophon
3426 450 3568 543 uago-

314 537 580 623 non-i'cci,
629 553 723 609 sed
761 551 1026 607 nefacere
1050 547 1201 618 potui
1230 544 1449 615 quidem
1498 537 1651 611 [Hs.,
1705 549 1773 590 ne
1799 547 1894 606 po-

316 649 512 705 tuerim
537 644 750 716 quidem
803 638 1024 710 facere].

387 740 518 795 Cm.
550 736 676 790 ιιωο
698 732 937 795 omnino,
967 736 1027 782 ut
1070 724 1327 793 intelligo,
1379 717 1692 776 necessaria
1730 721 1892 779 sunt;

317 830 411 886 sed
446 826 546 901 [et]
584 832 643 885 ut
669 823 847 887 video,
908 819 1195 886 diligenter
1237 810 1661 901 videnda-mest,
1689 821 1759 901 ne
1785 818 1895 875 quo

315 896 473 990 pacto
510 896 613 973 hoc
649 928 818 986 genus
864 903 1346 979 argumentationis
1385 899 1563 956 refelli
1599 896 1791 968 possit.
1823 921 1894 935 ——

317 1018 449 1071 Διιι.
500 1014 613 1078 Est,
683 1016 745 1063 ut
802 1002 1074 1073 intelligis,
1130 998 1322 1054 Carole
1376 995 1533 1069 [Ms.,
1586 993 1733 1047 omit.
1780 1006 1892 1045 voc.

319 1105 553 1177 Carole].

388 1176 529 1252 Cia.
546 1195 671 1249 Haec
684 1197 1018 1261 argumenta,
1039 1199 1159 1255 quae
1174 1180 1376 1245 dixisti,
1402 1176 1712 1234 necessaria
1733 1178 1891 1228 sunt:

312 1287 422 1355 jam
463 1282 760 1355 probabilia
815 1291 1032 1348 quoque
1072 1274 1238 1329 dicito
1289 1269 1443 1342 [Λίδη
1499 1264 1629 1337 dic].
1659 1294 1731 1355 -έ
1758 1263 1890 1316 Ars.

319 1354 623 1434 Probabilia
672 1380 815 1436 sunt,
873 1383 992 1439 qua:
1012 1381 1139 1420 vere
1188 1363 1307 1418 ﬁeri
1335 1360 1533 1423 solent,
1562 1354 1746 1412 ut:Si
1779 1368 1897 1408 ma—

320 1479 404 1524 ter
444 1476 548 1531 est,
606 1464 783 1535 diligit
819 1460 1026 1523 (ilium;
1077 1458 1124 1511 si
1164 1468 1362 1509 avarus
1384 1459 1487 1516 est,
1534 1447 1757 1517 negligit
1783 1444 1899 1514 jus.

313 1560 625 1631 jurandum.

391 1650 523 1704 CAR.
554 1644 691 1700 Num
739 1639 1038 1715 probabilia
1077 1650 1292 1704 semper
1336 1648 1465 1687 vera
1493 1625 1893 1715 suun—Aut.

320 1741 438 1796 Alia
464 1752 592 1792 vera
625 1734 779 1807 [Ms.,
800 1728 953 1801 vero]
1001 1729 1057 1781 in
1108 1724 1393 1793 opinione;
1433 1720 1536 1773 alia
1564 1718 1619 1772 in
1649 1714 1905 1807 similitu-

322 1837 467 1892 dine.
518 1832 585 1886 In
622 1805 882 1899 opinione,
903 1831 986 1887 ut,
1010 1820 1358 1875 infernaesse
1378 1815 1480 1869 sub
1515 1821 1663 1867 terra
1696 1805 1898 1863 Similia

321 1927 447 1981 tudo
494 1926 546 1978 in
567 1919 856 1977 contrariis
899 1923 954 1969 et
984 1914 1039 1968 in
1082 1910 1304 1981 paribus
1357 1913 1656 1976 spectatur.

391 2018 525 2073 CAR.
586 2010 864 2081 Quomodo
911 2007 964 2060 in
999 2000 1288 2059 contrariis
1341 2005 1396 2052 et
1450 1998 1503 2050 in
1540 1992 1901 2065 paribus?—

320 2110 453 2165 Aen.
488 2106 545 2160 In
573 2100 858 2158 contrariis
887 2098 991 2151 hoc
1010 2093 1170 2148 modo
1200 2108 1212 2142 :
1248 2088 1383 2142 Nam
1406 2086 1451 2141 si
1479 2086 1549 2140 iis
1578 2084 1671 2154 qui
1700 2084 1903 2151 impru-

322 2200 512 2254 denter
547 2195 823 2255 lzeserunt,
872 2184 1080 2258 ignosci
1127 2180 1399 2240 convenit,
1452 2177 1559 2232 illis
1586 2176 1677 2245 qui
1714 2188 1904 2229 neces-

321 2290 466 2345 sario
518 2283 858 2357 profuerunt,
914 2275 1103 2332 haberi
1130 2271 1358 2345 gratiam
1387 2284 1493 2323 non
1514 2264 1772 2357 oportet?
1824 2262 1904 2316 Ex

322 2378 439 2452 pari
489 2355 613 2449 [sic]
644 2392 658 2426 :
690 2372 826 2426 Nam
847 2376 909 2425 ut
935 2368 1086 2421 locus
1137 2364 1256 2417 sine
1301 2367 1460 2452 portu
1784 2367 1905 2452 esse

322 2445 431 2528 non
451 2445 630 2541 potest
660 2474 830 2528 tutus,
860 2462 940 2516 sic
966 2458 1179 2514 animus
1217 2455 1336 2509 sine
1384 2450 1491 2505 ﬁde
1529 2448 1745 2505 stabilis
1769 2445 1905 2501 ami-

322 2565 403 2620 cis
434 2576 538 2617 nou
574 2562 754 2630 potest
780 2568 919 2610 esse.

390 2652 554 2725 324
588 2650 723 2705 αλιι.
750 2647 834 2701 An
861 2641 1039 2699 omnis
1064 2634 1460 2708 argumentatio
1489 2647 1557 2687 ex
1580 2630 1669 2725 his
1694 2636 1906 2725 tantum

324 2721 864 2804 locisvconfinnatur,
887 2740 1114 2789 ematur
1150 2739 1209 2786 et
1227 2724 1641 2811 consideratur?
1670 2752 1741 2762 —-
1771 2721 1902 2775 Acs.

326 2837 467 2893 Sunt
514 2842 727 2902 quoque
771 2821 1283 2896 argumentationes,
1327 2832 1448 2887 quae
1486 2829 1587 2887 per
1640 2811 1909 2868 inductio-

325 2942 449 2985 nem
495 2923 582 2979 vel
623 2916 1090 2976 ratiocinationem
1117 2917 1439 2975 tractantur,
1494 2906 1591 2962 sed
1616 2907 1701 2961 hae
1732 2902 1905 2981 magis

327 3021 396 3077 ad
445 3015 792 3091 philosophos
828 3010 1120 3082 pertinent.

394 3090 528 3169 CIlB.
562 3109 660 3164 Dic
682 3113 864 3159 tamen
898 3101 965 3156 de
985 3099 1111 3155 illis.
1136 3128 1206 3139 —
1234 3095 1369 3189 Aes.
1398 3090 1646 3149 Induclio
1668 3098 1906 3189 estgora-A
1931 3123 1982 3189 ο

328 3205 405 3260 tio
442 3215 563 3273 qua:
601 3212 703 3270 per
726 3203 904 3252 certas
926 3206 1017 3248 res
1049 3189 1299 3261 quaedam
1341 3186 1552 3241 incerta
1577 3181 1796 3253 probat,
1850 3186 1908 3234 et

329 3293 601 3350 nolentem
630 3288 779 3343 ducit
835 3285 890 3339 in
924 3280 1316 3338 assensionem.

400 3382 536 3438 CAR.
576 3377 690 3432 Hoc
714 3376 913 3431 mirum
946 3372 1181 3434 videtur,
1214 3369 1261 3423 si
1282 3366 1463 3421 facere
1496 3371 1698 3434 potest,
1727 3369 1789 3416 ut
1811 3374 1907 3415 no.

327 3476 447 3531 lens
491 3468 812 3527 consentiat.
839 3494 911 3505 -—
955 3463 1087 3517 Aur.
1137 3460 1343 3515 Audies
1368 3466 1425 3513 et
1471 3454 1614 3510 forte
1656 3450 1907 3521 exemplo

328 3564 535 3622 credes.
584 3559 724 3614 Nam
745 3555 1094 3629 philosophus
1130 3550 1348 3622 quidam
1394 3563 1517 3603 eum
1553 3546 1910 3615 Xenophonte

330 3648 650 3730 [quondam]
670 3657 725 3704 et
748 3646 766 3697 ῐ
771 3643 912 3717 ejus]
934 3658 1103 3699 uxore
1129 3641 1252 3697 iniit
1271 3634 1905 3736 disputationem.[Edit.,

327 3748 463 3805 inita
494 3737 901 3814 disputatione],
932 3744 989 3791 et
1013 3735 1249 3805 primum
1290 3745 1417 3787 cum
1447 3742 1617 3784 uxore
1654 3735 1771 3793 ejus
1794 3738 1909 3779 ser-

330 3851 549 3896 monem
576 3830 812 3891 instituit
851 3847 865 3883 :
914 3827 1013 3882 Dic
1074 3824 1225 3887 mihi,
1271 3836 1476 3893 quaeso,
1534 3815 1910 3888 Xenophontis

328 3946 489 3996 uxor,
528 3928 575 3984 si
604 3925 786 3982 vicina
815 3930 906 3976 tua
955 3916 1146 3974 melius
1184 3915 1384 3970 habeat
1434 3926 1625 3966 aurum
1650 3922 1816 3980 quam
1852 3913 1909 3960 tu

328 4024 515 4085 habes,
571 4026 752 4073 utrum
809 4011 1029 4076 illudne,
1075 4023 1143 4061 an
1178 4012 1330 4059 tuum
1369 4002 1575 4058 malis?
1614 3999 1770 4064 Illud,
1828 3998 1910 4052 in-

330 4114 468 4183 quit.
524 4108 663 4178 Quid
694 4106 741 4163 si
766 4112 974 4160 vestem
1003 4108 1060 4157 et
1106 4106 1362 4155 caeterum
1388 4102 1769 4152 ornamentum
1791 4105 1911 4145 mu-

327 4203 499 4262 liebre
525 4198 749 4271 majoris
769 4194 927 4267 pretii
965 4193 1162 4248 habeat
1187 4204 1353 4260 quam
1383 4194 1440 4241 tu
1467 4186 1659 4248 habes.
1689 4192 1912 4238 tuumne

329 4313 400 4354 an
446 4295 592 4350 illius
649 4289 839 4346 malles
888 4284 1045 4359 [Ms.,
1102 4280 1327 4354 malis]?
1373 4277 1689 4349 Respondit,
1740 4275 1907 4330 illius.

328 4386 463 4456 Age,
489 4382 681 4452 inquit,
711 4375 885 4451 [quid]
928 4375 974 4430 si
992 4374 1172 4427 virum
1211 4370 1491 4426 meliorem
1513 4368 1713 4425 habeat
1745 4379 1911 4435 quam

330 4487 389 4533 tu
420 4476 640 4536 habeas,
681 4478 935 4525 utrumne
999 4473 1151 4519 tuum
1173 4463 1352 4517 virum
1399 4460 1575 4524 malis,
1617 4473 1685 4512 an
1725 4456 1911 4511 illius?

331 4568 432 4623 llic
481 4564 676 4620 mulier
711 4557 948 4615 erubuit.
975 4551 1334 4622 Philosophus
1377 4558 1561 4604 autem
1606 4560 1910 4601 sermonem

331 4672 455 4712 cum
490 4652 848 4721 Xenophonte
912 4644 1164 4700 instituit.
1216 4642 1431 4708 Quaeso,
1496 4636 1693 4707 inquit,
1727 4635 1910 4692 Xeno~

331 4751 498 4821 phon,
532 4746 579 4800 si
624 4742 836 4797 vicinus
862 4746 986 4793 tuus
1009 4750 1207 4804 equum
1229 4731 1509 4787 meliorem
1532 4728 1730 4784 habeat
1748 4741 1911 4796 quam

331 4850 460 4896 tuus
485 4847 590 4903 est,
641 4843 864 4890 tuumne
907 4830 1065 4885 malis
1113 4842 1333 4903 equum,
1380 4840 1449 4880 an
1502 4823 1709 4886 illius,?
1744 4822 1911 4884 illius,

333 4930 527 5001 inquit.
573 4901 712 4993 Quid
736 4923 782 4978 si
824 4918 1048 4975 fundum
1089 4901 1370 4973 meliorem
1415 4914 1616 4969 habeat
1664 4927 1828 4983 quam
1857 4921 1913 4966 tu

329 5025 538 5085 babes,
601 5028 826 5072 tuumne
893 5010 1084 5076 malis,
1132 5024 1201 5063 an
1249 5006 1570 5064 meliorem?
1617 5005 1910 5068 Meliorem,

331 5114 508 5185 inquit
566 5108 719 5183 [δίδη
764 5114 947 5161 utrum
986 5100 1202 5159 tandem
1232 5099 1456 5156 fundum
1491 5099 1688 5155 habere
1716 5098 1914 5153 malis?

330 5207 504 5269 Illum,
562 5200 755 5271 inquit,
792 5195 1071 5252 meliorem
1120 5189 1373 5263 scilicet].
1436 5188 1577 5257 Quid
1604 5189 1651 5243 si
1677 5192 1912 5243 'uxorem

331 5298 611 5356 meliorem
667 5291 863 5347 habeat
899 5303 1064 5357 quam
1100 5293 1156 5340 tu
1184 5285 1374 5347 habes,
1427 5281 1667 5352 nunquid
1691 5290 1749 5337 et.
1768 5281 1913 5337 illam

330 5392 490 5447 malis
531 5384 684 5460 [Ms.,
742 5390 921 5436 utram
971 5375 1187 5448 malis?]
1241 5375 1421 5444 Atque
1480 5374 1571 5428 hic
1613 5371 1916 5441 Xenophon

332 5500 546 5556 quoque
590 5480 776 5535 tacuit.
832 5475 963 5530 Post
1006 5470 1361 5543 philosophus
1411 5485 1426 5522 :
1463 5466 1730 5535 Quoniam
1765 5473 1915 5520 uter-

333 5590 440 5644 que
466 5579 724 5633 vestrum,
771 5564 968 5636 inquit,
1004 5563 1059 5616 id
1084 5560 1217 5615 mihi
1277 5558 1459 5614 solum
1480 5571 1589 5611 non
1616 5556 1916 5628 respondit,

334 5662 480 5733 quod
526 5673 624 5727 ego
674 5657 847 5710 solum
886 5654 1075 5708 audire
1130 5653 1431 5717 volueram,
1471 5660 1693 5721 egomet
1740 5652 1919 5707 dicam

334 5750 463 5823 quid
491 5755 718 5814 uterque
762 5751 1001 5797 vestrum
1029 5743 1249 5812 cogitet.
1284 5740 1445 5814 [Nam
1468 5741 1567 5813 et],
1601 5750 1660 5797 tu
1695 5742 1915 5813 mulier,

1996 554 2109 593 rem
2148 537 2535 593 electissimam
2586 530 2738 604 [Hs.,
2797 523 3169 597 lectissimam]
3200 526 3432 582 maxime
3457 525 3566 581 vis.

1994 626 2171 692 Quare
2186 626 2289 681 nisi
2312 626 2416 680 hoc
2429 620 2789 693 perfeceritis,
2803 630 2861 673 ut
2882 632 3056 687 neque
3068 616 3151 669 vir
3162 614 3371 679 melior,
3391 629 3570 685 neque

1993 718 2193 772 lemina
2222 716 2446 771 electior
2472 715 2526 767 in
2551 712 2713 767 terris
2736 711 2828 775 sit,
2863 709 3105 780 profecto
3134 707 3208 773 id,
3259 707 3402 778 quod
3423 722 3571 763 sem-

1994 823 2092 878 per
2117 808 2379 876 optimum
2405 805 2560 878 [Ms.,
2583 801 2883 874 optumum]
2920 800 3193 869 putabitis.
3219 814 3356 861 esse,
3398 800 3572 855 maxi-

1995 915 2083 955 me
2118 898 2424 970 requiretis,
2480 907 2538 950 ut
2568 904 2624 950 tu
2668 894 2897 950 maritus
2954 892 3032 947 sis
3074 891 3291 959 optima:
3330 889 3575 955 feminae,

1994 1003 2050 1049 et
2081 995 2201 1049 hzec
2227 1008 2388 1062 quam
2411 993 2615 1061 optimo
2660 991 2856 1044 marito
2902 988 3030 1060 [Ηδ.
3105 985 3242 1057 viro]
3282 994 3450 1056 nupta
3476 987 3571 1041 sit.

1995 1083 2097 1141 Hic
2116 1084 2280 1139 rebus
2304 1098 2413 1138 non
2439 1081 2619 1138 dubiis
2646 1080 2809 1135 dubia
2856 1077 3104 1150 probavit
3128 1091 3227 1147 per
3265 1076 3575 1131 similitudi-
3668 1134 3671 1135 ν
3738 1114 3741 1119 ι

1994 1191 2119 1232 nem
2143 1175 2483 1231 inductionis.
2533 1174 2687 1241 Quod
2706 1171 2753 1227 sl
2796 1171 2918 1241 quis
2946 1169 3238 1240 separatim
3276 1177 3575 1238 quareret,

1996 1269 2136 1324 ibrte
2160 1282 2265 1322 non
2297 1266 2703 1322 concederetur.

2067 1361 2200 1417 (λιιι.
2215 1360 2318 1415 Iste
2333 1359 2683 1430 philosophus
2696 1373 2803 1412 non
2825 1356 2927 1410 fuit
2948 1344 3322 1428 Evangellcus.
3347 1388 3415 1401 --
3440 1360 3574 1415 Arn.

1999 1452 2116 1507 Non
2173 1450 2297 1524 [fuit
2344 1447 2751 1519 Evangelicus],
2803 1447 2897 1502 sed
2943 1447 3265 1502 rhetoricus.
3314 1479 3386 1487 —
3439 1448 3576 1502 Cm.

2001 1546 2112 1601 Cur
2151 1545 2421 1600 credimus
2448 1542 2543 1596 ei?
2570 1539 2792 1594 —-A1.s.
2843 1538 2937 1594 llle
2987 1548 3207 1595 secutus
3244 1538 3371 1611 [est]
3421 1555 3576 1595 suam

2004 1642 2196 1690 artem.

2076 1723 2208 1781 CAR.
2241 1716 2387 1792 Quid
2426 1725 2493 1780 ad
2523 1724 2679 1779 haec?
2732 1722 3037 1793 Sequemur
3070 1731 3125 1778 et
3168 1738 3269 1777 nos
3298 1730 3570 1778 nostram.

1952 1782 1973 1834 ι
2000 1847 2071 1858 -—
2101 1818 2232 1872 Ann.
2262 1782 2523 1886 ~Sequere
2562 1830 2681 1886 qua:
2708 1782 2864 1879 velis,
2920 1828 3117 1885 sequar
3144 1823 3197 1870 te
3240 1823 3577 1885 sequentem.

2068 1906 2202 1964 CAR.
2226 1908 2414 1975 Qualis
2436 1908 2595 1962 debet
2619 1920 2741 1963 esse
2764 1907 2853 1961 illa
2882 1906 3156 1963 inductio?
3175 1936 3245 1948 --
3260 1906 3394 1962 Au.
3423 1906 3585 1962 Simi-

2001 2000 2068 2055 lis
2100 2015 2313 2068 semper
2356 2000 2406 2053 ei
2435 1999 2537 2063 rei,
2583 1998 2738 2069 cujus
2797 2014 2958 2055 causa
3007 1998 3297 2054 inducitur.
3326 2027 3401 2040 -—
3436 1996 3573 2053 Cn.

2000 2090 2082 2144 An
2108 2088 2305 2153 lucida,
2329 2104 2395 2142 an
2417 2088 2646 2143 obscura
2661 2089 2900 2144 ?-ALs.
2918 2088 3216 2144 Videndum
3233 2096 3317 2143 est
3337 2087 3584 2158 diligenti

2002 2196 2154 2246 cura,
2178 2188 2239 2234 ut
2262 2194 2367 2234 non
2388 2178 2653 2249 intelligat
2680 2180 3043 2244 adversarius,
3086 2194 3192 2249 quo
3212 2187 3456 2249 spectent
3482 2178 3587 2233 illa

2001 2272 2191 2340 prima:
2226 2270 2583 2334 inductiones,
2621 2278 2675 2323 et
2703 2270 2771 2324 ad
2799 2285 2961 2340 quem
3000 2269 3161 2325 tinem
3202 2271 3325 2325 sint.
3352 2285 3588 2339 perven-

2003 2369 2169 2427 turae;
2203 2375 2327 2415 nam
2366 2361 2458 2430 qui
2506 2360 2703 2415 viderit
2730 2358 2886 2433 μὴ,
2925 2360 3119 2433 videt],
3147 2359 3287 2433 [aut]
3327 2360 3581 2423 tacendo.

2006 2450 2143 2525 [aut]
2183 2451 2428 2521 negando
2448 2466 2555 2505 non
2581 2450 2713 2506 sinit
2736 2451 2948 2523 longius
2976 2452 3057 2507 ire
3080 2453 3584 2522 interrogationem.

2002 2572 2077 2587 --
2097 2543 2231 2599 Clin.
2261 2543 2319 2597 Si
2348 2543 2547 2614 negat?
2570 2574 2640 2583 --
2656 2543 2788 2599 Au.
2821 2544 3166 2600 Ostendenda
3191 2554 3276 2600 est
3295 2545 3590 2600 similitudo

2004 2649 2188 2691 earum
2212 2651 2331 2706 qua:
2376 2647 2501 2691 ante
2521 2651 2793 2693 concessae
2822 2652 2969 2693 sunt.
3010 2668 3084 2678 ——
3107 2637 3241 2692 Cui.
3290 2638 3353 2693 Si
3408 2639 3592 2694 tacet?

2004 2757 2077 2767 —
2112 2726 2244 2782 Acs.
2281 2726 2399 2781 1am
2428 2727 2690 2782 elicienda
2715 2737 2801 2784 est
2825 2729 3132 2799 responsio,
3198 2736 3310 2793 aut,
3356 2730 3484 2801 quia
3511 2738 3591 2784 ta-

2006 2819 2290 2875 citurnitas
2318 2819 2561 2874 imitatur
2618 2820 3037 2887 confeSsionem,
3089 2820 3457 2877 concludenda
3504 2832 3594 2879 est

2006 2911 2424 2981 argumentatio,
2462 2911 2602 2965 sicut
2634 2912 2689 2966 in
2719 2913 3014 2968 concessis.

2077 3002 2211 3059 CAR.
2271 3003 2550 3071 Quomodo
2577 3017 2677 3074 per
2706 3003 3155 3059 ratiocinationem
3212 3004 3583 3061 conﬁrmanda

2008 3104 2093 3151 est
2104 3096 2539 3167 argumentatio?
2556 3094 2769 3149 -—Ai.s.
2792 3094 2883 3149 llla
2898 3094 3090 3169 [enim]
3107 3095 3167 3151 tit
3183 3096 3575 3166 propositione,

2008 3188 2347 3257 probatione,
2390 3185 2520 3259 [vel]
2560 3186 2947 3257 assumptione,
2980 3186 3077 3261 [et]
3103 3188 3470 3245 conclusione.

2075 3276 2210 3333 Cui.
2251 3276 2503 3332 Planiora
2541 3277 2657 3331 hac
2707 3278 2958 3347 exemplo
3002 3278 3245 3349 quolibet
3293 3278 3478 3336 facito.
3519 3310 3594 3321 --

2007 3367 2140 3424 Arn.
2174 3365 2470 3438 Propositio
2497 3375 2604 3433 est,
2630 3375 2692 3423 ut
2725 3382 2741 3422 :
2786 3368 2977 3425 Melius
2998 3378 3325 3426 accurantur
3342 3368 3480 3444 [Al.,
3504 3386 3597 3426 ac-

2010 3458 2289 3532 curentur]
2336 3473 2458 3528 qua:
2495 3458 2722 3515 consilio
2771 3470 3054 3529 geruntur,
3112 3478 3278 3533 quam
3326 3477 3447 3534 qua:
3477 3462 3600 3519 sine

2008 3549 2235 3607 consilio
2282 3549 2753 3605 administrantur.
2780 3550 3100 3622 Approbatio
3130 3563 3252 3608 est:
3280 3553 3483 3609 Domus
3505 3568 3597 3615 ea,

2009 3656 2131 3713 quae
2166 3642 2376 3697 ratione
2401 3650 2457 3696 et
2503 3641 2732 3697 consilio
2761 3644 2988 3714 regitur,
3019 3644 3272 3699 omnibus
3318 3645 3485 3700 rebus
3514 3656 3600 3698 est

2009 3732 2343 3799 instructior,
2367 3748 2527 3802 quam
2558 3732 2667 3807 [ea]
2699 3749 2820 3804 qua:
2848 3735 2966 3789 sine
3005 3734 3231 3791 oonsilio
3280 3735 3601 3805 rationeque

2010 3825 2438 3880 administratur.
2491 3823 2788 3896 Assumptio
2833 3833 2917 3881 est
2957 3826 3038 3881 sic
3069 3844 3082 3879 :
3115 3825 3199 3880 Nil
3226 3826 3470 3881 omnium
3515 3842 3600 3881 re-

2008 3930 2130 3970 rum
2178 3914 2313 3989 (AL,
2357 3916 2414 3970 in
2476 3917 2729 3971 omnibus
2758 3916 2944 3988 rebus]
2994 3916 3187 3973 melius
3228 3932 3393 3987 quam
3440 3933 3604 3971 mun-

2010 4006 2110 4060 dus
2151 4005 2580 4061 administratur.
2623 4005 2722 4061 Ilic
2774 4005 2943 4062 altera
2975 4008 3222 4078 probatio
3271 4007 3594 4064 inducitur:

2008 4095 2144 4151 Nam
2188 4096 2465 4167 signorum
2495 4106 2650 4151 ortus
2672 4104 2729 4151 et
2764 4112 3010 4163 occasus,
3050 4106 3107 4153 et
3148 4114 3337 4154 annum
3356 4098 3596 4171 frugum,

2009 4194 2335 4255 temporum,
2382 4196 2437 4241 et
2470 4187 2677 4242 dierum
2718 4190 3045 4245 mutationes
3083 4191 3215 4245 satis
3235 4190 3473 4245 mirabili
3503 4206 3601 4245 or-

2010 4276 2135 4331 dine
2168 4285 2223 4332 et
2263 4287 2413 4333 certa
2451 4277 2824 4333 vicissitudine
2854 4280 3235 4349 disponuntur,
3275 4296 3398 4351 qua:
3436 4282 3596 4353 signa

2011 4378 2158 4434 sunt,
2218 4384 2416 4440 magno
2462 4370 2688 4426 consilio
2737 4372 2997 4426 mundum
3047 4373 3184 4444 regi.
3235 4374 3374 4429 Tum
3412 4384 3596 4430 autem

1938 4472 1990 4534 υ
2014 4470 2324 4532 exspectata
2346 4462 2611 4517 conclusio
2633 4462 2951 4535 proferenda
2979 4473 3086 4529 est,
3109 4465 3211 4521 hoc
3230 4466 3422 4521 modo:
3440 4466 3598 4534 Quod

2015 4552 2060 4607 si
2086 4552 2276 4608 melius
2323 4562 2585 4623 geruntur
2609 4568 2674 4607 ea
2712 4568 2834 4624 quas
2869 4554 3097 4609 consilio
3124 4570 3286 4625 quam
3331 4571 3453 4626 quae
3478 4556 3599 4612 sine

2014 4643 2240 4699 consilio
2278 4643 2763 4711 administrantur;
2819 4643 2916 4716 [nil
2942 4653 3118 4701 autem
3141 4648 3383 4702 omnium
3414 4661 3599 4702 rerum

2014 4735 2205 4791 melius
2253 4735 2662 4790 administratur
2712 4750 2875 4805 quam
2925 4744 3072 4793 totus
3129 4738 3417 4817 mundus];
3460 4753 3597 4793 eon-

2014 4826 2136 4882 silio
2164 4825 2327 4894 igitur
2350 4825 2581 4880 mundus
2604 4826 3015 4881 administratur
3036 4827 3169 4900 [Αι.,
3202 4829 3437 4884 mundus
3465 4845 3598 4885 sane

2013 4916 2216 4986 optime
2240 4906 2491 4987 regitur].
2518 4913 2631 4970 Hoc
2668 4924 3047 4986 argumentum
3078 4917 3342 4973 adversus
3369 4932 3466 4973 eos
3504 4934 3600 4973 va-

2014 5008 2108 5073 let,
2141 5008 2232 5079 qui
2276 5008 2462 5063 dicunt
2482 5006 2743 5062 mundum
2767 5022 2895 5062 casu
2916 5008 3025 5080 agi,
3054 5025 3163 5065 non
3207 5011 3435 5067 consilio
3459 5011 3596 5084 regi.

2084 5098 2220 5153 Cn.
2273 5096 2413 5164 Quid
2436 5096 2654 5152 stultius
2674 5106 2760 5152 est
2785 5112 2949 5166 quam
2988 5099 3092 5154 hoc
3113 5108 3305 5170 putare
3322 5102 3347 5155 ?
3364 5129 3444 5143 —
3459 5102 3599 5157 Au.

2014 5187 2222 5244 Stultus
2257 5186 2419 5242 stulta
2448 5187 2701 5253 aestimat,
2741 5189 2826 5243 cui
2856 5196 3039 5243 tamen
3059 5188 3216 5259 juxta
3246 5189 3601 5248 Salomonem

2014 5281 2442 5350 respondendum
2470 5289 2577 5344 est,
2634 5294 2704 5335 ne
2727 5280 2843 5335 sibi
2860 5281 3077 5351 sapiens
3112 5283 3379 5339 videatur.

2086 5372 2218 5427 CAR.
2258 5370 2459 5426 Recolo
2489 5379 2563 5436 te,
2624 5372 2907 5441 magister,
2960 5374 3102 5430 inter
3126 5376 3388 5431 orationis
3411 5388 3606 5446 partes

2017 5462 2462 5535 reprehensionem
2491 5462 2832 5529 nominasse;
2881 5463 2973 5519 sed
2999 5471 3207 5520 tantam
3229 5464 3609 5522 confirmatio-

2016 5570 2147 5610 num
2167 5552 2364 5609 seriem
2388 5550 2589 5616 audivi,
2619 5559 2681 5605 ut
2705 5552 2794 5607 vix
2820 5552 3067 5609 videatur
3089 5555 3468 5625 reprehensori
3499 5555 3609 5611 ali-

2017 5648 2141 5719 quis
2185 5642 2346 5716 325
2384 5643 2532 5698 locus
2560 5642 2801 5710 relictus,
2829 5661 2937 5716 quo
2969 5646 3144 5715 possit
3164 5647 3444 5703 inﬁmare
3468 5662 3611 5703 con-

2021 5737 2294 5794 ﬁrmatam
2322 5735 2390 5792 iis
2417 5736 2750 5805 argumentis
2783 5750 3024 5795 causam.
3058 5769 3129 5783 -——
3149 5739 3293 5817 Ars.
3325 5740 3584 5813 Relinqui
