3934 6180
339 240 441 294 9.37

1152 236 1620 292 DIDASCALICA.
1659 267 1728 275 —
1768 233 2036 290 DIALOG.
2081 233 2167 287 DE
2209 231 2410 286 IIIIET.
2455 231 2539 286 ΕΤ
2581 230 2759 286 VIRT.

3481 237 3585 290 953

343 361 428 407 tur
457 347 505 401 ci
552 346 703 402 locus
737 347 1075 413 inﬁrmandi;
1115 348 1208 402 sed
1254 363 1359 402 non
1403 363 1500 402 nos
1533 349 1600 401 de
1652 363 1714 400 ea
1759 347 1918 401 debe-
1947 353 1995 408 Α
2023 347 2244 402 ——an.
2277 345 2388 401 IIoc
2417 350 2648 403 maxime
2676 350 2834 403 velim
2879 350 3036 408 scire,
3063 351 3332 417 quomodo
3364 352 3416 406 id
3452 353 3590 409 cﬁici

342 456 461 497 mus
509 439 774 510 laborare.
813 439 958 494 Pene
1003 440 1180 494 omnis
1219 455 1384 494 causa
1433 439 1484 494 in
1521 439 1697 508 seipsa
1755 439 1919 493 habet

342 533 459 590 loca
483 529 837 587 conﬁrmandi
877 539 932 584 et
970 530 1085 585 loca
1121 529 1566 598 reprehendendi.

411 622 547 680 Cm.
591 621 896 690 Suspensus
923 636 1041 675 sum
1073 629 1249 674 tamen
1288 619 1414 688 quid
1446 617 1513 674 de
1537 633 1600 673 ea
1621 617 1753 672 velis
1781 617 1926 672 dice-

345 729 424 768 re.
463 741 532 751 —
570 710 701 764 ALB.
732 709 943 774 Dicam,
972 717 1026 764 et
1049 709 1288 763 breviter
1323 707 1515 762 dicam.
1575 707 1924 777 Reprehensio

345 810 458 857 est.
492 816 592 871 per
619 815 780 868 quam
815 799 1237 869 argumentando
1264 797 1697 852 adversariorum
1724 797 1925 852 conﬁr-

346 893 516 948 matio
559 900 651 945 aut
697 889 1022 954 inﬁrmatur,
1060 899 1154 943 aut
1193 888 1418 943 tollitur.
1476 888 1602 944 Hmc
1635 897 1813 944 autem
1838 889 1930 944 iis-

347 985 470 1039 dem
499 979 656 1053 [Ms.,
689 979 924 1051 hisdem]
949 995 1013 1034 ex
1042 979 1175 1034 locis
1201 979 1462 1042 sumitur,
1504 979 1699 1049 quibus
1723 988 1778 1034 et
1802 995 1930 1034 con-

347 1071 620 1135 firmatio;
675 1069 800 1138 quia
840 1068 1018 1122 omnis
1065 1083 1154 1122 res
1203 1066 1407 1140 [pene]
1435 1067 1578 1122 unde
1619 1068 1930 1123 confirmari

348 1170 546 1234 potest,
581 1160 703 1215 inde
725 1169 778 1214 et
809 1158 1072 1212 inﬁrmari
1101 1167 1306 1228 potest;
1343 1159 1486 1229 quod
1513 1159 1592 1214 sic
1626 1160 1838 1224 evenit,
1885 1159 1932 1214 si

349 1264 442 1312 aut
471 1254 667 1324 falsum
699 1262 819 1316 est,
885 1251 1028 1305 unde
1069 1251 1408 1320 componitur
1445 1251 1782 1306 conﬁrmatio
1830 1251 1935 1305 hoc

348 1347 510 1402 modo
537 1363 549 1398 :
576 1342 692 1398 Non
715 1351 892 1412 potest
913 1341 1127 1410 sapiens
1157 1356 1296 1406 esse,
1323 1342 1414 1411 qui
1444 1342 1728 1412 pecuniam
1755 1339 1935 1410 negle-

351 1437 524 1500 xerit;
574 1433 729 1488 multi
767 1434 1043 1501 sapientes
1083 1432 1364 1500 pecuniam
1406 1431 1779 1502 neglexerunt.
1828 1428 1936 1482 Aut

353 1541 626 1580 commune
650 1563 665 1588 ,
713 1521 855 1592 quod
893 1521 1245 1576 nihilominus
1285 1524 1352 1576 ab
1394 1521 1717 1576 adversariis
1758 1527 1936 1589 potest

353 1616 483 1681 dici,
516 1616 618 1669 hoc
647 1614 806 1667 modo
832 1631 845 1666 :
877 1611 1114 1678 Idcirco,
1154 1611 1396 1680 judices,
1451 1612 1574 1681 quia
1601 1626 1782 1665 veram
1811 1626 1937 1665 cau-

2023 436 2212 505 possit.
2237 467 2307 474 —
2330 435 2459 491 Arn.
2493 437 2620 506 Ejus
2651 448 2916 509 prmcepta
2945 439 3174 509 plurima
3217 449 3360 494 sunt.
3403 441 3590 517 [Alia],

2023 529 2069 582 si
2096 528 2527 585 demonstramus
2550 571 2563 594 ,
2598 531 2740 586 illam
2782 548 2893 586 rem
2936 548 3095 603 quam
3126 534 3468 589 adversarius
3497 536 3593 591 de-

2025 619 2225 686 fendit,
2255 622 2360 676 diis
2391 622 2798 689 immortalibus,
2825 626 3236 694 sapientissimis
3267 628 3592 691 hominibus,

2025 711 2254 776 senatui,
2285 712 2431 765 omni
2460 713 2652 781 populo
2683 713 2952 783 indignam
2992 716 3183 769 videri.
3246 716 3398 780 Item,
3429 717 3474 771 si
3504 718 3596 772 de-

2028 810 2390 857 monstramus
2419 803 2714 858 adversarii
2751 805 2854 858 alia
2898 805 3040 860 facta
3068 807 3339 872 crudelia,
3379 805 3594 876 injusta,

2029 909 2192 948 avara
2217 936 2231 960 ,
2263 895 2573 962 inhonesta,
2614 899 2973 952 contumacia.
3013 898 3168 963 Item,
3199 898 3243 952 si
3275 907 3601 953 transactam

2031 983 2146 1052 ejus
2167 986 2332 1039 vitam
2369 1001 2656 1055 moresque
2684 988 3065 1056 improbamus.
3119 989 3250 1043 Item
3269 1029 3282 1052 ,
3311 989 3439 1058 quid
3474 986 3602 1043 mali

2031 1077 2103 1130 sit
2128 1075 2384 1140 futurum,
2413 1077 2457 1131 si
2484 1094 2586 1132 non
2613 1079 2886 1146 puniatur.
2923 1078 3076 1143 Item,
3106 1079 3410 1136 voluntario
3437 1079 3603 1134 male-

2034 1167 2155 1222 ficio
2202 1166 2285 1220 vel
2325 1167 2638 1222 inconsueto
2678 1169 2892 1223 veniam
2938 1185 3043 1223 non
3087 1170 3281 1224 debere
3321 1169 3438 1223 dari
3469 1167 3601 1241 [.4l.,

2035 1274 2139 1312 non
2170 1257 2401 1330 deberi].
2441 1259 2574 1313 Item
2601 1300 2616 1324 ,
2655 1261 2699 1314 si
2739 1262 3042 1330 superbiam
3088 1262 3207 1331 ejus
3230 1263 3314 1317 vel
3341 1276 3603 1330 arrogan-

2035 1351 2165 1403 tiam
2191 1349 2544 1405 ostendimus.
2581 1351 2743 1417 Item,
2789 1360 2846 1405 ut
2883 1353 2949 1407 de
2975 1368 3033 1407 se
3058 1351 3357 1422 ipsojudex
3386 1353 3606 1421 cogitet,

2035 1440 2120 1492 vel
2146 1441 2212 1495 de
2236 1442 2348 1495 suis
2375 1441 2587 1508 charis,
2629 1443 2673 1498 si
2707 1443 2835 1513 quid
2869 1443 2972 1497 tale
2997 1445 3077 1498 eis
3106 1445 3412 1499 accidisset.
3450 1445 3606 1508 Item,

2037 1531 2233 1584 multos
2257 1531 2465 1586 alacres
2492 1542 2827 1601 exspectare,
2855 1533 2984 1602 quid
3009 1542 3277 1588 statuatur
3307 1535 3407 1587 hac
3438 1534 3503 1588 de
3527 1549 3607 1598 re,

2038 1629 2097 1672 ut
2121 1635 2187 1673 ex
2212 1635 2276 1674 eo
2305 1622 2448 1689 quod
2492 1622 2618 1676 huic
2659 1637 2977 1676 concessum
3005 1623 3104 1689 sit,
3144 1623 3244 1678 sibi
3275 1637 3486 1692 quoque
3516 1622 3610 1676 tali

357 1723 471 1762 sam
500 1703 785 1768 habebam,
831 1703 1071 1758 breviter
1111 1702 1382 1772 peroravi.
1439 1701 1545 1756 Aut
1587 1700 1693 1755 leve
1720 1711 1838 1756 est:
1875 1700 1930 1756 Si
1968 1698 2011 1756 Β
2037 1709 2102 1763 de
2131 1725 2189 1763 re
2215 1709 2343 1778 quid
2374 1709 2559 1774 liceat,
2593 1711 2890 1780 intelligere
2918 1713 3144 1780 possim.
3186 1712 3337 1775 nem,
3369 1712 3613 1782 indigna-

359 1801 415 1855 in
443 1807 673 1853 mentem
701 1813 806 1851 non
827 1797 1079 1858 venisset,
1097 1810 1202 1849 non
1225 1794 1606 1849 commisisset.
1642 1793 1747 1848 Aut
1769 1811 1935 1847 remo-

359 1902 468 1944 tum
499 1897 552 1943 et
576 1887 786 1958 longius
807 1886 994 1956 incipit
1019 1901 1180 1955 quam
1207 1884 1339 1938 satis
1368 1892 1451 1938 est
1495 1902 1506 1937 :
1555 1883 1612 1936 Si
1640 1882 1820 1952 Scipio
1845 1882 1936 1937 Ti-

359 1981 512 2036 berio
539 1978 778 2034 Graccho
816 1975 980 2030 ﬁliam
1014 1991 1165 2030 suam
1208 1973 1512 2029 Corneliam
1543 1989 1648 2027 non
1679 1974 1932 2039 dedisset,

361 2071 476 2125 haec
503 2069 694 2123 seditio
718 2083 748 2121 a
779 2066 903 2120 ﬁliis
948 2081 1134 2120 eorum
1168 2064 1221 2118 in
1245 2065 1442 2134 populo
1473 2079 1577 2118 non
1606 2063 1888 2118 accidisset
1918 2078 1932 2116 :

359 2174 529 2230 quare
555 2157 792 2227 Scipioni
821 2158 924 2212 hoc
953 2155 1153 2210 malum
1183 2153 1554 2224 imputandum
1592 2152 1745 2225 [Ms.,
1774 2154 1937 2222 depu-

359 2249 606 2322 tandum]
635 2258 736 2303 est.
762 2251 870 2303 Aut
897 2249 1151 2318 offensum
1179 2245 1303 2318 [est,
1333 2245 1384 2300 id
1408 2243 1534 2317 est],
1567 2245 1707 2314 quod
1728 2259 1934 2308 eorum,

359 2344 451 2414 qui
481 2342 748 2407 audiunt,
793 2340 941 2395 laedit
962 2340 1319 2402 voluntatem,
1352 2344 1449 2400 ut,
1496 2336 1540 2390 si
1569 2343 1693 2390 ante
1716 2350 1938 2388 avarum

360 2432 500 2488 forte
549 2447 772 2488 accuses
816 2431 1058 2501 pecunia:
1097 2445 1354 2484 amorem.
1413 2427 1520 2482 Aut
1556 2427 1937 2490 adversarium,

363 2524 440 2599 [id
467 2524 574 2596 est]
616 2523 759 2594 quod
797 2532 900 2577 tua?
946 2537 1123 2577 causa:
1162 2520 1348 2588 ofIicit,
1400 2529 1477 2585 ut,
1522 2519 1564 2574 si
1593 2519 1791 2574 milites
1819 2526 1940 2572 tuos

361 2615 570 2670 hortari
599 2613 825 2677 debeas,
859 2613 1040 2680 copias
1069 2611 1302 2666 hostium
1341 2620 1394 2665 et
1429 2609 1794 2664 fortitudinem
1826 2609 1941 2661 Iau-

364 2706 479 2761 des.
519 2706 672 2767 Item,
712 2703 1012 2774 complexio
1039 2703 1469 2774 reprehenditur,
1504 2701 1548 2756 si
1579 2700 1815 2755 converti
1847 2713 1940 2769 po-

366 2804 508 2858 test,
547 2795 653 2849 hoc
699 2795 896 2848 modo:
948 2792 1004 2846 Si
1034 2801 1266 2856 veretur,
1319 2807 1424 2846 non
1465 2800 1548 2846 est
1587 2789 1937 2853 accusandus,

363 2888 497 2960 quia
549 2888 752 2958 probus
790 2893 899 2950 est;
929 2886 974 2940 si
1003 2883 1176 2956 [vero]
1208 2899 1313 2938 non
1357 2892 1591 2948 veretur,
1638 2882 1739 2937 scit
1767 2897 1825 2936 se
1858 2880 1941 2934 in-

357 2989 651 3036 nocentem
702 2992 819 3033 esse
846 3017 860 3042 ,
892 2987 946 3030 et
986 2975 1106 3029 ideo
1153 2989 1256 3028 non
1301 2981 1384 3028 est
1411 2972 1762 3027 accusandus.
1819 2969 1937 3035 IIic,

2034 1813 2156 1851 mur
2175 1805 2371 1852 tetrum
2390 1838 2404 1863 ,
2450 1799 2697 1863 crudele,
2745 1800 3040 1863 nefarium,
3072 1802 3411 1872 tyrannicum
3439 1799 3614 1855 scelus

2035 1903 2139 1942 non
2164 1888 2386 1954 ulcisci;
2425 1891 2570 1960 quod
2588 1898 2853 1945 remotum
2877 1893 2949 1946 sit
2976 1893 3044 1947 ab
3064 1892 3210 1946 omni
3235 1891 3348 1962 lege
3375 1898 3430 1945 et
3449 1892 3614 1960 tequi-

2035 1987 2178 2044 tate,
2225 1979 2330 2032 tale
2361 1979 2561 2034 factum
2589 1997 2696 2035 non
2730 1982 3016 2038 vindicari.
3067 1982 3230 2048 Item,
3277 1983 3331 2036 in
3367 1998 3488 2037 eum
3518 1981 3612 2051 qui

2035 2067 2254 2121 l:ederet
2283 2067 2465 2138 [.Ilss.,
2491 2069 2543 2122 in
2579 2085 2673 2124 eos
2697 2111 2711 2134 ,
2742 2071 2832 2138 qui
2864 2070 3080 2142 Izedere]
3110 2073 3273 2137 alios,
3303 2088 3402 2127 nec
3426 2089 3483 2128 se
3517 2074 3612 2127 dc-

2037 2153 2254 2208 fendere
2283 2165 2592 2224 potuerunt,
2626 2158 2915 2212 crudeliter
2961 2157 3102 2213 facta
3148 2161 3415 2225 dicemus,
3464 2169 3522 2215 ut
3554 2161 3610 2215 in

2035 2261 2252 2315 pueros,
2286 2247 2561 2312 mulieres,
2593 2263 2772 2314 senes,
2806 2249 3069 2305 inﬁrmos.
3112 2252 3262 2316 Item,
3297 2253 3350 2308 in
3375 2253 3611 2324 peregri-

2037 2351 2156 2400 nos,
2184 2336 2236 2389 in
2259 2336 2514 2406 hospites,
2550 2338 2604 2391 in
2632 2338 2868 2404 vicinos,
2899 2341 2953 2394 in
2982 2341 3185 2396 amicos
3210 2344 3412 2396 atrocia
3439 2351 3610 2413 gesta.

2038 2425 2193 2489 Item,
2221 2434 2278 2480 ut
2299 2426 2463 2496 judex
2489 2427 2699 2491 videat,
2741 2428 2786 2482 si
2821 2429 2932 2499 ipse
2956 2429 3262 2484 interfuerit
3286 2445 3348 2484 ac
3374 2445 3612 2501 prmsens

1995 2508 2000 2513 ’
2038 2516 2252 2571 viderit.
2295 2516 2451 2581 Item,
2484 2518 2528 2572 si
2556 2519 2763 2573 ostendi
2787 2529 2966 2588 potest
2988 2520 3056 2574 ab
3083 2536 3148 2575 eo
3170 2519 3400 2584 factum,
3446 2535 3478 2574 a
3505 2536 3614 2590 quo

2039 2607 2260 2661 minime
2281 2609 2610 2678 oportuerit,
2656 2618 2708 2663 et
2735 2624 2764 2662 a
2794 2625 2923 2680 quo,
2955 2611 3000 2664 si
3030 2610 3167 2665 alius
3195 2609 3405 2675 fecerit,
3434 2611 3620 2679 prohi-

2040 2699 2156 2755 beri
2181 2702 2510 2755 conveniret.
2554 2699 2649 2754 IIis
2693 2711 2747 2756 et
2794 2702 2915 2757 aliis
2951 2701 3114 2773 326
3149 2702 3393 2772 pluribus
3422 2701 3616 2766 modis,

2041 2799 2202 2862 prout
2242 2808 2300 2848 se
2325 2808 2510 2857 causa,
2543 2793 2714 2857 locus,
2747 2802 2961 2864 tempus
2986 2810 3333 2864 personzeque
3363 2793 3616 2860 afferunt,

2044 2883 2462 2953 indignationem
2503 2883 2587 2938 vel
2616 2883 2962 2939 offensionem
3006 2885 3059 2939 in
3088 2885 3460 2940 adversarium
3483 2899 3619 2939 con-

2045 2975 2214 3029 citare
2261 2974 2443 3030 debes.
2481 3005 2553 3014 -—
2591 2976 2724 3031 Cxa.
2767 2977 2907 3031 Bene
2962 2976 3199 3047 intelligo
3244 2977 3309 3032 de
3357 2975 3620 3045 ejusmodi

359 3071 542 3126 vereri
566 3083 688 3124 eum
731 3070 844 3124 sive
885 3083 991 3122 non
1020 3066 1196 3121 vereri
1224 3065 1400 3130 dicas,
1438 3066 1541 3119 hoc
1567 3073 1718 3133 putat
1750 3078 1942 3118 conce—
1967 3044 2012 3104 (ἶ
2047 3064 2292 3118 oratione
2320 3080 2478 3133 posse
2504 3065 2713 3120 animos
2743 3065 3074 3120 audientium
3104 3066 3170 3120 ad
3203 3065 3622 3135 indignationem

359 3162 626 3224 dendum,
669 3167 728 3212 ut
773 3166 929 3228 neget
952 3173 1010 3213 se
1032 3172 1151 3212 esse
1193 3156 1552 3212 accusandum
1602 3153 1752 3226 μὴ..
1782 3169 1944 3224 neges

359 3269 487 3310 esse
509 3251 930 3324 accusandum];
980 3251 1122 3322 quod
1151 3250 1500 3305 conversione
1532 3247 1610 3301 sic
1646 3245 1942 3316 reprehen-

361 3347 554 3401 ditur:
587 3343 700 3399 Imo
738 3344 1072 3399 accusandus
1119 3352 1230 3407 est;
1265 3343 1310 3397 si
1339 3348 1584 3404 veretur,
1632 3347 1864 3394 testatur
1887 3353 1945 3391 se

364 3438 715 3492 innocentem
760 3450 867 3489 non
913 3450 1070 3490 esse:
1103 3435 1145 3489 si
1173 3450 1302 3488 vero
1329 3449 1433 3487 non
1469 3441 1705 3494 veretur,
1746 3430 1946 3500 probus

363 3545 480 3585 non
503 3537 606 3590 est,
635 3535 690 3581 et
718 3525 838 3580 ideo
860 3524 1192 3580 accusandus
1213 3532 1313 3579 est.
1353 3523 1482 3577 Item
1504 3519 1840 3576 enumeratio
1865 3534 1948 3572 re-

364 3617 746 3690 prehenditur,
783 3617 826 3671 si
855 3617 1163 3685 praeteritur
1201 3615 1455 3684 quiddam
1493 3613 1546 3667 in
1584 3611 1946 3666 enumeratio-

365 3725 464 3773 ne,
493 3708 596 3762 hoc
623 3707 815 3761 modo:
841 3707 976 3773 Quia
1011 3706 1178 3760 habes
1204 3719 1398 3772 equum
1430 3703 1612 3766 istum,
1643 3709 1736 3754 aut
1769 3700 1946 3754 emisti

365 3813 519 3862 eum,
551 3806 644 3851 aut
671 3797 981 3852 haereditate
1025 3795 1120 3849 tibi
1170 3795 1368 3851 evenit.
1419 3800 1512 3846 aut
1545 3805 1767 3844 munere
1795 3789 1950 3843 datus

368 3891 474 3946 tibi
514 3897 600 3943 est
637 3887 751 3961 [aut
788 3888 931 3942 domi
969 3894 1128 3940 natus
1160 3882 1286 3955 est].
1342 3881 1483 3945 Aut,
1521 3881 1566 3936 si
1594 3881 1787 3934 horum
1819 3878 1950 3932 nihil

367 3989 488 4046 est,
541 3978 873 4049 subripueris
901 3992 1023 4032 eum
1054 3989 1271 4030 necesse
1311 3982 1414 4027 est.
1477 3970 1630 4037 Quod
1660 3970 1762 4025 hoc
1793 3969 1952 4023 modo

370 4069 815 4139 reprehenditur,
863 4069 908 4123 si
955 4067 1060 4124 dici
1087 4074 1260 4137 potest
1285 4080 1351 4119 ex
1384 4063 1630 4118 hostibus
1663 4077 1783 4116 esse
1821 4076 1951 4130 cap-

373 4169 516 4214 tum.
559 4159 654 4213 His
697 4167 752 4214 et
796 4158 917 4212 aliis
951 4157 1134 4211 multis
1173 4155 1345 4210 modis
1387 4151 1705 4222 reprehendi
1731 4157 1954 4220 possunt

376 4249 876 4318 argumentationes
901 4287 914 4311 ,
957 4245 1046 4316 qui
1094 4259 1305 4299 summo
1346 4243 1522 4296 studio
1563 4240 1784 4296 cavendi
1831 4246 1956 4294 sunt

372 4340 584 4395 oratori
628 4339 830 4408 magis,
878 4353 1036 4406 quam
1070 4335 1230 4399 mihi,
1262 4342 1480 4404 propter
1505 4331 1824 4386 brevitatem
1855 4345 1952 4384 ex-

373 4432 468 4502 pla
478 4432 658 4485 nandi.

454 4520 587 4574 Cm.
640 4520 822 4575 Restat
869 4519 1131 4574 conclusio
1178 4519 1323 4582 sola,
1376 4533 1536 4588 quam
1587 4532 1680 4572 sex
1723 4517 1956 4588 partium

372 4612 648 4668 orationis
676 4613 902 4682 posuisti
931 4621 1264 4675 extremam,
1307 4611 1372 4665 de
1401 4626 1505 4680 qua
1534 4611 1669 4664 ordo
1697 4610 1954 4678 postulat,

374 4711 447 4757 ut
480 4702 649 4757 dicas.
673 4702 892 4756 —-ALB.
919 4700 1196 4754 Conclusio
1225 4709 1310 4754 est
1343 4701 1518 4754 exitus
1552 4708 1608 4753 et
1628 4700 1956 4754 determina-

378 4793 463 4848 tio
490 4792 654 4846 totius
677 4806 873 4846 causaa.
898 4821 968 4831 —
990 4790 1121 4846 CAR.
1154 4790 1296 4857 Quot
1320 4791 1481 4845 habet
1501 4790 1715 4860 partes?
1736 4820 1807 4829 --
1827 4789 1955 4844 Aen.

381 4880 547 4938 Tres.
583 4880 1078 4943 Enumerationem,
1111 4879 1559 4950 indignationem,
1607 4877 1962 4947 conquaestio—

381 4985 535 5027 nem.
555 5000 630 5015 -
648 4970 780 5026 Cui.
811 4970 1162 5025 Enumeratio
1191 4968 1552 5024 conclusionis
1591 4984 1712 5038 quas
1741 4969 1864 5022 est?
1892 4997 1963 5008 --

382 5066 524 5122 Au.
554 5064 897 5120 Enumeratio
927 5063 1290 5118 conclusionis
1317 5070 1424 5126 est,
1450 5076 1548 5132 per
1574 5076 1734 5131 quam
1763 5074 1850 5114 res
1878 5060 1962 5114 di-

383 5171 591 5228 spersae
637 5157 692 5211 in
743 5169 909 5210 unum
950 5154 1127 5209 locum
1169 5160 1454 5224 coguntur,
1489 5160 1545 5206 et
1581 5149 1963 5206 reminiscendi

383 5263 555 5305 causa
594 5263 761 5302 unum
803 5247 902 5301 sub
943 5254 1218 5315 aspectum
1258 5243 1417 5300 simul
1451 5242 1830 5312 subjiciuntur,
1863 5241 1967 5295 hoc

381 5339 553 5397 modo
577 5356 590 5394 :
621 5337 888 5406 Quidnam
917 5337 1147 5407 amplius
1168 5335 1509 5399 desideratis,
1538 5349 1571 5387 ο
1590 5333 1817 5403 judices,
1843 5348 1964 5387 cum

383 5429 546 5488 vobis
565 5430 670 5487 hoc
694 5437 751 5486 et
777 5429 881 5484 hoc
901 5428 1046 5491 dixi;
1083 5427 1188 5483 hoc
1208 5427 1388 5481 ethoc
1408 5425 1627 5495 planum
1656 5422 1790 5479 feci?

460 5521 594 5578 Cas.
623 5519 761 5588 Quid
779 5517 942 5576 efﬁcit
962 5517 1292 5588 indignatio?
1316 5547 1386 5558 -—
1408 5515 1541 5572 ALB.
1575 5513 1767 5571 Odium
1795 5515 1848 5570 in
1875 5515 1968 5570 ad—

387 5613 692 5670 versarium
713 5620 772 5667 et
791 5609 970 5683 [Mu.,
988 5608 1096 5683 vel]
1117 5608 1465 5666 offensionem
1503 5608 1555 5664 in
1582 5606 1700 5678 ejus
1722 5622 1961 5662 causam.

753 5701 1028 5762 Panos.
1075 5697 1176 5760 CI.

2048 3156 2311 3226 instigari.
2345 3186 2411 3194 ——
2437 3155 2569 3210 ALB.
2599 3155 2733 3211 Nam
2759 3165 2818 3210 ut
2840 3157 2971 3220 dixi,
2999 3172 3065 3211 ex
3087 3157 3171 3211 his
3201 3156 3626 3228 argumentatio-

2046 3249 2221 3309 nibus,
2248 3264 2366 3317 qua:
2388 3266 2451 3304 ex
2483 3250 2728 3318 personis
2761 3258 2815 3304 et
2854 3265 2920 3304 ex
2946 3250 3178 3320 negotiis
3205 3249 3475 3314 eveniunt,
3507 3264 3624 3305 am-

2043 3338 2399 3408 pliﬁcationes
2428 3347 2483 3394 et
2508 3339 2898 3410 indignationes
2932 3341 3080 3395 nasci
3104 3347 3346 3410 possunt.

2115 3472 2247 3529 an.
2289 3474 2541 3540 Possunt,
2565 3483 2625 3530 ut
2647 3484 2855 3532 certum
2881 3483 3057 3532 teneo.
3111 3475 3217 3532 Sed
3245 3476 3373 3545 quid
3399 3476 3471 3531 sit
3497 3491 3628 3532 con-

2047 3564 2278 3632 questio,
2306 3573 2361 3618 et
2383 3565 2512 3634 quid
2534 3565 2761 3632 efﬁciat,
2801 3574 2859 3621 et
2884 3567 3151 3636 quomodo
3181 3567 3251 3621 sit
3273 3566 3622 3638 perﬁcienda,

2049 3652 2266 3709 edicito.
2287 3684 2360 3694 —
2381 3654 2512 3710 ALB.
2545 3655 2859 3728 Conquestio
2884 3665 2968 3711 est
2991 3658 3166 3712 oratio
3196 3658 3500 3711 auditorum
3525 3659 3626 3712 mi-

2049 3745 2398 3800 sericordiam
2435 3756 2676 3814 captans.
2734 3747 2790 3801 In
2824 3748 2928 3801 hac
2953 3748 3187 3817 primum
3212 3748 3450 3800 animum
3476 3747 3630 3800 audi-

2051 3837 2186 3891 toris
2214 3836 2397 3890 mitem
2427 3851 2492 3890 ac
2514 3837 2918 3891 misericordem
2949 3837 3215 3892 conﬁcere
3247 3845 3478 3906 oportet,
3506 3853 3627 3906 qua!

2053 3927 2236 3981 multis
2266 3926 2439 3981 modis
2465 3927 2543 3988 fit,
2582 3933 2643 3980 ut
2677 3941 2798 3996 qua:
2822 3927 3101 3980 commoda
3124 3925 3448 3995 perdiderit,
3489 3935 3542 3980 et
3572 3926 3626 3980 in

2053 4019 2249 4086 quibus
2271 4017 2627 4073 incommodis
2650 4018 2757 4072 sit:
2791 4025 2852 4070 ut
2874 4016 2927 4070 in
2958 4025 3133 4072 morte
3164 4015 3259 4070 ﬁlii
3283 4032 3455 4082 amor,
3481 4031 3626 4086 spes.

2055 4108 2306 4163 solatium
2329 4148 2344 4173 ,
2383 4108 2652 4162 educatio.
2711 4107 2870 4171 Item,
2921 4115 3123 4178 quanta
3163 4109 3301 4162 bona
3339 4107 3552 4164 fecisset
3577 4110 3629 4164 ei

2055 4199 2147 4268 qui
2177 4206 2324 4253 tanta
2346 4197 2488 4252 mala
2518 4196 2645 4252 fecit
2668 4197 2848 4269 [Mss.,
2877 4197 3115 4270 fecisset]
3141 4199 3264 4254 sibi.
3288 4198 3444 4265 Item,
3469 4214 3630 4268 quam

2058 4297 2243 4357 turpes
2268 4303 2356 4341 res
2383 4295 2440 4341 et
2476 4287 2767 4342 illiberales
2810 4288 3151 4343 adversarius
3188 4288 3412 4358 profert.
3475 4289 3630 4352 Item,

1983 4390 2030 4448 υ
2057 4394 2220 4449 quam
2247 4379 2504 4433 miserum
2526 4379 2680 4434 vobis
2707 4379 3002 4444 videretur,
3037 4394 3070 4433 ο
3087 4377 3300 4446 judices
3317 4421 3331 4445 ,
3361 4381 3406 4435 si
3431 4379 3634 4435 adfuis-

2060 4473 2210 4528 setis.
2248 4471 2402 4536 Item,
2437 4471 2564 4526 dum
2593 4473 2731 4528 bona
2757 4473 2987 4541 speravi,
3018 4483 3282 4527 venerunt
3307 4474 3439 4528 mihi
3466 4473 3630 4528 mala.

2059 4561 2189 4617 Item
2217 4563 2418 4633 inopia,
2451 4563 2754 4623 inﬁrmitas,
2785 4562 3072 4617 infelicitas
3097 4561 3276 4633 [Mss.,
3305 4563 3637 4619 inﬁrmitatis

2060 4651 2369 4723 infelicitas]
2411 4651 2777 4719 conqueritur.
2836 4651 3000 4715 Item,
3047 4649 3334 4718 disjunctio
3373 4643 3635 4723 parentis,

2063 4741 2177 4806 ﬁlii,
2203 4741 2395 4804 amici,
2434 4738 2649 4802 fratris,
2695 4741 2879 4794 uxoris
2906 4748 2961 4794 et
2986 4741 3230 4794 suavium
3261 4757 3634 4811 personarum.

2061 4833 2214 4896 Item,
2247 4834 2389 4904 quod
2412 4831 2550 4886 male
2577 4841 2836 4887 tractetur
2861 4833 2927 4887 ab
2950 4833 3060 4898 eis,
3104 4850 3131 4886 a
3156 4833 3352 4903 quibus
3376 4848 3481 4888 non
3510 4849 3641 4889 con-

2063 4926 2265 4990 veniat,
2290 4925 2506 4988 amicis,
2530 4923 2721 4978 servis.
2762 4922 2916 4990 Item,
2946 4940 3107 4994 quam
3134 4925 3442 4980 misericors
3462 4938 3637 4980 essem

2066 5018 2119 5073 in
2145 5017 2314 5072 illum.
2372 5015 2505 5071 Nam
2536 5015 2776 5087 gravitas
2816 5024 2872 5070 et
2911 5016 3203 5072 auctoritas
3232 5015 3497 5070 sermonis
3519 5014 3642 5084 plus

2065 5114 2324 5178 provocat
2382 5104 2562 5178 [Hss.,
2609 5103 2842 5176 proﬁcit]
2885 5121 3024 5175 saepe
3075 5105 3142 5160 ad
3189 5105 3638 5167 misericordiam.

2022 5240 2026 5244 .
2068 5214 2232 5269 quam
2255 5197 2531 5253 humilitas
2551 5204 2608 5252 et
2637 5196 2965 5252 obsecratio;
3000 5194 3104 5250 Sed
3134 5211 3278 5251 nunc
3316 5195 3546 5270 [habes]
3575 5197 3643 5252 de

2068 5291 2243 5360 prima
2273 5297 2330 5343 et
2354 5287 2589 5342 maxima
2615 5297 2771 5356 parte
2801 5286 3084 5342 rhetoricae
3125 5286 3280 5351 artis,
3323 5286 3376 5341 id
3401 5297 3512 5351 est,
3559 5289 3644 5341 in-

2069 5381 2322 5435 ventione.
2362 5377 2482 5434 1am
2512 5387 2851 5433 transeamus
2875 5376 2943 5431 ad
2972 5376 3108 5431 alias
3133 5386 3332 5448 partes.

2141 5511 2274 5567 Cn.
2317 5498 2700 5568 Transeamus.
2744 5507 2850 5564 Sed
2889 5509 3124 5579 primum
3165 5509 3251 5565 dic
3293 5524 3411 5581 qua:
3458 5508 3637 5584 [Hu.,

2071 5603 2221 5677 quid]
2254 5604 2325 5659 sit
2345 5602 2636 5674 SOphistica
2661 5601 2980 5657 locutio?-—
2999 5599 3128 5658 Au.
3164 5601 3220 5655 Si
3255 5617 3339 5656 me
3367 5602 3502 5657 alius
3522 5602 3642 5672 quis

3206 5693 3283 5753 30
