3934 6180
267 335 278 351 ,.
289 327 396 383 939

1139 304 1198 358 Β.
1235 301 1296 356 F.
1330 294 1554 354 ALBlNl
1588 289 1720 347 SEU
1757 283 2032 342 ALCUlNl
2072 275 2354 337 OPERUM
2377 271 2554 329 PARS
2578 270 2684 326 ΥΠ.

3428 251 3538 308 940

267 439 363 492 -de
388 430 572 491 schola
610 422 798 496 palatii
829 419 906 475 tui
948 414 1372 485 interrogasset,
1423 405 1646 462 forsitan
1678 398 1858 473 [Mss.,
1888 405 1940 464 Α
1965 395 2083 449 sine
2111 392 2377 461 ambiguo,
2414 403 2530 443 .non
2559 383 2720 439 nimis
2756 376 2943 450 procul
2965 374 3140 430 ductis
3163 368 3536 427 translationi-

1969 489 1983 496 ·
2239 485 2249 495 ·
2300 492 2308 496 -
2392 495 2399 496 κ
2479 480 2543 496 ’μ
2587 474 2882 496 umnam...
2923 467 3058 496 tu..-
3139 459 3536 496 μυηονιηιηηιτ

297 521 503 593 forsan]
532 514 888 574 ostendissem
909 509 977 562 ei.
1085 529 1098 538 -
1441 575 1509 590 ’μ

344 579 503 668 .Cn:
537 606 647 663 Cur
693 600 849 656 alteri
898 603 954 654 et
994 610 1098 649 non
1127 588 1400 646 mihi?An
1425 579 1630 640 invides
1663 589 1723 635 ut
1765 579 1871 634 hoc

300 704 470 761 sciam
495 697 672 771 [Mss.,
701 691 906 748 invides
926 703 1013 742 me
1041 681 1201 753 scire]
1217 682 1240 734 ?
1259 710 1327 720 —-
1341 678 1469 732 ALn.
1492 675 1609 728 Non
1636 672 1868 736 invideo,

302 794 397 851 sed
446 763 608 862 parco
661 791 716 838 et
757 771 1228 836 h0001‘0.—-CAR.
1273 767 1388 822 Non
1417 765 1571 820 video
1611 763 1870 816 honorem

303 851 604 944 mihi-esse,
634 879 759 932 dum
787 874 1114 937 interrogata
1144 877 1325 933 negas.
1351 889 1420 899 ——
1438 858 1570 912 ALB.
1597 855 1748 908 Licet
1772 851 1874 906 mi-

303 982 360 1036 hi
409 981 742 1042 interrogare
776 965 954 1020 te?-—
980 960 1113 1015 Cen.
1150 956 1259 1011 Cur
1290 951 1429 1008 non?
1481 949 1616 1003 Nam
1646 947 1871 1000 interro-

295 1088 433 1146 gare
459 1038 727 1140 sapienter
770 1067 852 1116 est
879 1055 1110 1110 docere:
1140 1059 1196 1105 et
1238 1049 1282 1102 si
1320 1046 1456 1100 alter
1485 1043 1556 1096 sit
1586 1040 1674 1109 qui
1711 1038 1876 1090 inter-

1605 1131 1640 1146 τι
1713 1145 1724 1146 κ
1778 1125 1872 1146 _,n

249 1231 254 1236 ,
306 1125 480 1236 :ogat,
519 1125 654 1214 alter
700 1153 794 1222 qui
842 1151 1022 1210 docet,
1075 1158 1142 1198 ex
1190 1154 1298 1194 uno
1332 1147 1552 1198 tamen,
1605 1131 1732 1202 [hoc
1770 1125 1874 1198 est]

311 1219 588 1325 sapientiae
629 1245 775 1300 fonte
817 1239 1096 1305 utriusque
1136 1244 1326 1286 sensus
1369 1223 1630 1296 procedit.
1654 1219 1876 1272 —ALn.

308 1309 486 1403 litiam
517 1336 777 1411 procedit.
822 1332 888 1385 Et
913 1329 958 1384 si
984 1327 1118 1380 alter
1138 1331 1240 1385 est,
1265 1319 1355 1388 qui
1383 1318 1710 1382 interrogat,
1743 1309 1880 1362 alter

311 1401 403 1511 qui
449 1401 767 1503 respondeat
812 1421 993 1495 [Mss.,
1019 1409 1365 1484 respondet],
1408 1416 1538 1460 tunc
1575 1413 1629 1458 tu
1665 1401 1891 1472 quidem

313 1491 420 1585 don
446 1542 506 1582 es
533 1491 676 1577 idem
703 1516 795 1587 qui
828 1515 1129 1578 interrogas
1155 1503 1296 1574 quod
1320 1515 1418 1570 ego
1442 1497 1533 1566 qui
1558 1491 1878 1563 respondeo.

312 1583 382 1661 -:
404 1617 536 1673 Cm.
567 1583 916 1679 Nequaquam
944 1601 1103 1654 idem.
1127 1627 1198 1636 —-
1217 1593 1346 1648 Ann.
1375 1590 1514 1657 Quid
1544 1587 1636 1642 tu?
1655 1615 1726 1625 --
1748 1583 1880 1638 CAR.

314 1714 426 1782 Ego
451 1710 630 1763 homo.
652 1674 724 1741 ί-
748 1674 880 1769 Aen.
918 1692 1081 1747 Vides
1109 1685 1375 1757 quomodo
1409 1690 1463 1735 tu
1489 1693 1574 1734 me
1597 1674 1882 1731 conclude-

242 1807 246 1814 “
316 1768 590 1871 νευροῑθεῖ
618 1822 688 1833 —-
716 1790 851 1846 CAR.
888 1779 1198 1851 Quomodo?
1221 1807 1292 1816 —-
1321 1773 1452 1829 Ann.
1480 1771 1537 1826 Si
1580 1768 1713 1824 dicis
1739 1785 1750 1819 τ
1777 1779 1884 1818 non

318 1861 460 1948 idem
486 1903 586 1957 ego
607 1891 662 1939 et
685 1891 773 1946 tu;
820 1885 874 1932 et
908 1889 1007 1943 ego
1036 1874 1221 1933 homo,
1256 1876 1590 1932 consequens
1615 1873 1703 1921 es,
1740 1864 1801 1910 ut
1831 1861 1888 1907 tu

317 1983 482 2038 homo
521 1942 639 2030 non
691 1971 786 2026 sis.
828 1995 900 2007 ——
938 1942 1071 2019 CAR.
1115 1958 1481 2025 Consequens.
1508 1981 1580 1990 —
1607 1947 1738 2002 Aw.
1783 1942 1892 1997 Sed

321 2034 454 2141 quot
495 2065 726 2138 syllabas
764 2058 928 2113 habet
967 2049 1166 2108 homo?
1199 2077 1271 2088 -——
1297 2046 1429 2100 Cm.
1477 2042 1638 2096 Duas.
1668 2065 1738 2077 —-—
1760 2034 1888 2088 Ann.

322 2131 575 2229 Nunquid
593 2165 651 2210 tu
672 2154 790 2208 dum
810 2149 911 2205 illae
930 2144 1147 2217 syllabae
1173 2136 1490 2196 θεῖ-ϐω.
1520 2131 1890 2229 Nequaquam.

324 2253 434 2308 Sed
459 2217 714 2319 quorsum
740 2240 876 2296 ista"?
896 2267 970 2279 —
994 2234 1124 2289 ALn.
1152 2231 1225 2287 Ut
1250 2225 1602 2298 sophisticam
1631 2217 1897 2319 intelligas

325 2303 643 2401 versutiam,
672 2341 728 2388 et
745 2330 929 2386 videas
969 2320 1236 2396 quomodo
1273 2313 1519 2372 concludi
1563 2318 1714 2380 potes
1761 2303 1897 2376 [Al.,

304 2430 551 2508 potest].
574 2459 645 2469 —-
666 2427 799 2482 CAR.
825 2420 994 2476 video
1023 2425 1079 2471 et
1106 2411 1363 2480 intelligo,
1390 2423 1456 2461 ex
1477 2403 1749 2475 prioribus
1772 2412 1900 2453 con-

327 2487 530 2587 cessis:
541 2520 668 2575 dum
697 2509 972 2572 concessi,
1015 2513 1075 2560 ut
1098 2511 1152 2558 et
1180 2515 1278 2571 ego
1304 2499 1467 2552 homo
1495 2506 1693 2555 essem,
1721 2495 1776 2541 et
1799 2487 1897 2539 ho-

452 2578 556 2668 duo
580 2605 796 2679 syllaba:
821 2608 965 2663 sunt,
1014 2591 1258 2652 concludi
1286 2605 1372 2644 me
1395 2598 1577 2656 posse,
1606 2589 1665 2635 ut
1691 2594 1788 2648 ego
1817 2578 1901 2630 hae

333 2707 452 2761 duae
481 2665 698 2773 syllaba:
722 2695 844 2750 sim.
882 2691 951 2744 Et
974 2687 1163 2749 miror,
1191 2695 1352 2751 quam
1381 2678 1613 2731 latenter
1647 2665 1903 2724 induxisti

334 2809 420 2850 me
443 2767 610 2862 prius,
638 2794 698 2841 ut
721 2779 1092 2839 concluderem
1123 2781 1196 2837 te,
1224 2769 1365 2840 quod
1394 2767 1554 2820 homo
1583 2777 1689 2816 non
1721 2771 1903 2824 esses;

335 2893 458 2957 post
476 2889 532 2939 et
549 2879 838 2948 meipsum,
864 2869 1006 2942 quod
1035 2868 1152 2922 duae
1179 2863 1397 2935 syllabae
1424 2871 1621 2914 essem.

815 2985 903 3040 DE
942 2973 1432 3037 DISPOSlTlONE.

1969 489 2088 552 bus,
2114 500 2213 540 nec
2237 459 2553 550 interposito
2586 474 2885 546 hyperbato
2923 467 3102 541 [Mss.,
3139 459 3540 536 hyperbaton]?

2039 596 2171 651 CAR.
2202 589 2480 659 Quomodo
2505 584 2735 657 facunda
2753 584 2778 637 ?
2796 612 2866 622 ——
2892 580 3023 635 Ann.
3060 576 3310 631 Facunda
3340 573 3467 636 erit,
3493 571 3542 627 si

1970 687 2334 762 grammatica:
2369 680 2580 752 regulas
2610 685 2821 740 servet,
2861 683 2917 730 et
2949 671 3272 727 auctoritate
3297 675 3541 720 veterum

1971 758 2242 835 fulciatur.
2268 804 2339 816 -—-
2374 773 2507 828 CAR.
2549 769 2789 836 Qualiter
2816 767 2882 819 ad
2917 763 3291 817 auctoritatem
3329 758 3543 827 prisco-

1972 885 2092 923 rum
2118 873 2296 936 potest
2321 863 2495 917 oratio
2521 868 2702 915 nostra
2727 855 3129 928 pervenire?——
3152 851 3283 906 Ann.
3307 847 3545 917 Legendi

1975 968 2099 1015 sunt
2128 965 2406 1012 auctorum
2443 952 2582 1014 libri,
2617 963 2910 1017 eorumque
2936 947 3074 1000 bene
3102 943 3243 998 dicta
3270 940 3548 995 memoria:

1975 1046 2400 1107 commendanda
2415 1044 2667 1116 [quorum
2685 1052 2933 1094 sermone
2954 1033 3243 1090 asSucfacti
3259 1031 3544 1101 quierunt,

1977 1154 2045 1194 ne
2084 1138 2361 1206 cupientes
2401 1131 2614 1204 quidem
2653 1135 2906 1200 poterunt
2941 1124 3118 1194 loqui,
3157 1122 3262 1176 nisi
3308 1117 3549 1191 ornate].

1978 1230 2161 1300 Neque
2187 1238 2366 1282 tamen
2390 1225 2519 1298 ML,
2540 1221 2706 1295 enim]
2733 1221 2989 1275 utendum
3012 1218 3117 1272 erit
3136 1215 3328 1286 priscis
3347 1214 3554 1278 verbis,

1980 1318 2173 1389 quibus
2194 1317 2307 1386 jam
2333 1312 2663 1371 consuetudo
2697 1318 2880 1364 nostra
2910 1323 3016 1362 non
3044 1306 3231 1368 utitur,
3264 1303 3367 1357 nisi
3401 1316 3554 1365 raro,

1981 1411 2208 1466 ornandi
2236 1423 2398 1464 causa
2426 1415 2481 1461 et
2508 1418 2700 1475 parce;
2742 1402 2835 1457 sed
2861 1408 3041 1455 tamen
3070 1398 3282 1452 usitatis
3313 1396 3436 1465 plus
3460 1409 3557 1448 or-

1983 1513 2145 1560 natur
2171 1501 2496 1572 eloquentia.

2054 1616 2185 1671 Csn.
2216 1615 2298 1667 An
2329 1612 2500 1682 magis
2525 1617 2750 1665 ornatur
2782 1608 2837 1662 in
2867 1605 3089 1675 singulis
3114 1602 3325 1660 verbis,
3372 1597 3459 1652 vel
3504 1596 3562 1650 in

1917 1741 1965 1802 Β
1989 1706 2365 1775 conjunctione
2392 1703 2681 1757 verborum
2710 1697 3014 1766 eloquentia
3033 1694 3055 1747 ’ἒ
3072 1721 3143 1732 --
3172 1691 3302 1745 Αιιι.
3333 1687 3560 1743 Utrum-

1991 1817 2113 1871 que.
2145 1798 2282 1852 Nam
2312 1797 2367 1850 in
2394 1793 2618 1865 singulis
2642 1791 2842 1854 verbis,
2872 1797 2927 1843 et
2953 1788 3007 1840 in
3037 1783 3414 1854 conjunctione
3442 1794 3565 1834 ver-

1989 1892 2180 1946 borum
2204 1887 2368 1941 decus
2393 1882 2654 1939 orationis
2679 1887 2910 1936 constat.

2063 2001 2193 2056 CAR.
2234 1998 2290 2053 Si
2331 1997 2386 2050 in
2420 1995 2665 2063 utrisque
2701 1996 2942 2052 constat,
2979 1987 3044 2041 de
3078 1984 3321 2052 utrisque
3361 1981 3468 2035 die.
3495 2008 3572 2020 --

1994 2091 2124 2146 ALn.
2166 2091 2222 2144 In
2250 2087 2477 2159 singulis
2500 2084 2684 2139 verbis
2711 2083 2816 2137 duo
2845 2087 2971 2134 sunt
3007 2092 3125 2146 qua:
3158 2075 3462 2130 orationem
3501 2070 3570 2124 il-

1997 2183 2259 2246 lustrant;
2314 2186 2407 2232 aut
2451 2178 2495 2232 si
2539 2176 2609 2229 sit
2651 2172 2932 2244 proprium
2959 2169 3218 2231 verbum,
3266 2172 3357 2218 aut
3402 2162 3450 2216 si
3499 2161 3575 2215 sit

1999 2272 2340 2328 translatum.
2389 2269 2446 2323 ln
2477 2267 2709 2338 propriis
2740 2264 2830 2318 illa
2867 2262 2984 2315 laus
3009 2267 3126 2323 est,
3169 2265 3230 2311 ut
3267 2253 3478 2322 abiecta
3519 2259 3582 2306 et

1999 2367 2313 2421 inconsueta
2345 2357 2640 2432 fugiamus;
2689 2355 2877 2411 electis
2911 2362 2966 2408 et
3001 2350 3302 2407 illustribus
3329 2356 3577 2406 utamur,

2001 2458 2056 2512 in
2085 2456 2279 2526 quibus
2308 2453 2522 2520 plenum
2552 2446 2806 2517 quiddam
2849 2451 2904 2498 et
2944 2453 3248 2496 consonans
3287 2437 3467 2490 inesse
3495 2434 3581 2486 vi-

2002 2523 2212 2608 deatur,
2240 2543 2293 2596 in
2320 2556 2428 2610 quo
2448 2535 2782 2594 consuetudo
2807 2533 2972 2589 etiam
2999 2531 3137 2585 bene
3158 2525 3410 2598 loquendi
3437 2523 3584 2577 valet

2001 2636 2313 2707 plurimum.
2361 2631 2420 2686 In
2448 2628 2724 2684 translatis
2749 2633 2899 2697 patet
2925 2632 3172 2686 ornatus,
3203 2633 3362 2688 quem
3392 2615 3586 2687 genuit

2003 2705 2315 2791 necessitas,
2365 2723 2544 2794 inopia
2596 2727 2784 2774 coacta
2826 2725 2882 2772 et
2927 2722 3176 2786 angusta,
3200 2719 3323 2782 post
3349 2705 3582 2780 [autem]

2003 2816 2292 2873 delectatio
2336 2823 2392 2868 et
2426 2811 2738 2882 jucunditas
2781 2806 3089 2863 celebravit.
3139 2803 3276 2858 Num
3317 2809 3380 2855 ut
3414 2798 3585 2854 vestis

2008 2907 2298 2979 repellendi
2345 2902 2562 2975 frigoris
2607 2915 2770 2956 causa
2815 2897 2990 2968 primo
3035 2900 3250 2964 reperta
3288 2898 3409 2953 est,
3458 2896 3586 2959 post

2010 2978 2256 3053 adhiberi
2286 3001 2474 3050 coacta
2510 2998 2596 3047 est
2634 2991 2701 3043 ad
2742 2995 2994 3042 ornatum
3032 2984 3197 3038 etiam
3238 2978 3484 3049 corporis
3528 2984 3586 3029 et

409 3106 626 3167 Memini
653 3112 735 3170 ῐθν
788 3099 1075 3170 magism”:
1117 3101 1238 3165 Ροδῐ
1265 3087 1626 3145 inventionem
1664 3079 1908 3152 Ροευίεεθ
1934 3088 1977 3148 C
2011 3089 2365 3161 dignitatem;
2413 3085 2493 3140 sic
2521 3081 2699 3136 verbis
2727 3077 3057 3133 translativis
3086 3075 3331 3130 instituta
3357 3079 3441 3127 est
3469 3070 3589 3124 ino-

339 3201 760 3276 dispositionem;
791 3194 846 3248 in
871 3206 976 3263 qua
1005 3184 1306 3260 praecepisti
1334 3181 1530 3254 [Edit.,
1555 3172 1908 3250 praecipitur],

341 3298 586 3352 inventas
607 3307 695 3346 res
731 3294 1004 3344 oratorem
1045 3281 1291 3337 ordinate
1321 3274 1662 3331 distribuere.
1715 3267 1772 3323 Si
1798 3268 1915 3321 haec

343 3399 556 3456 quoque
583 3382 686 3436 alia
715 3377 894 3450 [Mss.,
923 3372 1123 3444 aliqua]
1151 3371 1350 3425 habeat
1377 3370 1647 3436 praecepta
1666 3401 1680 3426 ,
1717 3359 1911 3430 pande.

413 3450 545 3532 Ann.
577 3471 696 3526 Non
731 3469 897 3524 multa
922 3480 1020 3534 per
1058 3479 1116 3518 se
1141 3463 1306 3517 habet
1325 3461 1440 3512 haec
1464 3470 1590 3525 pars
1622 3453 1688 3506 ad
1709 3465 1767 3504 se
1797 3450 1917 3521 [so-

345 3564 480 3635 lam]
506 3556 829 3631 pertinentia
859 3560 1127 3624 precepta
1145 3590 1161 3614 ,
1210 3564 1329 3618 qua:
1349 3561 1461 3600 non
1492 3541 1835 3598 inveniantur
1861 3539 1917 3592 in

348 3629 673 3713 inventionis
715 3644 998 3716 praeceptis
1039 3641 1124 3696 vel
1165 3635 1503 3695 elocutionis.
1560 3630 1697 3685 Nam
1722 3637 1778 3683 et
1803 3629 1920 3683 haec

350 3748 516 3804 rebus
549 3748 605 3796 et
629 3736 812 3794 verbis
839 3733 1071 3789 maxime
1093 3729 1341 3801 prodest,
1367 3733 1421 3779 et
1438 3728 1814 3779 ornamentum
1853 3719 1919 3770 li-

351 3837 582 3903 demque
600 3821 1163 3897 argumentationibus
1192 3822 1430 3887 praestat,
1479 3821 1534 3868 et
1563 3809 1774 3864 laudem
1799 3819 1924 3862 ora-

351 3899 718 3986 tioni—tribuit,
739 3931 861 3973 cum
880 3914 1063 3972 omnia
1086 3926 1194 3966 non
1217 3908 1388 3964 solum
1406 3905 1619 3967 ordine,
1645 3901 1738 3957 sed
1757 3899 1921 3955 etiam

354 4020 629 4073 momento
687 4009 918 4080 quodam
981 4011 1144 4073 atque
1200 3997 1404 4068 judicio
1459 3991 1816 4072 dispensanda
1869 3997 1925 4043 et

355 4105 722 4180 componenda
751 4111 912 4165 sunt,
943 4103 1104 4169 prout
1129 4107 1368 4165 praesens
1394 4089 1532 4144 ratio
1560 4086 1807 4141 utilitatis
1835 4091 1926 4138 aut

357 4176 570 4256 decoris
614 4201 708 4251 aut
746 4187 1083 4248 necessitatis
1109 4183 1366 4254 exegerit.
1415 4179 1522 4235 Sed
1547 4177 1688 4247 quod
1714 4176 1781 4230 ad
1809 4189 1928 4229 ver-

357 4291 550 4346 borum
588 4283 992 4355 dispositionem
1016 4276 1256 4346 pertinet
1280 4313 1295 4338 ,
1344 4270 1477 4327 satis
1501 4269 1657 4339 plene
1685 4267 1927 4328 docetur,

358 4396 484 4436 cum
511 4379 579 4434 de
617 4374 918 4431 elocutione
955 4367 1271 4422 tractabitur
1315 4362 1468 4435 [Λίδη
1500 4356 1805 4428 tractatur].
1856 4355 1931 4409 De

361 4485 545 4528 rerum
589 4481 719 4522 vero
747 4461 1094 4532 dispositione
1115 4498 1131 4524 ,
1175 4471 1273 4526 per
1302 4453 1507 4524 singula
1542 4450 1783 4506 membra
1809 4461 1932 4502 ora-
1959 4438 2006 4499 D

365 4563 547 4627 tionis,
579 4560 633 4614 in
655 4553 977 4614 inventionis
1003 4547 1284 4622 praeceptis
1308 4544 1562 4599 traditum
1591 4548 1692 4596 est.

848 4664 940 4720 DE
984 4651 1438 4717 ELOCUTIONE.

437 4785 570 4842 αλιι.
611 4780 729 4837 Jam
774 4793 917 4834 nunc
962 4791 1060 4831 nos
1085 4773 1217 4828 ordo
1260 4764 1638 4837 disputationis
1667 4760 1734 4816 ad
1763 4759 1934 4814 elocu-

371 4877 525 4932 tionis
565 4871 785 4931 deduxit
826 4866 1224 4938 inquisitionem
1248 4902 1263 4928 ,
1307 4875 1426 4930 quae
1474 4869 1719 4926 magnam
1758 4865 1936 4906 causa:

370 4967 530 5024 affert
545 4969 884 5021 venustatem
927 4967 981 5011 et
1012 4954 1216 5010 rhetori
1262 4953 1595 5023 dignitatem.
1652 4945 1764 5000 Nec
1791 4953 1842 4998 te
1873 4942 1940 4996 ab

373 5061 533 5131 hujus
558 5065 668 5111 tam
698 5051 853 5106 facile
884 5062 1109 5103 excusas
1135 5043 1428 5115 responsis,
1452 5055 1613 5110 quam
1640 5036 1769 5109 [Αι.,
1799 5031 1939 5104 qum]

375 5125 838 5220 ex'dispositionis
877 5139 1160 5211 przeceptis
1188 5135 1285 5209 [te]
1325 5132 1534 5189 eruisti.
1565 5161 1634 5170 —
1663 5129 1792 5182 Arn.
1826 5125 1943 5179 Non

377 5238 510 5314 [me]
535 5214 734 5293 excuso
759 5274 774 5300 ,
814 5231 908 5286 sed
931 5236 1052 5282 tuas
1075 5267 1090 5293 ,
1132 5225 1345 5280 domine
1379 5222 1454 5276 mi
1480 5235 1573 5274 rex
1595 5260 1610 5285 ,
1639 5219 1765 5272 licet
1795 5214 1946 5270 tardo

376 5308 531 5405 pede,
559 5336 877 5386 nontamen
903 5321 1063 5394 327
1109 5319 1258 5374 tarda
1287 5315 1591 5378 voluntate,
1645 5325 1841 5380 sequar
1867 5308 1948 5362 in-

378 5399 787 5494 terrogationes.
825 5446 899 5455 —
938 5411 1073 5468 Csn.
1125 5408 1335 5473 Primo,
1383 5403 1557 5474 qualis
1601 5416 1721 5456 esse
1760 5399 1952 5454 debeat

380 5493 621 5575 elocutio,
648 5507 815 5579 aperi.
845 5503 1063 5558 --λιὶιιι⁸
1107 5498 1359 5554 Facunda
1383 5493 1542 5549 debet
1578 5507 1698 5546 esse
1723 5499 1777 5545 et
1798 5504 1951 5559 aper-

380 5616 456 5659 ta.
485 5631 554 5641 —
574 5600 708 5655 Cn.
739 5595 1018 5665 Quomodo
1061 5589 1281 5663 aperta?
1301 5617 1372 5628 —-
1399 5585 1529 5640 Aut.
1580 5583 1783 5653 Aperta
1824 5581 1949 5645 erit,

382 5695 428 5750 si
454 5691 626 5745 utaris
660 5685 1084 5757 significantibus
1113 5679 1412 5751 etpropriis
1432 5677 1628 5741 verbis,
1664 5684 1718 5730 et
1740 5673 1954 5730 usitatis

2014 3181 2116 3251 piae
2145 3178 2277 3251 [Al.,
2309 3176 2486 3245 inopia
2516 3171 2592 3244 et]
2638 3185 2836 3235 causa,
2885 3168 3076 3224 deinde
3120 3164 3464 3232 frequentata
3503 3169 3589 3215 est

2013 3269 2371 3326 delectatione
2394 3274 2448 3321 et
2468 3272 2682 3320 ornatu.
2717 3261 2853 3315 Nam
2872 3274 3131 3330 gemmare
3152 3258 3302 3320 vites,
3325 3253 3592 3308 luxuriari

2015 3376 2253 3424 messem,
2285 3359 2540 3427 ﬂuctuare
2569 3363 2760 3424 segetes
2787 3353 2952 3406 etiam
2982 3347 3169 3403 rustici
3199 3347 3414 3409 dicunt;
3447 3342 3596 3413 quod

2017 3451 2159 3505 enim
2187 3445 2452 3503 declarari
2479 3443 2772 3513 vix'potest
2797 3441 2961 3495 verbo
2986 3438 3224 3509 proprio,
3251 3435 3302 3490 id
3331 3433 3598 3488 translato

2019 3541 2335 3596 illustratur.
2370 3536 2443 3590 Ea
2470 3545 2649 3589 tamen
2677 3531 2962 3587 transferri
2988 3535 3219 3598 oportet,
3248 3541 3367 3595 quae
3388 3524 3601 3579 faciunt

2021 3647 2135 3686 rem
2173 3628 2491 3692 clariorem;
2546 3636 2606 3680 ut
2652 3634 2783 3680 est:
2835 3622 3087 3677 horrescit
3131 3635 3275 3674 mare
3327 3615 3398 3688 [et
3440 3617 3602 3686 ferret

2022 3731 2152 3777 testu
2179 3717 2440 3791 pelagus].
2487 3715 2883 3785 Nonnunquam
2911 3714 3074 3768 etiam
3103 3711 3341 3766 brevitas
3366 3707 3603 3762 transla-

2024 3816 2170 3870 tione
2197 3812 2496 3875 conﬁcitur,
2545 3819 2623 3875 ut,
2655 3809 2814 3863 telum
2841 3823 3000 3861 manu
3031 3804 3196 3875 fugit;
3233 3800 3602 3872 imprudentia

2024 3907 2169 3962 enim
2193 3903 2284 3959 teli
2306 3902 2458 3956 missi
2500 3899 2734 3971 propriis
2759 3897 2942 3954 verbis
2969 3895 3198 3965 exprimi
3227 3893 3450 3948 brevius
3493 3905 3603 3966 non

2024 4006 2236 4071 posset;
2284 4002 2338 4050 et
2377 3994 2633 4064 quoniam
2663 4005 2872 4045 summa
2901 3991 3016 4044 hazc
3044 3987 3167 4056 laus
3200 3994 3283 4040 est
3309 3984 3606 4038 verborum

2026 4088 2432 4150 translatorum,
2461 4092 2521 4138 ut
2545 4097 2760 4137 sensum
2788 4079 3033 4151 aperiant
3055 4076 3234 4151 [Mss.,
3253 4074 3408 4129 verbi
3435 4082 3607 4127 trans-

2028 4179 2122 4234 lati
2236 4173 2467 4247 aperiat]

2100 4291 2231 4346 ΟΑιι.
2261 4289 2342 4344 An
2368 4289 2724 4356 undecunque
2756 4285 2882 4340 licet
2916 4283 3114 4338 ducere
3151 4278 3610 4335 translationem?

2031 4414 2101 4424 —
2120 4383 2251 4437 ALB.
2290 4380 2659 4449 Nequaquam,
2691 4379 2786 4432 sed
2815 4385 3026 4430 tantum
3055 4375 3121 4429 de
3148 4374 3390 4428 honestis
3421 4372 3607 4426 rebus.

2035 4473 2170 4528 Nam
2198 4485 2536 4539 summopere
2577 4468 2828 4539 fugienda
2871 4475 2955 4522 est
2993 4466 3169 4521 omnis
3213 4464 3493 4534 turpitudo
3519 4478 3612 4517 ea-

2035 4580 2154 4620 rum
2200 4578 2410 4627 rerum,
2457 4562 2524 4614 ad
2567 4576 2705 4630 quas
2745 4575 2933 4614 eorum
2977 4559 3185 4612 animos
3233 4557 3327 4625 qui
3383 4556 3612 4610 audiunt

2037 4659 2216 4712 trahet
2259 4653 2589 4717 similitudo;
2641 4660 2699 4706 ut
2738 4652 2940 4708 dictum
2983 4658 3104 4704 est:
3155 4647 3328 4701 Morte
3369 4646 3614 4717 Africani

2037 4761 2322 4805 castratam
2358 4749 2726 4820 rempublicam
2755 4755 2812 4802 et
2840 4758 3034 4801 stercus
3063 4748 3243 4800 curiae.
3290 4745 3348 4799 In
3381 4752 3614 4810 utroque

2041 4839 2297 4896 deformis
2321 4839 2576 4908 cogitatio
2604 4838 2991 4892 similitudinis.
3039 4837 3172 4891 Item
3209 4851 3314 4891 non
3343 4834 3417 4889 sit
3441 4833 3615 4902 major

2043 4931 2320 4986 translatio
2349 4945 2510 5000 quam
2535 4944 2624 4984 res
2649 4928 2904 5000 postulet,
2933 4937 3012 4994 ut,
3042 4935 3317 4997 tempestas
3346 4924 3476 4978 litis.
3513 4925 3620 4976 Aut

2043 5031 2232 5079 contra
2259 5024 2456 5088 minor,
2488 5030 2549 5078 ut
2573 5040 2586 5074 :
2621 5022 2735 5094 [aer
2763 5021 2957 5094 tonat],
2995 5036 3094 5076 ceu
3122 5028 3300 5090 aperto
3329 5033 3461 5071 nare
3491 5017 3616 5069 dor-

2045 5117 2206 5170 miens
2235 5116 2421 5169 stertit.
2455 5115 2550 5168 Est
2578 5129 2791 5182 quoque
2819 5115 3045 5184 pulchra
3079 5111 3363 5165 translatio
3388 5124 3491 5179 per
3515 5121 3622 5160 me-

2046 5206 2365 5276 tonymiam,
2411 5219 2533 5258 cum
2577 5219 2664 5258 res
2703 5217 2802 5272 per
2829 5211 3102 5257 auctorem
3141 5200 3219 5255 rei
3259 5197 3620 5269 signiﬁcatur,

2048 5307 2129 5364 ut,
2175 5312 2273 5368 pro
2315 5297 2456 5352 bello
2494 5295 2741 5363 Martem,
2789 5311 2888 5366 pro
2931 5293 3174 5365 frugibus
3203 5291 3464 5346 Cererem.
3517 5288 3626 5341 Aut

2049 5410 2171 5450 cum
2200 5395 2428 5448 virtutes
2455 5401 2510 5448 et
2537 5393 2668 5447 vitia
2700 5407 2799 5462 pro
2825 5391 2980 5462 ipsis,
3025 5390 3079 5444 in
3107 5388 3304 5458 quibus
3328 5392 3486 5445 sunt,
3530 5396 3626 5451 ap-

2049 5488 2329 5559 pellamus,
2361 5496 2455 5541 ut:
2490 5485 2556 5540 In
2581 5502 2740 5557 quam
2769 5486 2978 5538 domum
3011 5481 3245 5536 luxuries
3271 5477 3502 5548 irrupit,
3534 5483 3626 5526 aut

2052 5583 2274 5635 avaritia
2319 5580 2623 5651 penetravit.
2675 5579 2771 5633 Est
2816 5586 2871 5631 et
2917 5573 3290 5645 synecdocltica
3339 5565 3628 5624 translatio

2054 5673 2298 5745 pulchra,
2330 5689 2451 5728 cum
2481 5685 2543 5726 ex
2574 5680 2726 5743 parte
2762 5678 2929 5725 totum
2959 5675 3052 5722 aut
3080 5682 3145 5721 ex
3177 5674 3291 5722 toto
3315 5669 3524 5732 partem
3558 5657 3632 5710 si-
