3934 6180
352 235 451 291 9H

1162 234 1638 292 DIDASCALICA.
1679 267 1749 277 -
1788 232 2061 291 DlALOG.
2103 234 2189 289 DE
2216 234 2422 289 RHET.
2465 233 2552 290 ET
2594 232 2774 290 VIRT.

3491 232 3598 288 94?.

349 345 693 420 gniﬁcamus,
736 356 797 401 ut
837 362 938 418 pro
977 354 1088 402 tota
1122 347 1283 403 domo
1320 357 1509 404 tectum
1546 348 1806 412 dicamus,
1836 356 1930 402 aut
1955 350 2008 407 Α
2035 353 2229 411 motus,
2257 362 2377 416 quae
2405 361 2510 401 non
2541 355 2653 401 tam
2680 345 2814 400 artis
2843 353 2986 409 sunt,
3017 361 3175 415 quam
3203 345 3420 402 laboris.
3459 349 3598 403 Vitia

347 452 448 508 pro
475 436 636 490 undis
661 453 826 490 mare.

418 523 554 580 CAR.
587 524 774 592 Qualis
807 533 1022 595 Oportet
1057 527 1127 581 sit
1164 526 1454 582 verborum
1487 526 1928 597 coniunctio?—

345 615 482 671 ALB.
501 614 709 670 Decens
723 623 777 668 et
791 617 1086 685 composita
1104 624 1159 671 et
1172 626 1454 686 compacta
1471 635 1485 684 ;
1504 627 1564 672 ut
1577 634 1676 674 nec
1699 619 1769 673 sit
1788 617 1929 672 hiul-

346 724 410 764 ca
425 707 727 773 vocalibus,
742 714 802 761 ut
818 725 831 760 :
850 707 1070 762 Placido
1086 726 1218 762 aura
1234 711 1400 764 adest.
1417 710 1525 765 Nec
1541 726 1730 781 aspera
1745 726 1932 767 conso-

349 791 629 856 nantibus,
649 799 709 845 ut
726 810 739 846 :
764 791 989 846 Multum
1008 793 1097 846 ille
1118 794 1277 864 luget.
1296 794 1407 850 Nec
1428 796 1496 849 ab
1515 796 1703 850 ultima
1722 796 1928 867 syllaba

351 883 554 953 prioris
580 883 732 938 verbi
762 898 995 952 sequens
1028 885 1254 940 verbum
1295 885 1552 955 incipiat,
1600 895 1696 940 ut:
1744 885 1930 942 Prima

351 982 540 1026 mater.
555 971 667 1027 Nec
690 972 862 1042 prima
879 987 999 1027 cum
1015 973 1201 1028 ultima
1217 975 1378 1030 faciat
1394 975 1822 1043 obscaenitatem,
1839 986 1926 1031 ut:

356 1063 654 1117 Numerum
683 1079 949 1132 nunquam
973 1063 1224 1118 intellexi.
1252 1065 1561 1120 Cavendum
1587 1081 1800 1136 quoque
1825 1075 1928 1134 est,

354 1168 423 1208 ne
463 1154 645 1208 inania
679 1155 845 1208 verba
884 1169 988 1208 non
1033 1154 1110 1208 rei
1153 1156 1402 1225 gerendae
1441 1156 1614 1227 [Mss.,
1648 1157 1890 1229 agendaz]
1913 1197 1928 1223 ,

347 1245 444 1300 sed
475 1251 765 1299 structura:
803 1245 1174 1300 tantummodo
1215 1246 1500 1314 implendas
1543 1263 1704 1302 causa
1745 1249 1928 1318 profe-

349 1341 560 1386 rantur.
592 1333 660 1386 Et
684 1339 744 1387 ut
770 1331 836 1386 ad
866 1349 1137 1388 summum
1164 1336 1402 1400 veniam,
1433 1337 1573 1390 sicut
1600 1337 1930 1406 reliquarum

351 1437 537 1477 rerum
566 1421 970 1477 fundamentum
993 1432 1079 1478 est
1102 1425 1386 1493 sapientia,
1417 1427 1491 1481 ita
1516 1436 1571 1481 et
1600 1429 1653 1482 in
1681 1429 1932 1499 eloquen-

351 1513 428 1568 tia
453 1527 688 1582 quoque.
724 1512 794 1567 Ut
829 1515 974 1568 enim
1002 1515 1056 1569 in
1082 1515 1215 1580 vita,
1247 1517 1321 1571 ita
1357 1525 1412 1572 et
1445 1518 1500 1571 in
1527 1521 1772 1574 oratione
1797 1520 1930 1574 nihil

350 1602 555 1658 clarius
577 1601 726 1674 [est],
749 1617 912 1671 quam
932 1604 1113 1658 omnia
1135 1605 1407 1674 sapienter
1424 1605 1561 1661 ﬁeri.
1595 1607 1931 1678 Quapropter

2027 451 2262 506 quoque,
2293 436 2338 491 si
2365 451 2484 506 qua:
2511 434 2692 508 [Mss.,
2721 433 2848 506 qua]
2877 443 3032 498 sunt,
3065 435 3176 489 oris
3200 435 3440 504 diligenti
3466 449 3598 491 cura

2028 535 2155 582 sunt
2175 528 2524 582 emendanda.
2559 527 2669 581 Nec
2692 527 2854 580 verba
2880 526 2988 579 sint
3013 523 3192 578 inﬂata
3215 523 3301 578 vel
3328 523 3601 591 anhelata,

2028 618 2110 673 vel
2146 619 2202 671 in
2232 618 2478 672 faucibus
2508 616 2840 680 frendentia,
2881 629 2982 669 nec
3011 615 3123 670 oris
3152 615 3409 668 inanitate
3447 629 3600 669 reso-

2027 708 2232 774 nantia,
2264 723 2370 763 non
2401 723 2590 776 aspera
2620 706 2992 761 frendentibus
3020 705 3287 770 dentibus,
3313 720 3420 759 non
3448 705 3602 760 bian-

2029 797 2171 850 tibus
2200 797 2364 852 labris
2385 795 2614 866 prolata,
2637 795 2732 850 sed
2758 795 2984 864 pressim
3012 804 3066 850 et
3088 795 3424 863 aequabiliter
3443 793 3600 866 [Ms.,
3689 845 3698 854 .

2029 887 2328 959 aequaliter]
2369 895 2424 942 et
2463 887 2655 942 leniter
2696 895 2750 951 et
2792 885 2934 940 clare
2963 887 3344 954 pronuntiata,
3391 892 3452 937 ut
3490 886 3603 940 suis

2030 994 2254 1049 quaeque
2283 979 2475 1032 litterae
2499 979 2643 1032 sonis
2672 977 3048 1042 enuncientur,
3089 984 3144 1030 et
3181 976 3604 1046 unumquodque

2029 1067 2251 1121 verbum
2279 1065 2518 1136 legitimo
2542 1074 2768 1119 accentu
2793 1065 3093 1128 deco‘retur,
3122 1078 3224 1118 nec
3248 1063 3604 1118 immoderato
3705 1072 3707 1074 ’

2031 1157 2266 1212 clamore
2293 1155 2637 1222 vociferetur,
2667 1156 2753 1210 vel
2787 1156 3162 1210 ostentationis
3190 1171 3351 1210 causa
3381 1155 3600 1226 franga-

2031 1256 2121 1302 tur
2146 1248 2352 1311 oratio;
2398 1263 2586 1301 verum
2616 1263 2712 1318 pro
2740 1247 2886 1308 locis,
2918 1249 3102 1313 rebus,
3129 1248 3394 1318 personis,
3423 1248 3602 1302 causis

2029 1347 2086 1393 et
2109 1339 2440 1409 temporibus
2463 1340 2818 1410 dispensanda
2840 1348 2940 1394 est.
2973 1339 3106 1393 Nam
3133 1340 3236 1393 alia
3262 1341 3605 1409 simplicitate

2030 1430 2298 1484 narranda
2325 1438 2476 1495 sunt,
2517 1430 2624 1483 alia
2652 1430 2974 1484 auctoritate
3001 1431 3272 1484 suadenda
3290 1471 3305 1496 ,
3346 1431 3449 1484 alia
3477 1447 3602 1485 cum

2031 1521 2395 1592 indignatione
2418 1521 2801 1591 depromenda,
2827 1521 2931 1574 alia
2956 1521 3300 1576 miseratione
3321 1520 3604 1588 ﬂectenda,

2030 1620 2089 1667 ut
2113 1628 2327 1682 semper
2353 1629 2457 1668 vox
2491 1620 2546 1666 et
2579 1613 2752 1667 oratio
2780 1616 2890 1667 s’uae
2917 1627 3094 1667 causa:
3123 1613 3426 1667 conveniat.
3479 1612 3606 1668 Haec

352 1691 558 1746 oratori
584 1706 927 1764 summOpere
962 1694 1364 1762 praevidendum
1392 1705 1502 1760 est,
1547 1699 1676 1766 quid
1705 1700 1807 1754 sibi
1837 1701 1928 1754 tle-
1958 1687 2004 1745 Β
2034 1711 2084 1756 te
2110 1712 2380 1772 praecepta
2407 1704 2475 1757 ad
2501 1696 2953 1772 pronuntiationis
2984 1702 3196 1756 laudem
3227 1703 3518 1769 deducunt,
3547 1712 3604 1757 et

353 1789 498 1846 ceat,
528 1789 584 1835 et
609 1796 720 1836 suae
749 1783 1036 1838 conveniat
1061 1798 1260 1849 causa,
1291 1800 1398 1840 non
1434 1786 1490 1840 in
1526 1789 1808 1843 sententiis
1843 1805 1930 1844 so-

351 1871 491 1935 lum,
517 1871 609 1925 sed
633 1871 797 1941 etiam
836 1871 893 1926 in
918 1873 1118 1928 verbis.
1167 1873 1284 1931 Non
1313 1877 1460 1930 enim
1487 1879 1664 1933 omnis
1693 1879 1928 1946 fortuna,

354 1977 462 2016 non
491 1962 666 2016 omnis
693 1963 885 2027 honos,
923 1978 1034 2019 non
1064 1966 1242 2020 omnis
1267 1967 1578 2030 auctoritas,
1622 1984 1729 2023 non
1754 1972 1931 2026 omnis

351 2063 522 2120 aetas;
575 2069 678 2110 nec
722 2070 852 2110 vero
898 2055 1070 2121 locus,
1121 2056 1255 2128 [aut]
1305 2065 1538 2127 tempus,
1589 2068 1682 2114 aut
1719 2061 1933 2116 auditor

349 2145 529 2199 omnis
558 2145 749 2200 eodem
787 2155 880 2200 aut
905 2148 1194 2201 verborum
1235 2162 1432 2218 genere
1474 2151 1786 2206 tractandus
1811 2160 1930 2218 est,

349 2242 447 2288 aut
463 2235 879 2302 sententiarum,
896 2250 1214 2306 semperque
1235 2238 1290 2291 in
1310 2239 1457 2294 omni
1476 2248 1630 2308 parte
1647 2243 1930 2309 orationis,

348 2333 415 2381 ut
435 2325 580 2391 vitae,
609 2325 738 2394 quid
765 2325 976 2391 deceat,
998 2334 1079 2381 est
1105 2328 1578 2384 considerandum.

818 2421 983 2490 323
1017 2421 1104 2474 DE
1143 2420 1476 2477 MEMORIA.

427 2514 561 2570 Cm.
592 2513 730 2582 Quid
760 2515 895 2569 dicis
915 2514 982 2568 de
1012 2515 1372 2580 nobilissima,
1394 2525 1456 2572 ut
1475 2532 1622 2583 reor,
1646 2519 1934 2576 rhetoricae

351 2615 530 2675 parte,
546 2605 794 2658 memoria
811 2604 915 2657 ?—
933 2603 1065 2658 ALB.
1081 2603 1219 2671 Quid
1237 2606 1405 2672 aliud,
1428 2622 1588 2676 quam
1613 2607 1766 2679 [Μεε.
1779 2650 1793 2675 ,
1806 2609 1933 2682 nisi]

353 2695 503 2764 quod
527 2694 736 2749 Marcus
748 2693 952 2750 Tullius
971 2695 1123 2761 dicit,
1141 2698 1284 2765 quod
1302 2699 1583 2754 thesaurus
1599 2707 1682 2754 est
1695 2702 1935 2757 omnium

353 2802 544 2841 rerum
561 2787 844 2852 memoria,
859 2802 978 2856 quae
999 2787 1105 2842 nisi
1125 2798 1309 2845 custos
1323 2791 1577 2861 cogitatis
1598 2791 1937 2864 inventisque

354 2877 524 2931 rebus
553 2884 608 2931 et
634 2876 815 2932 verbis
843 2877 1169 2933 adhibeatur
1194 2877 1325 2951 [Αι.,
1356 2881 1752 2955 adhiberetur],
1779 2883 1937 2938 intel-

351 2967 576 3037 ligimus
599 2968 802 3034 omnia,
839 2969 1053 3026 etiamsi
1080 2970 1338 3040 praeclara
1378 2972 1600 3038 fuerint,
1628 2973 1683 3028 in
1720 2982 1936 3032 oratore

352 3062 625 3132 peritura.
878 3105 886 3120 ,

431 3151 564 3206 Cas.
598 3150 804 3206 Suntne
832 3151 1012 3222 aliqua
1051 3152 1168 3224 ejus
1206 3165 1505 3224 praecepta,
1549 3157 1818 3226 quomodo
1852 3158 1936 3213 vel

351 3241 451 3296 illa
477 3241 779 3296 adhibenda
800 3241 883 3298 vel
905 3243 1148 3312 augenda
1175 3245 1356 3299 sit?-—
1375 3245 1508 3299 Ana.
1535 3245 1650 3300 Non
1678 3247 1936 3303 habemus

346 3330 478 3401 ejus
499 3330 604 3384 alia
629 3340 919 3402 praecepta,
947 3333 1049 3387 nisi
1080 3333 1289 3389 dicendi
1314 3332 1468 3406 [Ms.,
1491 3335 1756 3408 discendi]
1782 3352 1938 3392 exer—

351 3423 672 3478 citationem
701 3429 781 3478 ’et
830 3425 1100 3479 scribendi
1138 3441 1335 3491 usum,
1391 3434 1448 3482 et
1501 3428 1770 3498 cogitandi
1821 3437 1936 3483 stu-

351 3514 540 3578 dium;
580 3521 634 3568 et
660 3514 974 3571 ebrietatem
1003 3517 1293 3572 cavendam
1313 3558 1328 3581 ,
1362 3532 1482 3584 quae
1507 3517 1758 3572 omnibus
1782 3519 1940 3574 bonis

353 3603 554 3659 studiis
588 3613 746 3658 nocet
782 3605 1050 3668 maxime;
1087 3619 1207 3673 qua:
1233 3621 1340 3660 non
1369 3606 1544 3661 solum
1568 3608 1814 3677 corporis
1839 3624 1938 3663 au-

349 3693 470 3748 fert
495 3695 797 3762 sanitatem,
824 3696 918 3751 sed
939 3696 1103 3750 etiam
1134 3697 1329 3752 mentis
1353 3695 1508 3768 [Ma.,
1531 3699 1722 3771 menti]
1750 3699 1943 3755 adimit

353 3788 749 3858 integritatem.

434 3881 566 3936 CAR.
598 3882 884 3938 Sufﬁciunt
905 3882 1027 3938 haec
1051 3889 1317 3951 pmcepta
1335 3922 1349 3945 ,
1379 3881 1427 3937 si
1457 3882 1579 3950 quis
1605 3881 1831 3936 idoneus
1857 3889 1944 3936 est

355 3971 433 4028 ad
470 3974 586 4028 lucc
626 3973 918 4043 implenda.
974 3971 1144 4037 Nam,
1184 3979 1245 4025 ut
1273 3971 1453 4036 video,
1495 3979 1604 4026 tam
1629 3970 1795 4024 ardua
1821 3977 1945 4024 sunt

354 4082 544 4130 sensu,
561 4082 721 4135 quam
740 4080 864 4120 rara
878 4065 1286 4122 verbis—Ann.
1305 4064 1480 4119 Etiam
1503 4063 1673 4125 ardua
1695 4070 1749 4118 et
1767 4062 1938 4117 utilia.

778 4175 868 4229 DE
906 4174 1530 4230 PRONUNTIATIONE.

437 4244 568 4302 CAR.
616 4245 723 4301 Sed
765 4247 900 4301 ordo
942 4261 1075 4301 mea:
1116 4246 1559 4315 interrogationis
1606 4243 1844 4315 postulat
1883 4252 1945 4298 ut

359 4325 458 4392 tua
499 4337 772 4407 reSponsio
815 4337 882 4390 ad
922 4336 1416 4406 pronuntiationem
1442 4337 1734 4407 procedat,
1781 4351 1941 4405 quam

357 4431 610 4501 quintam
645 4439 854 4499 partem
895 4431 1029 4484 artis
1070 4430 1355 4486 rhetorica:
1385 4428 1550 4501 [esse]
1580 4429 1636 4483 in
1675 4429 1942 4499 principio

356 4530 566 4579 nostra:
593 4522 971 4591 disputationis
1003 4521 1221 4576 memini
1250 4528 1304 4575 te
1332 4522 1553 4588 dixisse,
1583 4521 1944 4590 magister.—

353 4612 500 4669 ALB.
547 4613 910 4668 Pronuntiatio
935 4622 1022 4669 est
1045 4616 1334 4670 verborum
1361 4614 1616 4684 dignitas,
1643 4615 1792 4671 vocis
1823 4630 1945 4669 sen-

359 4705 522 4761 sibus
547 4707 970 4762 accommodatio
993 4705 1125 4778 [Al.,
1149 4705 1595 4777 accommodata],
1627 4713 1684 4760 et
1704 4706 1946 4775 corporis

359 4799 690 4857 moderatio.
737 4798 863 4856 Haec
891 4800 1031 4854 enim
1063 4799 1118 4853 in
1150 4807 1357 4854 tantum
1385 4799 1636 4864 excellit,
1680 4807 1741 4854 ut
1780 4801 1944 4854 etiam

360 4891 666 4946 secundum
706 4890 1028 4944 sententiam
1069 4890 1290 4946 maximi
1324 4890 1482 4944 Tullii
1521 4890 1734 4944 indocta
1768 4891 1944 4945 oratio

361 4981 581 5037 laudem
609 4979 836 5052 [tamen]
860 4989 1243 5050 consequatur,
1270 4981 1315 5036 si
1342 4981 1544 5050 optime
1569 4981 1947 5049 pronuntietur

365 5075 557 5148 [Δίκη
586 5072 932 5145 proferatur].
973 5072 1043 5128 Et
1066 5073 1409 5143 quantumvis
1435 5072 1694 5141 expolita,
1720 5072 1766 5127 si
1797 5071 1946 5126 inde-

363 5179 558 5224 center
578 5165 978 5236 pronuntietur,
1012 5172 1379 5234 contemptum
1403 5163 1816 5232 irrisionemque
1837 5178 1949 5218 me-

365 5253 545 5323 rétur,
576 5257 681 5312 nisi
707 5255 846 5313 forte
868 5256 989 5322 tibi,
1013 5257 1227 5312 domine
1256 5255 1329 5310 mi
1356 5268 1473 5318 rex,
1501 5253 1658 5308 aliter
1681 5254 1943 5308 videatur.

440 5351 576 5408 Csn.
619 5350 748 5406 Mihi
779 5365 1120 5419 nequaquam
1152 5348 1328 5404 aliter.
1386 5346 1495 5402 Sed
1537 5345 1696 5415 hujus
1737 5359 1950 5414 quoque

363 5446 544 5519 partis
572 5453 839 5515 praecepta
869 5441 1139 5512 sequenda
1169 5441 1254 5494 vel
1281 5439 1410 5494 vitia
1439 5439 1675 5493 cavenda
1705 5437 1862 5492 velim
1893 5444 1953 5490 ut

369 5540 580 5595 indices
608 5537 791 5610 [Mss.,
819 5535 1016 5609 dicas].
1043 5566 1114 5576 —
1148 5533 1280 5589 Anu.
1314 5533 1496 5587 Primo
1521 5531 1763 5587 exerceri
1792 5531 1952 5585 debet

366 5632 524 5687 vocis
566 5641 623 5687 et
661 5630 886 5700 spiritus
928 5625 1250 5695 moderatio,
1295 5634 1351 5682 et
1394 5623 1636 5692 corporis
1669 5628 1724 5677 et
1757 5620 1952 5692 linguae

2032 1795 2128 1848 tibi
2158 1796 2498 1849 honestatem
2539 1802 2593 1848 et
2636 1802 2739 1848 tuae
2767 1809 2945 1849 causae
2972 1794 3132 1849 ﬁdem
3168 1793 3414 1849 efﬁciunt
3449 1795 3602 1867 [Ms.,

2030 1884 2313 1958 efﬁcient].

2100 1975 2234 2031 Cm.
2263 1976 2400 2043 Quid
2431 1984 2515 2031 est
2544 1977 2687 2046 quod
2725 1976 2886 2045 paulo
2922 1984 3048 2031 ante
3086 1977 3332 2048 corporis
3361 1979 3608 2034 modera-

2001 2103 2008 2111 -
2032 2069 2234 2123 tionem
2266 2069 2450 2124 dixisti
2481 2081 2599 2122 esse
2628 2069 3020 2123 observandam
3042 2069 3153 2122 ?—
3175 2069 3306 2125 Arn.
3335 2070 3453 2124 Dixi
3481 2071 3609 2140 quia

2030 2160 2335 2213 necessarie
2364 2159 2760 2213 observandum
2789 2167 2906 2224 est,
2932 2166 2993 2212 ut
3023 2169 3169 2213 recta
3201 2160 3272 2214 sit
3299 2158 3496 2225 facies,
3541 2174 3612 2212 ne

2032 2247 2182 2301 labra
2210 2247 2654 2316 detorqueantur,
2685 2260 2752 2299 ne
2781 2245 3102 2300 immodicus
3130 2247 3312 2318 hiatus
3342 2247 3612 2303 distendat

2032 2337 2340 2400 rictum,‘ne
2361 2335 2582 2404 supinus
2603 2332 2802 2398 vultus,
2825 2347 2894 2387 ne
2921 2331 3113 2401 dejecti
3141 2333 3195 2388 in
3217 2339 3421 2388 terram
3443 2333 3611 2398 oculi,

2034 2440 2103 2480 ne
2128 2424 2383 2479 inclinata
2409 2425 2621 2488 cervix,
2653 2438 2827 2492 neque
2851 2423 2991 2478 elata
3018 2433 3111 2479 aut
3135 2424 3391 2495 depressa
3416 2439 3612 2495 super-

2033 2517 2176 2573 cilia.
2204 2515 2476 2570 inﬁnitum
2495 2516 2637 2569 enim
2664 2516 2716 2569 in
2741 2516 2826 2570 his
2850 2530 3065 2585 quoque
3087 2517 3253 2576 rebus.
3275 2526 3612 2573 momentum

2033 2615 2148 2672 est,
2189 2607 2318 2676 quia
2345 2605 2493 2660 nihil
2517 2606 2659 2675 quod
2689 2620 2795 2660 non
2830 2607 3012 2671 decet,
3053 2606 3272 2676 placere
3297 2614 3496 2677 potest.
3543 2605 3615 2662 Et

2034 2708 2094 2756 ut
2133 2700 2209 2755 ait
2245 2699 2314 2753 Μ.
2348 2698 2492 2764 Tul.,
2525 2697 2695 2768 Caput
2733 2698 2864 2751 artis
2902 2706 2980 2752 est
3021 2698 3202 2752 decere
3232 2699 3373 2770 quod
3420 2699 3612 2768 facias.

2034 2789 2210 2846 Labra
2239 2789 2476 2845 lambere
2502 2787 2585 2843 vel
2614 2788 2862 2842 mordere
2893 2786 3134 2843 deforme
3159 2796 3264 2854 est,
3297 2803 3419 2842 cum
3446 2788 3611 2842 etiam

2036 2879 2092 2934 in
2119 2878 2417 2935 efﬁciendis
2441 2877 2620 2932 verbis
2651 2878 2893 2933 modicus
2921 2893 3041 2933 esse
3069 2879 3258 2934 debeat
3282 2893 3470 2933 eorum
3499 2892 3617 2933 mo-

2038 2978 2147 3025 tus.
2175 2969 2282 3025 Ore
2305 2969 2450 3023 enim
2475 2968 2646 3037 magis
2671 2983 2834 3036 quam
2860 2967 3024 3023 labris
3049 2967 3373 3037 loquendum
3400 2975 3503 3022 est.

1961 3035 2008 3100 ο
2107 3058 2239 3116 αλιι.
2281 3059 2433 3123 Haec,
2466 3035 2776 3114 venerande
2803 3061 3082 3129 magister,
3116 3035 3353 3129 iucunda
3398 3074 3518 3115 esse
3560 3067 3616 3115 et

2035 3151 2262 3205 honesta
2289 3149 2488 3213 fateor,
2530 3149 3023 3225 mihiquemultum
3055 3151 3339 3220 placabilia
3366 3169 3378 3204 :
3410 3151 3527 3216 sed,
3555 3159 3616 3204 ut

2036 3245 2190 3299 video
2235 3251 2292 3298 et
2333 3243 2605 3314 intelligo,
2647 3241 2829 3312 iugem
2863 3243 3304 3297 exercitationem
3351 3251 3406 3297 et
3440 3244 3617 3311 quoti-

2037 3337 2256 3392 dianum
2284 3351 2445 3390 usum
2473 3336 2781 3405 postulant,
2822 3343 2878 3390 et
2912 3337 2980 3390 ad
3015 3335 3228 3404 plenam
3269 3348 3614 3389 consumma-

2036 3430 2269 3494 tionem,
2310 3429 2415 3483 nisi
2449 3427 2701 3483 continua
2735 3428 3084 3483 meditatione
3113 3436 3165 3480 et
3196 3426 3420 3481 instanti
3458 3439 3618 3480 exer-

2037 3521 2312 3586 citatione,
2353 3533 2460 3573 non
2497 3525 2724 3588 possunt
2751 3517 3058 3586 pervenire,
3106 3517 3222 3572 sine
3265 3531 3372 3586 qua
3415 3515 3618 3570 nullam

2039 3615 2375 3685 disciplinam
2425 3627 2545 3670 esse
2593 3613 2852 3668 illustrem
2899 3619 3047 3682 puto.
3078 3640 3152 3651 —
3191 3607 3322 3663 Arn.
3374 3607 3452 3662 lla
3495 3614 3618 3670 est,

2040 3706 2252 3760 domine
2281 3706 2356 3759 mi
2389 3721 2509 3769 rex,
2539 3711 2600 3757 ut
2629 3703 2782 3757 dicis.
2827 3701 2963 3756 Nam
2992 3699 3310 3755 exercitatio
3343 3697 3618 3766 ingenium

2039 3804 2094 3849 et
2120 3803 2371 3848 naturam
2397 3809 2539 3864 saepe
2564 3793 2762 3856 vincit,
2807 3800 2860 3845 et
2895 3806 3026 3845 usus
3052 3790 3295 3844 omnium
3335 3787 3623 3857 magistro-

2041 3901 2160 3939 rum
2198 3890 2466 3953 praacepta
2506 3881 2803 3951 superabit.
2852 3880 3214 3945 Quamobrem
3247 3877 3520 3940 inventio,
3566 3884 3624 3933 et

2044 3974 2340 4044 dispositio,
2378 3981 2434 4028 et
2463 3973 2716 4036 elocutio,
2754 3979 2809 4026 et
2849 3969 3107 4025 memoria
3153 3975 3210 4023 et
3248 3967 3622 4037 pronuntiatio

2041 4082 2140 4122 usu
2179 4066 2293 4121 acri
2330 4074 2383 4120 et
2421 4064 2809 4120 exercitatione
2843 4061 3199 4116 intentissima
3237 4060 3624 4115 convalescunt

2045 4157 2178 4229 [Al.,
2210 4152 2665 4225 convalescente].
2710 4152 2930 4208 Naturae
2956 4152 3099 4207 enim
3125 4151 3297 4206 vicem
3320 4165 3458 4220 pene
3483 4150 3624 4206 obti-

2045 4256 2135 4302 net
2158 4246 2513 4304 consuetudo.
2542 4245 2677 4299 Nam
2704 4245 2757 4299 in
2782 4252 2899 4299 arte
2922 4243 3163 4314 qualibet
3183 4242 3478 4297 exercitata
3501 4257 3629 4297 con-

2047 4340 2272 4395 suetudo
2301 4337 2679 4393 conﬁdentiam
2706 4334 3178 4404 constantiamque
3206 4340 3480 4404 procreat,
3510 4333 3626 4388 sine

2045 4445 2150 4499 qua
2180 4429 2255 4483 nil
2283 4443 2374 4483 ars
2397 4426 2630 4497 proﬁcit.
2663 4425 2802 4493 Quid
2829 4426 2974 4482 enim
3008 4425 3212 4480 timidis
3238 4439 3389 4479 arma
3409 4425 3434 4477 ?
3468 4423 3627 4480 Amet

2045 4519 2258 4574 laudem
2281 4516 2527 4586 juvenis,
2569 4529 2933 4587 magnumque
2961 4515 3101 4569 sciat
3125 4529 3278 4579 esse,
3325 4513 3510 4568 multis
3545 4520 3628 4568 ta-

2046 4612 2328 4679 centibus,
2370 4610 2542 4665 solum
2584 4609 2779 4663 audiri.
2830 4606 2966 4661 Nam
3010 4607 3136 4662 licet
3176 4607 3291 4676 ipsa
3325 4608 3516 4662 vitium
3555 4606 3629 4662 sit

2049 4701 2294 4766 ambitio,
2324 4700 2636 4768 frequenter
2661 4704 2841 4751 tamen
2861 4696 3025 4766 329
3048 4711 3211 4751 causa
3236 4697 3496 4750 virtutum
3521 4703 3624 4751 est.

2049 4795 2232 4850 Discat
2259 4797 2326 4848 ab
2352 4788 2710 4847 adolescentia
2746 4802 2854 4843 non
2889 4787 3240 4844 reformidare
3278 4796 3404 4843 ante
3431 4787 3629 4843 multos

2049 4886 2216 4954 loqui,
2245 4892 2306 4939 ut
2334 4899 2458 4939 eum
2484 4896 2586 4936 nec
2611 4887 2788 4936 metus
2810 4877 3094 4953 [frangat],
3117 4895 3217 4935 nec
3238 4879 3384 4934 ultra
3410 4879 3628 4934 modum

2052 4980 2352 5035 reverentia
2400 4976 2676 5042 retardet,
2721 4981 2784 5030 ut
2822 4988 2946 5030 cum
2986 4972 3234 5028 omnibus
3277 4972 3512 5028 oratoris
3557 4970 3630 5026 sit

2052 5073 2245 5144 opibus
2266 5072 2580 5135 instructus,
2603 5067 2771 5123 animi
2792 5081 3007 5137 quoque
3024 5064 3338 5136 praestantia
3361 5073 3415 5121 et
3436 5063 3630 5120 ﬁducia

2054 5164 2166 5221 oris
2189 5163 2265 5217 illi
2290 5177 2395 5217 non
2418 5160 2574 5216 desit.

2124 5255 2257 5312 CAR.
2289 5254 2647 5324 Quapropter,
2687 5259 2749 5307 ut
2796 5250 2929 5306 mihi
2957 5248 3192 5316 videtur,
3224 5249 3332 5305 illis
3371 5247 3634 5305 sermoci-

2053 5346 2216 5402 nandi
2257 5345 2418 5409 ratio,
2455 5344 2548 5415 qui
2577 5343 2755 5399 causis
2784 5339 3034 5396 civilibus
3059 5348 3114 5395 et
3141 5339 3372 5410 negotiis
3413 5335 3635 5394 saecula-

2056 5438 2208 5492 ribus
2233 5437 2493 5491 interesse
2518 5432 2818 5489 :estimandi
2839 5439 2985 5495 sunt,
3007 5445 3131 5486 mox
3162 5444 3191 5484 a
3212 5428 3440 5499 pueritia
3464 5425 3635 5482 multo

2057 5530 2235 5586 studio
2257 5529 2500 5584 habenda
2523 5534 2624 5583 est.
2645 5526 2804 5581 Vocis
2825 5539 3038 5594 quoque
3054 5522 3130 5595 [et
3152 5519 3634 5594 verborum]exer-

2059 5621 2264 5688 citatio,
2294 5625 2353 5675 ut
2375 5619 2441 5674 ab
2469 5617 2686 5676 ineunte
2709 5621 2866 5671 astate
2909 5621 3201 5681 assuescat,
3244 5611 3391 5666 vocis
3434 5607 3630 5666 ﬁducia
