3934 6180
282 247 410 306 Ἡᾶδ

1130 234 1191 288 Β.
1231 233 1292 288 F.
1335 232 1562 287 ALBlNl
1605 229 1735 285 SEU
1775 229 2052 286 ALCUINI
2089 225 2371 286 OPERUM
2411 222 2590 281 PARS
2629 223 2739 280 νη.

3461 220 3572 278 9M

301 367 360 411 ω.
378 356 664 410 verborum
687 350 858 421 cupia,
880 357 934 402 et
961 346 1172 402 decenti
1195 344 1436 414 corporis
1459 351 1624 405 motu,
1661 348 1720 394 ut
1752 339 1869 394 sine
1899 348 1943 401 Α
1974 339 2352 396 intellexerunt
2393 339 2446 391 in
2495 344 2684 391 natura
2728 334 2985 397 humana,
3035 340 3089 386 et
3121 348 3335 389 summo
3386 335 3576 393 studio

304 442 593 498 formidine
620 437 784 494 faciat
809 438 862 490 in
891 435 1122 506 publicis
1149 432 1558 504 quaestionibus,
1597 429 1742 500 quod
1759 443 1884 482 cum

301 531 695 591 consuetudine
718 530 884 601 gessit
924 529 980 582 in
1014 527 1260 598 privatis.
1288 555 1359 601 +-
1382 524 1516 578 ALB.
1545 523 1682 576 Vere
1732 519 1887 575 intel-

303 627 429 698 ligis
452 636 508 680 et
535 600 737 692 optime
757 619 1120 690 prosequeris.
1155 616 1287 669 Nam
1311 600 1370 668 ut
1397 613 1451 666 in
1479 612 1674 666 castris
1706 609 1882 673 miles,

305 720 461 776 sicin
492 718 650 772 domo
675 723 862 767 orator
891 711 1048 766 debet
1076 708 1278 764 erudiri
1299 723 1313 771 ;
1333 715 1391 760 ut
1409 706 1550 775 quod
1570 705 1714 760 solus
1732 717 1887 758 exer-

308 815 518 869 cuerat,
547 806 689 858 inter
709 801 907 856 multos
930 799 1104 854 facere
1127 813 1190 851 ne
1221 795 1402 868 [Mss.,
1427 794 1554 866 non]
1581 793 1850 848 formidet.

384 899 529 955 Cm.
555 895 673 950 Jam
701 908 914 964 quoque
945 905 1166 945 necesse
1191 903 1312 942 esse
1343 888 1516 951 video,
1549 894 1606 940 ut
1633 884 1888 941 domesti-

315 1005 412 1046 cus
443 1003 573 1043 usus
607 999 798 1042 cavere
836 981 1076 1049 incipiat,
1114 978 1256 1048 quod
1291 977 1536 1048 publicus
1595 983 1890 1031 conventus

309 1081 596 1136 detrahere
626 1075 813 1144 possit.
854 1070 964 1124 Nec
997 1071 1142 1124 enim
1181 1069 1481 1123 inhonestis
1522 1068 1704 1123 verbis
1746 1069 1890 1122 inter

310 1188 436 1228 suos
457 1171 532 1225 uti
580 1169 757 1229 debet,
797 1164 889 1234 qui
929 1163 1170 1218 honestis
1194 1163 1336 1220 inter
1357 1161 1561 1215 alienos
1583 1161 1728 1230 loqui
1751 1161 1892 1216 desi-

311 1265 498 1319 derat.
516 1260 649 1315 Cum
678 1257 821 1311 enim
849 1256 901 1309 in
926 1255 1080 1319 omni
1098 1263 1254 1324 parte
1273 1255 1398 1308 vitae
1419 1254 1673 1308 honestas
1699 1268 1893 1322 perne-

312 1351 546 1407 cessaria
573 1350 662 1412 sit,
689 1346 924 1401 maxime
953 1345 1006 1398 in
1036 1343 1395 1405 sermonibus,
1419 1344 1548 1412 quia
1573 1343 1685 1397 fere
1713 1343 1892 1413 cujus-

313 1459 416 1514 que
441 1457 622 1498 Inores
648 1454 826 1494 sermo
852 1437 1066 1507 probat,
1112 1438 1217 1492 nisi
1259 1437 1374 1502 tibi,
1422 1437 1698 1506 magister,
1739 1436 1895 1490 aliter

312 1529 812 1588 videatut—Atr.
835 1527 963 1582 Mihi
991 1543 1120 1582 vero
1141 1527 1206 1581 de
1234 1527 1336 1580 hac
1365 1542 1424 1581 re
1450 1526 1527 1580 nil
1553 1526 1698 1580 aliud
1722 1525 1893 1580 videri

316 1633 525 1696 potest,
564 1637 625 1676 ac
655 1622 775 1675 ideo
805 1617 1276 1674 consuetudinaria
1305 1616 1752 1670 sermocinatione
1772 1631 1895 1670 vcr-

1982 431 2280 488 coluerunt.
2313 459 2381 468 —
2406 426 2538 482 CAR.
2581 425 2719 492 Quid
2762 433 2889 479 tunc
2937 425 3101 479 distat
3139 425 3282 479 inter
3325 425 3571 496 philoso-

1983 528 2148 598 phum
2179 525 2339 580 talem
2382 532 2438 577 et
2481 520 2894 577 Christianum?
2915 549 2985 558 —
3011 518 3143 574 Δις.
3195 518 3356 574 Fides
3393 526 3451 574 et
3477 520 3575 576 ba-

1983 619 2202 689 ptisma.

2055 708 2187 764 Cm.
2217 709 2558 778 Prosequere
2603 715 2784 761 tamen
2809 704 3212 776 philosophicas
3234 702 3580 760 deﬁnitiones

1986 801 2053 856 de
2077 800 2404 864 virtutibus;
2437 805 2491 852 et
2531 799 2765 868 primum
2809 797 2915 859 dic,
2947 795 3077 866 quid
3107 796 3180 849 sit
3208 795 3323 864 ipsa
3358 795 3580 850 virtus?

1985 922 2055 931 —
2083 893 2213 946 Aw.
2246 892 2430 946 Virtus
2450 900 2536 946 est
2562 891 2727 944 animi
2745 889 2982 952 habitus,
3009 897 3216 943 natura:
3239 889 3426 953 decus,
3451 889 3580 943 vita:

1988 987 2147 1050 ratio,
2176 1000 2387 1040 morum
2416 984 2684 1039 nobilitas.
2714 1013 2784 1022 —
2810 981 2944 1036 Cur.
2974 981 3119 1048 Quot
3161 982 3325 1036 habet
3348 981 3581 1050 partes?

1986 1106 2059 1116 —
2082 1075 2213 1130 ALn.
2246 1073 2524 1142 Quatuor:
2555 1073 2920 1147 prudentiam,
2965 1069 3260 1139 justitiam,
3305 1070 3583 1126 fortitudi-

1990 1186 2136 1236 nem,
2190 1169 2621 1240 temperantiam.
2662 1198 2733 1206 —
2759 1166 2892 1221 CAR.
2942 1165 3074 1232 Quae
3117 1174 3201 1220 est
3246 1165 3528 1235 prudentia
3558 1167 3583 1219 ἵ

1989 1291 2060 1301 —-
2081 1259 2210 1315 Ann.
2243 1260 2444 1313 Rerum
2470 1267 2526 1312 et
2543 1265 2861 1310 naturarum
2888 1256 3136 1310 scientia.
3174 1285 3244 1294 —
3267 1254 3402 1310 Clin.
3436 1254 3584 1323 Quot

1993 1350 2156 1405 habet
2178 1357 2360 1418 partes
2383 1347 2406 1400 ?
2427 1377 2497 1386 —
2525 1346 2655 1401 ALB.
2689 1345 2863 1402 Tres:
2896 1347 3236 1410 memoriam,
3270 1344 3580 1415 intelligen-

1997 1442 2146 1503 tiam,
2188 1439 2601 1508 providentiam.
2628 1466 2700 1476 —
2723 1435 2856 1491 Cn.
2901 1435 3105 1490 Harum
3144 1450 3358 1506 quoque
3394 1435 3587 1490 deﬁni-

1996 1535 2170 1588 tiones
2195 1533 2380 1588 dicito.
2409 1561 2481 1572 —
2507 1531 2639 1586 ALn.
2681 1531 2938 1586 Memoria
2977 1539 3082 1595 est,
3124 1545 3223 1600 per
3264 1545 3428 1599 quam
3468 1530 3585 1584 ani-

1996 1641 2117 1680 mus
2139 1625 2337 1695 repetit
2360 1623 2448 1678 illa
2473 1639 2593 1692 qua:
2619 1622 2858 1677 fuerunt.
2887 1621 3262 1693 lntelligentia.
3294 1636 3392 1690 per
3420 1637 3583 1691 quam

316 1719 383 1773 ba
414 1716 526 1771 sint
550 1715 708 1776 lecta,
739 1713 982 1772 honesta,
1012 1708 1209 1774 lucida,
1259 1707 1543 1777 simplicia,
1584 1707 1744 1777 plano
1779 1722 1893 1772 ore,
1929 1697 1972 1757 Β
1999 1732 2065 1770 ea
2112 1714 2372 1786 perspicit
2395 1729 2515 1782 qum
2543 1720 2685 1767 sunt.
2718 1711 3082 1778 Providentia,
3119 1727 3216 1782 per
3250 1726 3414 1780 quam
3445 1709 3586 1765 futu-

315 1807 460 1861 vultu
491 1805 695 1872 quieto,
739 1800 876 1854 facie
904 1799 1225 1868 composita.
1258 1799 1387 1852 sine
1428 1797 1780 1852 immoderato
1807 1812 1898 1852 ca-

313 1899 533 1961 chinno,
577 1895 812 1949 clamore
862 1891 1006 1945 nullo
1052 1888 1278 1959 prolata.
1331 1887 1464 1941 Nam
1505 1889 1678 1942 bonus
1707 1888 1899 1944 modus

315 1990 477 2046 estin
526 1984 814 2056 loquendo,
845 1991 1099 2051 tanquam
1125 1981 1179 2034 in
1229 1979 1573 2045 ambulando,
1604 1979 1901 2034 clementer

325 2083 427 2147 ire,
479 2081 597 2135 sine
642 2077 802 2141 saltu,
835 2076 949 2130 sine
996 2089 1167 2137 mora,
1201 2081 1465 2142 quatenus
1509 2071 1690 2126 omnia
1736 2072 1901 2128 medii

319 2170 703 2228 moderaminis
733 2166 1085 2238 temperantia
1130 2163 1388 2236 fulgeant,
1433 2179 1552 2233 qua:
1579 2175 1662 2219 est
1701 2179 1806 2218 una
1834 2165 1902 2220 de

321 2272 554 2336 quatuor
595 2259 906 2323 virtutibus,
950 2259 1014 2312 de
1044 2256 1244 2326 quibus
1275 2263 1486 2311 caeteras
1515 2263 1772 2324 tanquam
1816 2270 1903 2309 ra-

321 2354 531 2409 dicibus
554 2349 855 2421 procedunt
883 2347 1134 2411 virtutes,
1167 2347 1220 2400 in
1250 2345 1446 2415 quibus
1470 2352 1554 2400 est
1589 2345 1782 2400 anima:
1807 2361 1904 2400 no-

323 2447 524 2510 bilitas,
551 2443 676 2498 vitae
715 2441 968 2512 dignitas,
989 2454 1210 2494 morum
1235 2438 1493 2492 honestas
1521 2435 1718 2491 etlaus
1743 2436 1904 2492 disci-

322 2538 502 2608 plinte.

400 2629 534 2686 Cas.
557 2627 806 2696 intelligo
857 2623 1122 2679 comicum
1153 2621 1333 2693 [Mss.,
1360 2619 1810 2692 philosophicum]
1842 2619 1904 2674 il-

325 2719 418 2776 lud
439 2719 782 2788 proverbium
812 2731 918 2769 non
945 2714 1116 2768 solum
1160 2713 1211 2765 in
1244 2711 1503 2775 moribus,
1536 2712 1630 2765 sed
1658 2711 1818 2766 etiam
1851 2711 1905 2766 in

327 2813 509 2867 verbis
529 2826 648 2865 esse
677 2809 1062 2864 necessarium.
1085 2835 1157 2850 --
1179 2806 1311 2860 ALB.
1343 2806 1664 2872 Quodnam?
1686 2836 1755 2846 -—
1769 2806 1901 2862 Can.

335 2904 418 2958 Ne
443 2901 568 2973 quid
595 2900 770 2954 nimis.

835 2989 922 3044 DE
957 2988 1393 3046 VIRT'U'TIBUS.

395 3085 522 3140 Acs.
554 3083 669 3146 Est,
697 3090 754 3136 et
780 3095 906 3135 vere
927 3088 1011 3134 est
1038 3079 1092 3134 in
1117 3081 1264 3134 omni
1286 3097 1343 3135 re
1364 3081 1756 3147 necessarium,
1778 3082 1904 3150 quia

1929 3051 1977 3110 ϐ

1999 1821 2120 1860 rum
2149 1805 2345 1874 aliquid
2374 1803 2722 1874 praevidetur,
2752 1811 3044 1872 antequam
3075 1804 3189 1857 ﬁat.

2068 1896 2231 1967 330
2249 1895 2380 1950 Cm.
2395 1892 2627 1950 Iustitia:
2649 1896 2914 1951 rationem
2934 1911 3164 1966 expone.
3181 1897 3397 1952 ——Ai.e.
3421 1896 3590 1951 Justi-

2000 1990 2074 2044 tia
2096 1999 2179 2044 est
2204 1989 2421 2043 habitus
2440 1988 2608 2042 animi
2629 1988 2922 2057 unicuique
2942 1989 3019 2042 rei
3046 1989 3317 2060 pr0priam
3347 1989 3592 2044 tribuens

2001 2078 2338 2148 dignitatem.
2371 2077 2430 2132 In
2474 2078 2578 2133 hac
2615 2078 2913 2133 divinitatis
2939 2077 3114 2133 cultus
3152 2089 3206 2133 et
3236 2079 3592 2134 humanitatis

1995 2169 2141 2240 jura,
2187 2178 2242 2225 et
2289 2170 2516 2239 aequitas
2567 2169 2731 2226 totius
2779 2170 2908 2224 vita:
2955 2179 3323 2224 conservatur.
3353 2169 3587 2225 —Cn.

2001 2261 2132 2330 Ejus
2165 2275 2378 2331 quoque
2423 2268 2609 2332 partes
2649 2261 2844 2330 pande.
2873 2289 2943 2300 —
2967 2259 3100 2317 Ann.
3147 2261 3351 2316 Partim
3391 2262 3482 2316 illa
3506 2271 3593 2316 est

2002 2368 2070 2409 ex
2093 2362 2297 2408 natura:
2315 2351 2458 2421 jure,
2485 2354 2685 2422 partim
2708 2369 2775 2408 ex
2802 2355 3207 2410 consuetudinis
3229 2371 3348 2410 usu.
3365 2355 3588 2411 —Cu.

2002 2443 2281 2510 Quomodo
2325 2460 2393 2500 ex
2425 2453 2632 2500 natura:
2673 2443 2798 2513 jure
2821 2446 2936 2498 ?—
2963 2445 3096 2500 Ann.
3129 2446 3266 2514 Quia
3313 2457 3496 2517 partes
3524 2448 3590 2502 il-

2003 2535 2107 2590 lius
2144 2534 2388 2603 quaedam
2417 2543 2625 2589 natura:
2666 2536 2751 2590 vis
2798 2534 2931 2608 [Al.,
2961 2538 3225 2605 quasdam
3263 2537 3480 2609 natura]
3510 2539 3598 2592 in-

2005 2625 2156 2688 serit,
2197 2633 2256 2679 ut
2297 2623 2633 2695 religionem,
2680 2625 2940 2696 pietatem
2987 2625 3299 2699 [gratiam],
3348 2629 3593 2684 vindica-

2005 2716 2232 2782 tionem,
2272 2717 2695 2783 observantiam,
2744 2704 3054 2774 veritatem.
3095 2749 3167 2758 —
3206 2718 3340 2773 CAR.
3391 2720 3467 2775 De
3507 2721 3592 2776 his

2007 2809 2231 2880 singulis
2256 2809 2485 2864 lucidius
2519 2811 2690 2880 aperi.
2726 2841 2796 2850 —
2821 2809 2952 2866 ALn.
2997 2810 3196 2882 Religio
3223 2821 3324 2874 est,
3355 2827 3476 2882 quae
3504 2828 3597 2872 su-

2006 2902 2235 2970 perioris
2279 2901 2559 2972 cujusdam
2607 2910 2834 2967 naturae,
2885 2918 3047 2972 quam
3091 2903 3327 2957 divinam
3378 2913 3592 2970 vocant,

2008 3005 2198 3047 curam
2234 2991 2674 3061 ceremoniasque
2699 2990 2874 3046 aﬁ‘ert.
2915 2991 3116 3056 Pietas,
3154 3008 3254 3063 per
3279 3007 3442 3062 quam
3467 3009 3596 3048 san-

2008 3082 2169 3153 guine
2193 3081 2515 3151 conjunctis,
2545 3083 2840 3151 patriaaque
2878 3084 3152 3138 benevolis
3180 3083 3437 3148 otIicium,
3464 3082 3592 3137 dili-

326 3174 583 3245 quidquid
611 3171 828 3226 modum
867 3169 1100 3234 excedit,
1127 3170 1181 3223 in
1207 3171 1338 3225 vitio
1366 3157 1489 3224 est.‘
1516 3170 1640 3225 ideo
1679 3171 1907 3226 virtutes
2007 3187 2246 3244 gensque
2269 3173 2522 3227 tribuitur
2545 3173 2741 3239 cultus.
2773 3172 2981 3240 Gratia,
3012 3176 3066 3228 in
3096 3190 3202 3245 qua
3229 3177 3594 3230 amicitiarum

325 3267 382 3321 in
414 3265 590 3320 medio
617 3262 805 3332 positm
834 3268 980 3325 sunt,
1009 3259 1075 3314 de
1101 3260 1294 3328 quibus
1322 3267 1426 3312 tua:
1466 3260 1787 3314 venerandze
1811 3275 1909 3314 au-
2010 3261 2189 3334 [Mss.,
2216 3262 2644 3336 inimicitiarum]
2676 3275 2732 3318 et
2756 3263 3053 3320 ofﬁciorum
3084 3265 3306 3321 alterius
3332 3267 3595 3321 memoria

326 3353 564 3410 ctoritati
590 3351 744 3421 plura
771 3350 951 3403 dicere
991 3348 1306 3417 potuissem,
1334 3348 1379 3401 si
1405 3348 1696 3417 disputatio
1723 3355 1907 3402 nostra

2007 3362 2064 3406 et
2089 3355 2468 3410 remunerandi
2491 3355 2740 3410 voluntas
2760 3357 3088 3412 continetur.
3147 3355 3465 3421 Vindicatio,
3495 3372 3600 3429 per

326 3444 395 3498 ad
424 3443 587 3496 ﬁnem
613 3455 720 3493 non
749 3438 1066 3502 festinaret;
1097 3438 1220 3491 etsi
1251 3453 1356 3491 non
1395 3436 1721 3506 superﬂuum
1747 3438 1913 3492 avide-
2008 3458 2170 3512 quam
2209 3441 2300 3511 jus
2343 3453 2435 3498 aut
2464 3443 2656 3513 injuria
2679 3453 2736 3499 et
2779 3447 3001 3500 omnino
3043 3461 3224 3511 omne,
3255 3448 3398 3516 quod
3443 3445 3603 3501 obfu-

329 3542 482 3589 νθιυΐ
511 3539 687 3586 lCClUll
717 3528 784 3582 de
801 3526 1093 3581 Virtutibus
1117 3541 1296 3597 agere.
1323 3542 1483 3596 quem
1511 3527 1770 3580 Virtutum
1799 3543 1907 3582 non
2011 3543 2191 3589 turum
2220 3544 2326 3600 est,
2373 3535 2708 3592 defendendo
2753 3546 2846 3592 aut
2892 3537 3204 3594 ulciscendo
3228 3539 3596 3609 propulsatur.

329 3632 539 3679 tantum
569 3619 814 3683 scientia,
844 3617 940 3674 sed
967 3616 1132 3673 etiam
1159 3625 1326 3672 ornat
1353 3615 1658 3673 efﬁcientia.

2011 3625 2372 3692 Obseruantia,
2393 3643 2498 3696 qua
2522 3629 2768 3684 homines
2795 3630 2973 3699 aliqua
2996 3631 3254 3701 dignitate
3273 3630 3602 3686 anteceden-

397 3715 533 3769 Can.
567 3710 684 3765 Non
714 3720 893 3764 tamen
923 3718 992 3775 te,
1020 3711 1295 3780 magister,
1342 3708 1493 3778 prius
1522 3709 1789 3764 dimittam
1820 3726 1911 3766 ca-

2011 3725 2092 3773 tes
2118 3717 2263 3773 cultu
2293 3720 2526 3790 quodam
2563 3729 2620 3775 ct
2640 3720 2848 3776 honore
2873 3721 3180 3793 dignamur.
3234 3720 3436 3775 Veritas
3455 3763 3470 3785 ,
3500 3736 3603 3791 per

329 3805 535 3860 lamum
565 3800 929 3870 responsionis
955 3799 1228 3864 claudere,
1258 3814 1418 3868 quam
1453 3800 1584 3854 mihi
1611 3802 1828 3873 pentina
1855 3811 1909 3857 et
1961 3803 1974 3816 '
2009 3826 2170 3880 quam
2194 3827 2257 3866 ω
2287 3827 2407 3880 qua;
2429 3820 2571 3878 sum,
2601 3819 2695 3866 aut
2723 3827 2843 3882 qua;
2868 3811 3104 3878 fuel-um,
3138 3820 3231 3866 aut
3256 3829 3376 3883 qua,
3417 3811 3601 3866 [υωη

328 3905 514 3970 partes
539 3905 773 3965 quatuor
797 3895 1059 3948 virtutum
1089 3907 1346 3961 exponas,
1364 3907 1510 3961 quas
1548 3892 1754 3948 radices
1778 3893 1912 3947 alia-

329 4006 452 4045 rum
479 4004 599 4044 esse
635 3988 897 4041 virtutum
924 3984 1125 4040 dixisti.
1154 3983 1320 4038 Paulo
1345 3991 1469 4038 ante
1499 3983 1641 4038 inter
1661 4000 1760 4039 nos
1781 4001 1911 4040 con-

327 4086 486 4149 stitit,
549 4080 1019 4139 sermocinationis
1071 4079 1513 4134 exercitationem
1557 4092 1677 4132 esse
1724 4092 1912 4132 neces-

328 4176 547 4230 sariam.
581 4175 638 4228 ln
673 4189 779 4242 quo
807 4172 999 4227 melius
1040 4180 1125 4226 est
1155 4171 1459 4226 habendum
1505 4170 1772 4225 sermonis
1799 4177 1912 4224 stu-

327 4265 496 4330 dium,
525 4279 689 4333 quam
715 4263 774 4317 in
797 4263 1056 4316 virtutum
1087 4261 1442 4327 excellentia,
1473 4275 1593 4329 quae
1633 4261 1906 4329 utrinque,

327 4365 384 4411 et
409 4356 771 4412 scribentibus
794 4363 848 4408 et
873 4352 1175 4424 legentibus
1196 4351 1422 4406 multum
1449 4352 1705 4422 prodesse
1735 4350 1910 4406 valet?

329 4478 401 4490 -—-
425 4449 557 4504 Aut.
578 4446 838 4510 Prodest,
871 4455 931 4499 ut
956 4444 1113 4510 dicis,
1141 4443 1356 4498 domine
1387 4443 1468 4496 mi
1497 4457 1612 4506 rex,
1643 4443 1739 4497 sed
1766 4442 1910 4497 inter

328 4549 618 4609 utrumque
643 4548 908 4594 coarctor.
961 4536 1097 4591 Nam
1145 4535 1418 4590 succincta
1460 4535 1700 4590 brevitas
1738 4550 1909 4604 pauca

327 4629 587 4700 postulat,
616 4637 672 4684 et
700 4644 790 4684 res
815 4627 985 4682 ardua
1011 4625 1164 4696 plura
1189 4624 1483 4680 desiderat.

402 4721 537 4777 Cui.
564 4719 827 4791 Tempera
857 4731 908 4774 te
930 4718 1074 4773 inter
1094 4724 1406 4786 utrumque,
1428 4728 1496 4770 ue
1517 4723 1606 4770 aut
1632 4715 1912 4784 prolixitas

328 4812 630 4876 fastidium,
663 4819 754 4864 aut
780 4809 1019 4864 brevitas
1042 4806 1398 4880 ignorantiam
1427 4814 1665 4878 generet.
1687 4835 1760 4847 —
1776 4805 1907 4862 ALB.

329 4905 516 4961 Primo
541 4901 818 4958 sciendum
845 4907 948 4965 est,
979 4898 1122 4969 quod
1147 4897 1391 4967 quaedam
1413 4912 1506 4952 res
1532 4905 1641 4951 tam
1671 4897 1832 4953 clarae
1859 4906 1914 4952 et

332 5007 446 5051 tam
471 4993 680 5050 nobiles
712 5001 858 5057 sunt,
905 5001 964 5044 ut
1012 5006 1117 5045 non
1161 4998 1384 5060 propter
1412 4989 1555 5046 aliud
1583 4989 1914 5045 emolumen-

334 5100 447 5146 tum
485 5085 798 5158 expetendae
839 5085 968 5148 sint,
999 5082 1093 5138 sed
1136 5091 1357 5152 propter
1385 5098 1537 5138 suam
1579 5082 1914 5138 solummodo

334 5181 653 5252 dignitatem
677 5175 918 5232 amandze
942 5183 1068 5229 sunt
1094 5182 1151 5227 et
1167 5172 1540 5242 exsequendas.

401 5271 536 5329 Cm.
587 5270 697 5326 Has
725 5270 872 5340 ipsas
913 5282 1001 5322 res
1048 5280 1374 5336 magnOpere
1410 5265 1572 5320 velim
1621 5282 1914 5336 agnoscere

334 5364 516 5438 Uias,
539 5359 1148 5435 cognoscere].—Atn.
1182 5357 1274 5412 Ea:
1301 5367 1426 5412 sunt
1445 5360 1639 5426 virtus,
1662 5361 1911 5426 scientia,

333 5457 554 5518 veritas,
577 5471 730 5511 amor
749 5455 940 5509 bonus.
958 5481 1028 5491 —
1045 5450 1176 5506 Cn.
1197 5449 1447 5518 Nunquid
1473 5449 1624 5523 [non]
1650 5453 1750 5506 has
1766 5451 1918 5507 Chri-

331 5547 507 5602 stiana
536 5546 722 5617 religio
747 5545 986 5615 apprime
1009 5542 1228 5597 laudat?
1249 5571 1319 5582 —
1337 5541 1470 5598 ALn.
1501 5542 1712 5598 Laudat
1737 5553 1790 5599 et
1819 5559 1912 5599 co-

334 5632 417 5684 lit.
443 5666 508 5676 -—
531 5638 664 5690 Cia.
694 5637 830 5708 Quid
872 5637 1203 5707 philosophis
1247 5653 1370 5691 cum
1415 5637 1483 5692 iis
1505 5637 1528 5690 ’ἒ
1547 5667 1616 5677 -
1645 5636 1776 5692 Ate.
1806 5637 1914 5693 Has

2008 3913 2156 3970 sunt,
2181 3905 2489 3960 indicantur
2501 3904 2628 3978 [Ms.
2641 3945 2654 3971 ,
2673 3905 2968 3979 dicuntur].
2989 3937 3060 3946 —-
3083 3905 3216 3961 CAR.
3233 3905 3512 3973 Quomodo
3531 3921 3602 3960 ex

2009 3996 2415 4051 consuetudinis
2437 4011 2533 4050 usu
2545 3996 2755 4066 justitia
2773 4005 3022 4052 servatur
3042 3997 3150 4050 ?—-
3163 3997 3292 4052 ALB.
3324 3996 3401 4050 Ex
3416 4004 3602 4067 pacto,

2007 4085 2144 4154 pari,
2169 4083 2412 4154 judicato
2434 4084 2532 4157 [et]
2561 4100 2624 4140 ex
2655 4085 2789 4156 lege.
2825 4115 2897 4126 —-
2923 4086 3058 4142 CAR.
3088 4087 3215 4142 Plus
3237 4102 3423 4158 quaero
3453 4096 3510 4142 et
3535 4088 3604 4143 de

2010 4177 2096 4232 his
2131 4192 2363 4246 quoque.
2389 4208 2460 4217 —
2494 4178 2628 4233 Au.
2659 4177 2883 4232 Pactum
2911 4188 2996 4234 est
3031 4181 3177 4249 quod
3211 4180 3354 4234 inter
3389 4179 3604 4251 aliquos

2008 4269 2278 4324 convenit.
2333 4266 2447 4324 Par
2483 4270 2534 4324 in
2564 4285 2753 4325 omnes
2793 4271 3057 4340 aequabile
3098 4279 3202 4326 est.
3265 4271 3599 4338 Judicatum,

2010 4361 2153 4431 quod
2181 4360 2406 4430 alicujus
2449 4363 2628 4434 magni
2672 4362 2798 4428 viri,
2848 4373 2949 4418 aut
2977 4364 3280 4434 aliquorum
3317 4365 3603 4420 sententiis

2011 4449 2361 4505 constitutum
2390 4459 2492 4505 est.
2515 4450 2629 4506 Lex
2657 4460 2742 4507 est
2767 4453 2914 4506 omni
2960 4453 3158 4524 populo
3187 4453 3446 4524 scriptum
3487 4452 3599 4524 jus,

2009 4540 2139 4611 quid
2163 4555 2355 4595 cavere
2383 4541 2466 4595 vel
2495 4542 2625 4611 quid
2651 4542 2942 4598 observare
2966 4544 3176 4600 debeat.

2080 4631 2214 4688 Cn.
2241 4631 2394 4687 Nunc
2422 4630 2795 4689 fortitudinem
2823 4649 2945 4689 cum
2988 4636 3102 4690 suis
3144 4637 3392 4706 partibus
3415 4644 3476 4690 ut
3501 4637 3600 4692 deo

2011 4737 2231 4792 promas
2256 4721 2506 4792 eﬂlagito.
2535 4754 2604 4763 —
2629 4724 2760 4779 Arn.
2815 4723 3096 4781 Fortitudo
3137 4735 3220 4782 est
3257 4729 3601 4798 magnanima

2011 4813 2372 4884 periculon
2400 4823 2457 4868 et
2490 4813 2736 4870 laborum
2761 4816 3056 4886 perpessio.
3094 4817 3223 4888 Ejus
3258 4827 3446 4888 partes
3475 4830 3604 4873 sunt

2019 4905 2435 4977 magniﬁcentia,
2485 4905 2724 4972 ﬁdentia,
2770 4908 3050 4978 patientia,
3081 4910 3506 4980 perseverantia.
3532 4939 3601 4951 --

2012 4993 2149 5051 Cn.
2177 4995 2379 5052 Harum
2401 4997 2640 5052 rationes
2665 4997 2896 5066 patelac.
2927 5028 3000 5039 —
3027 4998 3159 5054 Au.
3203 4997 3598 5068 Magniﬁcentia

2018 5095 2102 5140 est
2122 5101 2301 5140 rerum
2323 5102 2641 5157 magnarum
2657 5097 2715 5142 et
2731 5087 3065 5143 cxcelsarum
3081 5103 3203 5144 cum
3227 5089 3394 5143 animi
3421 5089 3598 5160 ampla

2017 5178 2250 5250 quadam
2287 5185 2344 5233 et
2383 5178 2662 5247 splendida
2707 5180 3078 5249 propositione
3115 5181 3393 5251 cogitatio,
3438 5189 3601 5250 atque

2018 5272 2416 5327 administratio
2439 5270 2632 5344 [Edit.,
2658 5272 2824 5326 animi
2863 5272 3155 5345 invitatio].
3199 5271 3448 5327 Fidentia
3494 5282 3598 5337 est,

2014 5378 2113 5432 per
2141 5377 2304 5432 quam
2346 5363 2556 5433 magnis
2584 5371 2638 5417 et
2664 5362 2908 5419 honestis
2936 5364 2990 5418 in
3038 5365 3202 5419 rebus
3234 5363 3462 5418 multum
3486 5365 3601 5418 ani-

2015 5470 2136 5509 mus
2157 5455 2210 5509 in
2234 5470 2293 5510 sc
2314 5454 2524 5509 ﬁducia:
2543 5463 2692 5510 certa
2723 5468 2848 5508 cum
2873 5470 2970 5525 spe
2993 5454 3298 5510 collocavit.
3331 5452 3597 5509 Patientia

2015 5555 2100 5602 est
2123 5547 2421 5604 honestatis
2461 5556 2555 5602 aut
2599 5545 2850 5602 utilitatis
2888 5561 3050 5602 causa
3080 5561 3262 5602 rerum
3307 5546 3598 5600 arduamm

2017 5649 2108 5696 aut
2132 5639 2424 5695 difﬁcilium
2445 5638 2748 5696 voluntaria
2774 5654 2838 5696 ac
2859 5638 3111 5696 diuturna
3138 5637 3435 5710 perpessio.
3468 5636 3598 5690 Per-
