3906 6190
319 299 422 357 965

1163 289 1632 348 DlDASCALlCA.
1670 321 1739 329 -ο
1776 287 2044 344 DlALOG.
2087 289 2174 343 DE
2209 286 2415 342 RHET.
2457 286 2545 341 ET
2585 286 2765 342 VIRT.

3467 290 3570 345 9.16

317 411 612 469 severantia
638 418 723 465 est
753 410 806 464 in
835 409 1046 464 ratione
1071 409 1207 464 bene
1235 408 1574 463 considerata
1609 406 1817 462 stabilis
1838 415 1892 461 et
1923 410 1968 468 Λ
1993 403 2139 458 vatio
2167 403 2623 474 spectem—Au.
2653 405 2723 460 Ut
2743 404 2995 475 diligatur
3017 404 3159 460 Deus
3185 415 3240 459 et
3267 404 3567 476 proximus.

317 509 576 574 perpetua
603 501 928 571 permansio.

388 593 523 650 Cm.
550 592 741 647 Restat
771 590 915 664 [tibi]
941 599 1001 646 ut
1027 593 1094 646 de
1137 592 1491 662 temperantia
1521 592 1687 655 dicas,
1729 607 1759 645 a
1787 606 1892 660 qua

318 692 438 738 orta
459 691 542 739 est
563 683 718 737 nobis
736 682 804 736 de
819 681 1107 736 virtutibus
1135 682 1409 752 inquisitio
1431 697 1447 736 :
1477 683 1630 752 cujus
1653 683 1895 754 proprie—

319 785 488 831 tatem
531 782 586 828 et
635 773 871 843 partium
927 772 1069 826 illius
1118 773 1304 826 audire
1352 783 1722 844 exspecto.—
1757 774 1889 828 Ann.

324 865 691 936 Temperantia
707 871 792 918 est
815 861 1289 935 rationalis[Mss.,
1312 862 1669 935 rationabilis]
1697 865 1750 918 in
1768 863 1892 919 lilii-

320 959 503 1014 dinem
533 965 694 1025 atque
722 955 777 1010 in
805 955 940 1010 alios
962 970 1065 1010 non
1087 963 1264 1011 rectos
1282 954 1512 1026 impetus
1528 954 1715 1028 [animi
1739 956 1892 1010 ﬁrma

319 1055 375 1102 et
402 1044 701 1117 moderata]
733 1043 1027 1100 dominatio
1051 1043 1246 1116 [Edit.,
1279 1046 1510 1116 impetus
1548 1045 1888 1121 moderatio].

319 1135 450 1207 Ejus
475 1145 658 1206 partes
686 1144 813 1191 sunt
837 1153 850 1190 :
879 1134 1228 1205 continentia,
1256 1135 1568 1202 clementia,
1609 1138 1888 1194 modestia.

320 1225 650 1281 Continentia
674 1234 778 1291 est,
801 1240 898 1295 per
926 1239 1086 1294 quam
1111 1225 1288 1281 omnis
1317 1225 1455 1281 mala
1485 1227 1752 1296 cupiditas
1779 1243 1896 1282 ma-

318 1334 423 1390 gna
451 1316 659 1374 consilii
681 1316 1068 1386 gubernatione
1105 1315 1312 1387 regitur
1335 1324 1391 1372 et
1413 1317 1749 1386 deprimitur.
1780 1316 1896 1372 Cle-

317 1410 514 1464 mentia
533 1416 634 1470 est,
665 1422 764 1478 per
783 1422 945 1478 quam
973 1407 1168 1476 injuria
1197 1415 1251 1461 et
1268 1407 1389 1462 odia
1419 1408 1538 1461 miti
1566 1408 1746 1463 animo
1766 1409 1896 1464 reti-

318 1505 533 1553 nentur.
564 1497 826 1551 Modestia
867 1504 974 1562 est,
1002 1512 1098 1566 per
1125 1511 1288 1566 quam
1331 1497 1496 1552 totius
1539 1497 1662 1552 vita
1705 1498 1896 1554 modus

317 1607 415 1648 seu
459 1592 626 1647 animi
669 1606 764 1646 seu
809 1590 1053 1660 corporis
1095 1590 1331 1646 motibus
1383 1589 1580 1662 [Edit.,
1627 1591 1894 1665 moribus]

317 1685 516 1756 ubique
533 1685 746 1741 honesti
767 1701 896 1740 cura
917 1695 1181 1740 servatur.

391 1775 523 1832 (ἶλιι.
565 1775 750 1831 Honor
781 1776 1012 1832 eximius
1053 1786 1138 1832 est
1181 1792 1366 1832 coram
1405 1776 1715 1832 hominibus
1756 1777 1898 1832 hanc

318 1867 579 1931 servanti,
607 1875 664 1922 et
689 1867 806 1922 laus
833 1867 974 1937 apud
1015 1867 1300 1922 Dominum
1333 1866 1515 1939 [Mss.,
1546 1867 1760 1940 Deum].
1792 1866 1898 1922 Sed

322 1959 495 2015 miror
533 1975 630 2014 nos
653 1959 1008 2026 Christianos,
1037 1961 1082 2016 si
1114 1960 1235 2033 [illi]
1265 1961 1565 2032 philosophi
1598 1963 1697 2016 has
1729 1962 1900 2016 virtu-

319 2060 404 2106 tes
441 2051 511 2104 ob
552 2050 763 2105 illarum
811 2059 1018 2106 tantum
1058 2052 1371 2123 dignitatem
1395 2053 1478 2107 vel
1523 2052 1735 2107 laudem
1776 2056 1900 2108 vita

317 2147 692 2206 servaverunt,
736 2157 835 2196 cur
862 2157 962 2197 nos
989 2142 1056 2196 ab
1096 2143 1164 2197 iis
1192 2143 1248 2198 in
1293 2143 1474 2199 multis
1517 2143 1674 2198 devio
1712 2159 1898 2200 errore

318 2231 669 2296 declinamus,
709 2247 830 2287 cum
871 2234 987 2289 hac
1020 2249 1164 2288 nunc
1193 2235 1247 2288 in
1278 2234 1382 2290 fide
1413 2244 1468 2290 et
1497 2236 1761 2291 charitate
1785 2252 1898 2290 ser-

318 2323 572 2377 vantibus
594 2321 773 2394 [Hss.,
789 2322 1225 2394 observantibus]
1251 2333 1466 2380 aeterna
1491 2325 1672 2396 gloria
1698 2326 1766 2380 ab
1782 2325 1897 2396 ipsa

319 2411 548 2466 veritate
586 2411 802 2468 Christo
843 2411 971 2468 Jesu
1015 2414 1234 2484 pramia
1276 2414 1736 2485 pollicentur?—
1759 2416 1893 2472 Aw.

320 2500 448 2555 Plus
484 2501 776 2557 miserandi
803 2517 961 2572 quam
1003 2504 1236 2561 mirandi
1273 2520 1478 2571 sumus,
1527 2507 1652 2577 quia
1678 2506 1898 2576 plurimi

319 2605 388 2645 ex
411 2592 609 2646 nostris
629 2601 774 2654 sunt.
797 2609 933 2663 quos
954 2609 1053 2649 nec
1075 2604 1251 2650 terror
1276 2611 1581 2666 partarum,
1605 2613 1706 2653 nec
1729 2597 1897 2668 gloria

314 2682 662 2752 pramiorum
688 2685 756 2739 ad
785 2685 1044 2739 virtutum
1071 2686 1384 2756 dignitatem
1413 2697 1648 2744 revocat.

391 2771 525 2829 CAR.
567 2773 817 2846 Agnosco
859 2784 915 2831 et
941 2777 1058 2832 sine
1087 2777 1341 2850 lacrymis
1380 2795 1485 2835 non
1534 2781 1658 2838 dico
1698 2783 1898 2840 multos

317 2881 440 2922 esse
466 2867 618 2922 tales.
659 2866 912 2922 Attamen
937 2884 1090 2940 rogo,
1114 2876 1193 2935 ut,
1225 2887 1386 2940 quam
1428 2873 1667 2928 breviter
1693 2874 1890 2944 possis,

317 2957 591 3012 edisseras
627 2960 895 3028 quomodo
919 2960 1003 3015 ha
1027 2961 1350 3016 excellentes
1376 2963 1602 3019 virtutes
1633 2965 1685 3018 in
1713 2975 1897 3020 nostra

316 3049 577 3120 religione
615 3049 921 3107 Christiana
966 3053 1324 3122 intelligenda
1350 3063 1512 3125 atque
1548 3057 1897 3112 observanda

316 3141 472 3197 sint?
496 3172 567 3182 —
588 3142 720 3198 ALB.
746 3144 936 3200 Nonne
966 3145 1060 3200 tibi
1088 3147 1299 3201 videtur
1332 3149 1594 3218 sapientia
1624 3165 1765 3216 esse,
1790 3165 1897 3220 qua

315 3233 462 3289 Deus
489 3235 781 3290 secundum
809 3237 1084 3292 modulum
1114 3237 1364 3294 humana
1407 3241 1605 3296 mentis
1645 3241 1900 3312 intelligi-

315 3333 410 3382 tur
435 3335 490 3382 et
521 3327 757 3390 timetur,
783 3335 837 3382 et
864 3327 1105 3384 futurum
1135 3331 1251 3401 ejus
1276 3333 1514 3387 creditur
1533 3330 1831 3400 judicium?

389 3415 523 3471 CAR.
563 3417 805 3488 Intelligo
833 3419 911 3492 [ct
939 3421 1197 3493 assentio]
1228 3424 1361 3478 nihil
1405 3440 1526 3481 esse
1565 3426 1667 3482 hac
1690 3427 1902 3498 sapien-

316 3506 392 3560 tia
421 3503 601 3577 [Mss.,
646 3509 771 3564 huic
818 3511 1116 3584 sapientia]
1164 3515 1534 3572 excellentius.
1584 3517 1649 3572 Et
1701 3518 1753 3571 in
1800 3517 1901 3574 Job

317 3597 501 3652 recolo
531 3599 788 3669 scriptum
813 3619 824 3653 :
858 3601 998 3656 Ecce
1017 3602 1252 3658 hominis
1280 3605 1566 3673 sapientia,
1597 3607 1788 3675 pietas.
1814 3606 1903 3679 [Et

316 3689 451 3758 quid
499 3690 692 3760 pietas,
741 3692 844 3747 nisi
901 3693 994 3747 Dei
1044 3692 1237 3756 cultus,
1296 3694 1410 3766 qui]
1465 3695 1651 3752 Grace
1705 3698 1905 3752 dicitur

316 3781 590 3853 Θιοσὲβιια
619 3779 799 3852 [Mss.,
827 3784 1191 3856 theosebion].
1217 3815 1290 3825 —
1315 3784 1446 3839 Au.
1475 3786 1620 3842 Bene
1650 3788 1903 3859 intelligis

316 3876 377 3925 et
395 3884 541 3926 vere.
572 3869 678 3926 Sed
705 3873 834 3942 quid
869 3874 963 3928 tibi
985 3873 1196 3944 justitia
1237 3875 1448 3930 videtur
1473 3891 1613 3943 esse,
1645 3879 1747 3933 nisi
1775 3880 1904 3934 cha-

316 3963 456 4018 ritas
481 3963 574 4017 Dei
605 3962 826 4034 ejusque
845 3966 1219 4022 mandatorum
1247 3967 1599 4022 observatio?

391 4051 523 4108 Cui.
554 4053 623 4108 Et
660 4054 762 4109 hoc
804 4071 1055 4126 agnosco.
1095 4057 1238 4112 Nihil
1287 4059 1388 4114 hac
1429 4057 1639 4127 justitia
1681 4061 1900 4132 justius,

318 4144 432 4198 imo
459 4142 660 4198 nullam
688 4144 850 4199 aliam
888 4161 1008 4202 esse
1035 4148 1137 4202 nisi
1169 4149 1345 4202 istam.
1381 4180 1452 4190 —
1476 4149 1609 4206 ALa.
1651 4151 1905 4222 Nunquid

320 4249 431 4289 non
457 4233 823 4290 fortitudinem
868 4251 989 4291 esse
1033 4239 1231 4302 cernis,
1282 4254 1388 4308 qua
1434 4239 1606 4297 hostis
1652 4243 1905 4314 antiquus

318 4324 580 4391 vincitur,
603 4334 660 4382 et
680 4327 906 4382 adversa
937 4328 1122 4382 mundi
1151 4327 1367 4384 fortiter
1392 4331 1740 4388 tolerantur?

391 4413 548 4485 331
577 4405 710 4471 Cn.
741 4416 918 4472 Cerno
941 4419 1212 4488 equidem,
1244 4435 1344 4476 nec
1368 4421 1571 4493 aliquid
1608 4425 1712 4480 bac
1736 4426 1904 4480 victo-

321 4504 407 4558 ria
435 4503 756 4562 laudabilius
775 4508 1006 4564 astimo.
1036 4539 1108 4548 —
1133 4507 1265 4566 ALB.
1295 4510 1378 4565 An
1404 4515 1756 4584 temperantia
1791 4533 1899 4572 non

319 4604 428 4659 est,
480 4611 601 4666 qua
649 4595 924 4654 libidinem
985 4599 1260 4666 refrenat,
1299 4605 1582 4659 avaritiam
1633 4607 1902 4677 reprimit,

322 4697 515 4739 omnes
539 4685 703 4740 animi
731 4686 964 4758 impetus
985 4690 1139 4744 sedat
1154 4699 1208 4745 et
1235 4693 1536 4761 temperat?
1555 4724 1624 4733 —
1647 4693 1779 4748 CAR.
1807 4695 1904 4751 Est

324 4783 382 4829 et
406 4789 534 4832 vere
563 4775 690 4850 lest,
725 4777 801 4851 et]
839 4781 988 4835 omni
1022 4781 1226 4836 homini
1255 4781 1410 4838 valde
1438 4786 1763 4840 necessaria.
1795 4785 1901 4842 Sed

325 4867 505 4926 adhuc
529 4885 735 4941 quam,
759 4871 828 4926 ad
850 4886 1012 4944 quem
1036 4873 1196 4929 finem
1227 4874 1418 4928 harum
1440 4875 1697 4930 virtutum
1717 4877 1904 4932 obser-

1991 492 2074 546 An
2102 492 2246 548 aliud
2265 495 2538 550 astimas?

2061 583 2193 638 Cm.
2240 583 2325 639 Nil
2370 584 2617 654 equidem
2647 587 2810 642 aliud.
2847 585 2956 642 Sed
2994 602 3157 658 quam
3186 587 3352 642 breve
3385 587 3573 642 auditu

1992 681 2096 738 est,
2127 681 2236 728 tam
2260 675 2472 731 difﬁcile
2500 676 2648 732 factu
2685 687 2769 734 est
2809 687 2864 733 et
2900 679 3148 734 arduum.
3175 679 3404 735 —,ALn.
3433 679 3573 747 Quid

1993 761 2204 818 facilius
2229 774 2312 819 est
2342 781 2503 836 quam
2539 783 2724 824 amare
2755 770 2961 839 species
2998 770 3273 840 pulchras,
3305 779 3361 826 et
3390 770 3576 826 dulces

1993 869 2235 923 sapores,
2264 872 2425 912 sonos
2460 874 2679 925 suaves,
2702 861 2894 916 odores
2924 861 3247 931 fragrantes,
3277 871 3455 918 tactus
3487 861 3578 931 ju-

1993 945 2216 1009 cundos,
2247 947 2480 1004 honores
2508 957 2564 1003 et
2589 949 2875 1007 felicitates
2903 953 3117 1008 saculi?
3146 953 3272 1009 Hac
3297 969 3365 1010 ne
3390 969 3575 1009 amare

1993 1037 2146 1094 facile
2167 1046 2251 1092 est
2270 1039 2480 1103 anima,
2508 1056 2626 1110 qua
2648 1041 2793 1096 velut
2813 1043 3043 1098 volatilis
3067 1046 3258 1100 umbra
3281 1046 3576 1110 recedunt;

1993 1139 2050 1186 et
2093 1131 2260 1186 Deum
2308 1146 2415 1186 non
2470 1147 2672 1195 amare,
2711 1134 2801 1203 qui
2849 1143 2935 1190 est
2977 1143 3177 1190 aterna
3205 1135 3578 1204 pulchritudo,

1995 1231 2197 1277 atema
2230 1223 2492 1288 suavitas,
2519 1232 2721 1279 aeterna
2748 1225 2992 1291 dulcedo,
3023 1234 3226 1281 atema
3255 1225 3574 1297 fragrantia,

1995 1321 2197 1368 aterna
2222 1313 2551 1385 jucunditas,
2583 1325 2875 1386 perpetuus
2899 1317 3088 1381 honor,
3118 1317 3434 1373 indeficiens
3458 1317 3577 1372 feli-

1995 1407 2165 1462 citas?
2189 1407 2420 1462 Maxime
2445 1423 2568 1463 cum
2595 1407 2789 1462 divina
2815 1407 3109 1478 Scriptura
3130 1409 3205 1462 nil
3229 1409 3373 1464 aliud
3395 1409 3577 1464 nobis-

1997 1511 2121 1550 cum
2149 1505 2332 1567 agant,
2361 1499 2462 1552 nisi
2489 1505 2548 1552 ut
2577 1497 2862 1568 diligamus
2888 1500 3055 1554 Deum
3081 1509 3136 1554 et
3160 1499 3444 1554 Dominum
3475 1515 3574 1556 no-

1997 1599 2166 1644 strum
2189 1604 2256 1642 ex
2279 1597 2390 1643 toto
2409 1589 2595 1654 corde,
2617 1604 2684 1644 ex
2711 1597 2821 1644 tota
2842 1590 3020 1644 anima
3041 1598 3096 1644 et
3128 1605 3196 1646 ex
3225 1598 3341 1644 tota
3376 1599 3577 1656 mente,

1997 1686 2054 1732 et
2086 1679 2387 1746 proximum
2429 1687 2672 1733 nostrum
2729 1688 2983 1749 tanquam
3034 1681 3411 1751 nosmetipsos.
3443 1680 3579 1736 Nam

1925 1757 1971 1820 Β
1999 1769 2325 1837 promissum
2351 1769 2612 1824 habemus
2637 1770 2705 1824 ab
2735 1769 2847 1836 illo,
2869 1771 2961 1840 qui
2985 1770 3171 1826 fallere
3197 1771 3409 1844 ignorat
3440 1790 3452 1825 :
3477 1771 3580 1826 Ju-

1995 1875 2138 1930 gum,
2169 1860 2364 1928 inquit,
2392 1877 2563 1914 meum
2594 1878 2749 1915 suave
2777 1871 2851 1914 est
2876 1871 2924 1916 et
2965 1879 3095 1916 onus
3124 1879 3294 1917 meum
3320 1861 3446 1917 leve.
3476 1862 3582 1918 La-

1996 1952 2264 2008 boriosior
2283 1961 2368 2007 est
2400 1953 2544 2007 enim
2590 1969 2743 2008 amor
2767 1954 2926 2024 hujus
2956 1957 3142 2011 mundi
3165 1971 3328 2026 quam
3355 1957 3578 2014 Christi.

1997 2039 2150 2106 Quod
2177 2041 2322 2095 enim
2351 2040 2405 2096 in
2435 2042 2527 2096 illo
2554 2043 2736 2096 anima
2760 2045 2974 2114 quarit,
3005 2061 3112 2101 non
3137 2047 3363 2112 invenit,
3394 2049 3448 2104 id
3472 2057 3581 2116 est,

1997 2129 2312 2187 felicitatem
2335 2142 2392 2189 et
2417 2135 2808 2201 aeternitatem;
2838 2138 3092 2207 quoniam
3113 2141 3228 2195 hac
3255 2141 3436 2195 intima
3460 2142 3581 2212 pul-

1996 2222 2250 2277 chritudo
2281 2225 2478 2278 transit
2500 2232 2554 2278 et
2581 2225 2804 2291 recedit,
2834 2227 2918 2282 vel
2949 2238 3222 2285 amantem
3245 2233 3465 2299 deserit,
3491 2236 3583 2290 vel

1998 2314 2071 2372 ah
2104 2323 2322 2369 amante
2371 2313 2657 2370 deseritur.
2691 2315 2893 2372 Teneat
2941 2331 3071 2390 ergo
3113 2320 3292 2375 anima
3333 2321 3579 2379 ordinem

1998 2421 2176 2460 suum.

2068 2495 2201 2552 Cm.
2233 2495 2365 2563 Quis
2391 2505 2477 2553 est
2494 2499 2628 2554 ordo
2653 2499 2848 2554 anima
2861 2499 3088 2556 ?—Ai.n.
3125 2501 3194 2557 Ut
3212 2501 3582 2574 diligat,quod

1997 2591 2247 2660 superius
2275 2599 2378 2656 est,
2415 2591 2471 2646 id
2494 2600 2597 2658 est,
2639 2593 2838 2660 Deum;
2869 2585 2926 2650 et
2949 2605 3122 2666 regat,
3165 2599 3310 2666 quod
3355 2597 3583 2654 inferius

1997 2689 2100 2748 est,
2128 2681 2182 2737 id
2207 2690 2310 2747 est,
2334 2697 2562 2754 corpus;
2614 2691 2669 2738 et
2701 2684 2874 2740 socias
2917 2685 3125 2741 animas
3163 2686 3446 2743 dilectione
3483 2704 3581 2742 nu-

1998 2775 2128 2829 triat
2153 2783 2208 2830 et
2238 2774 2436 2832 foveat.
2495 2775 2593 2832 His
2640 2778 2782 2832 enim
2832 2778 3112 2835 sacrificiis
3143 2789 3383 2852 purgata
3420 2790 3585 2852 atque

1998 2877 2292 2924 exonerata
2326 2870 2507 2924 anima
2534 2871 2603 2924 ab
2631 2871 2735 2927 hac
2759 2871 3030 2928 laboriosa
3056 2882 3113 2929 et
3142 2890 3444 2932 arumnosa
3472 2878 3583 2932 vita

1999 2962 2264 3020 revolabit
2291 2962 2382 3034 [ad
2409 2962 2670 3036 quietem]
2698 2973 2754 3019 et
2779 2965 3002 3020 intrabit
3025 2964 3156 3037 [Αι.,
3188 2965 3496 3040 emigrabit]
3528 2969 3588 3023 in

1923 3102 1970 3165 ο
2001 3054 2255 3124 gaudium
2286 3053 2500 3108 Domini
2525 3054 2627 3109 sui.

2071 3143 2204 3201 CAR.
2245 3144 2492 3216 Magnum
2535 3146 2823 3215 quemdam
2868 3147 3043 3202 virum
3093 3155 3149 3203 et
3193 3162 3322 3202 vere
3366 3149 3581 3203 beatum

1999 3236 2282 3305 pradicas,
2314 3236 2589 3307 magister.
2618 3266 2690 3276 —-—
2712 3235 2844 3291 Am.
2877 3236 3124 3308 Magnum
3157 3245 3210 3292 te
3239 3237 3404 3293 faciat
3439 3237 3582 3294 Deus

2000 3333 2056 3380 et
2079 3340 2208 3380 vere
2232 3325 2473 3389 beatum,
2492 3324 2707 3380 domine
2736 3326 2808 3380 mi
2839 3340 2954 3390 rex,
2984 3334 3040 3380 et
3078 3327 3132 3380 in
3179 3326 3284 3380 hac
3324 3327 3584 3382 virtutum

2001 3416 2282 3488 quadriga,
2302 3415 2370 3472 de
2393 3432 2495 3487 qua
2519 3416 2678 3485 paulo
2696 3425 2820 3471 ante
2835 3417 3068 3488 egimus,
3090 3417 3156 3472 ad
3177 3417 3411 3472 caelestis
3432 3418 3590 3490 regnis

2002 3518 2180 3560 arcem
2225 3505 2453 3576 geminis
2495 3505 2798 3562 dilectionis
2838 3509 3032 3578 pennis
3075 3507 3329 3564 saeculum
3357 3509 3461 3564 hoc
3486 3524 3585 3564 nc-

2001 3610 2163 3666 quam
2192 3595 2529 3651 transvolare
2557 3597 2834 3654 concedat.

2072 3685 2207 3741 Cm.
2236 3687 2374 3749 Fiat,
2403 3687 2517 3752 fiat,
2545 3691 2713 3759 gratia
2741 3689 2922 3744 divina
2945 3691 3194 3745 donante.
3214 3692 3428 3747 —ALn.
3457 3693 3586 3748 Ser-

2002 3791 2092 3832 mo
2120 3778 2224 3833 iste
2253 3786 2462 3843 noster,
2491 3779 2584 3847 qui
2613 3779 2681 3833 de
2708 3779 2927 3835 volubili
2959 3782 3196 3836 civilium
3228 3785 3585 3851 quastionum

2003 3872 2221 3943 ingenio
2249 3870 2390 3944 [Al.,
2439 3871 2629 3944 genio]
2661 3872 2872 3926 initium
2927 3874 3136 3939 habuit,
3179 3875 3324 3931 hunc
3370 3883 3587 3933 aterna

2003 3961 2314 4018 stabilitatis
2372 3963 2569 4017 habeat
2622 3961 2805 4028 ﬁnem,
2838 3977 2905 4016 ne
2935 3963 3132 4033 aliquis
3171 3979 3272 4020 nos
3311 3965 3585 4023 incassum

2005 4062 2214 4109 tantum
2244 4054 2566 4125 disputando
2593 4055 2803 4110 itineris
2831 4057 3104 4128 peregisse
3129 4060 3439 4115 contendat.

2073 4144 2206 4202 CAR.
2232 4145 2365 4214 Quis
2391 4155 2493 4213 est,
2527 4148 2619 4217 qui
2660 4146 2862 4204 frustra
2904 4152 3258 4207 sermocinari
3285 4155 3482 4210 audeat
3507 4157 3588 4212 di-

2003 4253 2146 4304 cere,
2171 4239 2215 4293 si
2239 4245 2332 4292 aut
2358 4239 2708 4294 honestarum
2737 4238 2842 4313 [est
2860 4241 3067 4316 saculi]
3090 4252 3362 4300 scrutator
3385 4246 3587 4319 [curio-

2004 4328 2120 4404 sus]
2168 4331 2387 4397 artium,
2442 4339 2537 4390 aut
2581 4332 2959 4390 excellentium
3013 4343 3250 4393 sectator
3281 4339 3586 4395 virtutum?

1929 4420 2143 4510 DNam
2189 4436 2296 4487 me,
2349 4430 2407 4476 ut
2459 4421 2650 4488 fateor,
2705 4423 2773 4478 ad
2814 4424 2913 4479 has
2942 4424 3317 4495 inquisitiones
3347 4429 3587 4486 scientia.

2007 4528 2160 4568 amor
2183 4512 2409 4568 adduxit
2437 4529 2450 4565 :
2483 4520 2539 4568 et
2569 4515 2663 4569 tibi
2685 4515 2913 4585 gratiam
2936 4517 3129 4584 habeo,
3158 4521 3301 4588 quod
3329 4521 3586 4592 inquisita

2007 4619 2113 4659 non
2142 4604 2371 4674 negasti.
2401 4602 2479 4658 Ac
2507 4604 2628 4658 ideo
2653 4604 2793 4659 hanc
2823 4613 3029 4661 tuarum
3057 4611 3467 4679 responsionum
3494 4612 3591 4668 be-

2008 4695 2365 4751 nevolentiam
2390 4695 2578 4764 probo,
2618 4701 2674 4749 et
2703 4694 2960 4750 studiosis
2991 4696 3326 4768 profuturam
3351 4717 3471 4758 esse
3499 4718 3588 4757 ar-

2002 4786 2204 4849 bitror;
2243 4786 2288 4841 si
2335 4786 2496 4841 modo
2545 4785 2755 4841 macula
2808 4785 2993 4844 livoris
3021 4788 3287 4862 legentem
3323 4808 3428 4846 non
3469 4809 3591 4849 cors

2005 4878 2222 4947 rumpit.

1721 4985 2159 5049 SCHEMATA

328 5080 480 5156 Qua!
509 5090 877 5161 sequuntur,
912 5083 979 5143 in
1013 5081 1150 5144 cod.
1192 5101 1333 5144 mss.
1362 5085 1428 5145 S.
1461 5083 1858 5171 Em‘merami,
1891 5087 2287 5171 risingensi
2311 5132 2328 5158 ,
2377 5088 2525 5150 aliis
2558 5135 2573 5162 ,
2637 5097 2818 5171 atque
2867 5094 2933 5153 in
2967 5094 3237 5157 editione
3277 5098 3588 5160 Duacemt'

1345 5163 1496 5222 anni
1533 5163 1687 5225 1564
1715 5164 1938 5243 ﬁguris
1971 5163 2518 5246 reprasentantur.

1282 5265 1321 5318 Ι.

1573 5362 1758 5413 Natura

1023 5394 1050 5533 ς
1128 5423 1217 5473 \‘ir
1243 5424 1395 5473 bonus
1474 5394 1492 5522 ξ

912 5489 950 5533 is
1575 5486 1776 5533 Artibus

735 5485 950 5536 Oratoris
1474 5485 1491 5522 ι
1575 5486 1776 5536 Artibus

733 5548 960 5620 ’ξΡΞΡίὲἕῖε
1029 5485 1053 5620 l
1135 5607 1189 5620 .,.
1309 5608 1335 5620 ..
1468 5581 1486 5620 ι

731 5607 950 5658 diflinitio
1036 5607 1054 5658 Ι
1135 5607 1338 5656 Dicendi
1468 5607 1488 5658 \
1573 5607 1755 5656 Natura

1136 5670 1348 5740 l’erllus_
1406 5737 1414 5740 Α
1470 5670 1488 5740 j
1574 5670 1804 5740 Doctrina

1137 5743 1247 5781 esse
1271 5731 1421 5781 debet
1470 5728 1489 5781 ἰ
1574 5728 1670 5781 Usu

2742 5273 2804 5326 ll.

2833 5367 3053 5418 Iuventio

2397 5429 2568 5478 Partes
2729 5427 2752 5490 \
2833 5427 3096 5490 Dispositio

2356 5488 2630 5541 Rhetorica
2731 5488 2751 5541 ι
2833 5488 3053 5540 Elocutio

2303 5560 2412 5601 sunt
2435 5555 2650 5613 quinque
2727 5551 2750 5613 Ι
2831 5551 3060 5603 Memoria

2832 5613 3164 5666 Pronuntiatto
