3934 6180
375 307 471 363 951

369 491 514 542 tione
541 489 720 557 potius
762 496 821 565 ει
841 488 1238 565 deﬁnitionibus
1258 499 1428 565 atque
1455 494 1710 562 exemplis
1739 499 1937 565 passim

367 574 544 622 usum,
575 573 640 612 eo
681 559 823 628 quod
852 575 959 613 non
989 570 1094 614 tam
1131 559 1376 614 subtilem
1401 569 1454 616 et
1475 559 1780 618 accuratam
1813 569 1935 621 Dia—

362 628 787 704 lecticam__(quo_
834 630 1048 685 nomine
1097 638 1249 704 extra
1277 630 1526 704 ΔΙγεςλειιιιι
1578 635 1834 704 quidquid
1869 638 1935 691 ad

363 697 951 774 disserendirationem
983 699 1232 774 pertinet,
1255 697 1611 774 intelligitur)
1641 697 1808 759 artem
1842 723 1934 761 seu

363 768 673 843 methodqu
719 769 956 824 scribere
983 768 1312 843 instituerit,
1354 768 1516 843 quam
1543 768 1781 843 ejusdem
1813 777 1936 831 Dia-

362 838 565 916 lecticm
614 838 1478 916 clementemm__quelemqualem
1511 838 1722 916 tralere
1754 848 1935 916 cogni-

361 909 583 963 tionem.
621 928 640 960 ι
682 907 806 964 ΠεΒο
836 910 942 963 ille.
975 909 1099 961 Mihi
1129 907 1522 964 haud’dubium
1551 924 1634 968 est
1670 907 1933 969 liarichl-

360 979 506 1031 cuiui
531 977 895 1042 Dialecticam,
925 979 1026 1033 etsi
1049 978 1295 1033 fortassis
1321 981 1496 1035 minus
1519 984 1728 1038 subtilis
1753 987 1933 1039 videa-

361 1057 451 1101 tur
489 1064 650 1123 quam
699 1049 896 1123 Logica
925 1049 1156 1123 vulgaris
1188 1049 1669 1123 Peripateticorum
1698 1056 1930 1123 proximi

361 1119 636 1186 temporis,
668 1119 835 1172 multo
864 1127 1038 1172 tamen
1064 1119 1164 1171 ista
1187 1133 1303 1172 esse
1331 1121 1618 1176 utiliorem.

428 1187 537 1242 Nos
563 1202 681 1240 eam
707 1189 810 1241 hoc
839 1188 955 1242 loco
982 1189 1297 1255 exhibemus
1320 1190 1563 1257 plurimis
1591 1194 1722 1247 locis
1747 1209 1929 1249 emen-

354 1256 535 1333 datam
564 1272 630 1310 ex
676 1257 830 1333 codd.
856 1273 1000 1333 _mss.
1031 1256 1453 1333 Viudohonensi,
1503 1262 1827 1333 Frisingensi
1876 1273 1931 1318 et

356 1326 413 1380 S.
452 1326 812 1402 Emmerami;
856 1328 1113 1402 lectiones
1161 1329 1434 1385 variantes
1480 1341 1534 1385 et
1582 1326 1822 1402 suppleta
1874 1335 1928 1387 in

354 1405 503 1450 textu
530 1397 670 1450 inter
694 1411 859 1452 uncos
878 1397 1128 1452 conclusa
1153 1414 1300 1452 more
1322 1409 1506 1455 nostro
1527 1397 1923 1458 collocavimus.

421 1464 580 1537 Juvat
611 1467 716 1520 huc
746 1467 1104 1522 transcribere
1142 1483 1259 1537 qua:
1289 1469 1352 1522 ad
1382 1470 1523 1525 luutc
1551 1473 1744 1526 librum
1775 1482 1928 1526 nota-

349 1535 429 1588 vit
443 1535 826 1610 celeberrimus
853 1537 1147 1610 Basnagius
1162 1535 1298 1610 tom.
1324 1538 1366 1610 ll
1390 1539 1538 1595 Lect.
1558 1543 1920 1610 antiquarum,

349 1604 626 1678 pag._488,
653 1614 823 1678 notari
854 1607 972 1660 Alia
1003 1604 1300 1678 dialectica,
1320 1609 1512 1678 inquit,
1544 1613 1656 1666 sive
1683 1604 1820 1665 alius
1843 1604 1926 1666 est

351 1673 417 1728 de
451 1673 746 1743 Categoriis
767 1675 909 1736 liber
942 1691 1009 1731 ex
1049 1676 1336 1731 Aristotele
1374 1673 1441 1733 ab
1467 1679 1660 1735 Albino
1701 1681 1926 1735 transla-

350 1752 437 1798 tus
467 1755 490 1782 α
511 1744 656 1816 apud
686 1761 770 1800 me
797 1762 896 1801 ms.
927 1761 1087 1816 quem
1121 1745 1312 1801 Carolo
1343 1747 1423 1801 Ma

352 1815 592 1868 carmine
617 1815 864 1871 inscribit
897 1834 908 1866 :
946 1815 966 1868 δ

349 1905 600 1984 Aleuinus
643 1909 890 1984 mugieter
913 1927 941 1984 ε
968 1913 1205 1984 partibus
1242 1911 1467 1984 Scythia:
1513 1915 1782 1971 deueniens
1825 1917 1922 1972 has

418 1976 810 2052 Categoriqs'ub
836 1976 1110 2052 Aristotele
1133 1976 1431 2038 Grecorum
1465 2001 1700 2040 sermone
1729 1987 1918 2052 editas,

417 2055 467 2099 et
489 2057 604 2118 post
629 2047 1018 2118 ab_Augustino
1044 2050 1245 2106 Latinis
1279 2052 1467 2111 litteris
1501 2054 1788 2110 elucidatas
1819 2047 1920 2110 Ca;

418 2064 467 2099 et
555 2064 604 2100 ει
629 2064 693 2101 ao
729 2064 1018 2118 augustino
1044 2064 1245 2106 Latinis
1279 2064 1467 2111 tuteris
1501 2064 1788 2110 elucidatas
1819 2064 1844 2109 ι

418 2064 668 2188 τοῦοηρὶ
687 2116 1017 2174 Francorum
1042 2137 1161 2175 cum
1185 2122 1265 2176 his
1301 2125 1526 2178 versibus
1552 2125 1844 2180 destinavit.

347 2205 601 2262 Coutinet
634 2209 738 2263 iste
759 2209 943 2264 decem
971 2221 1176 2267 natura:
1207 2215 1369 2268 verba
1394 2214 1621 2280 libellus,

349 2296 478 2363 Quae
495 2297 608 2368 jam
645 2299 809 2355 verba
837 2308 1039 2367 tenent,
1071 2317 1250 2357 rerum
1283 2305 1491 2360 ratione
1524 2306 1806 2376 stupenda,

347 2385 522 2443 Omne
547 2389 691 2458 quod
719 2389 772 2444 in
812 2399 1054 2447 nostrum
1073 2394 1272 2462 poterit
1297 2395 1582 2451 decurrere
1608 2413 1844 2453 sensum.

347 2477 448 2544 Qui
477 2478 624 2550 legit,
656 2480 928 2552 ingenium
955 2493 1196 2538 veterum
1221 2485 1467 2541 mirabile
1501 2487 1700 2554 laudet,

344 2567 520 2636 Atque
545 2583 702 2623 suum
727 2571 941 2626 studeat
963 2573 1058 2628 tali
1079 2589 1333 2631 exercere
1358 2576 1561 2644 labore,

344 2658 628 2714 Exornans
663 2660 834 2716 titulis
860 2663 986 2717 vita:
1020 2664 1143 2718 data
1172 2673 1412 2734 tempora
1434 2668 1693 2723 honestis.

345 2750 499 2805 Hunc
527 2751 827 2820 Augustino
851 2753 1053 2823 placuit
1082 2756 1376 2812 transferre
1405 2759 1665 2830 magistro

342 2839 420 2895 De
446 2847 688 2896 veterum
713 2844 862 2912 gazis
889 2843 1198 2901 Graacorum
1218 2847 1367 2904 clave
1395 2848 1584 2904 Latina
1617 2869 1629 2904 :

341 2930 515 2998 Quem
539 2931 636 2986 tibi
667 2947 784 2998 rex,
818 2949 1044 3005 magnus
1071 2937 1273 3006 sophia:
1302 2947 1553 3007 sectator,
1572 2951 1802 3008 amator,

341 3021 562 3079 Munere
588 3024 679 3094 qui
708 3025 802 3080 tali
840 3027 1060 3096 gaudes,
1088 3029 1246 3085 modo
1277 3030 1433 3086 mitto
1459 3031 1763 3104 legendum.
1793 3085 1796 3088 .

340 3176 356 3190 .
391 3176 405 3190 .
439 3176 454 3192 .
488 3178 518 3215 ._
537 3157 569 3215 c_
585 3138 690 3194 Sed
721 3139 1019 3215 gategoriar
1048 3143 1151 3215 illa:
1179 3145 1365 3199 decem
1410 3145 1707 3215 Augustino
1751 3149 1915 3204 tribui
1941 3111 1987 3172 ϐ

336 3222 447 3262 non
487 3209 702 3264 debent.
735 3203 800 3265 Et
826 3203 1011 3268 rEvera
1052 3214 1386 3270 ‘Benedictini
1417 3203 1742 3274 acutissima:
1769 3203 1916 3276 naris

336 3277 392 3331 in
421 3277 813 3361 distinguendis
846 3283 1092 3353 genuinis
1139 3283 1423 3361 Augustini
1455 3290 1723 3361 cperibus
1767 3290 1820 3343 in
1853 3306 1914 3345 ea

335 3351 801 3470 Brestantissima,
832 3351 994 3420 quam
1026 3351 1307 3419 curarunt,
1339 3351 1588 3420 editione,
1622 3374 1726 3412 non
1756 3361 1916 3413 modo

386 3417 682 3470 ialecticam
721 3429 776 3470 et
802 3420 1112 3470 Calegnrias
1153 3439 1216 3470 ex
1268 3426 1553 3470 Arismmle
1583 3429 1892 3470 rlngnmnma

386 3417 682 3496 ialecticam
721 3429 776 3472 et
802 3417 1112 3496 Cetegorias
1153 3417 1553 3496 ex_Aristotele
1577 3417 1910 3496 'desumptas,

336 3487 433 3568 sed
471 3497 526 3568 et
571 3487 987 3568 Grammaticarn
1017 3501 1076 3545 ut
1120 3501 1174 3568 et
1223 3493 1570 3568 Rhetoricam
1616 3487 1914 3568 Augustino

335 3554 737 3630 abjudicarunt,
773 3566 830 3613 et
856 3560 908 3614 in
935 3563 1284 3630 appendicem
1321 3568 1450 3621 tomi
1481 3567 1502 3620 Ι
1540 3581 1663 3620 cum
1701 3554 1914 3623 ‘émteris

335 3628 591 3699 operibus
619 3631 818 3697 spuriis
849 3628 1171 3699 rejecérunt.
1213 3653 1232 3686 ι

409 3696 517 3774 Nec
539 3698 604 3774 de
628 3696 982 3774 versibushic
1013 3703 1298 3774 descriptis
1320 3717 1527 3763 certum
1557 3708 1778 3763 omnino
1806 3718 1910 3771 est,

335 3783 462 3822 num
486 3768 720 3846 habeant
740 3768 1026 3846 Alcuinum
1052 3768 1349 3846 auctorem,
1382 3779 1627 3846 quamvis
1655 3778 1796 3833 illius
1819 3768 1913 3832 no;

333 3853 457 3918 men
487 3837 759 3918 innfronte
807 3840 1058 3918 prteferat
1089 3845 1259 3918 codex
1306 3837 1524 3918 quidam
1571 3857 1912 3918 pervetustus

335 3863 457 3892 lucu
487 3863 541 3892 ιιι
579 3863 759 3894 ιι-υιιιις
808 3863 1058 3909 patuerat
1089 3863 1259 3899 coaex
1343 3863 1524 3902 uiuam
1571 3863 1910 3918 pervetustus

335 3906 909 3988 §anct-Germanensis
935 3911 1018 3967 his
1056 3915 1234 3988 verbis
1265 3934 1276 3969 :
1306 3863 1568 3988 Prologus
1595 3919 1803 3972 Alcuini
1842 3925 1910 3973 ad

334 3975 580 4059 gerulum
602 3979 1073 4059 Augustumsuper
1093 3981 1396 4059 Categorias
1421 3975 1587 4041 sancti
1610 3988 1905 4059 Augustini.

334 4047 468 4103 Vide
497 4047 817 4119 appendices
853 4053 920 4107 ad
943 4047 1117 4123 Opera
1144 4047 1317 4112 salicti
1350 4058 1652 4128 Augustini.

878 4166 1038 4238 335
1066 4169 1338 4227 VERSUS

332 4256 419 4312 Me
445 4257 582 4328 lege,
609 4258 701 4327 qui
732 4266 974 4313 veterum
1004 4261 1190 4329 cupias
1218 4277 1546 4332 cognoscere
1575 4281 1788 4334 sensus,

400 4347 483 4402 Me
507 4349 815 4418 quicunque
842 4350 1005 4418 capit,
1045 4352 1348 4408 rusticitate
1379 4365 1552 4412 caret.

329 4438 464 4495 Nolo
500 4456 654 4496 meus
681 4440 852 4495 lector
876 4443 1055 4513 segnis
1077 4444 1167 4508 sit,
1191 4445 1314 4500 nolo
1343 4449 1626 4516 superbus,

400 4529 588 4586 Devoti
609 4540 663 4586 et
690 4532 906 4589 humilis
930 4536 1164 4603 pectoris
1194 4545 1345 4591 antra
1377 4538 1513 4593 colo.

329 4623 440 4680 Has
466 4639 597 4696 rogo
621 4624 837 4679 divitias
873 4625 1078 4696 sophiae
1103 4642 1209 4681 non
1243 4635 1449 4683 temuat
1475 4638 1706 4695 amator,

401 4718 592 4773 Navita
624 4733 762 4789 quas
786 4718 960 4790 pelagi
987 4728 1167 4788 portat
1195 4720 1265 4775 ab
1291 4721 1422 4777 orbe
1443 4737 1558 4778 suo.

840 4810 1066 4866 CAPUT
1103 4812 1392 4869 PRIMUM.

595 4899 660 4938 DE
696 4896 1042 4937 PHILOSOPHIA
1082 4899 1149 4936 ET
1189 4901 1449 4940 PARTIBUS
1488 4901 1628 4941 EJUS.

397 4973 641 5031 Carolus.
680 4973 816 5041 Quia
861 4974 1190 5028 mentionem
1234 4976 1584 5048 philosophiae
1629 4981 1682 5034 in
1720 4981 1905 5051 priore

327 5064 706 5137 disputationis
737 5072 935 5117 nostrae
977 5077 1225 5119 sermone
1278 5065 1507 5122 fecimus
1546 5067 1717 5139 [Edil.
1769 5069 1906 5124 Mol-

327 5158 506 5219 theri.,
538 5156 662 5225 quia
693 5155 1019 5209 mentionem
1043 5154 1094 5208 in
1122 5155 1288 5222 priori
1311 5156 1669 5225 disputatione
1697 5160 1762 5215 de
1787 5163 1907 5233 phi-

328 5247 572 5318 losophia
614 5261 862 5301 sermone
917 5256 1101 5300 nostro
1147 5245 1420 5318 fecimus],
1471 5249 1687 5304 videtur
1715 5253 1892 5306 condi.

327 5353 512 5409 gnum,
545 5337 821 5407 magister,
851 5346 914 5391 ut
935 5336 1208 5405 aliquanto
1231 5335 1424 5390 latiore
1447 5338 1789 5408 indagatione
1838 5343 1904 5396 de

325 5442 392 5484 ea
423 5429 699 5496 disputare
742 5428 1082 5498 incipiamus.
1111 5459 1182 5469 -—
1211 5427 1452 5482 Albinus.
1496 5428 1799 5497 Faciamus,
1831 5433 1902 5487 si-

324 5519 438 5575 cuti
488 5526 595 5572 tuas
639 5518 850 5572 videtur
900 5517 1347 5592 [Ms.,videatur]
1387 5521 1664 5590 sapientia:
1713 5526 1900 5581 condi-

1181 310 1242 365 Β.
1283 311 1346 366 F.
1386 313 1610 370 ALBIM
1650 313 1783 374 SEU
1805 319 2080 377 ALCUINI
2117 325 2399 382 UPERL'M
2438 324 2617 380 PARS
2655 325 2764 380 VII.

375 438 393 469 ι
429 417 847 484 Animadvertis,
878 419 1057 482 credo,
1108 417 1292 483 lector,
1331 420 1614 478 Alcuinum
1660 441 1941 482 enumera-

3508 334 3614 390 952

1969 438 2014 493 Α
2042 444 2222 500 gnum.
2251 461 2322 471 —
2340 430 2402 486 ο.
2432 432 2613 490 Primo
2650 437 2890 490 omnium
2933 439 3021 493 dic
3049 439 3190 495 unde
3227 441 3368 496 dicta
3396 444 3468 498 sit
3494 445 3616 515 phi-

2038 519 2313 590 losophia?
2338 550 2411 561 —-
2437 524 2503 576 Α.
2527 523 2609 579 Ab
2647 540 2832 580 amore
2859 528 3152 597 sapientiai.
3188 528 3344 601 [Nam
3374 533 3615 602 philoso-

2035 609 2160 677 phia
2184 626 2338 666 amor
2364 621 2448 666 est
2477 613 2797 687 sapientiae].
2825 616 2999 673 Graeci
3033 620 3212 689 philon
3237 621 3418 696 (φίλον)
3456 640 3611 681 amo-

2037 717 2180 766 rem,
2210 704 2444 773 sap/tiam
2474 707 2690 779 (σοφίαν)
2718 711 3038 779 sapientiam
3069 723 3286 771 vocant.

2104 791 2165 845 (Σ.
2198 791 2297 848 Dic
2338 795 2456 864 ejus
2491 813 2706 868 quoque
2751 799 3140 858 definitionem.
3169 806 3327 860 —A.
3359 807 3614 865 Philoso-

2032 885 2158 952 pbia
2186 893 2270 940 est
2309 896 2624 943 naturarum
2668 891 2945 961 inquisitio
2973 934 2988 959 ,
3019 910 3201 950 rerum
3241 899 3610 956 humanarum

2032 973 2440 1045 divinarumque
2487 980 2756 1049 cognitio,
2787 991 3045 1052 quantum
3094 987 3300 1041 homini
3349 991 3612 1058 possibile

2031 1070 2111 1116 est
2133 1064 2421 1120 aestimare.
2446 1067 2540 1122 Est
2564 1084 2778 1140 quoque
2793 1073 3125 1145 philosophia
3144 1077 3400 1134 honestas
3427 1077 3604 1150 [Εάέῑ.

2033 1154 2349 1226 honestitas]
2391 1157 2534 1223 vitae,
2583 1160 2818 1216 studium
2863 1162 3000 1219 bene
3045 1166 3277 1231 vivendi,
3326 1171 3610 1224 meditatio

2030 1245 2241 1310 mortis,
2277 1255 2618 1318 contemptus
2668 1252 2886 1318 saeculi;
2937 1256 3081 1323 quod
3136 1258 3305 1328 magis
3350 1261 3612 1314 convenit

2029 1331 2369 1399 Christianis,
2393 1337 2485 1405 qui
2516 1339 2698 1392 sazculi
2728 1342 3021 1398 ambitione
3059 1346 3265 1401 calcata
3293 1347 3608 1418 disciplina-

2027 1421 2120 1476 bili
2159 1423 2509 1479 similitudine
2536 1425 2732 1483 futura:
2759 1433 2947 1499 patria:
2975 1434 3178 1489 vivunt.

2097 1512 2156 1566 C.
2190 1514 2267 1568 Ex
2297 1531 2402 1584 qua
2424 1521 2649 1574 materia
2684 1525 2932 1578 constat?
2954 1556 3024 1565 —
3045 1527 3110 1579 Α.
3135 1527 3375 1586 Scientia
3403 1541 3458 1588 et
3485 1535 3608 1606 opi-

2025 1603 2186 1658 nione
2216 1603 2392 1675 [Mss.,
2422 1610 2760 1680 opinatione;
2811 1622 2866 1668 et
2893 1615 3057 1684 infra,
3111 1619 3395 1694 opinatio].
3440 1603 3600 1681 -Ὀ,

2027 1690 2264 1748 Scientia
2291 1697 2420 1766 quid
2458 1701 2574 1752 est?
2604 1732 2674 1740 —
2697 1702 2762 1754 A.
2803 1702 3040 1758 Scientia
3066 1714 3148 1761 est
3194 1723 3318 1763 cum
3355 1690 3454 1767 res
3501 1713 3603 1769 ali-

1429 1765 1533 1820 300
1558 1752 1659 1806 hoc
1688 1750 1841 1805 ῑίίυιο
1868 1759 1922 1806 et
1949 1772 1998 1833 Β
2024 1797 2130 1850 qua
2156 1750 2324 1838 certa;
2343 1787 2550 1843 ratione
2574 1791 2887 1860 percipitur,
2912 1803 2992 1859 ut,
3028 1795 3245 1865 eclipsis
3272 1799 3400 1854 solis
3445 1801 3602 1857 luna-

2024 1874 2100 1928 ris
2117 1877 2378 1948 .corporis
2421 1878 2634 1948 objecta
2680 1889 2783 1935 est.
2831 1913 2903 1922 —
2942 1881 3002 1936 (Ι.
3055 1883 3248 1954 Opinio
3285 1889 3414 1956 quid
3471 1893 3601 1945 est?

2020 1991 2092 2001 —
2116 1963 2180 2016 Α.
2211 1962 2404 2033 Opinio
2431 1976 2533 2032 est,
2561 1984 2684 2022 cum
2709 1969 2915 2025 incerta
2955 1987 3044 2027 res
3072 1973 3204 2028 latet
3250 1985 3303 2029 et
3333 1977 3477 2031 nulla
3506 1978 3600 2033 tir-

2021 2067 2110 2107 ma
2140 2055 2347 2110 ratione
2379 2055 2596 2112 diliiniri
2625 2069 2821 2130 potest,
2866 2070 2939 2122 ut,
2969 2066 3282 2135 magnitudo
3319 2068 3442 2123 celi
3461 2111 3476 2135 ,
3510 2072 3599 2126 vel

2020 2142 2355 2210 profunditas
2392 2155 2570 2203 terrm.
2621 2180 2691 2189 —
2733 2149 2792 2204 C.
2850 2151 2908 2205 In
2959 2162 3088 2222 quot
3121 2153 3272 2225 [Ms.,
3325 2157 3381 2212 in
3431 2159 3593 2230 quas]

2019 2244 2198 2304 partes
2227 2237 2484 2294 dividitur
2525 2240 2900 2312 philosophia?
2943 2274 3015 2282 —
3041 2245 3105 2299 Α.
3133 2245 3191 2299 ιιι
3219 2257 3331 2303 tres
3361 2264 3376 2302 :
3407 2251 3594 2320 physi-

2019 2343 2157 2393 cam,
2193 2329 2459 2398 °ethicam,
2513 2332 2761 2405 logicam.
2786 2367 2860 2376 --
2886 2333 2947 2390 C.
2996 2337 3122 2394 Haec
3161 2356 3374 2410 quoque
3425 2343 3595 2399 latino

2018 2435 2113 2474 ore
2139 2436 2393 2490 exprome
2417 2421 2546 2493 [Al.,
2577 2440 2804 2494 expone.
2839 2456 2912 2466 ——
2943 2427 3007 2480 Α.
3041 2428 3269 2500 Physica
3303 2440 3389 2486 est
3436 2443 3600 2487 natu-

2019 2512 2167 2575 ralis,
2214 2514 2392 2568 ethica
2446 2517 2700 2582 moralis,
2737 2517 2910 2588 logica
2957 2520 3254 2576 rationalis.
3282 2521 3436 2575 --C.
3466 2522 3594 2578 Olﬁ-

2017 2603 2098 2658 cia
2130 2604 2457 2674 singularum
2502 2608 2803 2677 specierum
2831 2612 3025 2680 pande.
3071 2642 3143 2652 -—
3181 2613 3246 2667 A.
3280 2614 3338 2668 ln
3363 2616 3590 2686 physica

2019 2694 2181 2764 igitur
2215 2711 2375 2751 causa
2411 2699 2707 2766 quaerendi,
2755 2700 2808 2755 in
2845 2703 3030 2757 ethica.
3066 2705 3200 2760 ordo
3246 2706 3483 2772 vivendi,
3532 2711 3585 2764 in

2017 2785 2187 2856 logica
2218 2788 2356 2842 ratio
2385 2789 2713 2860 intelligendi
2737 2801 3004 2847 versatur.

2070 2875 2130 2930 C.
2147 2878 2202 2931 ln
2213 2887 2346 2948 quot
2359 2881 2564 2949 species
2580 2882 2800 2952 physica
2818 2884 3240 2965 dividitur?—A.
3259 2886 3317 2941 In
3329 2897 3585 2956 quatuor:

2019 2969 2434 3036 arithmeticam,
2466 2974 2838 3041 geometriam,
2863 2975 3148 3040 musicam,
3178 2980 3584 3034 astronomiam.

2017 3091 2087 3100 —
2110 3058 2170 3114 Ο.
2208 3060 2262 3115 In
2294 3071 2425 3132 quot
2446 3075 2626 3132 partes
2654 3065 2911 3119 dividitur
2934 3067 3145 3122 ethica?
3171 3098 3242 3108 —-
3267 3069 3332 3122 Α.
3377 3069 3433 3123 In
3458 3087 3588 3140 qua-

2021 3158 2140 3205 tuor
2163 3166 2377 3221 quoque
2416 3170 2429 3205 :
2463 3154 2800 3221 prudentiam
2823 3195 2837 3219 ,
2855 3154 3147 3223 justitiam,
3177 3157 3546 3215 fortitudinem
3570 3202 3586 3225 ,

2016 3243 2443 3311 temperantiam,
2469 3273 2540 3283 —
2561 3242 2623 3296 C.
2653 3242 2847 3315 Logica
2879 3247 2934 3300 in
2979 3256 3111 3316 quot
3155 3250 3364 3317 species
3399 3251 3590 3305 dividi-

2016 3332 2144 3385 tur?
2171 3361 2241 3372 —
2264 3332 2328 3386 A.
2361 3332 2418 3386 In
2467 3334 2621 3400 duas,
2655 3335 2709 3389 in
2754 3336 3090 3392 dialecticam
3135 3349 3192 3394 et
3239 3341 3585 3397 rhetoricam.

2012 3421 2069 3476 In
2116 3423 2199 3478 his
2236 3425 2433 3495 quippe
2480 3427 2770 3496 generibus
2811 3429 2982 3484 tribus
3025 3431 3379 3504 philosophia:
3421 3435 3584 3490 etiam

2011 3514 2226 3584 eloquia
2261 3515 2440 3570 divina
2462 3517 2787 3573 consistunt.

2083 3623 2142 3678 C.
2171 3625 2632 3692 Quomodo?—A.
2654 3631 2783 3687 Nam
2809 3642 2901 3689 aut
2923 3636 2989 3690 de
3011 3645 3202 3691 natura
3217 3638 3493 3708 disputare
3505 3655 3588 3694 so-

2011 3713 2282 3780 lent,utin
2305 3716 2568 3776 Genesiet
2589 3721 2644 3776 in
2667 3723 2993 3780 Ecclesiaste
3011 3742 3024 3791 ;
3043 3735 3136 3781 aut
3154 3729 3220 3782 de
3247 3729 3506 3790 moribus,
3530 3737 3590 3784 ut

2013 3803 2063 3857 in
2095 3803 2401 3862 Proverbiis
2440 3808 2493 3864 et
2519 3811 2573 3864 in
2603 3813 2854 3868 omnibus
2895 3816 3123 3885 sparsim
3155 3816 3339 3883 libris;
3373 3829 3468 3874 aut
3522 3820 3589 3876 de

2011 3894 2202 3964 logica,
2225 3911 2323 3965 pro
2349 3913 2454 3966 qua
2483 3901 2650 3954 nostri
2683 3901 3042 3974 theologicam
3081 3907 3183 3960 sibi
3208 3908 3502 3974 vindicant,
3529 3917 3588 3963 ut

2011 3986 2064 4039 in
2087 3984 2324 4042 Canticis
2349 3990 2681 4044 canticorum
2722 4000 2776 4046 et
2801 4003 2992 4049 sancto
3021 3995 3329 4067 Evangelio.

2079 4075 2140 4130 C.
2173 4077 2494 4148 Theologiea
2517 4081 2646 4150 quid
2671 4083 2788 4137 est?
2810 4114 2881 4123 —
2903 4084 2968 4138 A.
2997 4085 3319 4157 Theologica
3339 4097 3444 4152 est,
3471 4106 3588 4158 qua:

2008 4166 2198 4223 Latine
2227 4170 2521 4239 inspectiva
2545 4173 2760 4237 dicitur,
2813 4190 2921 4245 qua
2960 4179 3297 4248 supergressi
3350 4181 3584 4235 visibilia

2007 4261 2076 4313 de
2099 4261 2294 4316 divinis
2336 4271 2391 4317 et
2445 4264 2755 4321 coelestibus
2785 4267 2984 4337 aliquid
3017 4279 3200 4326 mente
3231 4271 3404 4327 solum
3458 4288 3587 4327 con-

2008 4353 2348 4424 templamur.
2380 4354 2515 4410 Nam
2543 4365 2598 4412 et
2626 4359 2679 4412 in
2700 4360 2799 4414 has
2840 4375 3054 4431 quoque
3077 4363 3211 4418 duas
3249 4373 3434 4434 partes
3467 4366 3588 4434 phi-

1932 4456 1985 4514 ι)
2009 4444 2251 4512 losophia
2286 4460 2416 4500 vera
2444 4447 2721 4513 dividitur,
2754 4450 2808 4506 id
2829 4459 2932 4516 est,
2958 4453 3013 4507 in
3038 4455 3389 4523 inspectivam
3420 4467 3475 4511 et
3500 4472 3586 4510 ac-

2015 4537 2233 4592 tualem.
2958 4585 2974 4608 ι

2085 4628 2144 4683 C.
2169 4629 2410 4686 Actualis
2451 4647 2572 4702 qua:
2606 4635 2723 4689 est?
2763 4665 2836 4676 —
2859 4636 2925 4689 A.
2961 4636 3202 4693 Actualis
3229 4647 3332 4705 est,
3368 4654 3489 4709 quze
3533 4640 3582 4694 in

2013 4722 2412 4792 operationibus
2429 4725 2554 4781 huic
2574 4726 2700 4782 vita:
2725 4729 2935 4783 mortali
2963 4732 3286 4786 necessariis
3318 4733 3580 4787 consistit.

2012 4811 2117 4866 Per
2167 4811 2306 4878 hanc
2361 4813 2525 4882 igitur
2574 4816 2766 4871 modus
2805 4815 2982 4888 [Mss.,
3023 4818 3162 4891 mos]
3199 4821 3459 4875 honestus
3503 4822 3583 4875 vi-

2011 4899 2169 4955 vendi
2211 4902 2482 4972 appetitur
2533 4912 2590 4958 et
2635 4905 2879 4960 instituta
2931 4907 2998 4961 ad
3030 4908 3262 4964 virtutes
3312 4911 3581 4964 tendentia

2011 4998 2362 5056 exercentur;
2386 5006 2484 5060 per
2507 4991 2654 5046 illam
2677 5009 2806 5048 vero
2826 4995 2967 5050 Deus
2997 5005 3227 5060 amatur,
3256 5013 3352 5066 spe
3374 5007 3432 5052 et
3483 4998 3582 5052 ﬁde

2012 5079 2225 5133 colitur.
2268 5111 2341 5119 —
2379 5079 2439 5134 C.
2472 5081 2604 5148 Quis
2627 5092 2728 5148 est,
2764 5085 2855 5153 qui
2881 5085 3446 5158 philosophia:[Edit.,
3467 5087 3582 5157 phi-

2012 5168 2332 5243 losophiam]
2379 5172 2660 5227 detrahere
2691 5173 2903 5228 audeat.
2928 5205 3000 5215 -—
3048 5176 3112 5229 A.
3138 5177 3325 5232 Nullus
3351 5179 3580 5248 sapiens.

2010 5289 2082 5300 —
2107 5259 2167 5313 ϐ.
2199 5262 2336 5316 Vere
2378 5262 2554 5317 nullus
2583 5264 2817 5332 sapiens.
2847 5264 2953 5319 Sed
2984 5280 3272 5336 pergamus
3311 5267 3377 5320 ad
3428 5267 3588 5322 diale-

2009 5346 2162 5402 cticae
2190 5349 2324 5403 artis
2348 5350 2749 5419 inquisitionem
2777 5351 2912 5424 [Al.,
2955 5355 3358 5424 quaestionem].
3388 5356 3458 5410 Et
3481 5354 3586 5425 pri-

2009 5451 2155 5492 mum
2181 5439 2289 5504 dic,
2320 5441 2447 5511 quid
2464 5443 2534 5497 sit
2555 5443 2874 5499 dialectica?
2900 5475 2970 5484 —
2983 5445 3048 5497 A.
3067 5445 3356 5502 Dialectica
3372 5457 3456 5501 est
3477 5447 3582 5500 dis-

2011 5527 2208 5596 ciplina
2233 5531 2510 5586 rationalis
2539 5535 2834 5602 quaerendi,
2859 5533 3154 5590 dilliniendi
3181 5545 3237 5590 et
3262 5533 3582 5600 disserendi,

399 5645 426 5675 ι
465 5630 792 5716 Ab‘Alcuino
825 5631 1399 5716 tienslettts.l‘l‘iall‘itu‘t‘_
1447 5648 1513 5688 ex
1546 5633 1932 5716 inadvertentia
1970 5639 2051 5694 vir
2119 5641 2326 5698 doctus.
2375 5641 2565 5700 Dicere
2609 5645 2754 5700 enim
2800 5645 3058 5713 debebat;
3107 5664 3126 5698 ι
3172 5646 3241 5702 ab
3287 5645 3582 5716 Augustino

327 5700 645 5762 translatus,
666 5712 826 5765 quem
852 5700 1109 5754 Alcuinus
1135 5699 1328 5755 Carolo
1351 5702 1605 5774 Magno...
1637 5704 1931 5759 inscribit.»
