3934 6180
241 332 352 391 953

1220 342 1690 402 DIDASCALICA.
1729 377 1800 388 —
1837 350 1926 406 DE
1967 352 2392 412 DIALECTICA.

3376 371 3480 428 954

238 451 406 506 etiam
425 456 481 504 et
501 463 627 504 vera
656 465 686 502 a
713 447 864 506 falsis
887 451 1226 510 discernendi
1248 466 1454 526 potens.
1471 489 1542 498 —
1561 455 1622 513 C.
1655 458 1807 515 Unde
1835 466 1880 522 Α
1910 463 2108 520 risibile
2128 475 2232 532 est,
2258 467 2420 523 homo
2452 477 2553 524 est.
2586 470 2654 525 Et
2681 471 2796 528 hac
2821 473 3206 534 circumversio
3230 496 3482 539 necessa-

237 541 384 598 dicta
418 549 504 596 est
535 539 851 596 dialectica?
878 573 950 582 -—
993 545 1056 599 Α.
1086 545 1238 602 Dicta
1261 557 1344 604 est
1364 550 1664 615 dialectica,
1687 553 1812 622 quia

239 630 297 689 in
330 647 394 688 ea
426 632 494 688 de
521 631 680 688 dictis
718 633 1038 704 disputatur.
1062 636 1199 692 Nam
1243 637 1413 694 lecton
1443 640 1616 714 [λέξις]
1646 643 1812 699 dictio

236 721 461 780 dicitur.

309 816 472 888 336
495 814 557 871 C.
588 817 726 884 Quid
748 827 830 874 est
858 819 999 874 inter
1020 820 1358 877 dialecticam
1378 834 1434 879 et
1449 825 1811 882 rhetoricam?

235 936 306 947 —
334 907 398 960 Α.
427 907 722 962 Dialectica
758 918 814 963 et
839 911 1108 966 rhetorica
1138 922 1240 974 est.
1267 915 1410 983 quod
1446 917 1498 970 in
1526 932 1689 970 manu
1716 917 1810 971 ho-

237 997 399 1052 minis
431 1013 642 1068 pugnus
671 1001 925 1057 astrictus
957 1011 1012 1056 et
1047 1005 1224 1073 palma
1248 1007 1479 1061 distenta
1505 1007 1698 1078 [Edit.,
1731 1009 1809 1063 di-

235 1089 463 1161 stensa].
493 1091 587 1146 illa
637 1091 787 1147 brevi
840 1095 1086 1150 oratione
1111 1108 1427 1167 argumenta
1457 1097 1589 1170 [Al.,
1645 1109 1700 1154 et
1725 1116 1808 1154 ar-

234 1183 513 1255 gumento]
544 1185 840 1252 concludit;
881 1188 984 1242 ista
1011 1205 1110 1258 per
1144 1189 1408 1246 facundia:
1449 1208 1668 1262 campos
1714 1209 1807 1248 co-

233 1275 386 1344 pioso
423 1291 674 1332 sermone
717 1279 994 1334 discurrit.
1027 1280 1120 1334 illa
1143 1281 1308 1336 verba
1346 1284 1649 1349 contrahit;
1697 1285 1800 1338 ista

233 1371 512 1428 distendit.
557 1373 845 1428 Dialectica
893 1374 1157 1444 siquidem
1198 1376 1264 1430 ad
1311 1377 1660 1432 inveniendas
1709 1392 1799 1432 res

231 1463 467 1528 acutior;
519 1465 788 1520 rhetorica
822 1465 888 1520 ad
914 1465 1160 1520 inventas
1189 1467 1443 1521 dicendas
1490 1466 1794 1522 facundior.

228 1553 323 1609 Illa
348 1571 502 1611 raros
529 1564 584 1612 et
611 1557 881 1613 studiosos
907 1558 1170 1628 requirit;
1204 1560 1321 1615 ιιωο
1349 1556 1658 1630 frequenter
1680 1577 1796 1631 pro-

226 1646 375 1701 cedit
407 1648 460 1701 in
485 1649 688 1702 turbas.
724 1677 796 1687 —
827 1646 886 1702 Ο.
910 1647 1051 1714 Quot
1073 1657 1199 1704 sunt
1225 1651 1431 1718 species
1461 1651 1794 1708 dialecticae?

224 1765 298 1776 —
319 1736 386 1790 Α.
414 1736 660 1808 Quinque
682 1739 1008 1809 principales
1034 1757 1047 1793 :
1082 1741 1328 1811 isagogae,
1361 1743 1666 1813 categoriae,
1691 1743 1796 1815 syl-

1914 555 1992 609 ria
2038 556 2252 612 dicitur.
2307 559 2418 616 Nec
2455 562 2530 617 ita
2578 565 2837 620 rationale
2885 568 3231 625 circumverti
3279 583 3473 643 potest.

1911 644 2101 701 Dicere
2147 663 2276 703 vero
2316 665 2601 719 possumus
2633 674 2645 707 :
2672 655 2940 726 Quidquid
2969 660 3129 715 homo
3178 673 3279 729 est,
3314 667 3480 722 ratio-

1910 736 2032 791 nale
2067 747 2182 805 est;
2215 756 2315 796 nec
2342 751 2519 798 tamen
2545 761 2806 804 converso
2829 751 3018 805 ordine
3052 771 3064 806 :
3097 753 3369 824 Quidquid
3391 772 3481 811 ra-

1911 826 2105 883 tionale
2149 840 2252 896 est,
2276 833 2438 887 homo
2466 846 2544 889 est
2576 852 2592 901 ;
2622 839 2748 906 quia
2778 840 2951 910 angeli
2998 843 3292 899 rationales
3330 853 3472 912 sunt,

1907 931 2013 971 non
2063 926 2241 974 tamen
2267 922 2514 980 homines
2548 936 2690 980 sunt.

1977 1008 2037 1062 ϐ.
2070 1009 2208 1076 Quid
2235 1023 2316 1068 est
2341 1016 2620 1072 accidens?
2641 1050 2713 1059 —
2736 1021 2800 1074 Α.
2832 1022 3096 1080 Accidens
3115 1035 3198 1081 est.
3219 1029 3477 1099 quidquid

1907 1099 2103 1154 accidit
2127 1103 2211 1157 vel
2235 1107 2438 1160 recedit
2464 1118 2661 1176 pratter
2689 1114 3001 1171 substantiae
3051 1121 3472 1189 corruptionem,

1904 1199 1964 1244 ut
1996 1192 2144 1246 color
2167 1196 2426 1251 candidus
2450 1199 2533 1252 vel
2570 1201 2722 1269 niger
2741 1212 2906 1270 stare,
2929 1206 3013 1282 vel
3031 1207 3234 1276 jacere,
3266 1211 3476 1265 esurire

1902 1281 1986 1334 vel
2015 1282 2226 1349 satiari,
2257 1294 2313 1340 et
2339 1296 2534 1342 caetera
2558 1290 2704 1344 talia.
2739 1291 2878 1347 Sunt
2905 1281 3118 1366 quoque
3151 1298 3472 1364 accidentia,

1901 1383 2020 1437 qum
2039 1371 2120 1425 sic
2143 1373 2393 1428 accidunt
2423 1375 2602 1447 [Mss.,
2650 1381 2958 1453 accedunt],
3003 1393 3062 1437 ut
3106 1387 3319 1454 penitus
3366 1402 3474 1442 non

1901 1463 2172 1528 recedant,
2212 1473 2271 1518 ut
2295 1469 2591 1535 proceritas
2630 1471 2712 1524 vel
2755 1472 2992 1528 brevitas
3021 1476 3075 1528 in
3115 1492 3365 1547 corpore,
3417 1488 3474 1533 et

1898 1562 2113 1620 cmtera,
2139 1571 2260 1624 qua:
2282 1557 2334 1609 in
2363 1559 2588 1628 singulis
2611 1576 2824 1630 quoque
2845 1565 3102 1620 membris
3143 1568 3476 1638 inseparabi-

1896 1642 2022 1698 liter
2038 1645 2322 1715 aliquoties
2346 1650 2616 1714 accidunt,
2648 1661 2709 1706 ut
2736 1656 2976 1710 curvitas
3001 1658 3116 1712 nasi
3149 1657 3328 1730 [Mss.,
3378 1677 3474 1715 na-

1897 1735 2019 1808 ris],
2043 1737 2269 1820 latitudo
2293 1740 2376 1794 vel
2404 1743 2646 1811 angustia
2680 1745 2791 1799 oris
2818 1748 3122 1802 rotunditas
3147 1748 3342 1820 [Edit.,
3385 1749 3472 1818 jo-

221 1799 588 1895 ιοείεηιᾷι-ιιιιί
617 1799 978 1902 formula-[et]
1033 1799 1397 1898 αἱαὶιῆιίᾏηξε,
1447 1799 1644 1904 ιξρίοε,
1817 1813 1867 1873 Β
1896 1799 2166 1901 conditas]
2197 1829 2496 1898 oculorum,
2526 1834 2807 1903 aequalitas
2835 1839 3246 1908 superciliorum
3273 1849 3328 1896 et
3366 1841 3472 1896 alia

220 1914 548 1972 riermenite.

846 2008 1074 2065 CAPUT
1109 2010 1172 2065 Il.

823 2115 888 2154 DE
927 2115 1182 2156 lSAGOGlS.

301 2190 365 2246 C.
395 2187 524 2254 Quae
545 2199 670 2244 sunt
693 2189 956 2261 isagogte?
981 2222 1053 2232 —
1080 2192 1146 2246 Α.
1175 2193 1394 2264 lsagoga
1435 2195 1633 2264 quippe
1677 2196 1786 2249 La-

219 2282 337 2335 tine
372 2279 697 2334 introductio
718 2279 935 2334 dicitur.
966 2311 1035 2322 --
1062 2280 1123 2334 C.
1153 2281 1290 2349 Quid
1325 2283 1594 2354 signiﬁcat
1623 2285 1786 2339 intro-

219 2371 438 2425 ductio?
455 2398 527 2408 -—
550 2369 615 2422 Α.
649 2369 980 2426 Introductio
999 2380 1102 2436 est,
1145 2388 1265 2442 quae
1310 2389 1525 2429 sensum
1544 2386 1785 2430 nostrum

214 2478 320 2534 per
345 2463 522 2518 varias
554 2461 844 2518 divisiones
871 2478 1051 2518 rerum
1081 2465 1442 2520 communium
1467 2467 1532 2521 ad
1549 2469 1789 2538 pr0prie-

212 2561 384 2610 tatem
416 2552 700 2623 cujuslibet
731 2553 808 2608 rei
840 2554 1147 2610 introducit.

286 2641 352 2700 ϐ.
390 2645 519 2712 Quae
538 2653 666 2700 sunt
681 2654 864 2715 partes
899 2645 1016 2714 ejus
1036 2649 1059 2702 ?
1083 2679 1154 2688 —
1175 2649 1239 2704 Α.
1271 2649 1586 2724 [Quinque],
1631 2654 1786 2708 vide-

210 2735 344 2792 licet
371 2751 556 2807 gcnus,
585 2736 814 2805 species,
836 2736 1158 2803 differentia,
1189 2741 1458 2807 accidens,
1483 2744 1786 2812 proprium.

206 2858 284 2872 σι·-
305 2825 369 2883 C.
398 2827 572 2882 Genus
595 2828 722 2897 quid
757 2828 873 2882 est?
904 2859 975 2868 —
1003 2829 1066 2882 Α.
1093 2830 1272 2886 Genus
1297 2842 1380 2887 est
1406 2834 1625 2902 proprie
1645 2835 1786 2902 quod

209 2921 496 2990 Speciehus
519 2920 700 2975 diil'ert
726 2939 741 2987 ;
785 2930 840 2976 et
867 2923 997 2991 quid
1025 2923 1094 2977 sit
1121 2940 1181 2978 ea
1212 2927 1534 2991 substantia,
1575 2926 1642 2982 de
1679 2943 1784 2997 qua

207 3015 430 3084 quaeris,
458 3016 727 3070 communi
765 3018 1028 3072 vocabulo
1055 3019 1306 3082 ostendit,
1333 3028 1391 3074 ut
1424 3019 1643 3074 animal.
1681 3019 1785 3075 Per

203 3105 454 3175 singulas
479 3106 621 3160 enim
645 3107 872 3175 species,
903 3107 956 3161 id
983 3113 1088 3173 est,
1119 3108 1372 3174 hominis,
1405 3109 1552 3178 equi,
1603 3109 1778 3175 bovis,

1899 1920 2087 1976 multa.

1967 2010 2028 2065 ϐ.
2062 2010 2170 2068 Has
2197 2013 2432 2084 quinque
2457 2025 2641 2087 partes
2667 2035 2775 2076 uno
2796 2022 3036 2091 quolibet
3061 2024 3309 2095 exemplo
3340 2041 3470 2081 con—

1890 2099 2055 2171 junge
2082 2101 2214 2174 [Al.,
2247 2104 2506 2178 declara].
2534 2139 2607 2147 —
2627 2109 2690 2163 Α.
2719 2107 2892 2165 Genus
2922 2121 3024 2177 est,
3049 2124 3109 2168 ut
3138 2115 3470 2182 animal;est

1895 2191 2037 2244 enim
2078 2193 2396 2248 vocabulum
2424 2197 2700 2266 generale,
2729 2216 3013 2257 commune
3063 2207 3304 2260 omnium
3353 2208 3466 2262 ani-

1894 2295 2038 2334 mam
2077 2281 2408 2337 habentium.
2437 2285 2645 2356 Species
2685 2297 2788 2354 est,
2847 2302 2907 2345 ut
2953 2293 3125 2347 homo.
3167 2293 3276 2350 Sua
3321 2299 3468 2352 enim

1894 2370 2126 2440 quadam
2156 2375 2335 2442 specie
2357 2386 2644 2446 separatur
2669 2396 2698 2434 a
2727 2383 2938 2437 caeteris
2967 2385 3350 2442 animantibus.
3400 2389 3470 2444 Et

1893 2475 2060 2529 genus
2083 2469 2166 2515 est
2203 2470 2397 2528 totum,
2421 2473 2479 2518 ut
2505 2476 2651 2534 puta,
2684 2479 2793 2524 tota
2825 2471 3078 2539 viventia,
3114 2477 3363 2532 animalia
3386 2479 3468 2533 di-

1892 2552 2092 2618 cimus;
2119 2556 2328 2624 species
2346 2557 2561 2626 quidem
2593 2576 2719 2630 pars
2765 2571 2876 2630 est;
2926 2575 3004 2630 ut,
3055 2582 3180 2636 pars
3219 2571 3466 2638 quzedam

1892 2645 2201 2701 animalium
2233 2649 2392 2702 homo
2420 2661 2522 2704 est.
2546 2650 2856 2720 Differ-entia
2885 2665 2990 2721 est,
3018 2659 3296 2714 rationalis
3319 2677 3466 2715 mor-

1892 2731 2044 2797 talis;
2086 2734 2171 2789 his
2191 2735 2336 2789 enim
2368 2737 2596 2802 duobus,
2629 2747 2690 2792 ut
2719 2743 2966 2811 superius
3001 2743 3256 2810 diximus,
3280 2745 3464 2803 dili‘ert

1890 2820 2052 2878 homo
2073 2839 2103 2877 a
2122 2826 2330 2880 caeteris
2359 2828 2744 2884 animantibus.
2778 2828 3061 2902 Proprium
3083 2844 3167 2890 est
3207 2834 3459 2909 [ridere];

1891 2911 2016 2979 quia
2053 2913 2226 2968 ridere
2246 2924 2444 2985 praeter
2471 2919 2745 2974 hominem
2774 2921 2972 2977 nullius
3002 2926 3323 2982 naturaliter
3347 2930 3465 2984 ani-

1890 3001 2046 3055 malis
2071 3013 2153 3058 est
2181 3003 2307 3076 [Al.,
2339 3007 2543 3062 nullum
2570 3049 2584 3063 .
2613 3049 2627 3063 .
2659 3049 2674 3064 .
2701 3011 2899 3066 animal
2926 3015 3146 3087 potest].
3204 3019 3459 3075 Accidens

1891 3099 1994 3156 est,
2021 3101 2079 3146 ut
2101 3095 2248 3148 color
2276 3095 2330 3149 in
2385 3111 2632 3167 corpore,
2683 3100 2927 3155 doctrina
2977 3103 3029 3157 in
3081 3107 3280 3161 animo.
3334 3108 3459 3165 Haec

203 3173 383 3252 lem'lis
404 3204 458 3252 et
480 3173 817 3263 mmmam,
855 3214 1025 3270 genus
1053 3209 1135 3254 est
1161 3201 1382 3265 animal,
1411 3173 1470 3256 εί
1499 3173 1781 3272 aequante,
1803 3173 1851 3237 Ο
1883 3183 2024 3236 enim
2050 3192 2352 3253 temporum
2375 3188 2638 3244 varietate
2668 3199 2721 3244 et
2749 3193 3018 3259 accidunt,
3069 3205 3124 3250 et
3153 3208 3452 3255 mutantur.

200 3286 273 3343 de
297 3288 548 3343 omnibus
574 3291 918 3358 praedicatur.

278 3375 340 3432 ϐ.
372 3377 511 3446 Quid
558 3388 640 3434 est
664 3381 896 3450 species?
917 3381 1072 3436 -Α,
1101 3381 1318 3453 Species
1340 3393 1440 3450 est,
1471 3389 1612 3454 quod
1645 3385 1778 3459 [Al.,

202 3468 349 3541 qum]
379 3470 447 3524 de
473 3469 715 3539 pluribus
748 3479 803 3526 et
827 3471 1200 3531 dillerentihus
1239 3493 1482 3541 numero,
1513 3494 1618 3533 non
1663 3496 1783 3549 spe-

201 3562 309 3625 cie,
340 3562 394 3614 in
423 3577 489 3616 eo
513 3561 654 3632 quod
702 3563 830 3632 quid
868 3565 970 3630 sit,
1016 3567 1356 3636 prmdicatur.
1400 3569 1534 3624 Nam
1566 3571 1632 3626 de
1681 3569 1782 3624 So—

195 3661 375 3717 crate,
423 3652 646 3707 Platone
693 3663 748 3708 et
793 3653 1054 3710 Cicerone
1089 3659 1367 3726 aequaliter
1404 3660 1566 3714 homo
1589 3661 1780 3729 praedi-

193 3753 378 3798 catur.
421 3744 536 3800 Una
574 3744 764 3818 [enim]
805 3749 1016 3817 species
1063 3751 1341 3804 hominum
1368 3761 1452 3806 est
1485 3753 1777 3807 secundum

187 3843 485 3900 naturam;
515 3835 605 3890 sed
635 3838 791 3892 multi
821 3839 1114 3893 secundum
1152 3856 1452 3895 numerum.

263 3925 334 3980 C.
369 3925 510 3992 Quid
533 3935 617 3982 est
635 3929 936 3997 differentia
961 3930 986 3982 ?
1008 3960 1078 3969 —
1101 3930 1164 3983 Α.
1191 3930 1502 3986 Differentia
1527 3940 1634 3998 est,
1658 3948 1778 4003 quae

185 4017 357 4090 quale
390 4018 461 4073 sit
498 4019 598 4074 hoc
636 4019 720 4074 vel
765 4021 893 4074 illud
923 4021 1143 4086 animal,
1173 4023 1426 4076 ostendit.
1461 4022 1532 4078 Ut
1557 4023 1601 4076 si
1632 4039 1777 4093 qure-

183 4120 354 4166 ratur
397 4111 574 4178 qualis
620 4112 690 4166 sit
720 4113 899 4174 homo,
941 4113 1170 4168 dicimus
1203 4131 1216 4166 :
1247 4112 1459 4168 Animal
1515 4115 1777 4170 rationale

178 4209 244 4254 et
276 4200 531 4253 mortale.
575 4199 631 4253 In
663 4201 748 4254 his
794 4202 940 4254 enim
990 4202 1198 4256 duobus
1247 4203 1315 4256 ab
1371 4203 1620 4258 omnibus
1657 4204 1776 4260 aliis

179 4291 566 4345 animantibus
595 4293 914 4346 secernitur.
962 4292 1021 4346 In
1077 4292 1359 4365 co[enim]
1411 4296 1552 4364 quod
1578 4296 1776 4352 dicitur

179 4381 480 4445 rationale,
513 4390 829 4452 segregatur
854 4383 922 4437 ab
946 4383 1196 4438 omnibus
1222 4386 1432 4438 ratione
1469 4401 1577 4440 non
1621 4395 1773 4442 uten-

181 4473 361 4526 tibus.
388 4470 523 4524 Dum
551 4470 769 4533 dicitur,
802 4472 1048 4536 mortale,
1073 4474 1127 4526 in
1157 4487 1222 4526 eo
1243 4474 1312 4528 ah
1339 4475 1544 4545 angelis
1569 4476 1765 4532 differt.

181 4559 386 4629 Angeli
427 4560 569 4614 enim
608 4560 898 4615 rationales
932 4570 987 4616 et
1015 4563 1348 4620 immortales
1369 4574 1530 4632 sunt;
1560 4568 1768 4622 anima-

178 4650 261 4704 lia
293 4663 428 4704 vero
473 4658 670 4704 caetera
722 4651 971 4706 mortalia
1001 4662 1144 4718 sunt,
1178 4655 1272 4708 sed
1320 4672 1426 4711 non
1461 4659 1766 4713 rationalia.

180 4739 372 4794 Homo
400 4749 583 4794 autem
617 4741 766 4796 solus
789 4758 857 4797 ex
883 4743 1130 4814 utrisque
1158 4753 1403 4812 constat;
1435 4748 1537 4804 hoc
1568 4752 1771 4806 habens

176 4848 319 4889 eum
344 4833 551 4901 angelis
580 4849 884 4901 commune,
914 4835 1042 4891 illud
1089 4853 1211 4892 cum
1245 4840 1458 4894 caeteris
1483 4841 1772 4897 animanti-

179 4923 319 4979 bus.
344 4923 390 4978 Ο
440 4924 636 4979 mirum
677 4925 904 4980 animal!
944 4942 1048 4981 una
1074 4935 1226 4996 parte
1249 4929 1487 4996 caeleste,
1517 4938 1572 4985 et
1599 4931 1770 4987 altera

179 5021 473 5069 terrenum
498 5015 512 5069 l

261 5102 326 5160 C.
355 5105 495 5172 Quid
536 5115 620 5163 est
642 5109 907 5178 proprium
924 5111 950 5163 .’
972 5139 1043 5149 —
1063 5109 1128 5163 Α.
1151 5108 1434 5179 Proprium
1471 5120 1574 5178 est,
1603 5130 1774 5184 quan-

173 5194 263 5250 do
291 5197 657 5264 unaquzelibet
685 5198 893 5266 species
921 5199 1239 5254 naturaliter
1279 5200 1460 5270 aliquo
1485 5210 1632 5257 certo
1673 5205 1772 5258 ad-

175 5285 496 5341 ditamento
519 5286 786 5358 designari
815 5295 1024 5357 potest,
1057 5291 1204 5345 etab
1232 5291 1376 5345 omni
1405 5291 1631 5347 aliarum
1659 5309 1776 5364 spe-

173 5375 403 5428 cierum
425 5377 805 5431 communione
829 5377 1090 5447 separari.
1110 5378 1200 5441 Ut,
1227 5379 1392 5434 solius
1407 5380 1636 5438 hominis
1650 5399 1776 5454 pro-

171 5467 402 5537 prietas
419 5474 521 5530 est,
553 5467 774 5522 risibilis
801 5467 1031 5539 [Forte.,
1053 5469 1346 5535 risibilem;
1376 5470 1472 5535 al.,
1496 5474 1773 5543 proprium

173 5573 239 5611 es
254 5568 279 5609 ι
309 5557 472 5631 risus]
500 5573 639 5614 esse.
666 5561 733 5614 Et
756 5561 1032 5616 sciendum
1061 5569 1144 5616 est
1169 5562 1309 5630 quod
1329 5563 1601 5632 singulare
1626 5581 1770 5621 sem-

177 5662 300 5717 per
345 5649 622 5719 proprium
675 5651 1018 5707 circumverti
1068 5667 1228 5722 posse
1267 5668 1485 5710 necesse
1538 5665 1658 5721 est;
1716 5669 1776 5714 ut

176 5744 331 5807 puta
355 5732 372 5788 ἐ
409 5737 678 5809 Quidquid
715 5741 878 5797 homo
905 5753 985 5798 est
1010 5743 1212 5798 risibile
1237 5752 1336 5800 est.
1366 5742 1433 5804 Et
1468 5745 1772 5818 :Quidquid

1798 4521 1848 4579 D

1950 3277 2110 3348 337
2138 3279 2417 3345 Quomodo
2464 3298 2529 3336 ex
2584 3283 2668 3339 his
2715 3287 2954 3356 quinque
2997 3291 3240 3358 partibus
3287 3296 3463 3352 oratio

1880 3370 2051 3441 plenae
2103 3371 2254 3444 [Ms.,
2299 3374 2480 3447 plena]
2525 3379 2809 3434 sententia:
2851 3380 3102 3453 conjungi
3145 3384 3349 3440 debet?
3391 3417 3463 3428 -—

1884 3469 1944 3524 Α.
1970 3470 2078 3524 ita:
2113 3471 2284 3527 Homo
2307 3482 2391 3528 est
2411 3476 2612 3530 animal
2639 3480 2922 3544 rationale,
2950 3484 3199 3550 mortale,
3229 3485 3458 3552 risibile,

1879 3560 2005 3616 boni
2033 3563 2264 3634 malique
2289 3581 2480 3636 capax.
2511 3567 2602 3624 Sic
2621 3571 2784 3625 etiam
2813 3573 2866 3626 in
2891 3575 3037 3628 omni
3067 3577 3311 3631 oratione
3334 3578 3462 3632 suh-

1881 3651 2114 3706 stantiali
2145 3655 2327 3709 tandiu
2361 3655 2704 3727 interponere
2734 3662 2992 3719 debemus
3019 3659 3226 3733 species
3259 3679 3315 3720 et
3355 3667 3461 3722 dif-

1881 3737 2157 3808 ferentias,
2186 3747 2421 3814 quandiu
2447 3750 2674 3805 seclusis
2701 3754 2952 3809 omnibus
2971 3796 2984 3817 ,
3017 3772 3137 3825 quae
3165 3758 3304 3811 idem
3334 3773 3456 3812 esse

1879 3841 2124 3899 possunt,
2152 3835 2292 3902 quod
2315 3837 2563 3905 inquiris,
2593 3847 2648 3894 et
2673 3842 2740 3893 ad
2764 3843 2816 3895 id
2842 3847 3189 3911 perveniatur
3218 3846 3347 3916 [Al.,
3382 3849 3451 3903 ad

1880 3919 1954 3984 id,
1994 3924 2135 3991 quod
2176 3924 2434 3993 inquiris,
2484 3931 2874 4004 perveniatur],
2908 3944 2966 3988 ut
2994 3938 3297 4006 proprietas
3341 3940 3458 4006 ejus

1879 4013 2194 4066 substantia:
2231 4022 2377 4068 certa
2425 4026 2708 4096 teneatur,
2755 4035 2914 4088 quam
2951 4023 3176 4079 deﬁnire
3219 4029 3453 4096 cupisti.

1879 4101 2004 4157 Haec
2029 4107 2416 4160 commentario
2441 4081 2590 4179 illa,
2617 4114 3015 4178 commentitio;
3043 4114 3115 4169 al.
3137 4157 3152 4179 ,
3183 4133 3459 4176 commen-

1879 4192 2075 4264 tatitio]
2126 4208 2376 4251 sermone
2417 4197 2484 4252 de
2523 4199 2756 4270 isagogis
2793 4200 3075 4273 Porphyrii
3124 4205 3266 4260 dicta
3305 4206 3454 4261 sufﬂ-

1877 4283 2041 4338 ciant.
2090 4283 2241 4341 Nunc
2269 4287 2401 4343 ordo
2428 4291 2666 4359 postulat
2703 4293 2772 4348 ad
2812 4294 3117 4353 Aristotelis
3154 4302 3454 4372 categorias

1875 4390 1975 4431 nos
2000 4377 2260 4432 transire.

2483 4471 2714 4528 CAPUT
2753 4475 2838 4529 Ill.

2448 4579 2512 4618 DE
2551 4579 2891 4622 CATEGORHS.

1948 4660 2010 4717 ϐ.
2063 4662 2364 4732 Sequamur
2409 4665 2692 4731 ordinem,
2743 4675 2798 4721 et
2845 4667 2960 4736 ejus
3017 4671 3172 4727 nobis
3217 4675 3450 4730 nominis

1875 4751 2052 4821 primo
2064 4753 2241 4820 pande
2254 4752 2795 4823 etymologiam—.4.
2818 4755 3114 4828 Categoriae
3129 4759 3330 4825 Grzece,
3349 4764 3454 4818 La-

1877 4841 1988 4894 tine
2011 4841 2427 4909 praedicamenta
2452 4842 2768 4917 [dicuntur].
2799 4878 2870 4887 —
2898 4847 2958 4902 ϐ.
2987 4849 3124 4916 Quid
3155 4854 3447 4924 significas,

1875 4931 2002 4984 dum
2030 4931 2169 4985 dicis
2196 4932 2605 5002 medicamenta
2624 4935 2650 4988 2’
2680 4965 2754 4976 -—
2779 4936 2842 4990 A.
2869 4938 3003 4994 Dum
3028 4941 3092 4996 de
3127 4944 3364 5012 qualibet
3391 4962 3451 5001 re

1877 5023 2089 5092 loquor,
2108 5031 2221 5077 tum
2243 5023 2311 5078 de
2331 5039 2393 5079 ea
2415 5026 2665 5094 prmdico,
2685 5028 2826 5083 sicut
2849 5031 3150 5101 philosophi
3169 5035 3450 5090 voluerunt

1877 5110 2122 5182 intelligi.
2162 5143 2234 5151 —
2263 5111 2324 5166 C.
2355 5113 2496 5179 Quot
2516 5114 2690 5170 modis
2724 5116 2894 5172 ﬁtilla
2918 5121 3251 5188 praedicatio,
3285 5139 3448 5193 quam

1877 5202 2222 5266 locutionem,
2246 5212 2307 5257 ut
2334 5204 2467 5258 mihi
2487 5204 2718 5271 videtur,
2743 5209 3022 5264 nominare
3046 5226 3350 5278 possumus.
3379 5245 3448 5255 —

1880 5291 1942 5343 Α.
1979 5291 2145 5348 Recte
2175 5294 2269 5347 tibi
2311 5291 2542 5348 videtur.
2576 5295 2794 5352 Duobus
2820 5299 2992 5353 modis
3023 5300 3082 5354 fit
3126 5302 3325 5360 locutio
3350 5321 3448 5361 no-

1877 5391 2028 5448 stra;
2071 5392 2161 5438 aut
2209 5384 2276 5438 de
2318 5385 2650 5450 substantia,
2696 5395 2791 5440 aut
2835 5388 2903 5442 de
2946 5391 3331 5448 accidentibus.
3376 5426 3447 5435 —

1877 5471 1938 5528 C.
1963 5474 2116 5529 Unde
2141 5475 2338 5530 dicitur
2363 5477 2662 5532 substantia
2682 5478 2706 5531 ?
2723 5509 2792 5518 —-
2815 5477 2880 5533 A.
2897 5478 3206 5538 Substantia
3227 5486 3440 5553 dicitur,

1876 5567 2000 5635 quia
2026 5567 2294 5633 subsistit,
2320 5576 2380 5622 ut
2407 5565 2560 5641 μὴ,
2591 5569 2666 5641 et]
2704 5577 2791 5625 est
2813 5586 3148 5644 unaquaeque
3169 5586 3360 5632 natura
3391 5579 3445 5635 in

1876 5672 1972 5712 sua
2028 5659 2371 5728 proprietate.
2416 5691 2486 5701 -—
2531 5659 2591 5716 C.
2641 5661 2782 5730 Quot
2824 5674 2952 5720 sunt
2994 5668 3339 5727 accidentia?
3376 5704 3445 5713 —

1877 5751 1941 5806 Α.
1983 5751 2362 5822 Corporalibus
2401 5755 2607 5811 naturis
2638 5770 2847 5813 novem.
2889 5788 2958 5800 --
3002 5757 3061 5814 ο.
3095 5759 3349 5829 Quze?-
3373 5766 3437 5819 Α.
