3934 6180
453 351 556 408 955

1252 343 1312 395 Β.
1351 339 1414 394 F.
1453 335 1680 394 ALBlNl
1715 334 1845 392 SEU
1879 333 2157 392 ALCUINI
2190 331 2474 389 OPERUM
2509 328 2702 384 PARS
2726 327 2837 383 Vll.
2883 398 2895 401 _

3589 319 3692 374 956

449 462 755 530 Quantitas,
787 459 855 515 ad
881 455 1081 524 aliquid
1105 471 1131 518 ,'
1158 453 1408 522 qualitas,
1454 449 1650 512 facere,
1683 447 1814 518 pati,
1845 446 1980 502 situs
1997 486 2012 510 ,
2045 458 2094 514 Α
2121 443 2323 500 fontem
2351 444 2616 508 dicimus;
2641 455 2741 510 pro
2767 445 2921 508 parte
2945 437 3177 508 quadam
3198 435 3415 502 utrique
3440 431 3519 488 rei
3543 431 3692 486 simi-

449 554 565 620 ubi,
595 552 828 622 quando,
859 549 1058 603 habere
1084 545 1215 617 [Αι.,
1260 540 1516 612 habitus].
1555 539 1651 594 His
1683 553 1874 594 novem
1893 536 2023 605 jun-

450 646 556 702 ctis
593 645 660 698 ad
681 643 1059 702 substantiam,
1091 652 1250 706 quam
1278 633 1451 688 Graeci
1476 633 1628 686 uaian
1653 637 1869 694 vocant,
1890 627 2026 682 ﬁunt

452 739 636 793 decem
681 733 985 804 categoriae.
1028 730 1094 782 Et
1141 729 1282 781 inter
1307 727 1421 780 hzec
1445 724 1633 778 decem
1653 722 1836 785 verba,
1864 717 2022 787 quid-

452 829 582 898 quid
623 827 784 881 liomo
827 823 1094 893 loquitur,
1143 815 1523 872 incvitahiliter
1579 812 1867 867 invenitur.
1918 808 2025 864 Sed

450 918 768 987 priusquam
792 914 856 968 de
879 913 964 966 his
986 908 1209 979 singulis
1230 906 1502 974 disputare
1523 902 2026 971 incipiamus,omo—

451 1023 734 1081 nymorum
789 1006 999 1074 legem,
1050 1015 1170 1070 qua:
1211 996 1608 1066 categoriarum
1651 1001 1779 1048 sunt
1823 992 2026 1045 instru-

452 1109 656 1165 menta,
688 1099 984 1154 videamus.

524 1189 585 1244 ϐ.
614 1190 736 1244 Fiat
761 1189 773 1242 ε
806 1187 873 1240 Et
897 1185 1132 1254 primum
1156 1180 1328 1251 pande
1354 1174 1824 1246 interpretationes
1847 1170 2025 1226 nomi-

451 1297 579 1338 num
609 1281 675 1334 de
714 1278 821 1332 illis
848 1255 1023 1330 tribus
1061 1271 1366 1340 speciebus,
1397 1281 1532 1336 quas
1573 1264 1628 1318 in
1675 1260 2028 1334 grammatica

451 1372 780 1445 legebamus,
810 1367 864 1421 id
885 1375 989 1430 est,
1012 1377 1317 1431 omonyma,
1338 1373 1656 1430 synonyma,
1683 1354 2024 1424 polyonyma.

451 1498 522 1509 ——
549 1469 614 1520 Α.
645 1463 944 1531 Omonyma
970 1457 1264 1526 aequivoca,
1297 1467 1592 1523 synonyma
1636 1450 1886 1511 univoca,
1934 1461 2029 1516 po-

451 1559 702 1628 lyonyma
733 1552 1005 1622 plurivoca
1029 1547 1222 1600 Latine
1247 1544 1351 1598 dici
1373 1552 1618 1613 possunt.
1643 1572 1714 1581 —
1745 1539 1803 1594 C.
1829 1539 2030 1593 Eorum

453 1661 665 1718 quoque
687 1640 1044 1699 differentiam
1064 1637 1250 1691 audire
1276 1641 1546 1702 exspecto.
1562 1632 1709 1686 -Α,
1739 1629 2031 1698 Omonyma

454 1747 604 1802 sunt,
633 1750 757 1792 cum
787 1734 903 1788 duae
925 1745 1013 1785 res
1040 1739 1324 1782 commune
1369 1723 1640 1793 accipiunt
1684 1735 1902 1785 nomen,
1949 1718 2031 1772 rei

453 1845 582 1886 vero
610 1825 1052 1896 interpretatione
1077 1828 1395 1890 separantur
1419 1836 1432 1885 ;
1473 1827 1550 1888 ut,
1580 1817 1742 1871 homo
1769 1815 1945 1885 pictus
1971 1819 2029 1866 et
2055 1797 2102 1856 Β

454 1926 618 1980 homo
651 1935 833 1974 verus.
863 1919 920 1972 In
953 1917 1036 1971 his
1070 1928 1302 1982 namque
1325 1927 1488 1965 unum
1527 1923 1722 1963 nomen
1748 1916 1863 1972 est,
1893 1903 2034 1959 ratio

454 2031 586 2072 vero
612 2013 697 2069 vel
741 2008 1116 2080 interpretatio
1154 2007 1388 2060 diversa.
1429 2001 1564 2058 Cum
1606 2001 1751 2055 enim
1799 1998 2033 2062 dixeris,

455 2123 644 2164 verum
675 2105 944 2160 hominem
989 2097 1190 2154 animal
1231 2111 1368 2161 esse,
1397 2095 1540 2164 quod
1570 2101 1817 2148 movetur
1857 2100 1912 2145 et
1954 2091 2034 2144 ci-

455 2202 584 2254 bum
614 2196 812 2266 capiat,
841 2201 895 2248 et
920 2191 1128 2246 ratione
1155 2189 1370 2260 vigeat;
1412 2201 1534 2240 cum
1573 2184 1709 2238 nihil
1735 2183 1929 2237 horum
1971 2181 2038 2234 de

455 2293 600 2362 picto
645 2298 800 2359 potes
847 2287 1047 2349 dicere,
1100 2279 1408 2336 necessario
1449 2277 1736 2331 videantur
1780 2272 2034 2342 disparia.

460 2380 764 2452 Synonyma
787 2392 916 2432 vero
946 2385 1090 2439 sunt,
1117 2387 1238 2442 quae
1262 2381 1316 2426 et
1343 2369 1560 2425 nomine
1587 2375 1643 2422 et
1661 2366 1744 2420 sui
1774 2366 2041 2433 interpre-

462 2473 664 2528 tatione
681 2470 1016 2540 junguntur;
1053 2473 1112 2518 ut
1141 2461 1340 2518 animal
1365 2467 1466 2525 est,
1494 2459 1637 2528 quod
1666 2458 1848 2512 cibum
1873 2456 2039 2522 capit,

460 2565 648 2635 spirat,
678 2570 924 2617 movetur
951 2566 1005 2613 et
1031 2554 1260 2611 mortale
1285 2560 1368 2608 est
1393 2571 1407 2606 :
1450 2553 1566 2605 hsce
1591 2549 1736 2604 enim
1765 2547 1946 2603 omnia
1974 2544 2042 2599 de

461 2657 702 2720 homine,
734 2670 894 2725 equo,
919 2661 976 2705 et
999 2651 1139 2704 bove
1167 2647 1415 2703 similiter
1437 2645 1542 2698 dici
1574 2651 1821 2714 possunt.
1849 2638 2044 2709 Polya-

462 2763 622 2816 nyma
649 2754 798 2808 sunt,
829 2741 1046 2813 quando
1093 2739 1259 2793 multa
1296 2737 1514 2792 nomina
1545 2749 1705 2788 unam
1734 2747 1846 2788 rem
1874 2730 2043 2799 signi-

464 2836 649 2900 ficant,
672 2849 846 2903 neque
868 2832 975 2885 ulla
999 2829 1298 2885 diﬂ'erentia
1328 2827 1414 2882 vel
1437 2827 1577 2880 ratio
1603 2824 1846 2880 redditur
1872 2820 2045 2876 nomi-

464 2941 615 2990 num,
642 2940 739 2979 cur
759 2937 919 2977 unam
950 2935 1063 2975 rem
1090 2929 1168 2974 tot
1187 2918 1404 2974 nomina
1427 2915 1754 2988 significent,
1782 2921 1861 2977 ut,
1882 2912 2044 2976 ensis,

463 3032 667 3080 mucro,
695 3013 924 3085 gladius.

537 3109 634 3164 His
671 3121 885 3177 quoque
919 3103 1219 3175 junguntur
1256 3103 1591 3171 heteronyma
1639 3098 1752 3172 [AL
1774 3139 1788 3163 ,
1833 3095 2045 3152 homio-

469 3199 663 3274 nyma]
695 3197 920 3271 [multis]
949 3210 1101 3265 teque
1129 3193 1434 3248 nominibus
1463 3207 1552 3247 res
1579 3189 1817 3260 singulas
1839 3185 2047 3258 signiti-

471 3291 672 3355 cantia,
707 3291 802 3344 sed
843 3289 895 3342 in
937 3289 1022 3342 bis
1068 3286 1210 3341 ratio
1238 3284 1607 3338 diversitatem
1634 3281 1914 3335 nominum
1942 3277 2050 3333 dis-

470 3381 661 3442 cernit,
713 3379 881 3443 velut,
910 3379 1106 3442 homo,
1147 3375 1414 3440 mortalis,
1446 3383 1713 3428 terrenus.
1764 3371 1937 3425 Homo
1983 3370 2050 3423 ab

475 3469 837 3532 humanitate,
861 3467 1106 3522 mortalis
1145 3482 1176 3519 a
1212 3465 1538 3519 necessitate
1568 3462 1778 3526 mortis,
1806 3469 2052 3514 terrenus

475 3575 506 3612 a
537 3568 707 3623 terra,
750 3558 802 3610 iu
830 3555 960 3627 [Al.,
994 3553 1083 3625 ex]
1113 3570 1219 3624 qua
1248 3553 1432 3608 omnia
1462 3553 1756 3622 gignuntur
1785 3549 2046 3621 [dicitur].

547 3643 609 3699 C.
639 3644 722 3698 Ad
750 3659 912 3712 quam
939 3642 1173 3712 speciem
1201 3641 1416 3710 propria
1437 3640 1654 3694 nomina
1675 3638 2056 3707 pertinent?—

475 3740 541 3793 Α.
569 3737 908 3809 Regulariter
933 3738 1074 3790 scire
1099 3736 1373 3798 debemus,
1399 3735 1579 3790 omnia
1600 3733 1818 3803 propria
1839 3732 2054 3787 nomina

477 3829 782 3886 communia
809 3843 929 3883 esse
959 3842 1136 3896 posse,
1164 3835 1220 3881 et
1242 3839 1531 3896 omonyma
1554 3825 1761 3888 vocari,
1791 3831 1852 3876 ut
1867 3822 2057 3878 Cicero

475 3938 584 3977 non
614 3936 755 3975 unus
779 3919 873 3974 sed
896 3919 1080 3987 plures
1104 3936 1116 3971 :
1155 3918 1249 3972 sed
1275 3917 1442 3985 signis
1470 3923 1526 3970 et
1566 3915 1899 3985 proprietate
1925 3929 2060 3984 qua-

478 4015 600 4070 dam
629 4011 970 4068 discernendi
997 4017 1161 4076 sunt;
1201 4010 1324 4078 quis
1351 4009 1420 4063 sit
1448 4008 1537 4062 ille
1571 4015 1627 4061 et
1670 4007 1792 4075 quis
1833 4006 1972 4060 alius
2003 4013 2060 4060 et

479 4106 602 4174 quis
628 4105 818 4159 tertius
843 4102 1055 4166 Cicero,
1088 4111 1148 4156 ut
1176 4101 1341 4155 alium
1364 4079 1606 4154 crassum
1638 4099 1808 4163 dicas,
1831 4097 2062 4151 alterum

480 4206 728 4261 tenuem;
761 4195 847 4249 vel
873 4194 1063 4262 longus
1096 4193 1308 4247 dicatur
1332 4192 1492 4256 alius,
1521 4190 1659 4245 alter
1684 4190 1892 4254 brevis;
1933 4203 2062 4242 can-

482 4290 608 4346 dido
630 4289 811 4344 colore
833 4288 979 4356 quis,
1004 4286 1141 4340 alter
1170 4285 1346 4356 nigro.

556 4383 618 4437 C.
651 4381 948 4450 Oinonyma
971 4387 1102 4448 quot
1124 4378 1295 4432 modis
1318 4375 1487 4430 ﬁunt?
1507 4405 1581 4414 ——
1601 4374 1669 4428 Α.
1699 4372 1936 4427 Duobus.
1960 4371 2067 4423 Aut

2117 535 2286 590 litudo
2313 533 2547 588 nominis
2570 531 2784 586 videtur
2824 528 3092 597 adjuncta.
3131 526 3210 580 Ab
3244 540 3373 588 uno,
3400 537 3526 577 cum
3562 521 3696 577 dici-

2119 642 2241 683 mus
2302 623 2622 680 medicinale
2675 623 2912 688 ferrum,
2965 617 3282 676 medicinale
3324 621 3692 685 prmceptum,

2121 717 2458 779 medicinalis
2502 715 2763 782 scientia,
2811 711 3142 768 medicinalis
3189 726 3354 774 usus;
3391 708 3460 761 ab
3503 721 3617 760 uno
3644 706 3696 760 in

2122 815 2315 864 cuncta
2344 807 2692 869 descendunt.
2723 806 2804 860 Ad
2831 821 2995 858 unum
3021 812 3122 868 est,
3151 814 3227 865 ut,
3261 801 3352 855 illa
3377 799 3527 869 potio
3554 797 3697 851 salu-

2121 899 2235 954 bris
2278 907 2394 964 est,
2427 898 2517 953 ille
2559 898 2799 953 medicus
2826 896 3060 952 salubris
3087 903 3200 958 est,
3242 893 3331 947 illa
3359 891 3528 946 herba
3559 888 3703 944 salu-

2123 987 2238 1043 bris
2262 997 2364 1043 est.
2393 989 2518 1044 Haac
2536 989 2682 1044 enim
2703 996 2897 1043 cuncta
2924 986 3059 1058 [Al.,
3076 984 3286 1054 juncta,
3307 993 3355 1036 et
3385 979 3700 1053 conjuncta]

2124 1095 2313 1144 unum,
2345 1079 2397 1134 id
2421 1087 2523 1144 est,
2551 1078 2804 1144 salutem,
2826 1078 3075 1132 videntur
3099 1075 3380 1144 attingere.

2197 1167 2258 1224 C.
2289 1169 2425 1236 Quia
2454 1169 2585 1223 mihi
2608 1169 2890 1237 perspicue
2919 1167 3194 1222 nominum
3219 1164 3546 1218 varietatem
3570 1160 3705 1217 dixi-

2125 1260 2232 1324 sti,
2261 1268 2506 1330 superest
2529 1267 2591 1314 ut
2611 1260 2964 1328 quaestionum
2994 1258 3256 1312 rationem
3277 1269 3549 1324 exponas,
3577 1269 3705 1322 quas

2127 1367 2234 1407 non
2262 1352 2367 1408 nisi
2394 1351 2701 1407 nominibus
2723 1358 2778 1405 et
2805 1351 2983 1405 verbis
3007 1358 3258 1404 constare
3282 1361 3443 1418 posse
3470 1347 3702 1402 zestimo.

2127 1442 2250 1498 Ideo
2278 1443 2378 1497 has
2402 1444 2534 1496 duas
2559 1448 2742 1510 partes
2768 1439 3092 1510 principales
3115 1453 3235 1494 esse
3263 1446 3460 1494 natura
3485 1452 3590 1491 nos
3617 1437 3708 1492 do-

2128 1540 2236 1594 cet.
2261 1531 2468 1587 Nomen
2496 1546 2729 1601 namque
2751 1530 3108 1585 substantiam
3133 1529 3371 1584 ostendit
3394 1544 3411 1592 ;
3451 1525 3704 1592 verbum,

2130 1623 2258 1695 quid
2281 1623 2506 1693 quisque
2534 1620 2716 1686 faciat,
2745 1621 2942 1691 quidve
2970 1621 3227 1690 patiatur.

2201 1734 2266 1789 A.
2291 1734 2486 1789 Tribus
2507 1749 2573 1788 ex
2595 1733 2832 1789 fontibus
2852 1747 3039 1788 omnes
3054 1730 3328 1802 proﬂuunt
3347 1728 3702 1799 quzestiones;

2134 1833 2228 1879 aut
2253 1825 2320 1879 ab
2347 1825 2432 1879 his
2457 1840 2578 1893 quae
2617 1832 2775 1889 sunt;
2804 1830 2898 1877 aut
2923 1822 2990 1876 ab
3031 1822 3116 1875 his
3142 1835 3262 1889 qua:
3287 1817 3703 1888 percipiuntur;

2133 1925 2226 1970 aut
2251 1916 2317 1970 de
2347 1914 2478 1987 [Al.,
2504 1914 2593 1987 ab]
2616 1915 2700 1970 his
2724 1928 2844 1984 quae
2870 1914 3140 1967 dicuntur.
3191 1911 3305 1966 Una
3342 1915 3430 1964 est
3456 1908 3708 1962 substan-

2135 2009 2362 2072 tiarum;
2411 2007 2536 2075 quia
2577 2005 2721 2077 [Αι.,
2766 2012 2824 2058 et
2863 2001 3009 2074 sunt]
3054 2009 3180 2056 sunt
3215 2014 3405 2055 omnes
3435 2012 3547 2060 res,
3579 2011 3708 2067 quas

2134 2109 2326 2155 natura
2354 2100 2581 2169 peperit.
2609 2097 2795 2152 Altera
2825 2109 3115 2157 sensuum;
3154 2093 3280 2161 quia
3317 2105 3482 2145 sensu
3511 2087 3710 2158 percipi

2136 2207 2244 2248 non
2268 2199 2510 2262 possunt,
2542 2190 2646 2244 nisi
2671 2189 2756 2243 hae
2781 2202 2869 2241 res
2896 2201 3015 2254 qua:
3039 2192 3186 2248 sunt,
3222 2190 3279 2236 et
3314 2194 3551 2250 quarum
3581 2175 3702 2232 ima-

2137 2284 2290 2355 gines
2339 2283 2519 2337 animo
2541 2269 2842 2335 formamus
2865 2284 2922 2332 et
2947 2275 3249 2331 condimus.
3301 2271 3489 2325 Tertia
3523 2269 3714 2324 dictio-

2139 2390 2286 2437 num,
2316 2374 2369 2428 id
2409 2387 2662 2442 namque,
2693 2370 2836 2440 quod
2865 2368 2987 2437 quis
3025 2364 3262 2434 concipit
3286 2361 3420 2435 [Al.,
3447 2358 3714 2431 concepit]

2139 2465 2352 2529 animo,
2392 2464 2574 2533 lingua
2600 2460 2948 2532 proscquenti
2973 2458 3328 2512 demonstrat.
3360 2454 3505 2524 Ergo
3549 2467 3718 2522 quan-

2141 2571 2302 2625 quam
2329 2555 2618 2623 separatim
2644 2554 2760 2607 haec
2782 2552 2886 2606 tria
2911 2549 3277 2611 nominentur,
3303 2545 3518 2598 mistam
3542 2551 3724 2596 tamen

2142 2648 2208 2702 de
2232 2646 2405 2700 tribus
2429 2644 2844 2714 disputationem
2889 2642 3159 2697 debemus.
3189 2637 3453 2704 accipere.
3494 2632 3632 2687 Nam
3657 2633 3729 2686 de

2141 2737 2425 2808 praeceptis
2453 2735 2582 2807 [Αι.,
2610 2731 2902 2806 perceptis]
2933 2732 3025 2801 qui
3064 2729 3321 2799 loquitur,
3363 2733 3420 2780 et
3442 2724 3730 2795 originem

2145 2843 2326 2883 rerum
2369 2826 2552 2888 trahit,
2583 2833 2640 2879 et
2675 2823 2921 2895 praesidia
2965 2819 3225 2875 orationis
3267 2816 3542 2885 implorat.
3586 2812 3737 2868 Sunt

2146 2919 2310 2990 igitur
2342 2917 2449 2980 illa,
2484 2930 2604 2984 quae
2649 2923 2741 2969 aut
2779 2912 3107 2984 percipimus
3147 2906 3397 2962 sensibus
3442 2902 3684 2973 corporis
3719 2918 3736 2964 ;

2147 3017 2242 3064 aut
2269 3015 2446 3062 mente
2477 3013 2532 3061 et
2565 2992 2888 3075 cogitatione
2925 3000 3245 3071 colligimus.
3291 2995 3554 3050 Sensibus
3579 3002 3740 3047 tene-

2151 3115 2291 3164 mus,
2329 3114 2450 3167 qua:
2493 3104 2590 3152 aut
2613 3095 2866 3160 videndo,
2915 3103 3008 3147 aut
3055 3086 3460 3149 contrectando,
3492 3091 3586 3137 aut
3633 3096 3739 3137 au-

2151 3191 2378 3257 diendo,
2427 3195 2521 3243 aut
2571 3185 2866 3258 gustando,
2915 3191 3011 3238 aut
3055 3177 3333 3236 odoraudo
3375 3174 3736 3247 percipimus.

2151 3282 2326 3337 Mente
2355 3278 2742 3349 cognoscimus,
2771 3274 2899 3328 dum
2940 3272 3214 3343 quodlibet
3240 3283 3458 3338 corpus,
3489 3274 3554 3320 ut
3598 3272 3736 3336 puta

2151 3374 2386 3433 hominis
2414 3371 2500 3426 vel
2527 3369 2776 3424 animalis
2807 3367 2988 3422 multis
3012 3374 3265 3421 constare
3291 3378 3356 3418 ex
3380 3360 3636 3430 partibus
3661 3360 3741 3413 in-

2153 3467 2468 3537 telligimus;
2493 3462 2658 3516 etiam
2688 3460 2769 3515 vel
2797 3472 3044 3514 crescere
3080 3457 3167 3511 vel
3208 3440 3531 3518 senescere;
3575 3451 3740 3505 modo

2155 3557 2274 3627 angi
2300 3555 2468 3619 curis,
2497 3553 2656 3608 modo
2677 3566 2867 3607 securo
2891 3558 3110 3620 pectore
3131 3545 3521 3616 conquiescere
3547 3559 3562 3607 ;
3592 3543 3740 3597 sani-

2154 3655 2264 3702 tate
2294 3646 2429 3700 alias
2448 3644 2576 3709 frui,
2608 3643 2742 3698 alias
2770 3643 2981 3699 dolores
3007 3640 3248 3712 perpeti;
3276 3638 3512 3709 peritum
3542 3649 3612 3689 ex
3637 3635 3737 3689 im-

2153 3741 2351 3811 perito,
2382 3755 2449 3794 ex
2473 3739 2691 3792 indocto
2715 3736 2957 3790 doctum.
3280 3717 3292 3728 ’

2230 3833 2290 3888 C.
2327 3832 2489 3886 Forte
2512 3832 2629 3886 hrec
2650 3829 2921 3899 sapientes
2940 3826 3175 3896 propriis
3200 3822 3516 3879 nominibus
3539 3820 3745 3876 discere

2158 3939 2289 3980 nere
2314 3921 2634 3977 voluerunt?
2657 3949 2728 3959 —
2750 3918 2814 3971 Α.
2842 3917 3038 3971 Etiam.
3067 3914 3200 3969 Nam
3225 3913 3280 3967 id
3301 3911 3447 3981 quod
3471 3907 3743 3979 corporali

2161 4031 2321 4072 sensu
2369 4013 2728 4077 discernitur,
2757 4010 2945 4073 αδεσπ,
2988 4009 3039 4062 id
3085 4015 3198 4070 est,
3229 4003 3597 4059 substantiam
3645 3999 3746 4056 dici

2155 4110 2450 4180 jusserunt.
2497 4104 2632 4159 Illud
2663 4109 2846 4156 autem
2869 4143 2884 4165 ,
2915 4100 3057 4169 quod
3096 4098 3264 4152 animi
3295 4103 3534 4151 tractatu
3575 4092 3746 4147 solum

2163 4179 2454 4268 colligitur,
2479 4205 2572 4249 aut
2603 4191 2756 4265 [Ms.,
2785 4191 2871 4263 ac]
2899 4205 3042 4259 saepe
3061 4195 3302 4244 mutatur
3330 4185 3676 4255 symbebicos,
3697 4179 3748 4235 id

2163 4299 2264 4352 est,
2290 4289 2538 4343 accidens
2575 4283 2841 4339 nominari
2871 4281 3056 4352 [Μεδ.,
3080 4273 3383 4345 nominare]
3415 4273 3744 4328 maluerunt.

2168 4381 2334 4436 Usian
2364 4393 2576 4449 quoque
2602 4376 2974 4447 ypocimenon,
3002 4372 3056 4425 id
3099 4379 3182 4424 est
3203 4409 3217 4434 ,
3249 4365 3539 4434 suhjacens
3573 4359 3750 4433 appel-

484 4475 630 4530 ειιὶηὶ
659 4472 882 4527 Ῑοΐιιιίιο
910 4471 1064 4534 ﬁunt,
1105 4477 1195 4522 θυι
1222 4468 1498 4522 hominum
1530 4464 1804 4518 νοιυηῑθίθ
1832 4476 2063 4516 "3500""
2092 4503 2143 4562 ι)
2167 4475 2279 4527 lare
2304 4471 2604 4524 voluerunt.
2621 4467 2710 4520 illa
2736 4479 2867 4519 vero
2888 4477 3008 4532 quae
3027 4455 3745 4524 accidunt,enypocimenou,

485 4575 594 4618 tur.
625 4593 696 4604 —
723 4560 783 4616 C.
813 4560 1058 4615 Fortuito
1084 4556 1386 4628 quomodo?
1423 4586 1494 4594 —
1526 4553 1591 4607 Α.
1646 4552 1782 4608 Cum
1829 4551 2060 4620 quodam

485 4654 618 4710 caSu
647 4653 821 4710 simile
846 4652 968 4721 quis
997 4649 1152 4704 alteri
1179 4648 1408 4718 accipiat
1438 4645 1572 4717 (AL,
1603 4643 1824 4698 alterius
1844 4640 2062 4713 accipit]

486 4763 706 4804 nomen.
733 4775 803 4787 ——
837 4746 901 4801 C.
930 4744 1210 4813 Quomodo
1233 4740 1544 4796 voluntate?
1573 4768 1646 4779 —
1667 4737 1732 4791 A.
1758 4735 1894 4792 Cum
1918 4735 2068 4790 simi-

488 4839 658 4894 litudo
686 4838 919 4894 nominis
939 4852 1007 4891 ex
1036 4834 1299 4890 industria
1322 4830 1646 4901 imponentis
1672 4827 1905 4899 aﬂigitur
1933 4825 2066 4898 [ΑΛ.

487 4929 806 5001 eﬂingitur].
829 4957 900 4968 ——
927 4926 986 4982 C.
1015 4926 1073 4981 Si
1096 4927 1179 4980 hae
1203 4934 1383 4995 partes
1401 4924 1522 4992 plus
1541 4927 1765 4993 possunt
1787 4917 1983 4974 dividi?
2001 4945 2072 4955 —

490 5023 558 5079 A.
609 5022 814 5078 Horum
844 5029 1058 5083 autem,
1103 5033 1222 5088 qua:
1265 5031 1333 5070 ex
1363 5015 1628 5070 industria
1669 5011 1757 5067 vel
1798 5009 2071 5065 voluntate

495 5124 814 5179 nascuntur,
846 5125 1077 5183 quatuor
1101 5119 1228 5165 sunt
1251 5124 1487 5180 genera:
1529 5106 1680 5170 lcan,
1727 5114 1847 5158 cata
1890 5100 2073 5156 analo-

494 5209 659 5279 giam,
690 5223 900 5277 apenos,
919 5220 1140 5277 prosena
1164 5201 1360 5274 [32er
1383 5199 1492 5256 κατ’
1515 5199 1799 5270 ἀναλογίαν,
1827 5194 1910 5265 ἀφ’
1943 5194 2070 5257 ἑνός,

497 5303 630 5375 πρὸς
655 5301 707 5355 ἓν

570 5393 736 5464 338
757 5389 818 5446 ϐ.
849 5391 1044 5445 Latino
1081 5403 1177 5443 ore
1203 5387 1318 5440 haec
1349 5384 1518 5454 aperi.
1547 5411 1616 5423 ——
1641 5380 1705 5433 A.
1737 5374 2073 5439 Similitudo,

498 5497 600 5551 pro
625 5490 799 5552 parte,
842 5482 910 5535 ab
937 5495 1066 5543 uno,
1095 5479 1161 5533 ad
1204 5491 1392 5530 unum.
1432 5504 1502 5514 -—
1544 5470 1605 5526 C.
1644 5466 1914 5536 Exemplis
1953 5480 2081 5520 con-

502 5575 680 5630 firma.
707 5603 773 5614 --
797 5571 862 5626 Α.
892 5556 1215 5632 Similitudo,
1247 5577 1306 5621 ut
1330 5568 1491 5622 homo
1517 5564 1692 5632 pictus
1710 5567 1764 5614 et
1789 5571 1950 5612 verus
1970 5555 2080 5610 sola

507 5671 561 5722 in
592 5671 939 5724 similitudine
971 5668 1307 5738 copulantur.
1351 5662 1460 5716 Pro
1491 5670 1656 5732 parte,
1683 5667 1761 5723 ut,
1797 5673 1904 5727 quo
1926 5662 2085 5726 pacto

506 5757 832 5826 principium
852 5757 1096 5812 animalis
1113 5770 1208 5809 cor
1223 5755 1472 5818 dicimus,
1499 5752 1572 5806 ita
1588 5748 1912 5818 principium
1934 5760 2084 5816 aquae

2169 4567 2222 4620 id
2249 4572 2350 4624 est,
2385 4564 2436 4616 in
2475 4558 2774 4627 subjacenti
2817 4550 3160 4627 [accidentia]
3208 4550 3482 4603 dixerunt.
3522 4543 3750 4598 Necesse

2169 4662 2253 4708 est
2285 4665 2415 4707 vero
2437 4647 2733 4704 accidentia
2764 4646 2818 4699 in
2845 4642 3089 4713 qualibet
3127 4653 3248 4695 esse
3275 4635 3604 4692 substantia.
3631 4633 3750 4686 Ideo

2171 4745 2263 4800 illa
2290 4741 2589 4798 substantia
2622 4739 2906 4808 subiacens
2927 4734 3156 4796 dicitur;
3182 4730 3274 4785 illa
3302 4743 3434 4782 vero
3456 4721 3753 4780 accidentia

2175 4836 2228 4889 in
2255 4831 2553 4903 subiacenti
2586 4826 2920 4884 substantia:
2953 4833 3014 4878 ut
3049 4830 3198 4893 pote,
3231 4815 3522 4886 disciplina
3560 4814 3616 4867 in
3645 4810 3754 4865 ani-

2176 4943 2286 4991 mo,
2312 4925 2461 4980 color
2480 4924 2538 4977 in
2558 4934 2806 4990 corpore,
2833 4924 2928 4971 aut
2954 4916 3019 4970 de
3045 4914 3152 4968 illis
3173 4924 3365 4965 novem
3387 4903 3756 4962 accidentibus

2178 5017 2474 5089 quodlibet,
2503 5029 2623 5084 quze
2659 5011 2908 5082 superius
2931 5002 3347 5061 nominavimus.
3847 5069 3855 5073 _

2247 5105 2311 5162 ϐ.
2340 5081 2609 5160 Debemus
2631 5111 2808 5157 tamen
2835 5112 2951 5167 ipsa
2977 5090 3273 5150 accidentia
3295 5087 3378 5142 vel
3402 5086 3455 5140 in
3479 5085 3596 5154 ipsa
3617 5081 3755 5140 asia,

2179 5197 2263 5252 vel
2288 5204 2441 5250 extra
2468 5194 2642 5248 asiam
2664 5191 2845 5245 dicere
2869 5185 3024 5241 esse?
3050 5212 3122 5224 ——
3145 5181 3212 5235 Α.
3238 5179 3354 5232 Alia
3388 5177 3444 5230 in
3469 5175 3620 5242 ipsa,
3658 5168 3759 5221 alia

2181 5296 2356 5344 extra.
2382 5286 2529 5339 Intra
2569 5282 2740 5336 usiam
2769 5285 2896 5334 sunt
2923 5275 3172 5346 qualitas,
3209 5268 3486 5339 quantitas
3524 5272 3580 5318 et
3605 5261 3761 5316 situs.

2182 5379 2308 5434 Haec
2334 5377 2479 5432 enim
2504 5375 2620 5428 sine
2646 5373 2760 5442 ipsa
2782 5382 2901 5424 esse
2921 5374 3035 5421 non
3061 5370 3308 5434 possunt.
3341 5357 3460 5412 Mox
3495 5355 3645 5409 enim
3664 5390 3680 5417 ,
3709 5354 3770 5404 ut

2182 5469 2453 5525 hominem
2478 5463 2563 5519 vel
2592 5475 2792 5532 equum
2819 5458 3020 5514 dixeris
3039 5495 3054 5520 ,
3083 5450 3292 5508 adverti
3322 5459 3546 5503 necesse
3569 5449 3657 5496 est
3678 5437 3766 5492 bi-

2184 5539 2428 5633 pedalem
2475 5563 2568 5611 aut
2603 5547 3096 5624 quadrupedalem;
3149 5542 3332 5609 album
3383 5545 3477 5591 aut
3507 5534 3727 5633 nigrum
3752 5567 3767 5591 ,

2185 5621 2416 5707 stantem
2449 5653 2542 5700 aut
2559 5621 2852 5712 jacentem.
2883 5638 3047 5691 Extra
3078 5633 3232 5687 usian
3266 5643 3396 5683 vero
3427 5632 3552 5679 sunt
3580 5621 3767 5678 locus,

2189 5754 2398 5812 tempus
2419 5746 2475 5794 et
2499 5707 2734 5792 habitus.
2767 5730 2902 5786 Nam
2931 5729 2984 5784 in
3007 5727 3125 5782 loco
3152 5722 3234 5778 vel
3261 5729 3502 5788 tempore
3526 5726 3650 5770 esse
3675 5707 3772 5762 εἰὶ-
