3934 6180
269 325 380 382 957

1257 327 1730 386 DIDASCALICA.
1774 356 1842 366 —
1879 325 1969 380 DE
2007 325 2433 383 DlALECTlCA.

3427 330 3530 387 938

267 457 468 511 quem;
491 439 680 495 vestiri
705 440 791 494 vel
816 439 1041 505 armari,
1059 439 1127 494 ab
1150 440 1269 494 asia
1295 447 1546 508 separata
1568 448 1710 493 sunt.
1733 435 1851 490 Alia
1879 440 1925 495 Α
1953 447 2171 490 emensa
2184 438 2291 493 erit
2313 437 2538 493 latitudo
2554 451 2676 493 cum
2693 437 3046 508 longitudine,
3060 439 3292 510 epifania
3308 439 3526 506 dicitur,

266 543 399 590 sunt
430 532 762 595 communia,
794 532 847 586 id
871 539 974 595 est,
1007 531 1148 585 intra
1171 539 1226 586 et
1251 539 1406 586 extra
1429 531 1614 596 usian,
1642 536 1730 594 ut,
1764 543 1848 582 re-

265 625 400 679 latio
421 664 435 688 ,
464 624 642 678 facere
673 631 728 678 et
759 623 889 692 pati.
916 621 1085 691 Maius
1111 638 1240 678 vero
1269 632 1325 679 et
1349 623 1559 689 minus,
1597 637 1765 677 unum
1791 622 1847 676 in

262 732 322 772 se
347 715 566 779 habent,
598 715 742 769 aliud
767 724 916 768 castra
940 731 1014 768 se.
1055 714 1187 769 ltem
1223 716 1394 786 facere
1421 724 1476 770 et
1506 723 1658 770 extra
1686 723 1741 768 et
1766 715 1848 768 in-

266 814 372 869 tra,
402 812 464 858 ut
489 803 698 858 caedere
725 803 952 873 quisque
977 803 1084 858 dici
1113 819 1221 859 non
1247 811 1456 874 potest,
1491 805 1593 858 nisi
1618 803 1848 859 alterum

264 897 476 960 caedat;
520 894 771 949 similiter
795 895 946 964 pati:
977 895 1109 949 caedi
1136 895 1280 949 enim
1304 895 1390 950 vel
1426 896 1508 950 uri
1544 896 1723 950 nullus
1751 910 1848 964 po-

265 993 391 1050 test,
422 983 526 1038 nisi
554 984 624 1038 ab
646 984 817 1039 altero
845 985 1082 1054 patiatur
1109 985 1260 1057 [Ms.,
1291 986 1570 1058 patietur].

333 1072 396 1130 C.
425 1075 592 1130 Estne
629 1075 734 1130 alia
775 1077 969 1132 horum
1009 1078 1368 1132 accidentium
1413 1078 1747 1148 differentia?
1773 1109 1846 1121 —

259 1167 327 1220 Α.
362 1167 474 1221 Est.
517 1167 595 1220 Ea
623 1167 768 1221 enim
799 1183 919 1237 qua:
945 1168 1130 1223 insunt
1163 1169 1378 1238 cuique,
1411 1179 1506 1224 aut
1538 1171 1594 1224 in
1623 1170 1758 1234 solo,
1788 1178 1845 1225 et

259 1256 316 1310 in
340 1257 484 1310 omni
513 1272 528 1322 ;
569 1265 663 1310 aut
689 1257 744 1311 in
765 1258 882 1313 solo
907 1266 963 1313 et
987 1273 1094 1314 non
1117 1259 1172 1313 in
1197 1261 1378 1326 omni;
1418 1269 1509 1315 aut
1535 1261 1589 1316 in
1615 1263 1762 1316 omni
1789 1271 1846 1316 et

258 1364 370 1404 non
397 1350 451 1405 in
477 1351 630 1418 solo;
671 1360 765 1407 aut
804 1368 907 1408 nec
933 1353 989 1408 in
1026 1354 1163 1420 solo,
1197 1370 1301 1410 nec
1331 1356 1386 1409 in
1409 1357 1558 1411 omni
1587 1372 1707 1412 esse
1749 1373 1843 1413 ne-

257 1455 414 1497 cesse
458 1449 560 1496 est.
608 1442 678 1496 Et
729 1444 828 1499 has
866 1451 1099 1514 quatuor
1139 1446 1347 1515 species
1388 1445 1562 1502 Graeci
1605 1454 1839 1514 vocant;

256 1529 658 1603 Enmocepanti,
674 1537 1160 1605 enmonoceupanti,
1173 1539 1408 1607 expanti,
1425 1554 1646 1592 enmono
1660 1537 1811 1610 [Mss.
1821 1579 1838 1605 ,

254 1621 710 1695 Enmonocepanti
831 1627 1063 1697 enpanli,
1109 1627 1382 1701 ceunomo]
1422 1641 1586 1697 ceute,
1617 1647 1839 1687 enmono

251 1715 504 1784 utipanti.

1949 527 2005 581 id
2027 537 2130 594 est,
2157 529 2507 600 superﬁcialis
2527 546 2801 602 mensura.
2827 563 2900 572 ——
2927 530 2988 586 (Ζ.
3019 532 3159 599 Quid
3198 534 3244 586 si
3275 533 3361 587 his
3390 534 3528 587 duo-

1945 619 2047 676 bus
2096 621 2428 677 altitudinem
2481 623 2844 694 adjungit?—
2891 626 2955 678 Α.
3008 625 3213 680 Cuncta
3261 626 3377 680 haec
3423 627 3527 680 tria

1946 722 2212 764 mensura:
2237 711 2441 765 sociata
2467 711 2697 768 solidum
2736 729 2932 784 corpus
2961 713 3250 783 perﬁciunt
3277 730 3400 768 cum
3430 731 3524 770 sex

1946 800 2058 854 suis
2085 801 2329 870 partibus
2356 805 2708 874 praescriptis,
2757 807 2950 875 hisque
2989 807 3278 861 ascribitur
3327 822 3525 862 secun-

1945 889 2072 943 dum
2102 891 2424 959 positionem
2451 891 2637 964 [loci],
2685 894 2843 965 longe
2875 896 2958 950 vel
2976 895 3150 964 juxta.
3181 895 3314 950 Nam
3355 896 3522 959 aliud,

1944 981 2088 1049 quod
2131 981 2262 1036 mihi
2313 998 2345 1036 a
2404 983 2608 1038 dextris
2649 985 2732 1039 vel
2780 985 3037 1050 sinistris,
3089 994 3215 1040 ante
3263 986 3348 1040 vel
3379 995 3526 1041 retro

1924 1072 2097 1141 'juxta
2118 1081 2233 1140 est;
2261 1073 2403 1128 aliud
2433 1076 2576 1144 quod
2598 1076 2779 1147 longe;
2803 1078 2952 1132 verbi
2977 1079 3150 1147 gratia
3180 1093 3193 1131 :
3222 1078 3320 1134 Hic
3343 1079 3527 1149 paries

1941 1177 2109 1232 prope
2145 1173 2260 1230 est;
2287 1173 2344 1218 et
2370 1165 2458 1220 ille
2485 1166 2568 1220 vel
2609 1167 2699 1221 ille
2730 1183 2886 1222 mons
2916 1168 3090 1237 longe.

2012 1252 2074 1308 C.
2108 1254 2293 1310 Potest
2341 1254 2418 1310 ita
2467 1257 2534 1311 de
2581 1256 2724 1311 infra
2769 1265 2827 1312 et
2871 1273 3034 1328 supra
3066 1257 3420 1328 intelligi?—
3454 1258 3523 1312 Α.

1940 1344 2144 1400 Potest.
2195 1345 2346 1418 [Sed]
2384 1347 2662 1401 sciendum
2717 1347 2843 1420 [est]
2897 1348 3044 1402 aliud
3099 1364 3220 1403 esse
3269 1349 3522 1406 naturale

1940 1452 2102 1507 super
2121 1446 2178 1492 et
2202 1439 2392 1493 subter
2416 1458 2428 1492 :
2462 1439 2607 1493 aliud
2631 1455 2792 1504 vero,
2836 1441 2978 1510 quod
3009 1440 3155 1494 circa
3181 1456 3280 1496 nos
3323 1448 3426 1496 est.
3453 1470 3526 1482 -—

1941 1525 2001 1581 C.
2020 1527 2173 1594 Quod
2199 1537 2283 1584 est
2305 1531 2571 1596 naturale,
2589 1539 2643 1585 et
2665 1531 2808 1601 quod
2835 1534 2979 1586 circa
3006 1546 3106 1586 nos
3119 1533 3402 1585 est?—A.
3421 1531 3527 1585 Na-

1939 1619 2188 1674 turaliter
2213 1621 2357 1678 enim
2387 1621 2583 1676 caelum
2629 1621 2892 1693 [semper]
2945 1638 3110 1692 supra
3160 1630 3246 1676 est
3291 1630 3347 1676 et
3375 1631 3523 1676 terra

1937 1706 2098 1775 infra,
2131 1709 2274 1778 quod
2297 1710 2617 1780 migratione
2657 1719 2842 1765 nostra
2893 1712 3092 1766 mutari
3141 1711 3314 1782 [Edit.
3339 1751 3353 1776 ,
3388 1727 3526 1781 pun-

327 1800 391 1857 C.
419 1803 544 1858 Haec
580 1805 840 1875 exemplis
879 1807 1125 1876 planiora
1167 1808 1338 1864 facias
1365 1809 1546 1864 velim.
1575 1830 1648 1852 --_
1665 1811 1732 1865 Α,
1766 1811 1837 1868 Ut
1867 1797 1913 1857 Β
1938 1801 2108 1867 ctari;
2137 1800 2292 1866 Msa,
2321 1801 2644 1871 migratio...
2680 1801 2992 1874 immutare]
3021 1817 3125 1855 non
3151 1810 3350 1871 potest.
3417 1801 3525 1856 No-

249 1895 298 1949 si
327 1895 602 1951 hominem
627 1899 748 1967 quis
773 1899 997 1954 definire
1024 1900 1209 1956 volens
1232 1901 1397 1968 dicat,
1429 1903 1571 1959 risus
1599 1917 1720 1958 esse
1744 1919 1836 1959 ca-

247 1999 477 2052 pacem;
505 1986 608 2040 hoc
629 1995 684 2040 et
704 1987 758 2041 in
783 1987 899 2043 solo
926 1987 1144 2046 homine
1173 2001 1278 2055 est,
1307 1999 1362 2046 et
1387 1992 1442 2046 in
1467 1992 1614 2046 omni
1640 2010 1656 2047 :
1687 1994 1836 2049 solus

249 2089 488 2144 namque
519 2077 680 2132 homo
716 2078 872 2143 ridet,
911 2087 968 2134 et
998 2081 1211 2136 cunctis
1238 2081 1416 2138 ridere
1457 2085 1702 2139 naturale
1729 2094 1832 2140 est.

249 2161 310 2216 ln
343 2163 457 2219 solo
481 2173 536 2220 et
557 2181 664 2220 non
691 2167 745 2220 in
770 2169 936 2232 omni,
966 2177 1028 2223 ut
1056 2171 1102 2225 si
1123 2171 1246 2241 quis
1265 2171 1532 2228 diﬁiniens
1562 2175 1834 2231 hominem

249 2266 507 2323 capacem
539 2255 840 2326 disciplina:
869 2259 1015 2313 dicat
1042 2271 1204 2326 esse;
1243 2261 1349 2316 hoc
1387 2262 1442 2316 in
1471 2261 1586 2317 solo
1614 2263 1834 2332 quidem

247 2343 470 2400 homine
491 2346 721 2403 inveniri
751 2358 962 2418 potest,
994 2367 1101 2406 non
1141 2360 1322 2407 tamen
1352 2353 1406 2407 in
1431 2355 1576 2408 omni
1602 2372 1616 2421 ;
1657 2371 1834 2426 neque

240 2435 396 2490 enim
439 2452 626 2492 omnes
673 2439 986 2508 disciplinas
1053 2441 1219 2513 339
1261 2444 1563 2499 didicerunt
1604 2446 1830 2515 aliquas.

238 2524 304 2579 In
331 2527 476 2580 omni
503 2535 561 2582 et
588 2544 694 2583 non
725 2530 779 2584 in
802 2531 947 2597 solo;
976 2539 1036 2584 ut
1058 2533 1105 2586 si
1128 2533 1250 2602 quis
1271 2534 1544 2589 hominem
1569 2535 1834 2594 diﬂiniens

236 2618 414 2684 dicat,
451 2620 505 2674 id
525 2635 646 2676 esse
672 2623 944 2678 hominem
972 2625 1114 2694 quod
1141 2627 1330 2695 spirat,
1365 2630 1506 2696 quod
1535 2630 1714 2683 cibum
1736 2644 1830 2684 ca-

235 2711 378 2780 piat,
402 2713 504 2767 lioc
531 2713 586 2768 in
625 2717 772 2770 omni
798 2717 1015 2785 quidem
1040 2726 1123 2771 est
1149 2719 1386 2785 homine,
1427 2735 1533 2774 non
1571 2729 1751 2776 tamen
1776 2723 1832 2777 in

234 2800 399 2867 solo;
440 2819 566 2857 nam
594 2815 649 2859 et
669 2807 900 2875 pecudes
929 2807 1109 2861 cibum
1129 2809 1352 2876 capiunt
1371 2817 1426 2864 et
1451 2809 1578 2864 fera;
1601 2811 1827 2880 spirant.

234 2891 357 2946 Nec
386 2894 440 2946 in
466 2889 610 2960 solo,
628 2911 728 2950 nec
751 2896 806 2949 in
833 2897 980 2951 omni
1007 2913 1021 2962 ;
1063 2905 1123 2950 ut
1143 2898 1208 2976 .si
1247 2900 1368 2968 quis
1391 2901 1446 2954 in
1473 2901 1706 2957 hominis
1728 2901 1833 2957 dif-

233 2982 487 3038 ﬁnitione
514 2984 566 3038 id
590 2999 710 3039 esse
733 2984 876 3040 dicat
901 2987 1195 3052 hominem,
1223 2990 1367 3057 quod
1393 2991 1573 3045 album
1593 2998 1703 3057 est;
1730 3006 1833 3046 nec

232 3074 296 3128 in
327 3073 444 3128 solo
470 3089 570 3129 nec
597 3076 652 3129 in
676 3077 820 3131 omni
846 3086 952 3143 est,
999 3093 1172 3147 neque
1202 3080 1345 3133 enim
1375 3088 1467 3134 aut
1492 3081 1653 3136 homo
1682 3082 1828 3137 solus

230 3166 508 3221 candidus
535 3166 805 3222 invenitur
829 3177 886 3224 et
913 3183 1019 3224 non
1047 3145 1147 3224 bos
1170 3178 1263 3224 aut
1285 3184 1493 3240 equus;
1535 3181 1629 3226 aut
1650 3173 1826 3228 omnis
1853 3145 1898 3207 Ο

229 3258 408 3313 homo
436 3258 589 3313 albus
613 3267 715 3314 est.

311 3343 375 3400 ϐ.
407 3346 535 3414 Quae
574 3364 640 3403 ex
671 3349 790 3404 istis
816 3351 1097 3420 speciebus
1144 3352 1430 3408 certiorem
1468 3353 1521 3408 in
1575 3356 1694 3410 asia
1741 3352 1824 3410 fa-

231 3439 396 3495 ciunt
432 3439 843 3496 dillinitionem?
863 3473 934 3483 —
970 3443 1035 3498 A.
1064 3445 1212 3499 Duae.
1244 3445 1303 3499 ln
1329 3445 1444 3501 solo
1467 3455 1523 3501 et
1551 3447 1605 3500 in
1633 3447 1778 3502 omni
1803 3465 1817 3514 ;

230 3535 440 3601 altera,
471 3552 591 3606 qua:
611 3537 664 3590 in
695 3537 827 3603 solo,
858 3554 965 3593 non
993 3539 1046 3593 in
1073 3540 1249 3605 omni;
1290 3548 1374 3605 ut,
1403 3542 1676 3597 hominem
1704 3556 1822 3597 esse

228 3627 522 3693 risibilem,
569 3627 970 3698 disciplinaeque
1003 3645 1278 3698 capacem.
1328 3631 1422 3686 Hm
1470 3633 1588 3686 duae
1614 3634 1822 3702 species

227 3724 308 3776 ad
336 3722 763 3794 investigandam
786 3725 965 3789 usian,
993 3725 1056 3778 de
1093 3740 1198 3793 qua
1228 3726 1475 3792 inquiris,
1500 3727 1644 3779 viam
1668 3742 1821 3781 mon-

227 3821 435 3868 strant.
470 3813 537 3868 Et
562 3815 682 3870 dua:
728 3815 847 3869 alim
886 3821 1094 3869 eertum
1123 3814 1327 3884 aliquid
1357 3814 1663 3886 signiﬁcare
1712 3832 1819 3872 non

222 3913 481 3976 possunt.

863 3995 1210 4069 CAPUTIV.

794 4104 859 4142 DE
909 4104 1276 4152 QUANTITATE.

308 4174 370 4231 ϐ.
402 4177 658 4233 Decursis
700 4177 863 4248 igitur
890 4178 1127 4233 breviter
1166 4178 1433 4249 partibus,
1460 4178 1656 4248 quibus
1702 4179 1819 4232 asia

220 4269 411 4340 possit
437 4268 688 4337 intelligi,
720 4277 892 4324 restat
935 4285 1080 4324 nunc
1113 4285 1294 4325 sermo
1320 4271 1387 4326 de
1418 4271 1644 4340 singulis
1688 4271 1818 4324 asia:

223 4363 607 4420 accidentibus
633 4363 936 4432 inquirere;
965 4372 1022 4417 et
1047 4365 1392 4433 quantitatem
1417 4404 1432 4428 ,
1483 4379 1646 4433 quam
1697 4363 1829 4433 pri-'

223 4468 383 4510 mam
417 4451 552 4524 [Al.,
580 4451 779 4523 primo]
824 4451 1082 4521 posui5ti,
1123 4452 1358 4520 primum
1395 4466 1624 4522 expone.
1649 4483 1719 4493 —
1743 4453 1810 4505 Α.

220 4543 347 4599 Nec
373 4543 492 4598 sine
512 4558 675 4597 causa
696 4541 784 4596 illa
809 4541 983 4610 prima
1022 4541 1198 4609 posita
1227 4550 1342 4606 est;
1390 4557 1515 4595 nam
1551 4557 1675 4596 cum
1711 4541 1814 4595 ali-

221 4635 380 4706 quod
411 4647 610 4703 corpus
633 4633 952 4698 viderimus,
994 4631 1049 4686 id
1069 4673 1083 4697 ,
1117 4640 1378 4702 quantum
1422 4633 1514 4699 sit,
1543 4632 1816 4687 :estimare

220 4722 442 4779 licebit.

303 4815 367 4869 C.
398 4813 680 4882 Quomodo
721 4815 997 4886 quantitas
1047 4814 1305 4871 aestimari
1340 4815 1514 4869 solet?
1554 4843 1626 4854 —
1649 4815 1715 4868 A.
1755 4815 1813 4870 In

220 4921 491 4963 mensura
521 4906 890 4976 longitudinis,
916 4907 1217 4961 latitudinis
1236 4913 1293 4961 et
1313 4905 1614 4959 altitudinis
1637 4921 1653 4966 ;
1686 4905 1814 4974 quia

223 4999 348 5054 hac
377 4997 480 5051 tria
502 5012 698 5068 corpus
724 4998 1002 5068 quodlth
1031 5000 1234 5054 habere
1249 5013 1469 5052 necesse
1486 5005 1588 5052 est.
1608 4997 1813 5067 Hisque

221 5087 463 5158 singulis
487 5087 604 5142 duae
646 5089 856 5158 species
903 5087 1169 5156 adjacent.
1206 5087 1578 5158 Longitudini,
1611 5095 1738 5141 ante
1759 5096 1815 5141 et

220 5193 412 5247 retro;
450 5183 741 5248 latitudini,
773 5183 1024 5238 dextrum
1066 5193 1121 5238 et
1160 5184 1474 5245 sinistrum;
1518 5181 1810 5249 altitudini,

218 5292 449 5333 sursum
494 5285 550 5331 et
589 5275 863 5332 deorsum.
893 5277 991 5333 His
1019 5279 1164 5332 enim
1212 5291 1308 5332 sex
1356 5275 1604 5346 partibus
1653 5289 1813 5329 omne

219 5381 431 5437 corpus
458 5367 944 5422 circumscribitur.

295 5461 362 5517 0.
393 5458 531 5526 Quid
565 5459 609 5514 si
643 5460 838 5529 aliquis
859 5459 1028 5515 solam
1052 5459 1441 5528 longitudinem
1473 5458 1815 5512 metitur?—

218 5555 291 5608 Α.
319 5553 630 5624 Longitudo
657 5552 769 5606 sola
794 5553 912 5607 sine
935 5551 1217 5606 latitudine
1237 5560 1548 5605 mensurata
1579 5567 1812 5621 gramme

218 5647 449 5710 dicitur,
468 5646 520 5702 id
537 5654 640 5712 est,
663 5644 873 5700 linealis
895 5659 1166 5701 mensura.
1183 5674 1252 5684 ——
1265 5642 1324 5698 C.
1344 5641 1483 5710 Quid
1503 5645 1551 5699 si
1579 5643 1720 5714 longi
1730 5652 1810 5698 tu-

219 5737 342 5793 dini
372 5737 712 5794 latitudinem
739 5737 1011 5796 mctiendo
1032 5737 1152 5808 quis
1181 5737 1551 5808 adjecerit?—
1583 5738 1645 5790 Α.
1673 5738 1804 5791 (lum

1937 1900 2112 1946 strum
2153 1899 2334 1946 autem
2377 1906 2542 1962 super
2585 1899 2642 1947 et
2688 1891 2877 1946 subter
2929 1892 3251 1962 migratione
3281 1905 3527 1946 commu—

1935 1989 2114 2046 tatur;
2146 1988 2207 2034 ut
2236 1981 2283 2035 si
2313 1981 2434 2050 quis
2469 1996 2593 2035 cum
2623 1981 2676 2034 in
2720 1980 3070 2036 inferioribus
3098 1980 3297 2045 fuerit,
3328 1981 3397 2034 ad
3437 1997 3524 2035 su-

1933 2073 2148 2142 periora
2172 2075 2531 2142 conscendat;
2581 2085 2673 2131 aut
2709 2092 2740 2131 e
2770 2077 3139 2148 superioribus
3163 2077 3232 2132 ad
3263 2068 3523 2132 inferiora

1933 2163 2243 2219 descendat.

2004 2259 2067 2313 C.
2091 2258 2230 2313 Num
2254 2261 2434 2314 omnia
2469 2261 2536 2316 ad
2563 2261 2920 2330 quantitatem
2955 2261 3281 2330 pertinentia
3310 2263 3395 2317 his
3425 2277 3521 2317 sex

1931 2351 2180 2420 partibus
2215 2350 2687 2406 includuntur?-—-
2712 2353 2778 2405 A.
2809 2350 2925 2406 Non
2952 2351 3134 2406 omnia
3159 2353 3257 2406 has
3285 2352 3521 2416 circum-

1931 2444 2228 2514 positiones
2262 2445 2482 2500 habent.
2518 2445 2751 2514 Tempus
2776 2459 2906 2499 vero
2928 2454 2983 2498 et
3017 2459 3276 2498 numerus
3302 2455 3358 2498 et
3397 2460 3537 2508 oras

1933 2537 2028 2600 tio,
2059 2536 2182 2590 licet
2207 2536 2274 2590 ad
2300 2537 2657 2605 quantitatem
2705 2536 3038 2606 pertineant,
3069 2536 3154 2590 his
3196 2542 3378 2589 tamen
3409 2551 3519 2589 non

1934 2628 2219 2698 subjacent
2238 2629 2514 2685 claustris.
2536 2628 2715 2685 Unum
2741 2643 2870 2683 vero
2898 2637 2952 2683 et
2985 2627 3167 2700 [Mss.,
3198 2627 3303 2699 vel]
3333 2628 3520 2683 decem

1931 2730 1986 2778 et
2024 2721 2205 2793 [Mss.,
2241 2721 2347 2794 vel]
2375 2730 2592 2777 centum
2635 2737 2758 2777 cum
2797 2721 3065 2785 dicimus,
3119 2721 3294 2789 ipsum
3326 2736 3520 2775 nume-

1930 2831 2051 2870 rum
2081 2816 2253 2870 solum
2281 2816 2551 2880 dicentes,
2582 2829 2688 2869 non
2710 2813 2913 2883 aliquid
2937 2813 3296 2883 corporaliter
3317 2828 3516 2869 nume-

1930 2913 2130 2970 rantes,
2160 2921 2267 2960 non
2288 2905 2587 2974 reperimus
2609 2906 2664 2959 in
2686 2905 2794 2959 illis
2815 2905 3064 2959 dextrum
3096 2904 3302 2972 aliquid
3337 2904 3422 2957 vel
3444 2905 3519 2958 si-

1928 2996 2183 3051 nistrum.
2204 2995 2468 3051 Similiter
2479 3005 2534 3050 et
2549 2996 2605 3049 in
2630 3005 2873 3064 tempore
2893 3004 2988 3050 aut
3002 2995 3182 3066 [Mss.,
3199 2996 3382 3066 atque]
3403 3012 3519 3052 ser-

1931 3101 2090 3142 mone
2115 3087 2352 3141 maxime
2379 3101 2504 3140 cum
2525 3086 2642 3141 hazc
2656 3087 2916 3142 citissime
2936 3087 3209 3141 labuntur.
3227 3087 3362 3140 Nam
3380 3094 3516 3142 tem-

1928 3191 2030 3245 pus
2056 3175 2291 3231 instabili
2312 3186 2462 3232 motu
2477 3192 2690 3247 semper
2715 3181 2974 3244 decurrit,
3003 3181 3056 3235 in
3083 3188 3315 3245 tantum,
3346 3190 3410 3235 ut
3434 3181 3517 3236 di-

1927 3268 2182 3340 ligentius
2205 3269 2670 3326 considerantibus
2705 3285 2842 3340 pene
2864 3272 2999 3326 nihil
3030 3287 3268 3342 prmsens
3289 3287 3411 3327 esse
3433 3271 3517 3327 vi-

1927 3362 2136 3416 deatur.
2169 3360 2248 3415 lta
2268 3369 2324 3415 et
2347 3376 2542 3424 sermo,
2573 3376 2696 3416 cum
2728 3363 2965 3416 nondum
2991 3363 3168 3418 dictus
3192 3363 3376 3428 fuerit,
3400 3378 3509 3419 non

1926 3461 2170 3524 apparet.
2202 3454 2545 3509 Manifestum
2587 3462 2673 3508 est
2701 3454 2869 3524 igitur
2906 3456 3024 3510 haec
3055 3455 3157 3510 tria
3185 3455 3514 3526 positionem

1925 3545 2264 3600 diversarum
2293 3546 2530 3616 partium
2560 3561 2667 3600 non
2699 3547 2922 3601 habere.

1993 3634 2054 3690 C.
2087 3635 2146 3690 Si
2177 3637 2350 3704 magis
2373 3644 2470 3690 aut
2497 3637 2697 3698 minus,
2721 3638 2865 3704 quod
2894 3636 3070 3692 Grazci
3093 3637 3292 3701 malon,
3325 3647 3515 3694 ceuton

1925 3725 2101 3798 [Mss.,
2130 3736 2387 3789 cecoton.;
2409 3726 2508 3791 al.,
2535 3728 2718 3796 μάλλον
2743 3736 2791 3781 et
2808 3727 3044 3798 ἔλαττον]
3070 3729 3276 3791 dicunt,
3295 3731 3512 3796 quanti-

1921 3825 2003 3872 tas
2025 3817 2226 3871 habere
2257 3817 2560 3886 potest?—
2587 3817 2654 3867 Α.
2683 3815 2800 3871 Non
2855 3825 3052 3886 potest.
3112 3816 3292 3887 [Nam]
3341 3817 3515 3886 magis

1921 3907 2166 3977 bipedale
2209 3908 2294 3962 vel
2328 3907 2508 3961 minus
2532 3907 2636 3962 dici
2670 3921 2776 3960 non
2825 3916 3035 3976 potest;
3071 3924 3172 3963 nec
3202 3909 3372 3978 magis
3403 3918 3514 3964 tres

1921 4005 2017 4052 aut
2039 3997 2218 4052 minus
2247 4006 2357 4052 tres
2385 3997 2668 4053 nominare
2714 3997 2862 4051 licet.
2912 3997 3177 4054 Similiter
3201 4008 3415 4070 tempus
3459 4011 3512 4055 et

1920 4087 2097 4142 oratio
2146 4088 2316 4156 magis
2364 4094 2457 4140 aut
2506 4087 2686 4141 minus
2732 4103 2842 4142 non
2896 4087 3130 4154 habent;
3187 4090 3284 4144 sed
3327 4091 3510 4144 omnia

1919 4176 2241 4248 quantitatis
2283 4177 2436 4246 paria
2482 4184 2575 4231 aut
2620 4177 2849 4248 imparia
2880 4181 3242 4249 nuncupanda
3267 4189 3416 4235 sunt.
3441 4211 3511 4222 —-

1921 4269 1982 4323 (Ι.
2022 4267 2163 4336 Quid
2197 4268 2243 4323 si
2274 4269 2449 4339 magis
2476 4269 2692 4340 longum
2722 4280 2817 4324 aut
2845 4271 3029 4326 minus
3056 4272 3418 4328 dicamus?—
3439 4275 3506 4328 Α.

1923 4359 2072 4414 Tunc
2100 4359 2169 4413 ad
2198 4359 2399 4430 aliquid
2429 4361 2704 4428 categoria
2732 4363 2857 4418 erit.
2887 4362 3024 4418 Nam
3053 4365 3228 4434 magis
3256 4365 3432 4420 simile
3455 4375 3510 4421 et

1920 4452 2098 4506 minus
2123 4451 2302 4506 simile
2331 4451 2566 4508 solemus
2586 4454 2796 4518 dicere;
2837 4455 3012 4510 simile
3039 4471 3168 4510 vero
3189 4455 3411 4511 cuilibet
3437 4458 3510 4512 si-

1922 4542 2037 4598 mili
2062 4543 2239 4600 simile
2265 4552 2371 4599 est.

2438 4635 2602 4708 πο
2643 4635 2876 4691 CAPUT.
2924 4637 2989 4691 v.

2481 4744 2548 4782 DE
2583 4743 2652 4781 AD
2694 4743 2931 4789 ALIQUID.

1989 4818 2050 4874 C.
2075 4819 2280 4875 Verum
2326 4815 2453 4885 quia
2502 4815 2831 4869 mentienem
2863 4815 3152 4885 categorias
3195 4817 3266 4870 ad
3305 4817 3505 4889 aliquid

1919 4913 2116 4977 fecisti,
2147 4911 2292 4964 illius
2323 4906 2684 4977 proprietates
2701 4907 2896 4975 pande.
2917 4937 2991 4946 —
3011 4907 3076 4961 Α.
3106 4907 3350 4975 Faciam,
3379 4909 3507 4966 licet

1918 5001 2350 5061 extraordinarie
2404 4996 2532 5070 [ΑΙ.
2560 5039 2575 5063 ,
2628 5007 2785 5054 extra
2845 4998 3145 5071 ordinem].
3197 4998 3333 5055 Nam
3383 5010 3507 5070 post

1917 5094 2278 5166 quantitatem
2303 5091 2537 5161 qualitas
2562 5093 2864 5162 ponebatur
2885 5091 2939 5145 in
2967 5092 3179 5147 ordine.
3203 5093 3286 5146 Ad
3301 5092 3510 5164 aliquid

1918 5200 2048 5257 ergo
2076 5182 2406 5253 categoriam
2434 5197 2709 5242 vocamus,
2734 5197 2841 5251 qua
2872 5180 3051 5253 [Mss.,
3079 5182 3221 5256 quat]
3253 5185 3329 5250 id,
3359 5187 3504 5254 quod

1916 5284 2020 5341 est,
2037 5275 2237 5330 dicitur
2258 5290 2323 5330 ex
2351 5273 2543 5339 altero,
2564 5282 2620 5328 et
2642 5274 2762 5328 sine
2781 5273 2934 5342 cujus
2957 5273 3219 5328 societate
3247 5289 3370 5330 esse
3396 5291 3504 5332 non

1915 5369 2116 5439 possit;
2165 5375 2221 5422 et
2262 5365 2418 5435 cujus
2443 5366 2526 5420 vis
2552 5366 2730 5420 omnis
2773 5381 2837 5419 ex
2866 5365 3091 5420 alterius
3119 5353 3502 5436 conjunctione

1915 5459 2228 5523 descendit;
2280 5467 2344 5512 ut
2387 5457 2628 5526 duplum,
2681 5456 2863 5526 simpli
2909 5455 3108 5510 dicitur
3145 5455 3402 5526 duplum;
3444 5467 3500 5515 et

1914 5551 2110 5621 majus,
2137 5551 2336 5605 minori
2366 5550 2564 5604 dicitur
2590 5546 2796 5614 majus;
2843 5555 2900 5602 et
2951 5547 3145 5612 simile,
3173 5548 3336 5602 simili
3367 5549 3504 5605 dici-

1915 5654 2004 5700 tur
2031 5643 2229 5699 simile.
2256 5673 2327 5683 —
2355 5641 2416 5697 C.
2453 5643 2519 5697 Et
2548 5643 2651 5696 hoc
2694 5640 2888 5707 claret,
2917 5641 2987 5695 ad
3032 5641 3235 5713 aliquid
3265 5658 3370 5698 non
3400 5658 3498 5698 sua

1911 5736 1985 5804 vi,
2024 5735 2118 5792 sed
2144 5734 2368 5815 alterius
2394 5733 2771 5803 conjunctione
2793 5733 3108 5790 consistere.
3152 5732 3259 5790 Sed
3298 5733 3340 5789 si
3389 5733 3496 5787 alio
