3934 6180
445 334 550 389 959

1262 338 1322 391 Β.
1365 339 1426 394 ιτ.
1467 337 1691 393 ΑιΒιΝι
1730 335 1860 393 SEU
1900 335 2175 391 ALCUlNl
2213 333 2496 390 OPERUM
2534 334 2713 390 PARS
2753 336 2858 392 Vll.

3583 336 3684 392 960

449 451 608 506 modo
638 449 808 519 possit
829 450 1042 506 dilliniri
1062 452 1262 524 profer.
1289 484 1362 494 —-
1387 455 1452 506 Α.
1484 453 1634 508 Tunc
1659 467 1788 522 ergo
1808 461 1864 506 et
1889 465 2018 506 vere
2044 465 2088 517 Α
2119 447 2247 517 quid
2280 449 2398 502 est?
2431 478 2502 488 —
2543 448 2609 502 Α.
2650 448 2875 504 Habitus
2921 458 3032 514 est,
3079 452 3224 520 quod
3267 452 3481 509 animus
3527 453 3686 524 longo

449 551 506 597 et
555 544 773 613 proprie
827 544 903 598 ad
952 543 1152 616 aliquid
1206 547 1420 609 dicitur,
1451 559 1571 598 cum
1617 545 1716 598 sub
1741 559 1849 598 uno
1897 551 2019 596 ortu

453 645 617 705 atque
640 650 835 691 occasu
875 646 930 691 et
951 638 1002 691 id
1028 638 1168 707 quod
1186 636 1428 706 jungitur
1450 635 1527 706 [et
1555 637 1606 690 id
1627 635 1711 690 cui
1728 632 2018 705 jungitur],

455 725 766 791 invenitur;
805 735 865 781 ut
899 737 1050 798 puta,
1087 743 1274 782 servus
1319 738 1370 780 et
1420 727 1688 791 dominus,
1735 734 2022 793 utrumque

457 816 540 872 vel
579 817 739 872 simul
767 828 870 882 est,
911 820 994 872 vel
1010 819 1174 874 simul
1203 833 1306 871 non
1343 828 1441 872 est.
1470 817 1680 871 Etenim
1703 832 1824 871 cum
1853 815 2022 868 domi-

455 924 584 962 num
610 910 832 974 dixeris,
863 909 1167 964 necessario
1195 909 1392 962 existet
1414 917 1469 961 et
1496 922 1715 970 servus;
1745 919 1867 960 cum
1894 918 2023 958 vero

457 999 736 1055 dominum
767 1001 975 1063 tuleris,
1009 1015 1106 1054 nec
1137 1015 1324 1054 servus
1349 1008 1590 1070 apparet.
1640 997 1900 1052 Similiter
1926 997 2024 1051 du-

457 1090 604 1160 plum
634 1099 688 1144 et
726 1091 975 1160 simplum
1006 1089 1330 1145 alterutrum
1378 1107 1435 1146 se
1470 1091 1555 1146 vel
1601 1091 1916 1146 interimunt
1938 1091 2023 1144 vel

456 1183 763 1237 ostendunt.
793 1182 1094 1251 Apparente
1117 1184 1258 1237 enim
1281 1183 1442 1252 duplo
1472 1183 1708 1236 nascitur
1736 1181 2020 1250 simplum;

457 1273 616 1341 duplo
648 1281 904 1341 pereunte
947 1289 1045 1328 nec
1073 1273 1321 1344 simplum
1371 1273 1566 1345 [Edit.,
1601 1271 1905 1343 semiplum]
1932 1286 2028 1340 po-

463 1364 592 1418 terit
619 1378 940 1431 permanere
969 1384 981 1418 :
1014 1365 1266 1419 similiter
1303 1365 1348 1419 si
1374 1365 1625 1434 simplum
1656 1380 1761 1419 non
1791 1364 1882 1429 sit,
1929 1379 2028 1418 nec

458 1454 677 1523 duplum
703 1461 805 1508 est.
833 1455 903 1508 At
945 1456 991 1509 si
1024 1455 1277 1525 simplum
1302 1453 1480 1519 fuerit,
1507 1463 1563 1510 et
1594 1454 1810 1526 duplum
1837 1469 2027 1510 neces-

459 1546 603 1600 sario
632 1547 930 1616 apparebit.

531 1637 589 1692 C.
622 1637 736 1705 Quo
771 1655 994 1693 numero
1019 1639 1104 1694 vel
1131 1641 1328 1710 quibus
1353 1642 1566 1696 casibus
1589 1643 1674 1696 hze
1699 1641 2031 1712 conjunctio-

460 1743 558 1782 nes
609 1728 885 1782 nominum
932 1728 1106 1783 solent
1159 1731 1484 1785 esse?-—A.
1519 1730 1727 1800 Saepius
1773 1731 2028 1800 singulari

2121 538 2283 592 habet
2311 547 2582 607 tempore;
2622 547 2681 593 ut
2709 539 2879 594 virtus
2907 549 2963 595 et
2989 542 3289 611 disciplina.
3338 541 3567 599 Aﬂ‘ectio
3607 555 3694 601 est

2119 630 2400 686 mutabilis
2448 631 2646 686 mentis
2690 633 2973 702 impulsio;
3005 642 3066 687 ut
3113 635 3391 704 repentina
3423 636 3696 704 cupiditas

2119 725 2202 779 vel
2229 725 2526 780 iracundia.
2549 756 2620 766 -
2643 724 2704 780 C.
2730 725 2866 792 Quid
2893 737 2976 781 est
2999 728 3140 782 inter
3164 729 3419 783 virtutem
3445 737 3501 783 et
3530 728 3697 784 disci-

2119 815 2449 884 plinam?—
2471 814 2547 868 -A.
2590 814 2706 870 Hoc
2740 815 2998 885 profecto,
3033 816 3178 885 quod
3219 817 3500 885 disciplina
3544 819 3598 872 in
3628 834 3695 874 ea

2121 913 2275 974 parte
2311 905 2526 970 animas,
2548 921 2669 974 qua
2697 906 3032 962 rationabilis
3066 907 3283 974 dicitur,
3316 909 3698 964 tantummodo

2122 1007 2391 1054 versatur.
2415 999 2598 1054 Virtus
2625 1013 2756 1054 vero
2802 1015 2989 1054 omnes
3018 1000 3210 1055 anima!
3244 1010 3428 1070 partes
3480 1001 3695 1071 ample-

2122 1089 2306 1154 ctitur,
2329 1103 2651 1158 omnemque
2693 1088 2819 1160 [Al.,
2868 1090 3163 1161 totamque]
3196 1091 3434 1146 animam
3461 1107 3562 1145 suo
3593 1093 3696 1146 im-

2123 1179 2274 1250 perio
2325 1180 2588 1250 gubernat
2613 1187 2668 1233 et
2695 1180 2858 1250 regit;
2887 1189 2946 1234 ut
2978 1189 3034 1235 et
3063 1180 3396 1236 iracundiam
3429 1181 3612 1236 domet
3640 1193 3696 1238 et

2125 1269 2444 1339 cupiditates
2479 1268 2634 1340 341
2686 1279 2966 1332 amoveat,
3023 1271 3168 1339 quod
3213 1269 3498 1340 disciplina
3550 1272 3694 1327 haud

2127 1356 2304 1413 facere
2339 1367 2534 1428 potest.
2562 1389 2633 1398 ——
2654 1355 2716 1412 ϐ.
2749 1358 2893 1424 Quot
2917 1367 3042 1414 sunt
3066 1371 3248 1429 partes
3277 1360 3506 1414 animae?
3537 1391 3611 1401 —
3629 1364 3693 1415 Α.

2127 1447 2280 1511 Tres,
2314 1447 2678 1512 rationabilis,
2710 1448 3030 1514 irascibilis,
3080 1450 3535 1520 concupiscibilis.
3589 1448 3695 1506 Sed

2128 1539 2244 1594 haec
2269 1538 2424 1595 alias.
2473 1537 2625 1594 Nunc
2656 1547 2892 1606 cleptum
2921 1539 3027 1595 iter
3077 1553 3368 1611 pergamus
3398 1539 3536 1610 [Al.,
3575 1557 3694 1596 car-

2126 1628 2297 1700 pani].

2199 1719 2260 1775 C.
2299 1722 2544 1777 Potentia
2598 1723 2860 1778 naturalis
2910 1723 3038 1793 quid
3092 1724 3215 1778 est?
3250 1753 3323 1766 —
3371 1722 3438 1776 Α.
3475 1722 3694 1790 Quoties

461 1835 716 1884 numero,
761 1827 822 1873 ut
850 1821 1100 1889 simplum
1123 1821 1301 1890 dupli,
1338 1831 1493 1891 pater
1529 1822 1643 1876 lilii.
1700 1821 1805 1876 Sed
1833 1831 1888 1876 et
1925 1821 2028 1876 alia
2064 1810 2105 1868 Β
2130 1811 2252 1880 (Illis
2279 1811 2487 1866 Videtur
2506 1812 2593 1867 vel
2611 1828 2770 1882 posse
2797 1813 2878 1866 vel
2907 1829 3012 1868 non
3035 1829 3193 1884 posse
3212 1829 3270 1870 se
3295 1813 3499 1883 aliquid
3522 1813 3696 1870 facere

463 1911 766 1980 hujusmodi
795 1912 1030 1982 genitivo
1062 1913 1242 1976 casui;
1301 1913 1407 1967 alia
1439 1912 1570 1985 [Al.,
1602 1911 1765 1983 nunc]
1812 1913 2026 1979 dativo;

463 2001 718 2073 pleraque
748 2000 881 2074 [Al.,
913 2001 1077 2074 nunc]
1109 2003 1343 2058 ablativo
1371 2003 1611 2072 copulari
1648 2003 1842 2058 solent.
1873 2002 2034 2057 Geni-

467 2095 578 2148 tivo
604 2095 844 2163 quidem,
872 2102 932 2148 ut
957 2109 1145 2148 servus
1170 2094 1402 2159 domini;
1430 2093 1650 2162 duplum
1684 2093 1882 2162 simpli.
1931 2092 2037 2146 Da-

465 2185 576 2239 tivo
607 2201 621 2238 :
660 2183 846 2238 Simile
875 2184 1067 2248 simili,
1096 2198 1198 2254 par
1242 2183 1381 2253 pari.
1416 2183 1662 2237 Δὶιιιιίνο
1689 2197 1820 2237 vero
1852 2196 1866 2235 :
1900 2180 2035 2236 Sen-

467 2275 624 2331 sibile
649 2290 812 2330 sensu
845 2274 1120 2329 sensibile.

539 2366 598 2421 Si
630 2366 755 2421 huic
780 2367 1066 2435 categorias
1102 2365 1309 2421 alterna
1350 2365 1634 2420 conversio
1667 2364 1909 2419 accidere
1936 2379 2033 2433 po-

467 2460 693 2514 test?—
721 2459 784 2512 Α.
816 2459 1011 2512 Etiam.
1035 2458 1169 2514 Nam
1202 2467 1489 2528 utrumque
1519 2459 1910 2514 rationabiliter
1931 2459 2037 2513 dici

466 2556 677 2620 potest;
711 2557 766 2603 et
791 2564 980 2604 servus
1007 2549 1230 2612 domini,
1259 2557 1314 2602 et
1352 2548 1598 2602 dominus
1625 2549 1795 2617 servi;
1828 2557 1882 2602 et
1910 2548 2040 2602 sim-

467 2638 614 2708 plum
640 2637 806 2706 dupli,
836 2645 892 2690 et
919 2636 1139 2704 duplum
1162 2635 1358 2704 simpli.
1393 2635 1458 2688 Et
1485 2635 1760 2690 sciendum
1785 2644 1870 2689 est
1895 2635 2038 2704 quod

469 2741 683 2796 semper
727 2725 950 2779 relativa
981 2723 1065 2777 vel
1109 2723 1268 2777 simul
1297 2723 1447 2778 nasci
1473 2722 1557 2777 vel
1585 2723 1744 2778 simul
1771 2721 2038 2791 exstingui

468 2824 703 2886 oportet,
733 2823 793 2869 ut
838 2815 1322 2870 subtracto-servo
1366 2813 1616 2868 dominus
1654 2829 1760 2867 non
1808 2821 1920 2877 est;
1954 2827 2040 2866 re-

470 2917 618 2964 moto
646 2907 863 2963 domino
892 2922 993 2962 nec
1035 2921 1223 2962 servus
1269 2913 1508 2976 apparet.
1557 2905 1636 2958 Ita
1680 2905 1745 2959 de
1796 2913 1950 2972 patre
1985 2911 2040 2957 et

469 2999 601 3054 filio.
629 2999 708 3053 Ac
735 2999 858 3053 ideo
878 2997 1173 3053 secundum
1195 2997 1335 3050 hanc
1355 2995 1642 3065 categorias
1673 2993 1910 3065 regulam
1941 2993 2040 3047 mi-

2129 1916 2226 1970 per
2252 1910 2526 1967 naturam,
2551 1911 2613 1957 ut
2638 1903 2788 1958 verbi
2817 1904 2986 1973 gratia
3013 1904 3145 1958 visis
3168 1904 3486 1973 corporibus
3509 1919 3698 1973 puero-

2132 2006 2272 2056 rum,
2303 1992 2546 2047 dicamus
2563 2007 2657 2047 eos
2676 1993 2732 2047 in
2756 1993 2937 2047 futuro
2971 1992 3056 2048 vel
3078 2007 3327 2047 cursores
3352 1992 3437 2046 vel
3465 1991 3692 2062 pugilla-

2133 2087 2274 2134 tores
2299 2078 2430 2150 [Αι.,
2453 2079 2682 2153 pugiles]
2716 2081 2864 2147 fore;
2919 2097 3026 2136 non
3056 2081 3199 2152 quod
3228 2083 3401 2137 adhuc
3440 2082 3550 2136 hac
3585 2090 3700 2136 arte

2134 2175 2440 2232 teneantur,
2494 2168 2592 2223 sed
2633 2169 2881 2223 videntur
2919 2183 3016 2238 per
3058 2169 3354 2223 naturalem
3405 2171 3699 2240 potentiam

2135 2273 2253 2313 eam
2279 2273 2439 2328 posse
2479 2258 2696 2313 habere.
2730 2257 2990 2313 Similiter
3017 2259 3084 2314 de
3111 2260 3343 2314 sanitate
3385 2269 3444 2314 et
3479 2259 3707 2314 inﬁrmi-

2135 2357 2248 2402 tate
2292 2365 2359 2403 ex
2388 2348 2632 2418 corporis
2657 2347 2918 2419 qualitate
2945 2364 3088 2420 saepe
3113 2349 3289 2405 solent
3331 2350 3525 2406 medici
3571 2366 3707 2421 prae-

2135 2438 2334 2492 dicere.
3549 2504 3560 2508 _

2205 2528 2266 2582 C.
2294 2529 2528 2585 Passiva:
2579 2533 2866 2602 qualitates
2911 2534 2998 2590 vel
3035 2535 3314 2603 passiones
3363 2547 3477 2603 quae
3529 2533 3704 2588 sunt?

2135 2649 2209 2662 —-
2237 2620 2300 2674 Α.
2330 2620 2566 2676 Passivaa
2593 2633 2771 2678 autem
2809 2625 3096 2694 qualitates
3129 2634 3256 2681 sunt
3283 2633 3371 2679 aut
3393 2625 3587 2679 albedo
3615 2631 3705 2679 aut

2139 2711 2362 2780 nigredo
2385 2719 2442 2766 et
2483 2727 2671 2768 eorum
2693 2715 2889 2778 media,
2919 2715 3082 2770 rubor
3109 2724 3166 2770 et
3191 2715 3381 2785 pallor.
3415 2715 3542 2769 Haec
3563 2716 3701 2770 enim

2139 2816 2243 2856 non
2269 2802 2371 2856 nisi
2392 2802 2477 2855 vel
2500 2803 2692 2858 animae
2723 2803 2803 2857 vel
2844 2805 3087 2873 corporis
3110 2805 3359 2874 passione
3387 2813 3699 2859 nascuntur.

2141 2891 2211 2946 Ut
2242 2893 2388 2947 enim
2426 2893 2698 2962 nigrescat
2734 2893 2956 2974 aliquid,
3003 2891 3244 2965 Corporis
3273 2895 3456 2964 passio
3497 2902 3616 2958 est;
3647 2901 3703 2946 ut

2138 2982 2398 3052 pallescat
2413 2982 2499 3036 vel
2536 2983 2804 3048 rubescat,
2837 2984 3050 3050 animae,
3103 2999 3222 3054 quae
3250 3000 3373 3039 cum
3414 2983 3700 3054 turpitudi-

471 3089 640 3143 nuda
662 3096 747 3142 est
766 3087 900 3149 Arii,
926 3086 1008 3140 vel
1034 3086 1206 3157 magis
1233 3086 1563 3149 miseranda,
1603 3093 1659 3138 ει
1683 3085 1802 3154 ejus
1827 3098 2040 3152 quoque
2067 3141 2112 3157 Α
2139 3073 2224 3127 nis
2252 3072 2626 3128 verecundiam
2652 3073 2795 3129 ferre
2815 3075 3138 3144 nequiverit,
3180 3075 3336 3144 quasi
3356 3075 3423 3129 ad
3444 3073 3705 3130 defensio-

469 3180 741 3234 sociorum
779 3177 943 3233 stulta
994 3141 1244 3241 caecitas;
1293 3182 1599 3230 asserentes
1621 3172 1815 3226 Filium
1846 3186 2039 3226 secun-
2064 3141 2115 3207 ο
2143 3175 2266 3215 nem
2291 3162 2394 3227 ευί,
2422 3161 2632 3230 copiam
2655 3163 2932 3233 sanguinis
2971 3164 3025 3218 ίιι
3049 3165 3349 3219 “ierim”
3373 3174 3559 3234 Ρῖιΐίοε
3588 3178 3704 3218 ευτ’

470 3269 598 3324 dum
639 3279 852 3339 tempus
897 3268 1045 3322 Patri
1075 3283 1195 3323 esse
1238 3267 1624 3336 posteriorem;
1665 3265 1791 3320 dum
1822 3265 2040 3319 omnino

471 3368 685 3416 constat
703 3361 993 3414 secundum
1017 3359 1351 3413 dialecticam
1365 3356 1524 3411 simul
1546 3355 2037 3424 consempiternum

470 3466 592 3507 esse
615 3452 810 3505 Filium
857 3466 977 3506 cum
1022 3451 1183 3512 Patre
1218 3450 1398 3520 μηδι,
1434 3449 1629 3504 Filium
1654 3448 1845 3520 Patri].
1886 3449 1951 3502 Et
1994 3449 2040 3503 si

473 3545 616 3600 Deus
639 3543 802 3596 Pater
833 3541 997 3613 (quod
1035 3558 1134 3597 nec
1168 3543 1378 3597 illorum
1417 3542 1666 3610 impietas
1693 3541 1924 3595 audebat
1946 3557 2042 3596 Ie-

473 3633 623 3704 gare)
640 3642 874 3688 aeternus
896 3640 1000 3696 est,
1015 3633 1200 3702 utique
1227 3640 1280 3687 et
1300 3631 1466 3686 Filius
1492 3640 1724 3688 aeternus
1743 3641 1826 3687 est
1848 3648 2039 3690 secun-

473 3723 600 3778 dum
629 3721 924 3778 dialectica:
953 3721 1177 3776 rationis
1205 3723 1602 3777 necessitatem.

1085 3836 1310 3893 CAPUT
1342 3837 1426 3892 Vl.

1028 3923 1093 3960 DE
1149 3924 1471 3971 QUALITATB.

542 3995 606 4054 C.
633 3997 787 4052 Nunc
815 3997 1091 4068 qualitatis
1128 3999 1394 4053 rationem
1422 4013 1662 4069 expone;
1706 4008 1762 4056 et
1804 4001 2039 4071 primum

474 4089 578 4153 dic,
611 4089 739 4159 quid
770 4089 842 4143 sit
864 4089 1006 4144 inter
1037 4091 1350 4158 qualitatem
1373 4101 1429 4145 et
1462 4090 1654 4160 quale?
1675 4122 1744 4132 —
1764 4091 1829 4145 Α.
1860 4091 2042 4159 Quali-

409 4218 434 4237 .
474 4190 640 4236 tatem
681 4195 914 4249 namque
956 4181 1204 4245 dicimus,
1235 4181 1602 4247 dulcedinem,
1644 4184 2038 4249 austeritatem,

473 4273 1139 4342 albedinetn,nigredinem.
1167 4274 1335 4338 Quale
1358 4290 1487 4330 vero
1533 4275 1870 4346 intelligitur,
1901 4291 2038 4345 quo-

473 4364 576 4420 ties
600 4363 778 4417 album
801 4363 1002 4432 aliquid
1025 4363 1273 4429 dicimus,
1291 4364 1447 4419 dulce
1467 4365 1552 4420 vel
1574 4374 1874 4419 austerum.
1891 4364 2036 4419 -ιλ

473 4457 697 4512 Videtur
723 4456 866 4510 enim
913 4455 1227 4524 qualitatem
1264 4471 1515 4526 magnam
1557 4456 1757 4511 habere
1799 4471 2043 4510 comnu-
2070 4485 2119 4544 υ

472 4547 687 4600 nionem
715 4561 834 4600 cum
848 4546 1058 4601 ceteris
1075 4546 1379 4615 categoriis.
1395 4577 1464 4585 —
1479 4547 1544 4600 A.
1560 4547 1792 4601 lncurrit
1804 4561 2039 4616 namque

474 4636 524 4690 in
565 4645 790 4692 crateras
817 4652 1027 4702 omnes,
1056 4645 1111 4692 et
1138 4637 1258 4692 ideo
1289 4636 1554 4693 difﬁcilior
1576 4646 1689 4704 est;
1720 4646 1780 4692 ut
1821 4645 1951 4706 puta
1982 4639 2037 4692 in

473 4731 587 4784 asia
636 4730 926 4795 invenitur,
964 4745 1085 4785 cum
1124 4731 1374 4796 dicimus,
1407 4722 1578 4785 homo
1629 4731 2037 4802 grammaticus.

473 4820 542 4875 In
567 4831 761 4893 quanto
791 4835 808 4873 :
837 4820 972 4876 Alba
1011 4832 1067 4877 et
1102 4823 1254 4894 nigra
1302 4822 1532 4893 epifania
1563 4823 1670 4896 [ΑΙ.
1695 4865 1709 4890 ,
1738 4823 2037 4896 mensura].

473 4911 542 4967 In
567 4913 636 4967 ad
663 4911 862 4984 aliquid
893 4913 1174 4969 :Prudens
1203 4923 1384 4986 pater;
1409 4917 1644 4986 optimus
1672 4915 1830 4972 filius.
1863 4917 1932 4971 In
1961 4917 2043 4986 fa-

473 5027 588 5066 cere
609 5025 627 5062 :
666 5009 809 5065 Dure
866 5009 1050 5064 saltat.
1083 5007 1148 5061 In
1175 5009 1284 5078 pati
1326 5024 1344 5061 :
1393 5008 1522 5063 Fert
1550 5007 1765 5063 fortiter
1792 5008 2036 5062 vulnera.

474 5097 541 5154 In
567 5099 680 5154 loco
703 5114 721 5152 :
743 5099 1021 5156 Obscurus
1049 5099 1216 5152 locus.
1241 5097 1307 5153 In
1333 5107 1604 5170 tempore:
1640 5098 1859 5154 Calidus
1892 5114 2041 5154 men-

473 5192 548 5246 sis
560 5199 653 5247 aut
680 5190 922 5262 frigidus.
954 5188 1020 5243 In
1038 5188 1254 5259 jacere:
1277 5189 1485 5244 Pronus
1513 5189 1847 5258 autsupinus
1870 5188 2042 5256 jacet.

472 5278 540 5334 In
564 5279 752 5335 habere
778 5295 796 5333 :
821 5279 1086 5338 Deceuter
1111 5284 1370 5332 armatus.

541 5367 601 5425 ϐ.
625 5368 767 5438 Quot
793 5369 957 5426 habet
981 5371 1096 5425 hrec
1137 5369 1404 5440 categoria
1448 5370 1688 5439 species?
1705 5400 1777 5410 ——
1796 5369 1860 5422 Α.
1893 5369 2039 5435 Qua-

475 5466 616 5524 tuor,
638 5475 776 5529 quas
803 5458 1122 5516 Aristoteles
1150 5474 1348 5530 genera
1375 5468 1547 5514 vocat.
1580 5459 1820 5515 Primum
1867 5474 2038 5532 genus

473 5553 558 5599 est
583 5547 800 5604 habitus
827 5559 884 5603 et
907 5548 1136 5614 affectio,
1176 5549 1469 5604 secundum
1499 5550 1739 5618 potentia
1756 5549 2037 5614 naturalis,

477 5637 694 5692 tertium
741 5639 972 5707 passiva:
1019 5640 1311 5710 qualitates
1356 5641 1471 5695 sive
1518 5641 1820 5710 passiones,
1877 5656 2041 5710 quar-

481 5736 592 5779 tum
644 5726 831 5781 forma:
885 5745 948 5783 ac
1004 5732 1299 5800 ligurze.—
1324 5732 1382 5786 C.
1416 5732 1641 5788 Habitus
1689 5734 1799 5816 vel.
1828 5731 2040 5787 all'cctio

2140 3251 2287 3319 poris
2312 3249 2520 3316 fundit;
2552 3267 2725 3322 eoque
2744 3251 2822 3317 lit,
2850 3260 2907 3308 ut
2926 3254 3131 3324 pudore
3152 3255 3322 3310 nimio
3337 3256 3700 3310 rubescamus.

2138 3339 2316 3394 Pallor
2333 3355 2546 3410 quoque
2572 3342 2733 3396 simili
2771 3345 2964 3400 anima:
2999 3346 3247 3415 passione
3283 3345 3557 3410 consistit,
3585 3360 3706 3400 cum

2139 3429 2384 3499 perculsa
2431 3429 2562 3501 [Al.,
2599 3432 2852 3505 perculsi]
2884 3442 3028 3490 metu
3077 3436 3242 3490 nimio
3270 3437 3337 3492 ad
3367 3436 3549 3491 cordis
3572 3435 3706 3490 ulte-

2140 3519 2284 3574 riora
2313 3520 2574 3592 confugit,
2610 3537 2730 3576 eam
2781 3525 3003 3596 sanguis
3046 3526 3366 3595 insequitur,
3418 3525 3628 3597 [adeo],
3654 3534 3709 3580 ut

2139 3609 2408 3665 desertum
2455 3613 2736 3682 sanguine,
2787 3615 2931 3684 quod
2965 3625 3050 3670 est
3094 3616 3148 3670 in
3183 3624 3492 3686 conspectu,
3520 3631 3711 3687 corpus

2143 3700 2401 3756 albescat.
2436 3701 2530 3757 Ha:
2579 3703 2742 3774 igitur
2786 3705 3095 3775 qualitates,
3147 3706 3192 3761 si
3222 3707 3314 3762 diu
3362 3716 3713 3777 perseverant

2143 3790 2220 3864 [in
2255 3793 2526 3866 corpore],
2576 3796 2800 3865 passiva
2847 3796 3136 3866 qualitates
3175 3797 3417 3853 dicendae
3462 3809 3630 3864 sunt;
3671 3802 3712 3853 si

2143 3900 2271 3940 vero
2292 3887 2358 3940 ad
2387 3887 2552 3940 breve
2580 3894 2790 3956 tempus
2819 3889 3124 3943 exstiterint
3159 3889 3254 3954 ita,
3299 3898 3359 3944 ut
3393 3889 3505 3945 cito
3545 3892 3714 3946 disce-

2141 3978 2290 4042 dant,
2316 3977 2595 4047 passiones
2618 3992 2712 4032 eas
2740 3978 2919 4048 potius
2939 3980 3301 4035 nominamus.

2212 4087 2272 4144 C.
2320 4089 2474 4146 Nunc
2531 4101 2780 4160 quartam
2839 4091 3077 4148 edissere
3139 4093 3408 4163 speciem;
3453 4100 3511 4148 et
3546 4094 3714 4164 primo

2141 4178 2268 4248 quid
2296 4179 2368 4234 sit
2392 4180 2536 4236 inter
2560 4178 2762 4236 formas
2793 4189 2847 4236 et
2873 4180 3074 4252 ﬁguras
3102 4182 3328 4252 explana
3349 4179 3484 4254 [Αι.,
3507 4181 3710 4254 dicito].

2141 4273 2287 4327 -Α,
2317 4273 2528 4343 Figura:
2547 4273 2924 4328 inanimalibus
2945 4273 3075 4346 [Al.,
3095 4275 3433 4339 animalibus,
3453 4273 3712 4347 mendose]

2142 4365 2469 4429 tribuuntur,
2497 4373 2558 4418 ut
2580 4374 2730 4434 puta,
2758 4366 3000 4437 trigonus
3023 4367 3104 4423 vel
3139 4373 3472 4438 tetragonus.
3508 4367 3716 4423 Forma:

2143 4463 2320 4509 autem
2350 4455 2690 4522 animalibus,
2743 4457 2796 4510 in
2841 4457 3036 4526 quibus
3078 4457 3342 4513 formosos
3397 4457 3612 4529 aliquos
3636 4457 3717 4513 vel

2145 4543 2412 4600 deformes
2437 4545 2570 4617 [Al.,
2598 4545 2828 4602 formosa
2857 4549 3036 4618 aliqua
3083 4549 3167 4604 vel
3195 4547 3480 4621 deformia]
3523 4549 3720 4604 asseri-

2146 4648 2283 4687 mus.
2315 4633 2372 4688 In
2397 4635 2584 4690 eodem
2611 4651 2825 4706 quoque
2849 4638 3126 4708 qualitatis
3169 4653 3364 4710 genere
3397 4641 3642 4694 curvitas
3667 4647 3720 4694 et

2145 4723 2429 4788 rectitudo,
2470 4727 2737 4794 asperitas
2771 4734 2826 4782 et
2853 4726 3110 4794 lenitudo,
3161 4729 3360 4784 raritas
3379 4737 3437 4783 et
3475 4729 3716 4784 densitas

2146 4813 2507 4868 inveniuntur.

2216 4903 2275 4959 ϐ.
2310 4905 2367 4960 Si
2390 4906 2626 4974 qualitas
2647 4909 3080 4964 contrarietatem
3105 4910 3297 4979 recipit
3315 4911 3340 4962 ?
3381 4941 3454 4950 —
3472 4910 3538 4963 Α.
3563 4910 3717 4978 Quae-

2146 4995 2269 5049 dam
2302 4997 2494 5067 recipit
2535 5007 2591 5052 et
2610 4999 2852 5067 quaedam
2883 5013 2989 5054 non
3033 5001 3240 5070 recipit.
3279 4999 3409 5067 Quis
3446 5002 3594 5054 enim
3620 5001 3717 5056 du-

2145 5083 2280 5138 bitat
2300 5085 2458 5140 saluti
2484 5086 2676 5158 [Edil.,
2700 5087 2869 5160 salvo]
2886 5090 3216 5144 contrarium
3237 5105 3358 5145 esse
3381 5090 3715 5161 languorem,

2140 5174 2361 5243 justitize
2397 5178 2688 5247 justitiam,
2741 5183 2885 5237 malo
2907 5183 3156 5238 bonum?
3190 5184 3233 5237 E
3268 5192 3457 5239 contra
3483 5199 3614 5238 vero
3639 5184 3718 5236 fu-

2146 5283 2239 5324 sco
2262 5269 2346 5325 vel
2369 5271 2606 5339 pallido;
2641 5273 2909 5343 triangulo
2945 5273 3028 5328 vel
3073 5275 3393 5345 tetrangulo,
3419 5275 3501 5330 vel
3553 5284 3717 5329 tetra-

2144 5373 2284 5426 gono
2311 5361 2639 5415 contrarium
2668 5362 2801 5416 nihil
2833 5371 2933 5418 est.
2964 5393 3033 5403 —
3060 5360 3121 5417 ϐ.
3155 5362 3211 5418 Si
3253 5363 3425 5434 magis
3453 5379 3517 5420 ac
3543 5364 3721 5419 minus

2144 5453 2378 5522 recipit?
2403 5483 2474 5492 —
2509 5453 2574 5507 Α.
2611 5454 2822 5524 Recipit
2842 5455 3081 5521 omnino,
3105 5456 3200 5511 sed
3227 5470 3335 5510 non
3363 5455 3562 5512 omnis.
3585 5453 3720 5510 Nam

2144 5543 2316 5616 magis
2345 5543 2522 5599 album
2553 5545 2636 5599 vel
2686 5547 2857 5616 magis
2899 5546 3110 5616 nigrum
3163 5546 3343 5601 dicere
3387 5559 3716 5616 possumus:

2143 5639 2237 5694 sed
2263 5637 2436 5709 magis
2466 5639 2755 5709 trigonum,
2807 5639 2892 5694 vel
2941 5639 3110 5711 magis
3165 5647 3504 5710 tetragonum
3530 5636 3713 5712 μιν..

2143 5732 2226 5786 vcl
2261 5730 2436 5786 minus
2465 5730 2755 5802 trigonum]
2781 5731 2884 5786 dici
2913 5747 3018 5788 non
3051 5738 3244 5801 potest.
