3934 6180
282 284 386 339 96!

274 667 570 746 singularis
596 677 759 737 atque
782 684 888 723 una
911 685 1156 736 numero,
1185 679 1239 724 et
1268 672 1540 726 contraria
1576 673 1630 728 in
1658 689 1715 728 se
1739 689 1856 728 sus-

273 758 464 827 cipiat,
527 767 588 812 ut
635 766 789 828 puta,
831 761 993 815 homo
1049 761 1340 832 singularis
1391 764 1507 817 asia
1558 771 1642 819 est
1693 773 1856 834 atque

271 848 437 902 unius
463 849 674 903 numeri
721 857 778 904 et
795 850 1152 919 susceptibilis
1193 853 1617 909 contrarietatis.
1670 854 1855 923 Itaque

271 938 437 991 modo
465 938 756 992 sanitatem
782 940 942 994 modo
960 942 1329 1011 aegritudinem
1355 944 1628 1014 suscipere
1658 953 1849 1014 potest.

272 1023 572 1089 Quantitati
601 1041 730 1081 vero
767 1029 1039 1097 proprium
1091 1039 1196 1092 est.
1248 1039 1309 1085 ut
1334 1030 1450 1099 ejus
1494 1033 1673 1087 omnia
1702 1035 1852 1103 paria

267 1116 359 1170 vel
383 1116 610 1186 imparia
641 1117 930 1182 dicantur;
958 1127 1038 1184 ut,
1071 1119 1173 1174 iste
1200 1120 1363 1175 homo
1411 1121 1487 1176 illi
1515 1124 1716 1178 homini
1753 1139 1852 1193 par

267 1206 357 1260 vel
382 1207 557 1277 impar
593 1217 678 1262 est
706 1209 1097 1276 magnitudine.
1129 1210 1210 1263 Ad
1233 1211 1433 1282 aliquid
1463 1228 1592 1269 vero
1610 1216 1852 1284 proprie-

266 1304 440 1350 tatem
471 1298 653 1362 habet,
683 1307 743 1353 ut
767 1299 821 1352 in
849 1314 907 1354 se
931 1312 1335 1368 convertantur,
1369 1304 1524 1359 sicuti
1554 1313 1638 1359 est
1661 1321 1849 1362 servus

263 1386 468 1441 domini
501 1395 557 1441 et
576 1389 826 1444 dominus
877 1391 1040 1444 servi.
1077 1391 1360 1457 Qualitatis
1400 1408 1530 1448 vero
1573 1395 1846 1465 singulare

261 1488 372 1543 est,
405 1488 466 1534 ut
487 1490 679 1536 cuncta
707 1482 823 1552 ejus
843 1483 1137 1538 secundum
1180 1485 1497 1553 qualitatem
1531 1487 1729 1542 similia
1753 1496 1846 1544 aut

258 1567 547 1624 dissimilia
599 1571 962 1636 nominentur,
1009 1580 1071 1626 ut
1121 1573 1278 1628 dulce
1331 1576 1477 1629 omni
1522 1577 1684 1642 dulci,
1720 1577 1843 1633 albo

258 1657 469 1724 album,
505 1661 679 1717 calido
706 1662 936 1716 calidum
959 1673 1054 1717 aut
1078 1663 1253 1718 simile
1292 1672 1387 1719 aut
1420 1665 1678 1723 dissimile
1705 1685 1842 1724 nun-

257 1759 512 1819 cupatur.

867 1846 1093 1903 CAPUT
1123 1848 1233 1902 VII.

755 1973 820 2013 DE
861 1973 1060 2013 FACERE
1097 1976 1166 2015 ΕΤ
1195 1976 1338 2015 ΡΔΤΙ.

337 2066 397 2122 C.
429 2065 680 2139 Superest
702 2078 760 2125 ut
781 2071 847 2127 de
875 2071 1052 2127 facere
1076 2083 1132 2128 et
1150 2077 1281 2144 pati,
1313 2076 1366 2130 in
1391 2075 1585 2145 quibus
1606 2076 1840 2132 maxime

254 2158 551 2213 verborum
597 2162 738 2215 ratio
763 2171 993 2229 constat,
1021 2164 1150 2234 quia
1198 2167 1403 2233 pariter
1453 2181 1572 2221 esse
1616 2182 1838 2222 necesse

250 2255 362 2311 est,
386 2249 592 2317 pariter
620 2252 962 2321 respondeas.
995 2283 1066 2293 —
1090 2254 1153 2306 Α.
1185 2253 1310 2309 Ηεεε
1336 2256 1442 2310 duo
1466 2271 1533 2311 ex
1557 2257 1836 2326 qualitatis

250 2335 403 2394 fonte
431 2340 682 2396 videntur
735 2343 1084 2399 descendere.
1125 2345 1182 2399 Id
1225 2361 1476 2416 namque,
1531 2349 1675 2416 quod
1703 2347 1834 2402 cali-

251 2428 383 2483 dum
429 2429 583 2496 lacit,
637 2432 868 2487 calidum
907 2433 978 2488 sit
1002 2449 1224 2489 necesse
1273 2445 1374 2490 est.
1430 2437 1675 2491 Calidum
1705 2453 1835 2492 vero

246 2515 409 2589 quale
436 2517 632 2591 [Edit.,
661 2520 823 2594 quod]
843 2537 964 2576 esse
990 2524 1384 2593 cognoscimus.
1410 2524 1670 2580 Similiter
1691 2528 1834 2596 quod

247 2607 485 2662 calidum
509 2608 586 2674 ﬁt,
619 2625 649 2663 a
697 2611 948 2678 passione
991 2613 1268 2680 qualitatis
1315 2615 1510 2685 accipit
1549 2618 1784 2672 calorem
1815 2635 1828 2668 :

243 2705 304 2751 et
333 2699 424 2766 qui
452 2699 628 2764 docet,
691 2716 813 2754 cum
862 2702 1019 2756 docet
1067 2702 1257 2758 doctor
1290 2714 1392 2769 est,
1420 2715 1474 2760 et
1511 2706 1831 2776 discipulum

243 2785 422 2840 facit:
458 2795 684 2859 uterque
714 2788 868 2860 [Ed.,
905 2793 1217 2865 utrumque]
1272 2805 1452 2850 autem
1500 2798 1614 2852 sive
1642 2799 1832 2854 doctor

242 2875 362 2930 sive
384 2876 676 2946 discipulus
702 2879 875 2949 qualis
905 2889 987 2935 est
1015 2900 1027 2935 ε
1060 2891 1115 2936 ει
1133 2893 1332 2938 caetera
1355 2885 1437 2939 his
1466 2887 1686 2942 similia.

320 2965 380 3021 ς.
415 2967 551 3022 Num
578 2971 629 3024 in
666 2972 750 3025 his
795 2974 1083 3042 categoriis
1116 2977 1386 3030 contraria
1431 2978 1830 3034 inveniuntur?

238 3089 316 3098 —
345 3058 411 3111 Α.
453 3059 639 3114 Solent
680 3063 824 3115 enim
871 3079 1070 3132 genere
1112 3080 1232 3118 esse
1281 3067 1498 3133 similia,
1554 3071 1828 3124 contrarii

241 3149 526 3218 qualitate.
571 3151 784 3223 Etenim
815 3153 1069 3218 calidum,
1102 3157 1244 3224 quod
1274 3157 1467 3227 frigido
1493 3171 1713 3229 praestat
1739 3178 1826 3217 ca-

238 3240 412 3295 lorem
440 3243 522 3295 sui
553 3241 686 3314 [Al.,
734 3247 877 3314 quod
917 3244 1110 3316 frigido
1148 3250 1328 3304 obstat
1367 3251 1565 3306 caloris
1593 3251 1690 3325 vi],
1726 3255 1826 3310 sub

235 3329 430 3386 eodem
461 3347 655 3400 genere
678 3344 778 3389 est.
835 3333 1096 3392 Similiter
1134 3341 1276 3409 quod
1331 3341 1488 3398 dulce
1535 3352 1637 3408 est,
1670 3345 1826 3400 dulce

240 3436 351 3476 non
390 3421 540 3488 facit,
577 3425 682 3479 nisi
725 3427 778 3480 id
807 3429 949 3496 quod
976 3429 1131 3486 dulce
1155 3449 1262 3488 non
1305 3434 1486 3490 fuerit.
1520 3435 1654 3491 Nam
1697 3437 1741 3492 si
1772 3439 1825 3493 id

239 3516 385 3585 quod
408 3521 630 3588 patitur,
659 3520 815 3576 dulce
843 3522 1005 3578 fuerit
1033 3539 1127 3595 per
1149 3535 1396 3583 naturam
1424 3532 1527 3598 sui,
1550 3532 1711 3605 342
1748 3534 1824 3588 al-

238 3605 408 3661 terius
437 3608 792 3678 dulcedinem,
832 3628 994 3682 quam
1042 3614 1222 3686 [Mss.,
1272 3619 1402 3692 quo]
1434 3623 1678 3691 recipiat,
1713 3641 1820 3680 non

239 3699 421 3754 habet.
463 3699 694 3757 Necesse
727 3714 959 3776 estergo
1001 3707 1157 3761 dulce
1186 3724 1294 3763 non
1321 3727 1442 3765 esse
1472 3713 1524 3766 id
1547 3715 1692 3782 quod
1719 3732 1817 3785 pa~

238 3789 392 3854 titur,
423 3799 482 3844 ut
506 3791 843 3848 dulcedinem
877 3797 1106 3864 recipiat
1160 3798 1393 3854 alienam
1419 3818 1433 3865 ;
1469 3811 1525 3857 et
1550 3808 1820 3862 contraria

234 3891 363 3935 sunt
385 3882 438 3936 in
468 3884 725 3952 qualitate
751 3887 907 3941 dulce
932 3895 988 3942 et
1007 3903 1272 3943 amarum.

309 3971 369 4026 (ἔ.
413 3973 550 4040 Quid
586 3984 690 4043 est,
742 3979 886 4048 quod
933 3979 1118 4035 dixisti
1167 3993 1364 4051 genere
1413 4000 1534 4042 esse
1583 3987 1853 4055 similia?_

232 4093 304 4103 —
334 4063 401 4117 Α.
429 4064 572 4134 Ignis
602 4083 706 4122 non
735 4078 915 4138 potest
940 4086 968 4123 a
994 4072 1149 4127 melle
1177 4075 1420 4145 accipere
1442 4077 1813 4150 dulcedinem;

231 4169 375 4222 aqua
396 4169 525 4211 vero
561 4167 773 4228 potest;
813 4161 941 4230 quia
968 4163 1258 4232 quamdam
1300 4165 1706 4224 similitudinem
1723 4172 1819 4226 ha-

227 4242 364 4298 bent
393 4245 445 4298 in
467 4260 680 4315 genere.
704 4280 774 4290 -—
795 4249 855 4304 C.
885 4250 966 4304 An
990 4253 1161 4321 magis
1182 4268 1250 4307 an
1273 4255 1454 4310 minus
1479 4257 1817 4315 admittunt?

227 4362 300 4373 —
325 4332 395 4385 Α.
435 4333 629 4390 Etiam.
666 4336 961 4395 Possumus
980 4342 1123 4395 enim
1159 4343 1360 4410 dicere,
1408 4347 1580 4418 magis
1602 4349 1687 4404 vel
1711 4352 1815 4406 mi-

227 4439 332 4478 nus
359 4426 516 4481 docet
551 4429 843 4498 magister;
870 4439 925 4485 et
958 4433 1130 4503 magis
1153 4434 1237 4490 vel
1286 4437 1465 4494 minus
1511 4439 1703 4497 doctus
1729 4453 1813 4500 est

225 4512 545 4584 discipulus.

825 4629 1050 4686 CAPUT
1085 4629 1212 4687 VIII.

865 4755 931 4794 DE
957 4758 1171 4799 JACEBE.

296 4849 361 4903 C.
394 4849 533 4917 Quid
553 4852 619 4908 de
639 4853 817 4922 jacere
840 4856 1098 4912 habemus
1113 4858 1412 4932 intelligere
1435 4863 1552 4916 ?—
1574 4865 1639 4918 Α.
1665 4864 1806 4934 Quid

219 4941 397 5005 aliud,
426 4942 529 5019 nisi
565 4943 728 4998 situm
764 4954 818 4999 et
856 4947 1178 5015 positionem
1232 4952 1493 5021 corporis,
1530 4955 1574 5010 si
1606 4953 1806 5024 jaceat,

218 5041 352 5099 stet,
380 5033 462 5088 vel
509 5035 694 5090 sedeat
718 5038 1016 5106 quislibet?
1062 5039 1292 5098 Necesse
1320 5052 1404 5098 est
1447 5047 1612 5111 enim,
1646 5062 1807 5104 omne

217 5140 442 5195 corpus,
467 5129 610 5197 quod
639 5144 732 5184 sex
757 5130 950 5203 [Edit.,
973 5131 1052 5206 in]
1075 5133 1332 5204 partibus,
1358 5144 1417 5191 ut
1437 5139 1806 5208 praediximus,

217 5221 538 5289 includitur,
575 5225 632 5280 in
657 5226 898 5296 quolibet
945 5244 1064 5285 esse
1090 5229 1207 5285 loco
1231 5239 1286 5285 et
1311 5232 1550 5301 quolibet
1576 5236 1738 5292 modo
1753 5238 1807 5292 in

213 5311 342 5366 loco
361 5325 504 5380 esse,
534 5323 700 5371 utaut
719 5333 816 5387 per
829 5319 1213 5391 longitudinem
1229 5323 1571 5391 extendatur,
1602 5335 1697 5381 aut
1714 5343 1812 5398 per

214 5402 565 5460 latitudinem
602 5405 950 5474 dili'undatur,
984 5417 1045 5464 ut
1068 5425 1164 5480 per
1182 5411 1519 5468 altitudinem
1545 5416 1806 5486 erigatur.

214 5495 436 5553 Ethec
483 5501 665 5555 omnia
713 5502 782 5556 ad
827 5503 990 5560 situm
1039 5507 1310 5574 pertinent
1362 5513 1627 5580 corporis,
1674 5514 1810 5570 situs

214 5602 353 5643 vero
388 5589 504 5660 ipse
530 5590 717 5648 localis
746 5591 765 5668 ί
774 5591 951 5661 Forte,
993 5597 1176 5652 situm.
1205 5638 1216 5652 .
1247 5638 1259 5651 .
1296 5598 1545 5673 localem]
1569 5619 1694 5660 esse
1719 5604 1810 5661 ne?

214 5694 372 5734 εεεεε
395 5691 499 5742 est.

1305 285 1753 341 DIDASCALICA
1787 317 1856 327 —
1885 286 1974 341 DE
2011 288 2432 346 DIALECTICA.

359 397 419 452 C.
453 395 510 450 Si
535 395 700 450 etiam
721 405 803 451 nte
825 406 1058 467 quatuor
1107 399 1376 469 praedictae
1416 401 1702 472 categorite
1727 415 1856 471 pro-
1881 403 1934 460 Α

275 487 458 557 prium
497 486 700 555 aliquid
734 501 830 555 per
869 501 927 540 se
952 487 1173 558 singula:
1199 488 1453 554 habeant,
1492 490 1653 545 velim
1697 501 1860 560 expo-

273 591 400 631 nas.
432 606 505 617 —
532 576 596 629 A.
627 576 858 632 Habent.
901 576 1035 632 Nam
1087 580 1219 634 asia:
1270 580 1548 651 proprium
1568 588 1672 645 est,
1703 589 1765 636 ut
1790 583 1861 642 sit

1853 3113 1902 3176 C
1930 3144 2029 3183 vus
2058 3130 2290 3186 habendi
2345 3135 2543 3203 gradus
2597 3113 2728 3210 [Αιζ
2752 3148 2960 3195 octava.
2989 3182 3002 3195 .
3035 3183 3048 3196 .

2541 400 2769 458 CAPUT
2806 402 2895 456 IX.

2484 507 2551 548 DE
2581 509 2664 548 UBI
2693 511 2762 549 ΕΤ
2786 510 3013 558 ουεκοο.

2030 583 2090 637 C.
2123 583 2260 651 Quid
2278 585 2446 640 habes
2464 584 2530 639 de
2547 584 2634 638 ubi
2657 594 2712 639 et
2727 586 2938 656 quando
2962 587 3185 642 dicere?
3215 618 3286 628 —
3307 590 3372 643 Α.
3397 590 3538 658 Quid

1959 675 2125 740 aliud,
2148 677 2252 732 nisi
2281 677 2424 746 quod
2456 677 2545 730 ubi
2572 678 2626 731 in
2651 677 2768 732 loco
2800 685 2854 733 et
2875 679 3086 748 quando
3114 679 3166 734 in
3201 688 3441 752 tempore
3465 683 3540 737 si-

1957 767 2256 837 gnificant?
2285 767 2415 821 Nam
2443 783 2602 822 omne
2633 783 2831 838 corpus
2857 784 3079 824 necesse
3110 779 3193 824 est
3230 772 3407 827 locum
3434 773 3536 828 ali-

1955 873 2140 926 quem,
2170 859 2222 912 in
2249 859 2488 929 quolibet
2536 868 2777 930 tempore
2811 875 3114 930 occupare;
3146 871 3224 926 ut,
3267 864 3452 918 Romae
3479 864 3535 920 in

1954 955 2147 1002 senatu
2177 946 2272 1012 fui,
2304 956 2429 1003 ante
2457 949 2644 1002 horam
2695 949 2931 1015 tertiam,
2958 963 3082 1020 post
3106 952 3356 1008 Martium
3385 969 3536 1008 men-

1952 1049 2086 1090 sem.
2126 1036 2252 1091 Haec
2277 1037 2333 1091 in
2373 1037 2492 1092 loco
2520 1047 2576 1092 et
2621 1046 2863 1109 tempore
2910 1055 3027 1095 esse
3056 1042 3292 1108 debent;
3319 1058 3427 1098 non
3455 1043 3536 1101 lo-

1951 1140 2050 1180 cus
2078 1135 2133 1180 et
2160 1135 2387 1196 tempus.

2559 1218 2785 1276 CAPUT
2815 1220 2883 1274 Χ.

2565 1325 2630 1363 DE
2660 1325 2886 1365 HABERE.

2018 1395 2078 1451 C.
2105 1396 2312 1463 Restat,
2335 1408 2396 1454 ut
2416 1399 2482 1454 de
2501 1399 2689 1455 habere
2707 1403 2935 1472 incipias
2956 1402 3155 1468 dicere,
3184 1411 3239 1458 et
3262 1411 3532 1474 quotme-

1945 1485 2028 1541 dis
2081 1489 2278 1544 habere
2324 1489 2569 1546 dicamur
2619 1491 2861 1562 aliquid?
2890 1523 2961 1532 —
3016 1495 3081 1548 A.
3114 1494 3246 1550 Octo
3297 1496 3528 1552 habendi

1944 1588 2071 1634 sunt
2098 1582 2326 1652 species.
2375 1583 2557 1638 Prima
2583 1593 2689 1650 est,
2743 1587 2954 1654 quoties
2985 1587 3165 1642 animo
3195 1587 3397 1656 aliquid
3431 1589 3527 1643 ha-

1942 1671 2133 1727 bemus
2156 1714 2170 1739 ,
2210 1673 2578 1740 utjustitiam,
2623 1677 2953 1745 disciplinas,
3002 1679 3232 1734 virtutes
3254 1681 3341 1734 vel
3370 1681 3521 1736 vitia.

1873 1771 1918 1830 3
1949 1759 2214 1827 Secunda,
2242 1765 2453 1833 quoties
2481 1765 2536 1818 in
2560 1780 2785 1836 corpore
2812 1767 3012 1822 habere
3042 1770 3244 1838 aliquid
3271 1770 3525 1837 dicimur,

1941 1861 2001 1907 ut
2027 1853 2347 1921 albedinem,
2410 1857 2771 1926 nigredinem,
2823 1860 3144 1916 varietatem
3192 1861 3277 1916 vel
3329 1872 3525 1920 caetera

1939 1959 2060 2013 qua:
2092 1961 2190 2014 per
2215 1947 2528 2018 qualitatem
2551 1951 2765 2020 corpori
2797 1952 2982 2007 insunt
3009 1952 3202 2025 [Edit.,
3236 1956 3522 2031 insidunt].

1941 2035 2119 2093 Tertia
2145 2040 2212 2094 de
2257 2043 2559 2111 quantitate
2586 2044 2886 2111 descendit,
2918 2047 3130 2116 quoties
3163 2058 3397 2118 quatuor
3434 2051 3522 2108 vel

1939 2128 2178 2197 quinque
2229 2131 2426 2199 pedum
2473 2132 2670 2186 habere
2713 2134 2944 2189 dicimur
2974 2135 3106 2207 [Αι.,
3161 2139 3289 2208 quid
3323 2140 3524 2197 habere

1938 2216 2156 2288 dicitur]
2188 2217 2595 2288 longitudinem.
2631 2221 2854 2288 Quarta,
2886 2240 3006 2279 cum
3037 2241 3143 2281 non
3167 2228 3220 2281 in
3247 2237 3362 2283 toto
3401 2245 3525 2286 cor-

1936 2324 2086 2378 pore,
2118 2311 2212 2365 sed
2236 2312 2288 2365 in
2325 2322 2476 2382 parte
2497 2318 2741 2384 corporis
2763 2318 2964 2388 aliquid
2993 2321 3192 2378 habere
3219 2323 3520 2393 firmamur,

1936 2411 1997 2456 ut
2026 2403 2192 2474 digito
2252 2409 2529 2475 annulum,
2568 2411 2622 2465 in
2652 2413 2788 2482 pede
2836 2416 3047 2472 calceos
3080 2418 3165 2473 vel
3204 2422 3517 2478 cothurnos.

1935 2489 2131 2556 Quinta
2176 2496 2388 2565 species
2415 2507 2518 2563 est,
2549 2515 2672 2555 cum
2724 2518 2829 2557 non
2862 2508 2914 2558 in
2945 2521 3192 2577 corpore,
3247 2510 3340 2565 sed
3371 2513 3518 2568 circa

1934 2595 2130 2651 corpus
2156 2584 2354 2640 habere
2381 2587 2584 2656 aliquid
2621 2590 2875 2658 dicimur,
2904 2602 2964 2648 ut
2986 2597 3150 2651 vestis
3179 2608 3339 2670 atque
3363 2602 3520 2657 indu-

1932 2684 2116 2728 menta
2137 2678 2339 2731 omnia.
2380 2676 2564 2744 Sexta,
2595 2683 2808 2749 quoties
2855 2685 3000 2755 ipsas
3046 2691 3290 2758 corporis
3336 2702 3520 2762 partes

1933 2763 2132 2820 habere
2153 2782 2458 2835 narramur,
2489 2778 2548 2824 ut
2572 2787 2782 2838 manus,
2830 2776 3012 2844 pedes,
3041 2786 3222 2846 caput,
3264 2790 3356 2836 aut
3384 2782 3518 2839 reli-

1931 2871 2058 2924 qua,
2097 2874 2218 2928 qua!
2247 2870 2375 2915 sunt
2424 2863 2479 2916 in
2505 2879 2764 2936 compage
2815 2871 3203 2928 membrorum.
3241 2873 3513 2946 Septimus

1931 2960 2061 3002 vero
2084 2947 2236 3004 locus
2259 2960 2342 3006 est
2372 2951 2504 3024 [Al.,
2537 2957 2764 3025 septima
2799 2958 2852 3012 in
2876 2959 3049 3014 locum
3076 2964 3355 3036 pertinet],
3379 2981 3515 3036 quo-

1931 3036 2034 3091 ties
2055 3037 2142 3092 far
2161 3040 2246 3093 vel
2269 3041 2452 3096 vinum
2482 3059 2574 3099 vas
2609 3045 2827 3116 aliquod
2858 3049 3059 3104 habere
3112 3053 3325 3107 dicitur.
3357 3054 3516 3110 Octa-

3096 3145 3349 3219 species],
3404 3156 3509 3214 est,

1927 3219 2020 3286 qui
2071 3222 2465 3289 possessionem
2509 3237 2749 3282 nostram
2811 3231 2896 3285 vel
2948 3233 3243 3290 dominium
3301 3239 3514 3294 videtur

1927 3310 2230 3377 ostendere,
2265 3327 2388 3366 cum
2417 3315 2560 3370 aedes
2584 3317 2669 3372 vel
2696 3334 2790 3374 rus
2818 3322 2940 3389 quis
2970 3323 3167 3381 habere
3196 3327 3413 3386 dicitur.

1995 3395 2056 3452 ϐ.
2086 3399 2337 3472 Nunquid
2360 3420 2468 3460 non
2512 3407 2640 3463 licet
2666 3410 2821 3466 nobis
2864 3413 3065 3483 dicere,
3107 3419 3385 3477 mulierem
3411 3424 3510 3479 ha-

1924 3491 2054 3548 bere
2079 3496 2370 3563 maritum;
2401 3499 2484 3555 vel
2514 3501 2597 3556 vir
2637 3519 2862 3560 uxorem
2895 3508 3078 3576 habet,
3128 3521 3286 3582 pater
3312 3514 3506 3585 ﬁlium,

1923 3591 1980 3637 et
2008 3583 2149 3640 (ilius
2173 3589 2514 3657 genitorem?
2546 3620 2617 3633 -—-
2645 3595 2710 3649 Α.
2745 3596 2887 3652 Sane
2904 3599 2979 3654 ita
3004 3602 3109 3658 dici
3137 3603 3266 3675 [Al.,
3293 3583 3498 3684 dicere]

1922 3673 2170 3731 doctores
2201 3690 2476 3749 respuunt,
2508 3692 2670 3754 atque
2701 3688 2994 3760 improprie
3033 3673 3265 3762 proferri
3308 3673 3502 3770 [Εάὶελ

1921 3765 2191 3840 conferre]
2219 3772 2562 3828 confirmant.
2596 3777 2910 3848 Propterea,
2941 3787 3086 3852 quod
3114 3765 3364 3843 asserunt
3390 3765 3500 3847 non

1919 3855 2108 3911 haberi
2157 3874 2334 3927 posse,
2385 3865 2527 3930 quod
2579 3866 2743 3920 habet
2789 3869 3116 3939 habentem;
3160 3878 3256 3931 sed
3299 3880 3504 3936 rectius

1919 3943 2026 3998 dici
2057 3953 2359 4014 autumant,
2382 3964 2503 4005 esse
2526 3953 2739 4008 mulieri
2777 3957 2978 4023 virum,
3025 3961 3108 4014 vel
3137 3979 3358 4021 uxorem
3385 3970 3502 4025 viro

1918 4048 2058 4101 esse,
2084 4045 2293 4106 patrem
2333 4039 2444 4094 ﬁlio
2469 4056 2609 4109 esse,
2658 4043 2877 4102 famulis
2931 4049 3205 4107 dominum
3234 4071 3396 4126 esse;
3429 4063 3502 4117 si-

1919 4133 2134 4201 quidem
2163 4135 2315 4190 verbi
2345 4135 2504 4205 hujus
2529 4138 2639 4192 vim
2680 4141 2733 4195 in
2757 4141 2859 4198 hoc
2885 4158 3005 4201 esse
3056 4152 3408 4221 contendunt,
3440 4166 3501 4212 ut

1917 4224 2226 4296 significare
2275 4242 2383 4283 non
2443 4231 2636 4302 possit,
2691 4243 2747 4289 et
2804 4235 3004 4294 habere
3055 4238 3288 4311 aliquem
3317 4231 3374 4300 et
3407 4246 3502 4303 ha-

1914 4313 2051 4371 beri.

1989 4408 2048 4463 ϐ.
2079 4410 2156 4465 Ex
2203 4412 2289 4469 his
2317 4415 2566 4473 omnibus
2619 4419 2804 4478 decem
2851 4426 3286 4494 praedicamentis
3332 4448 3497 4490 unam

1920 4500 2052 4556 mihi
2097 4503 2363 4578 conjunge
2391 4510 2714 4568 orationem.
2741 4545 2812 4554 —
2839 4515 2904 4569 Α.
2956 4517 3120 4575 Plena
3159 4520 3290 4593 [Al.,
3321 4527 3500 4596 perfe-

1913 4591 2022 4665 cta]
2039 4595 2184 4650 enim
2207 4600 2382 4656 oratio
2411 4603 2476 4657 de
2505 4603 2590 4658 his
2616 4604 2690 4660 ita
2704 4606 2953 4679 conjungi
2991 4591 3168 4679 potest
3194 4631 3208 4667 :
3241 4591 3494 4688 Augusti-

1915 4701 2016 4740 nus
2056 4704 2284 4761 magnus
2319 4704 2521 4761 orator,
2574 4696 2717 4752 filius
2763 4698 2929 4765 illius,
2980 4712 3130 4759 stans
3181 4706 3235 4760 in
3273 4710 3496 4780 templo,

1914 4777 2072 4834 hodie
2124 4781 2382 4838 infolatur
2415 4785 2593 4856 [Mss.,
2645 4787 2924 4862 infulatus]
2956 4832 2971 4858 ,
3006 4793 3331 4865 disputando
3372 4777 3496 4856 fati;

1911 4879 2089 4939 gatur.
2121 4872 2452 4945 Augustinus
2475 4878 2590 4932 asia
2615 4887 2700 4933 est
2722 4897 2736 4946 ;
2769 4897 3016 4952 magnus,
3039 4891 3306 4958 quantitas
3330 4909 3344 4958 ;
3371 4908 3497 4950 ora-

1917 4967 2020 5025 tor,
2055 4961 2326 5030 qualitas;
2358 4964 2498 5020 Iilius
2525 4965 2689 5036 illius,
2733 4971 2802 5025 ad
2832 4973 3034 5046 aliquid
3063 5017 3078 5042 ,
3109 4987 3276 5046 stans,
3319 4983 3494 5049 situt;

1915 5050 1969 5105 in
2001 5053 2217 5122 templo,
2258 5055 2402 5111 locus
2426 5075 2445 5124 ;
2473 5060 2654 5126 hodie,
2689 5073 2890 5136 tempus
2909 5067 3220 5132 ;infolatus.
3246 5075 3491 5147 habitus;

1915 5143 2253 5212 disputando,
2282 5164 2471 5218 agere;
2506 5149 2779 5224 fatigatur,
2807 5159 2934 5226 pati.

1983 5233 2144 5308 3A3
2170 5235 2230 5290 C.
2251 5237 2318 5292 Et
2339 5247 2423 5294 est
2447 5242 2619 5310 prima
2649 5247 2768 5300 asia
2794 5248 2879 5302 his
2903 5266 3094 5306 novem
3123 5255 3493 5316 accidentibus

1914 5323 2234 5393 sul-jacens?
2252 5359 2324 5368 —
2343 5331 2407 5384 Α.
2435 5331 2571 5388 Nam
2595 5350 2817 5391 necesse
2841 5349 2926 5395 est
2952 5344 3377 5414 magnitudinem
3402 5348 3490 5404 vel

1910 5417 2225 5485 qualitatem
2256 5419 2308 5474 in
2345 5422 2589 5492 quolibet
2625 5441 2853 5498 corpore
2883 5431 3144 5500 inveniri,
3193 5445 3248 5490 et
3274 5445 3488 5507 patrem

1909 5517 1966 5562 et
2001 5508 2171 5563 ﬁlium
2200 5511 2344 5567 inter
2368 5514 2504 5571 duas
2540 5518 2684 5573 usias
2717 5523 2956 5589 versari;
3020 5526 3274 5584 similiter
3322 5539 3378 5585 et
3430 5529 3487 5586 in

1910 5602 2030 5657 loco
2054 5610 2109 5658 et
2135 5604 2188 5659 in
2219 5611 2461 5678 tempore
2483 5624 2607 5667 esse
2636 5613 2920 5685 cujuslibet
2953 5621 3196 5690 corporis
3226 5630 3337 5688 est;
3389 5637 3486 5678 ve-

1913 5698 2029 5753 stiri
2064 5713 2190 5756 vero
2219 5708 2272 5755 et
2297 5710 2472 5772 stare;
2519 5713 2573 5760 et
2613 5706 2814 5778 aliquid
2859 5725 3050 5784 agere.
3081 5715 3161 5769 vel
3208 5717 3318 5786 pati
3368 5708 3516 5786 quia

3431 293 3645 350 5‘62-
