3934 6180
430 259 533 315 965

1242 255 1301 310 Β.
1340 255 1401 309 F.
1442 251 1667 308 ALBINI
1703 248 1831 304 SEU
1871 244 2148 302 ALCUINI
2188 240 2469 299 OPERUM
2502 236 2681 294 PARS
2721 235 2832 291 νη.

3558 227 3660 282 θσι

429 391 538 430 non
567 372 808 444 agnoscit
831 372 884 426 in
913 371 1151 441 quolibet
1175 383 1399 438 corpore
1432 381 1550 421 esse
1574 359 1998 420 consideranda?
2029 364 2072 420 Α
2103 370 2267 409 unum
2310 366 2430 407 esse
2470 348 2620 419 prius
2665 358 2829 415 quam
2876 341 3005 444 duo,
3032 339 3160 409 quia
3201 337 3309 391 duo
3340 351 3407 390 ex
3437 350 3543 389 uno
3571 351 3665 444 na-

430 467 502 522 Et
525 467 639 520 haec
668 464 968 519 accidentia
997 479 1104 517 non
1125 463 1228 516 nisi
1259 462 1311 514 in
1337 459 1574 528 qualibet
1612 453 1849 523 subiecta
1877 452 2004 506 sub-

433 555 635 610 stantia
668 553 1032 608 inveniuntur.

1037 640 1260 695 CAPUT
1300 637 1388 690 XI.

781 751 846 788 DE
876 747 1194 788 CONTRABHS
1222 744 1321 782 γει,
1361 741 1650 782 OPPOSITIS.

503 826 562 881 Ο.
596 827 731 881 Dum
754 827 948 894 smpius
978 825 1032 878 in
1061 830 1242 876 nostra
1267 820 1630 888 disputatione
1671 817 1738 872 de
1782 823 2002 870 contra-

432 922 529 975 riis
559 917 903 972 introduxisti
935 915 1064 987 [Al.,
1099 913 1427 967 mentionem
1456 909 1677 980 fecisti],
1705 905 2007 962 contrario-

432 1028 552 1067 rum
583 1010 667 1064 vel
695 1009 1060 1078 oppositorum
1083 1004 1242 1058 velim
1265 1004 1526 1056 rationem
1559 1013 1814 1068 exponas.
1845 1027 1915 1036 —
1935 997 2000 1050 A.

432 1100 834 1155 Contrariorum
861 1110 989 1149 vero
1016 1108 1211 1164 genera
1237 1100 1466 1160 quatuor
1493 1101 1634 1153 sunt,
1657 1105 1776 1159 quze
1797 1088 2004 1142 Aristo-

435 1188 567 1242 teles
629 1187 943 1239 anticimcna
1010 1181 1422 1256 [ἁντικέιμενα],
1485 1182 1538 1236 id
1576 1190 1697 1243 est,
1762 1177 2003 1248 opposita

430 1284 607 1330 vocat.
641 1275 881 1327 Primum
907 1290 1076 1344 genus
1109 1284 1214 1338 est,
1242 1275 1383 1341 quod
1437 1273 1711 1326 diversum
1757 1277 2004 1333 vocatur,

431 1375 490 1420 ut
504 1366 788 1434 sapientia,
805 1366 1054 1419 stultitia:
1071 1365 1211 1434 quod
1229 1380 1396 1434 genus
1419 1364 1471 1416 in
1488 1370 1602 1417 tres
1616 1362 1873 1416 dividitur
1892 1375 2010 1430 spe-

431 1457 562 1510 cies.
597 1455 728 1508 Nam
767 1462 894 1508 sunt
917 1455 1158 1523 quaedam
1183 1471 1245 1508 ex
1275 1455 1355 1508 eis
1384 1438 1572 1526 [Ηδεη
1609 1461 1734 1507 sunt
1762 1454 2005 1522 quazdam

431 1544 608 1616 ejus],
632 1561 752 1612 qua:
783 1545 1015 1598 medium
1044 1545 1262 1609 habent,
1287 1553 1346 1597 ut
1373 1545 1659 1599 candidum
1695 1552 1751 1598 et
1795 1544 2005 1612 nigrum

431 1638 670 1692 medium
700 1637 900 1690 habent
925 1635 1160 1689 colorem
1187 1635 1442 1702 pallidum
1487 1645 1541 1687 et
1589 1634 1820 1688 fuscum.
1871 1632 2008 1686 Sunt

2101 455 2346 509 scuntur,
2371 457 2476 496 non
2503 453 2668 493 unum
2698 452 2766 491 ex
2793 433 3032 504 duobus;
3069 439 3125 485 et
3152 445 3258 486 uno
3278 435 3536 498 pereunte
3566 427 3669 482 duo

2099 551 2220 590 esse
2248 548 2352 587 non
2377 535 2631 599 possunt;
2670 526 2877 580 duobus
2899 530 3077 578 autem
3104 519 3479 589 pereuntibus,
3505 533 3671 571 unum

2102 632 2279 679 tamen
2324 625 2624 690 permanet.
2668 616 2882 670 Tertius
2933 612 3125 668 modus
3156 619 3242 666 est
3265 609 3468 664 ordinis
3487 649 3502 672 ,
3530 616 3592 661 ut
3622 608 3684 662 in'

2103 710 2398 780 disciplinis
2425 707 2577 777 prius
2605 713 2687 759 est
2715 702 3066 773 Singularium
3102 699 3283 770 [Mss.,
3315 696 3675 769 singularum]

2102 803 2311 856 discere
2330 799 2555 861 formas,
2583 804 2638 851 et
2666 794 2882 848 nomina
2912 792 3244 856 litterarum;
3296 791 3492 844 dehinc
3519 790 3679 860 sylla-

2103 893 2294 947 barum
2343 887 2749 957 conjunctiones
2795 868 3149 953 Cognoscere;
3206 887 3336 934 tunc
3385 881 3680 933 verborum

2104 998 2318 1040 sumere
2363 981 2642 1045 notitiam;
2707 986 3013 1047 postremus
3071 974 3226 1029 nobis
3279 981 3364 1027 est
3413 971 3682 1026 orationis

2107 1075 2314 1148 [Edit.,
2341 1071 2586 1142 rationis]
2641 1085 2772 1124 usus
2821 1067 3205 1129 assumendus,
3249 1071 3474 1134 propter
3523 1078 3681 1131 quem

2105 1175 2297 1223 cuncta
2327 1164 2481 1234 quasi
2524 1159 2910 1233 praecurrentia
2949 1159 3188 1212 membra
3217 1157 3367 1224 prius
3398 1155 3678 1209 discimus.

2106 1260 2342 1327 Quartus
2371 1257 2564 1312 modus
2587 1263 2688 1317 est,
2717 1253 2843 1307 dum
2865 1250 3133 1306 feliciores
3161 1257 3216 1304 et
3244 1247 3525 1308 meliores,
3545 1246 3684 1316 prio-

2107 1367 2196 1406 res
2257 1349 2448 1419 vulgus
2513 1345 2712 1401 assolet
2762 1343 2962 1398 dicere.
3019 1340 3277 1407 Quintum
3333 1351 3508 1406 genus
3561 1344 3682 1400 est,

2105 1441 2321 1512 quando
2351 1439 2477 1494 illud
2508 1436 2657 1506 prius
2683 1441 2787 1497 est,
2813 1430 2957 1501 quod
2985 1446 3051 1485 ex
3080 1443 3138 1483 se
3175 1427 3353 1499 [Mu.,
3382 1425 3530 1497 esse]
3558 1425 3685 1480 alte.

2109 1551 2227 1589 rum
2276 1533 2423 1600 facit,
2467 1539 2525 1586 ut
2571 1527 2802 1597 exempli
2850 1525 3045 1596 gratia,
3077 1524 3122 1578 si
3172 1523 3334 1578 homo
3384 1530 3492 1586 est,
3540 1528 3684 1575 recte

2107 1641 2230 1680 eum
2261 1624 2492 1678 dicimus
2521 1619 2720 1675 animal
2743 1617 3026 1677 rationale,
3051 1614 3296 1677 mortale,
3325 1614 3468 1668 risus
3493 1627 3680 1682 capax.

433 1729 676 1798 quaedam
713 1744 832 1796 quas
872 1728 987 1781 sine
1033 1727 1210 1781 medio
1240 1734 1385 1792 sunt,
1411 1735 1468 1780 ut
1499 1727 1662 1790 salus,
1695 1725 1957 1796 aegritudo
1989 1742 2001 1777 :
2041 1695 2080 1752 Β
2111 1715 2216 1768 Sed
2245 1715 2349 1768 hoc
2384 1727 2553 1781 genus
2580 1709 2799 1780 prioris.
2823 1708 2875 1760 in
2919 1721 2977 1760 se
3002 1704 3253 1798 icioinvefli
3282 1711 3487 1798 pOIeft:
3514 1733 3587 1798 _—
3621 1701 3679 1756 C-

432 1821 624 1894 horum
676 1818 810 1872 nihil
860 1818 1095 1872 medium
1146 1828 1247 1879 est,
1277 1819 1400 1886 quia
1434 1833 1654 1871 necesse
1679 1825 1762 1870 est
1787 1831 1950 1869 unum
1979 1830 2008 1868 e

433 1910 641 1964 duobus
663 1910 839 1964 inesse
863 1910 1096 1976 corpori.
1120 1909 1184 1962 Et
1208 1917 1332 1964 sunt
1355 1909 1618 1978 qumdam,
1635 1923 1754 1977 qum
1774 1907 2010 1960 medium

438 2001 656 2062 habent,
687 2001 781 2054 sed
813 2001 929 2054 sine
963 2000 1180 2053 nomine
1231 2008 1315 2054 est
1360 1999 1623 2053 medietas
1665 2012 1874 2060 eorum,
1905 1995 2009 2050 nisi

436 2090 584 2152 huic,
617 2091 987 2158 oppositorum
1031 2090 1338 2159 negatione,
1369 2088 1629 2143 formetur
1676 2102 1908 2150 nomen;
1954 2093 2014 2139 ut

432 2179 638 2247 justum
663 2188 718 2232 et
747 2179 1004 2249 injustum
1030 2181 1228 2234 habent
1267 2180 1523 2250 quiddam
1569 2179 1824 2242 medium,
1849 2185 1910 2232 ut
1931 2185 2015 2232 est

437 2278 594 2339 sputa
635 2286 868 2332 screare,
896 2287 1055 2326 aures
1081 2288 1309 2342 purgare
1330 2311 1344 2336 ,
1371 2286 1491 2340 qua:
1534 2269 1854 2325 vocabulum
1905 2283 2014 2322 non

440 2360 663 2424 habent,
695 2361 804 2415 nisi
833 2361 1076 2416 dicamus
1103 2378 1202 2416 nec
1221 2363 1425 2432 justum
1454 2375 1553 2416 nec
1573 2359 1850 2428 injustum.

508 2453 815 2508 Secundum
845 2470 1014 2523 genus
1067 2455 1474 2510 contrarietatis
1519 2461 1603 2508 est
1644 2437 2012 2515 relativorum,

439 2560 558 2614 qua:
582 2545 656 2597 ita
687 2544 786 2598 sibi
816 2552 1176 2613 opponuntur,
1204 2553 1263 2597 ut
1289 2545 1355 2598 ad
1383 2560 1442 2598 se
1481 2541 1846 2606 conferantur,
1875 2542 2018 2595 sicut

439 2636 660 2706 duplum
690 2643 743 2688 et
766 2635 1038 2703 simplum,
1068 2635 1240 2703 magis
1288 2642 1344 2686 et
1389 2633 1584 2687 minus.
1615 2631 1685 2685 Et
1710 2631 1814 2686 hoc
1839 2629 2016 2685 solum

439 2740 611 2795 genus
633 2726 1000 2794 Oppositorum
1029 2723 1358 2780 conferatur.

513 2816 756 2870 Tertium
791 2829 960 2885 genus
987 2823 1092 2879 est,
1121 2830 1240 2883 qua:
1267 2830 1366 2883 per
1391 2815 1632 2870 habitum
1658 2821 1714 2869 et
1759 2815 2017 2884 privatio-

442 2919 565 2959 nem
604 2903 767 2968 ﬁunt;
803 2905 857 2958 in
880 2904 965 2958 his
998 2920 1228 2974 namque
1258 2905 1535 2959 observari
1567 2913 1798 2974 oportet,
1827 2913 1886 2959 ut
1909 2906 2018 2960 sint

2110 1805 2424 1875 Quomodo?
2449 1833 2519 1842 —
2535 1801 2598 1854 A.
2629 1800 2765 1854 Nam
2792 1797 3052 1867 quidquid
3074 1797 3236 1849 homo
3264 1802 3369 1858 est,
3391 1792 3560 1864 3“
3579 1794 3685 1846 ani-

2110 1897 2323 1953 malest
2351 1892 2596 1954 mortale,
2631 1887 2912 1948 rationale,
2944 1885 3084 1938 risus
3116 1898 3320 1952 capax;
3365 1881 3686 1950 item,quid-

2111 1991 2239 2060 quid
2262 1987 2460 2043 animal
2485 1993 2568 2040 est
2594 1981 2840 2044 mortale,
2870 1976 3156 2039 rationale,
3187 1975 3326 2028 risus
3350 1989 3564 2042 capax,
3599 1973 3687 2026 ho-

2112 2081 2313 2137 minem
2335 2093 2453 2132 esse
2476 2089 2696 2138 necesse
2717 2081 2819 2126 est.
2835 2068 2940 2123 Sed
2965 2077 3140 2121 tamen
3171 2065 3440 2119 hominem
3468 2077 3689 2118 necesse

2113 2181 2196 2228 est
2221 2171 2372 2242 prius
2399 2183 2546 2232 esse;
2575 2172 2631 2220 et
2677 2163 2756 2217 sic
2803 2159 3017 2214 tandem
3062 2157 3164 2210 ista
3190 2153 3433 2208 definitio
3457 2152 3544 2208 vel
3568 2168 3690 2207 cnn-

2113 2264 2292 2318 versio
2319 2277 2446 2315 vera
2474 2273 2592 2314 esse
2619 2256 2836 2328 poterit.

2187 2354 2248 2408 C.
2289 2353 2474 2408 Modos
2501 2341 2732 2420 quoque,
2757 2347 2954 2418 quibus
2980 2344 3181 2416 aliquid
3209 2343 3367 2398 simul
3399 2357 3524 2397 esse
3549 2341 3697 2396 dica-

2117 2462 2254 2509 mus,
2283 2444 2574 2499 voluissem
2602 2441 2809 2495 audire.
2841 2471 2906 2480 —
2938 2439 3002 2493 Α.
3034 2438 3232 2492 Tribus
3271 2436 3446 2490 modis
3491 2434 3698 2504 aliquid

2119 2538 2279 2594 simul
2333 2551 2453 2591 esse
2501 2535 2749 2596 dicimus,
2785 2540 2879 2586 aut
2919 2539 3179 2601 tempore,
3213 2538 3308 2584 aut
3351 2538 3574 2592 natura,
3615 2535 3701 2582 aut

2118 2644 2334 2700 genere.
2365 2656 2437 2666 --
2473 2624 2533 2679 C.
2566 2626 2643 2678 Da
2665 2623 2909 2692 exempla
2958 2653 3026 2662 —
3054 2623 3117 2674 A.
3153 2621 3432 2690 Tempore,
3465 2629 3530 2674 ut
3561 2621 3702 2676 duos

2118 2720 2365 2775 homines
2390 2732 2498 2771 uno
2526 2725 2768 2784 tempore
2797 2711 2956 2767 simul
2983 2727 3103 2767 esse
3125 2712 3374 2771 dicimus,
3403 2710 3557 2764 verbi
3588 2726 3706 2782 gra-

2120 2811 2193 2864 tia
2217 2809 2443 2864 Albinus
2477 2815 2532 2862 et
2556 2805 2841 2859 Homerus.
2864 2802 3072 2858 Natura
3094 2843 3109 2867 ,
3143 2809 3202 2855 ut
3229 2799 3484 2869 simplum
3518 2809 3573 2854 et
3608 2801 3705 2854 du-

2117 2900 2285 2971 plum.
2314 2898 2529 2960 Cenere,
2555 2903 2615 2949 ut
2638 2893 3047 2961 animalia,qua3
3072 2890 3249 2958 specie
3278 2889 3702 2952 discernuntur;

440 3006 671 3066 utraque
701 2997 755 3051 in
791 2998 979 3052 eodem
1013 2999 1248 3068 negotio,
1273 2999 1328 3054 in
1355 2999 1543 3054 eodem
1572 3000 1711 3065 loco,
1743 3000 1797 3053 in
1821 3015 2019 3070 oppor-
2042 3029 2087 3089 Ο
2121 2992 2264 3046 aliud
2289 2989 2539 3060 pedestre
2560 3028 2574 3052 ,
2601 2985 2745 3040 aliud
2770 2983 3001 3046 volatile,
3037 2982 3176 3036 aliud
3218 2980 3476 3049 aquatile,
3504 2981 3708 3049 quibus

443 3096 573 3142 tuno
603 3096 862 3158 tempore.
885 3087 944 3141 In
977 3089 1167 3144 eodem
1194 3089 1408 3160 negotio
1439 3097 1565 3144 sunt
1597 3090 1814 3146 caecitas
1850 3098 1906 3144 et
1931 3089 2016 3145 vi—

443 3198 567 3246 sus;
620 3182 674 3234 in
724 3181 954 3236 videndo
999 3182 1143 3236 enim
1188 3190 1243 3236 et
1285 3196 1391 3236 non
1435 3183 1665 3237 videndo
1693 3184 2014 3237 consistunt.

442 3271 569 3328 Haec
596 3273 650 3326 in
679 3274 869 3327 eodem
899 3273 1016 3328 loco
1047 3281 1206 3339 sunt;
1238 3275 1453 3342 utrique
1487 3289 1744 3342 namque,
1786 3275 2017 3329 caacitati

444 3375 498 3420 et
527 3366 816 3430 visioni,in
840 3366 1010 3420 oculis
1037 3366 1188 3421 locus
1222 3365 1367 3436 [est].
1400 3367 1458 3419 In
1488 3376 1730 3436 tempore
1757 3381 2018 3435 congruo,

444 3463 506 3509 ut
527 3455 736 3509 calvum
757 3471 864 3510 non
892 3456 1094 3519 dicere,
1109 3456 1210 3508 nisi
1233 3457 1279 3510 si
1309 3471 1372 3510 eo
1399 3463 1658 3525 tempore,
1673 3471 1781 3524 quo
1801 3456 2021 3524 capillos

449 3544 649 3598 habere
677 3544 956 3608 debuerat,
983 3559 1090 3598 non
1127 3544 1322 3602 habeat
1351 3564 1362 3598 :
1397 3545 1618 3614 capillos
1651 3561 1778 3600 vero
1799 3546 2018 3609 habere,

448 3635 532 3690 vel
560 3650 667 3688 non
699 3635 901 3690 habere
923 3635 1027 3690 sibi
1051 3635 1356 3704 oppositum
1379 3644 1483 3690 est.

523 3724 785 3790 Quartum
815 3739 942 3780 vero
961 3739 1130 3794 genus
1154 3725 1553 3781 contrarietatis
1580 3742 1645 3781 ex
1672 3724 2024 3782 afﬁrmatione

449 3822 504 3868 ct
533 3813 848 3884 negatione,
897 3822 958 3868 ut
984 3813 1248 3870 Homerus
1285 3816 1556 3884 disputat,
1596 3815 1870 3870 Homerus
1916 3831 2025 3870 non

450 3905 721 3976 disputat;
753 3903 1059 3959 Macbarius
1085 3906 1286 3971 currit,
1317 3907 1623 3962 Macbarius
1651 3924 1758 3962 non
1803 3908 1975 3963 currit
2009 3927 2021 3962 :

450 3997 594 4064 quod
623 4012 794 4066 genus
821 3997 963 4068 apud
989 3997 1301 4054 dialecticos
1335 4014 1522 4056 omnes
1545 4001 1870 4070 quaestiones
1891 4015 2027 4071 pene

451 4103 712 4158 generare
734 4089 888 4144 solet.

522 4173 582 4230 C.
627 4176 685 4230 Si
721 4177 1008 4248 aliquando
1045 4179 1186 4234 mala
1233 4182 1389 4238 malis
1427 4184 1805 4254 opponuntur?
1847 4214 1919 4223 —
1961 4185 2024 4236 A.

452 4271 628 4325 Etiam
678 4275 972 4328 secundum
1017 4275 1392 4346 philosophos,
1421 4279 1513 4347 qui
1553 4279 1781 4333 virtutes
1817 4293 2030 4347 semper

2120 3083 2369 3140 omnibus
2410 3078 2693 3148 aequaliter
2739 3075 2939 3130 animal
2988 3089 3155 3144 genus
3201 3082 3305 3127 est.
3357 3103 3429 3113 --
3465 3072 3529 3127 C.
3556 3072 3709 3140 Quot

2119 3175 2295 3231 modis
2335 3174 2395 3226 ﬁt
2434 3169 2769 3226 differentia?
2796 3197 2866 3206 —
2897 3165 2961 3220 A.
2993 3165 3242 3228 Materia,
3271 3174 3368 3218 aut
3395 3179 3586 3234 opere,
3615 3174 3710 3218 aut

2120 3270 2172 3323 in
2223 3275 2473 3335 utroque.
2507 3293 2577 3302 —
2603 3258 2664 3315 C.
2712 3259 2857 3315 Pone
2899 3258 3224 3326 exemplum.
3254 3287 3326 3296 ——
3352 3257 3418 3309 Α.
3449 3256 3708 3320 Materia,

2123 3362 2167 3415 si
2193 3361 2300 3415 sint
2326 3355 2508 3412 annuli
2532 3353 2737 3409 similes
2773 3353 2898 3417 duo,
2931 3342 3071 3405 unus
3093 3365 3311 3414 aureus,
3339 3348 3480 3403 alter
3514 3364 3708 3419 argen-

2121 3459 2261 3506 teus.
2287 3445 2474 3518 Opere,
2493 3446 2538 3500 si
2567 3461 2632 3498 ex
2665 3460 2797 3498 auro
2827 3441 3114 3497 dissimiles
3138 3439 3321 3493 annuli
3344 3437 3705 3493 fabricentur.

2125 3538 2449 3610 Utroque,ut
2478 3537 2523 3591 si
2546 3536 2775 3590 annulus
2802 3533 2873 3588 sit
2905 3547 3102 3587 aureus
3129 3540 3183 3586 et
3211 3531 3368 3586 stilus
3390 3539 3708 3602 argenteus.

2726 3646 2951 3705 CAPUT
2985 3646 3096 3700 Xll.

2680 3735 2745 3774 DE
2789 3732 3147 3773 ARGUIIENTIS.

2195 3814 2255 3870 C.
2285 3815 2744 3884 Argumentorum
2781 3813 3045 3865 rationem
3093 3807 3579 3876 diversitatemque
3620 3821 3709 3861 vo-

2123 3907 2367 3972 luissem,
2395 3913 2720 3959 utenotares
2745 3903 2924 3976 [.lfss.,
2954 3897 3288 3970 enucleares]
3317 3900 3472 3953 mihi.
3503 3899 3575 3954 Et
3603 3900 3707 3969 pri-

2095 4003 2107 4016 ⁹
2126 4015 2294 4064 mum,
2323 4005 2381 4053 ut
2405 3996 2576 4062 dicas,
2605 3997 2733 4066 quid
2763 3995 2835 4050 sit
2876 4002 3273 4066 argumentum,
3302 3991 3510 4063 ﬂagito.
3541 4021 3618 4032 --
3644 3991 3702 4044 Α.

2123 4090 2514 4161 Argumentum
2537 4097 2621 4142 est
2648 4087 2728 4141 rei
2759 4087 2934 4141 dubia:
2963 4084 3265 4139 allirmatio.
3297 4083 3364 4138 Et
3397 4090 3623 4137 constat
3645 4096 3706 4135 ex

2128 4179 2540 4235 annuntiatione
2571 4175 2790 4249 [Forte,
2818 4172 3246 4246 enuntiatione].
3277 4199 3348 4221 —.—
3373 4170 3436 4226 C.
3485 4171 3708 4224 Annuu-

2127 4273 2280 4325 tiatio
2307 4270 2434 4340 quid
2456 4269 2578 4323 est?
2599 4299 2668 4308 —
2692 4267 2757 4318 A.
2787 4265 2972 4321 Oratio
2993 4281 3180 4320 verum
3209 4271 3301 4318 aut
3321 4261 3523 4320 falsum
3547 4261 3705 4332 signi-

455 4363 660 4418 medias
692 4378 812 4418 esse
856 4364 1130 4430 dixerunt,
1154 4374 1209 4420 et
1239 4383 1303 4422 ex
1356 4379 1585 4437 utraque
1634 4379 1790 4439 parte
1826 4369 2028 4424 habere
2055 4375 2105 4436 ι)
2133 4361 2320 4424 ﬁcans,
2353 4359 2406 4412 in
2436 4357 2766 4412 nominativo
2795 4371 2924 4410 casu
2951 4371 3074 4411 cum
3107 4354 3244 4426 [Hoc
3269 4363 3366 4420 est,
3395 4352 3610 4424 addito]
3637 4360 3704 4407 est

453 4454 602 4508 vitia.
622 4454 691 4508 Et
716 4455 819 4508 hoc
839 4470 962 4509 reor
982 4456 1300 4525 Apostolum
1323 4458 1678 4528 significasse,
1705 4460 1831 4513 dum
1855 4460 1984 4514 dicit
2007 4478 2022 4513 :

459 4544 551 4599 Via
598 4546 746 4616 regia
791 4546 947 4600 nobis
986 4546 1358 4616 gradiendum,
1389 4564 1563 4618 neque
1613 4550 1679 4603 ad
1728 4543 2024 4613 dexteram,

455 4649 628 4703 neque
656 4636 724 4689 ad
765 4635 1043 4689 sinistram
1079 4635 1452 4691 declinandum
1484 4655 1497 4691 :
1526 4646 1584 4691 ut
1635 4637 1755 4707 plus
1797 4639 2026 4708 justum,

452 4733 508 4777 et
549 4723 728 4778 minus
770 4723 996 4793 justum.
1027 4755 1099 4765 —
1123 4724 1184 4779 C.
1218 4726 1496 4792 Quomodo
1522 4728 1640 4798 plus
1671 4729 1912 4798 justum?
1959 4758 2031 4768 —

453 4816 518 4868 A.
557 4815 681 4870 Plus
719 4814 926 4884 justum
959 4817 1136 4890 [.lfss.,
1155 4817 1326 4891 justo]
1373 4830 1457 4876 est
1505 4823 1804 4886 severitas;
1854 4824 2032 4878 minus

445 4905 594 4974 justo
630 4909 884 4964 adulatio.
914 4909 1059 4964 Inter
1081 4926 1200 4978 qua:
1228 4911 1332 4964 duo
1353 4911 1491 4965 mala
1515 4912 1744 4967 mediam
1767 4913 2031 4981 justitiam

455 4998 785 5054 locaverunt.
818 4998 1080 5053 Similiter
1111 5001 1254 5054 inter
1282 5003 1596 5066 versutiam,
1625 5004 2034 5058 hebetudinem-'

453 5104 581 5160 que,
607 5089 943 5158 prudentiam
971 5101 1299 5158 posuerunt;
1331 5091 1473 5145 inter
1501 5092 1775 5147 libidinem
1804 5093 2035 5148 insensi-

451 5181 826 5251 bilitatemque
858 5183 1212 5251 temperantia
1245 5166 1534 5238 constituta
1565 5191 1677 5250 est;
1721 5185 1863 5238 inter
1889 5184 2034 5238 timi-

456 5273 680 5328 ditatem
707 5281 762 5328 ct
792 5272 1075 5327 audaciam
1101 5273 1359 5328 fortitudo
1387 5283 1595 5344 regnat.

530 5364 593 5420 C.
619 5365 760 5434 Quot
787 5367 964 5422 modis
1001 5366 1149 5436 prius
1180 5365 1447 5421 dicimus?
1473 5365 1618 5419 -—-A.
1651 5365 1899 5436 Quinque
1921 5379 2054 5420 mo-.

459 5458 540 5513 dis
569 5459 712 5516 aliud
762 5459 959 5531 [Edit.,
984 5457 1145 5530 alius]
1195 5457 1365 5512 altero
1393 5459 1542 5528 prius
1569 5457 1784 5514 dicitur.
1821 5457 2035 5514 Primus

458 5559 561 5616 est,
591 5567 713 5606 cum
744 5551 976 5620 aliquem
1008 5552 1237 5607 dicimus
1285 5561 1512 5622 tempore
1553 5550 1818 5622 priorem,
1850 5551 1903 5606 id
1928 5559 2033 5615 est,

459 5639 745 5694 seniorem.
772 5640 1049 5697 Secundus
1074 5644 1262 5698 modus
1285 5651 1369 5698 est
1390 5657 1628 5709 numero,
1643 5643 1770 5696 dum
1783 5641 2032 5710 dicimus,

2128 4459 2184 4505 et
2210 4467 2314 4504 non
2343 4459 2454 4513 est;
2494 4457 2554 4502 ut
2585 4466 2597 4500 :
2634 4447 2804 4503 Homo
2831 4456 2932 4510 est,
2962 4448 3125 4501 homo
3151 4462 3256 4500 non
3287 4454 3392 4499 est.

2199 4539 2260 4594 C.
2289 4540 2427 4606 Quid
2452 4540 2507 4592 in
2532 4539 2654 4592 aliis
2684 4539 2933 4593 casibus?
2960 4567 3029 4576 -—
3056 4538 3119 4590 A.
3148 4536 3299 4590 Niliil-
3320 4551 3514 4590 verum
3545 4533 3707 4604 signi-

2130 4634 2255 4688 ﬁcat
2287 4632 2468 4686 addito
2496 4640 2570 4683 est
2613 4629 2742 4701 [vel]
2774 4645 2877 4682 non
2905 4637 3000 4692 est,
3028 4627 3133 4680 nisi
3155 4627 3424 4680 addantur
3444 4624 3567 4677 aliae
3595 4637 3709 4692 par-

2131 4734 2231 4788 tes,
2257 4732 2349 4788 ut,
2380 4722 2615 4776 hominis
2641 4729 2753 4784 est,
2787 4728 2848 4773 ut
2882 4718 3124 4773 mortalis
3175 4721 3245 4770 sit
3296 4724 3350 4770 et
3405 4713 3701 4769 rationalis.

2129 4816 2285 4880 Item,
2316 4813 2520 4872 homini
2550 4820 2633 4867 est
2659 4813 2800 4866 risus
2825 4811 3104 4880 proprium
3155 4807 3352 4880 [Edit.,
3379 4800 3702 4876 proprietas]

2131 4906 2402 4961 accidens.
2429 4903 2505 4956 lta
2536 4911 2590 4956 et
2617 4901 2718 4973 [in]
2750 4902 2964 4956 caateris
2985 4900 3220 4954 casibus.
3245 4928 3314 4938 -—
3339 4897 3401 4950 C.
3434 4895 3566 4952 Scio
3588 4907 3704 4950 cum

2132 4997 2252 5052 dico
2285 5013 2298 5049 :
2330 4995 2502 5049 Homo
2523 5001 2625 5057 est,
2654 4992 2761 5057 vel,
2791 4992 2953 5046 homo
2982 5006 3088 5046 non
3116 4998 3221 5054 est,
3249 5005 3441 5044 verum
3477 5004 3599 5044 esse
3625 4987 3704 5041 vel

2131 5087 2346 5143 falsum.
2378 5085 2484 5140 Sed
2507 5101 2631 5140 cum
2655 5085 2777 5140 dico
2805 5103 2817 5138 :
2856 5084 3027 5139 Homo
3058 5083 3143 5138 vel
3171 5098 3275 5137 non
3305 5082 3506 5145 homo;
3558 5083 3706 5134 homo

2132 5179 2275 5234 enim
2302 5192 2496 5232 nomen
2518 5185 2631 5240 est;
2678 5176 2774 5231 sed
2821 5173 2950 5244 quid
2993 5174 3064 5228 sit
3109 5189 3216 5226 non
3255 5172 3412 5226 homo
3457 5170 3618 5225 velim
3648 5177 3710 5222 ut

2133 5274 2300 5328 dicas.
2329 5301 2399 5312 -—-
2426 5271 2490 5324 Α.
2535 5269 2709 5323 Homo
2743 5284 2939 5325 nomen
2963 5277 3064 5333 est,
3095 5276 3156 5322 ut
3188 5267 3360 5328 dicis;
3411 5283 3518 5320 non
3559 5269 3706 5319 homo

2134 5365 2406 5419 infinitum
2435 5377 2633 5417 nomen
2662 5370 2778 5427 est;
2811 5362 3084 5417 hominem
3103 5361 3248 5416 enim
3271 5375 3461 5432 negas,
3491 5375 3591 5414 nec
3628 5364 3712 5410 ta-

2133 5474 2254 5513 men
2280 5457 2410 5527 quid
2443 5457 2514 5512 sit
2537 5455 2798 5512 ostendis.

2204 5547 2264 5604 C.
2311 5549 2765 5618 Argumentorum
2815 5547 3053 5602 rationes
3100 5545 3232 5618 [Al.,
3259 5536 3710 5613 enumerationes]

2133 5655 2493 5714 prosequere,
2520 5649 2574 5695 et
2620 5639 2888 5710 quomodo
2938 5648 3310 5710 proponantur
3358 5638 3713 5692 edissere--
