3934 6180
237 259 352 316 965

1295 271 1745 329 DIDASCALICA
1783 305 1854 315 —
1890 275 1980 330 DE
2018 276 2439 335 DIALECTICA.

3385 291 3492 350 966

230 375 304 429 Α.
329 374 466 429 Alia:
494 373 658 445 igitur
674 382 1208 450 suntpropositiones
1233 394 1674 456 argumentorum
1700 387 1814 441 uni-
1840 393 1888 448 Α
1917 390 2055 443 mala
2101 399 2205 458 est,
2253 394 2438 464 utique
2477 396 2886 466 grammaticam
2925 415 3030 454 non
3073 401 3250 472 legere
3284 406 3486 462 malum

226 467 507 532 versales;
567 468 685 523 alia:
736 474 1124 541 particulares,
1153 479 1272 532 alia:
1323 480 1656 550 singulares,
1693 481 1812 536 aliae

226 559 549 616 indiffinitze.
579 596 650 606 ——
679 562 739 616 L.
771 567 973 622 Harum
1004 571 1336 640 singularum
1388 575 1632 642 exempla
1681 589 1813 643 pro-

225 655 336 711 f'er.
364 687 437 698 —
458 661 523 713 Α.
558 660 903 716 Universales
928 671 1083 727 sunt,
1108 671 1167 716 ut
1187 705 1200 728 ,
1233 663 1415 719 Omnis
1459 667 1610 719 homo
1633 667 1812 736 justus

223 761 328 816 est,
357 752 440 807 vel
471 771 483 783 ·
517 752 701 807 Omnis
742 755 894 807 homo
924 755 1154 824 injustas
1190 765 1283 808 est.
1315 757 1696 820 Particulares,
1726 767 1809 823 ut,

227 843 463 908 Quidam
492 844 647 897 homo
661 845 841 913 justus
869 853 964 909 est,
994 843 1076 897 vel
1104 863 1116 898 :
1142 845 1367 909 Quidam
1397 848 1550 901 homo
1580 849 1809 917 injustas

223 942 323 984 est.
355 931 690 1000 Singulares,
724 943 802 998 ut,
833 932 1094 988 Homerus
1114 935 1292 1003 justus
1313 945 1416 1000 est,
1449 937 1531 989 vel
1570 957 1581 990 :
1616 937 1812 991 Home-

224 1039 317 1076 rus
358 1025 607 1093 iniustus.
661 1025 996 1090 IndifIinitzc,
1023 1035 1110 1091 ut,
1139 1026 1305 1080 Homo
1327 1027 1508 1096 justus
1553 1039 1649 1095 est,
1673 1029 1757 1082 vel
1791 1048 1804 1083 :

230 1111 406 1168 Homo
439 1115 669 1184 injustas
700 1126 796 1170 est.

299 1203 362 1258 (Ι.
391 1205 670 1272 Quomodo
701 1209 783 1262 hae
821 1209 1156 1278 appellantur
1200 1211 1600 1280 propositiones
1646 1227 1807 1281 argu-

220 1299 575 1352 mentorum?
607 1329 676 1338 —
704 1299 766 1352 A.
799 1299 892 1353 Hae
919 1302 1062 1354 enim
1112 1310 1236 1356 sunt
1289 1303 1576 1373 simplices,
1607 1313 1661 1358 et
1707 1321 1804 1374 ap-

220 1389 498 1459 pellantur
549 1393 902 1462 categoricze,
944 1393 996 1447 id
1049 1402 1158 1458 est,
1201 1396 1578 1463 praedicativae.
1626 1428 1697 1437 —
1737 1396 1798 1451 C.
1833 1440 1835 1443 .

223 1477 382 1534 Unde
411 1481 663 1536 dicuntur
694 1484 1088 1552 przedicativzc?
1123 1515 1193 1523 --
1218 1485 1282 1538 Α.
1311 1485 1445 1552 Quia
1473 1487 1635 1541 homo
1678 1489 1802 1542 sub-

219 1573 423 1627 stantia
452 1583 567 1638 est,
591 1574 801 1642 justitia
839 1578 1116 1643 accidens;
1165 1587 1218 1633 et
1257 1581 1583 1648 praedicatur
1617 1584 1680 1637 de
1705 1584 1801 1638 ho-

217 1665 388 1718 mine.
433 1695 503 1704 —
541 1665 600 1719 C.
651 1666 788 1733 Quid
829 1680 911 1722 est
956 1669 1097 1724 inter
1140 1671 1410 1725 hominem
1458 1683 1511 1726 et
1559 1673 1794 1743 justum;

1914 490 2016 547 est,
2048 485 2174 554 quia
2203 487 2377 540 omnis
2405 488 2566 543 homo
2613 491 2814 560 absque
2861 496 3212 563 grammatica
3250 499 3487 555 rusticus

1913 584 2014 630 est.
2047 578 2179 633 Item
2214 597 2227 632 :
2261 579 2318 634 Si
2356 583 2532 636 omnis
2565 584 2824 652 sapientia
2855 588 2993 640 bona
3023 596 3125 652 est,
3154 590 3342 658 utique
3371 592 3490 659 phi-

1913 666 2153 737 IOSOphia
2185 670 2323 724 bona
2347 681 2448 734 est,
2475 673 2600 741 quia
2625 675 2957 744 philosophia
2987 694 3193 733 summa
3222 682 3488 750 sapientia

1911 768 2013 812 est.
2045 759 2109 812 Et
2134 761 2186 813 hi
2215 770 2338 814 sunt
2361 763 2654 833 syllogismi
2685 767 3089 823 conditionalcs.

1983 846 2042 901 C.
2090 849 2158 902 Et
2186 852 2277 920 qui
2311 862 2434 906 sunt
2461 855 2790 922 pnedicativi
2811 858 2833 908 ?
2853 888 2922 896 —
2946 858 3008 911 Α.
3040 859 3139 926 Qui
3170 861 3488 931 simpliciter

1911 937 2115 990 vadunt
2137 939 2267 1009 [Αι.,
2292 943 2585 1014 constant],
2624 945 2725 1000 hoc
2755 948 2932 1011 modo,
2961 958 3018 1002 ut
3048 991 3061 1002 .
3093 951 3258 1004 Omne
3274 955 3480 1021 justum

1908 1028 2212 1094 honestum;
2256 1048 2405 1086 omne
2445 1035 2716 1089 honestum
2752 1038 2972 1093 bonum:
3013 1058 3161 1096 omne
3192 1045 3354 1112 igitur
3385 1037 3484 1115 ju-

1907 1128 2042 1171 stum
2070 1120 2278 1176 bonum.
2327 1123 2451 1179 Haec
2501 1125 2689 1199 [enim]
2737 1130 3060 1187 universalia
3107 1135 3482 1192 confirmativa

1907 1210 2185 1278 dicuntur;
2224 1215 2349 1284 quia
2387 1201 2766 1271 universaliter
2813 1223 3172 1289 cont-luditur,
3203 1240 3363 1280 omne
3387 1229 3479 1297 ju-

1906 1310 2050 1357 stum
2097 1305 2294 1359 bonum
2334 1323 2474 1362 esse.
2529 1310 2660 1362 Item
2691 1329 2702 1362 :
2738 1311 2902 1365 Omne
2939 1311 3144 1380 justum
3175 1317 3482 1384 honestum;

1905 1393 2107 1448 nullum
2135 1397 2405 1452 honestum
2436 1410 2618 1469 turpe;
2649 1401 2850 1454 nullum
2881 1405 3044 1472 igitur
3076 1406 3280 1473 justum
3308 1418 3478 1478 turpe.

1903 1484 2002 1541 Hic
2043 1489 2186 1542 enim
2225 1504 2290 1544 ex
2320 1491 2610 1545 universali
2640 1492 2991 1547 afﬁrmatione
3022 1498 3214 1549 transit
3243 1498 3309 1550 ad
3356 1498 3481 1550 uni-

1902 1579 2166 1633 versalem
2204 1559 2566 1650 negationem,
2599 1592 2655 1637 et
2707 1585 2991 1638 confirmat
3032 1587 3233 1640 nullum
3271 1586 3479 1654 justum

1901 1680 2021 1719 esse
2047 1676 2221 1736 turpe.
2251 1669 2381 1723 Item
2414 1688 2425 1723 :
2453 1670 2728 1735 Quoddam
2749 1671 2954 1740 justum
2985 1678 3289 1740 honestum;
3331 1694 3483 1731 omne

214 1771 400 1810 nonne
429 1765 553 1810 sunt
577 1756 684 1811 duo
711 1760 947 1824 nomina,
969 1759 1046 1831 [et
1068 1761 1172 1815 duo
1196 1761 1625 1833 termini]?—A.
1660 1763 1791 1818 Sunt

1903 1734 2174 1810 honestum
2225 1759 2381 1824 utile;
2427 1761 2690 1830 quoddam
2738 1734 2899 1830 igitur
2931 1764 3136 1833 justum
3183 1765 3328 1818 utile.
3383 1767 3483 1823 Hic

212 1846 364 1900 enim
394 1847 499 1900 duo
522 1849 734 1902 nomina
767 1859 819 1903 et
846 1851 952 1904 duo
977 1853 1224 1917 termini;
1255 1861 1308 1907 et
1338 1855 1601 1910 terminus
1627 1856 1798 1925 major

211 1936 281 1990 de
313 1937 547 1993 termino
575 1940 770 1994 minori
809 1942 1152 2011 praedicatur.
1179 1976 1249 1984 —
1289 1944 1350 1998 C.
1385 1945 1701 2012 Quomodo?
1728 1979 1798 1988 —

211 2027 277 2081 Α.
303 2027 522 2084 Iustitia
548 2031 689 2085 enim
721 2033 786 2087 de
809 2033 1028 2090 homine
1065 2037 1411 2105 praedicatur,
1441 2049 1496 2092 et
1527 2040 1689 2094 homo
1715 2048 1796 2093 est

140 2185 148 2195 I
211 2119 398 2174 minor
433 2122 710 2177 terminus.
749 2122 863 2178 Non
898 2127 1042 2180 enim
1087 2130 1151 2182 de
1183 2118 1297 2182 solo
1328 2129 1566 2195 homine,
1595 2131 1686 2184 sed
1730 2133 1795 2184 de

212 2208 411 2265 Deoet
446 2213 651 2283 angelis
689 2215 896 2284 justitia
943 2216 1299 2285 przedicatur;
1355 2229 1408 2273 et
1457 2220 1578 2273 ideo
1625 2219 1795 2287 major

139 2342 142 2345 .
211 2303 478 2357 terminus
496 2303 707 2372 justitia
740 2315 822 2360 est
860 2323 1020 2376 quam
1049 2309 1240 2372 homo,
1272 2310 1394 2378 quia
1447 2310 1606 2364 latius
1645 2318 1794 2379 patet

213 2390 398 2462 [Mss.,
425 2394 627 2466 vadit];
661 2405 715 2451 et
738 2397 900 2453 homo
929 2397 1206 2466 subjectus
1230 2399 1584 2469 estjustitiaa;
1611 2410 1662 2454 et
1688 2401 1793 2454 mi—

209 2500 315 2539 nor
343 2489 606 2542 terminus
643 2489 918 2558 subjectus
963 2491 1192 2554 dicitur;
1245 2491 1449 2559 major,
1483 2492 1607 2559 quia
1637 2489 1788 2562 [Hs.,

208 2575 326 2647 qui]
362 2576 525 2632 latius
568 2580 737 2645 vadit,
785 2581 1108 2649 praedicatus
1155 2582 1420 2634 terminus
1462 2581 1678 2634 dicitur.
1722 2611 1792 2619 —

208 2664 268 2720 C.
293 2665 488 2721 Mirum
513 2669 643 2722 mihi
667 2680 764 2733 est,
783 2673 1050 2739 quomodo
1073 2673 1323 2726 accidens
1345 2670 1517 2740 major
1536 2673 1607 2726 sit
1629 2688 1790 2742 quam

205 2759 532 2815 substantia.
578 2791 650 2803 —
679 2763 742 2815 Α.
778 2762 916 2830 Quid
944 2764 1109 2828 enim,
1139 2763 1360 2818 candela
1400 2763 1481 2817 vel
1529 2764 1640 2830 lux,
1669 2779 1788 2833 qua:

204 2851 274 2907 de
305 2853 528 2907 candela
551 2855 768 2920 emicat,
794 2855 965 2924 major
993 2856 1079 2910 vel
1110 2856 1334 2909 melior?
1358 2853 1418 2908 C.
1447 2855 1645 2925 Utique
1671 2855 1783 2908 lux.

208 2973 275 2982 —
306 2944 370 2996 Α.
419 2943 605 2998 Nonne
635 2945 722 2999 lux
751 2947 1000 3001 accidens
1043 2954 1126 3000 est
1170 2946 1425 3013 candelae,
1467 2954 1521 3000 et
1564 2945 1788 3000 candela

205 3033 510 3087 substantia
541 3036 657 3088 est?
684 3065 755 3073 —
782 3033 841 3088 C.
872 3035 988 3101 Est,
1011 3042 1066 3089 et
1094 3050 1327 3104 agnosco
1362 3036 1415 3089 in
1443 3050 1506 3089 eo
1532 3035 1782 3090 accidens
1811 3073 1856 3137 Ο

205 3136 519 3191 ροεεεεεεε
545 3125 848 3180 substantia
875 3125 1065 3180 melius
1108 3133 1164 3181 et
1204 3125 1395 3196 majus.
1445 3125 1552 3182 Sed
1597 3141 1783 3196 prose-

204 3229 374 3283 quere
405 3223 619 3269 caetera.

276 3304 340 3357 A.
375 3304 514 3359 Sunt
561 3307 703 3360 enim
758 3307 876 3361 aliae
917 3309 1316 3379 propositiones
1342 3319 1782 3381 argumentorum

205 3396 587 3465 hypotheticcc,
617 3397 670 3452 id
699 3408 796 3461 est,
826 3399 1236 3455 conditionales.
1285 3433 1356 3442 —
1399 3401 1459 3457 (Σ.
1503 3403 1784 3470 Quomodo

204 3488 702 3544 conditionales?-——
717 3490 779 3543 Α.
806 3490 1011 3558 Quibus
1044 3493 1282 3548 conditio
1312 3495 1492 3564 aliqua
1525 3497 1782 3565 supponi-

208 3587 328 3643 tur;
358 3586 413 3633 et.
440 3589 566 3635 sunt
596 3581 851 3650 duplices,
885 3583 987 3637 hoc
1015 3585 1197 3648 modo,
1231 3593 1290 3638 ut
1321 3585 1504 3639 Omnis
1529 3587 1706 3652 homo,
1737 3589 1783 3642 si

205 3669 372 3722 bonus
410 3680 504 3735 est,
527 3671 706 3740 justus
734 3682 841 3737 est;
874 3673 946 3726 ita
984 3676 1200 3729 tandem
1234 3674 1414 3743 justus
1455 3685 1537 3730 εει
1585 3678 1777 3740 homo,

207 3760 249 3815 si
282 3761 580 3815 bonitatem
628 3763 810 3817 habet.
840 3763 970 3817 Item
1006 3782 1017 3816 :
1052 3762 1269 3828 Cazlum,
1292 3765 1337 3817 si
1374 3765 1654 3818 rotundum
1685 3775 1780 3833 est,

207 3853 430 3907 volubile
463 3863 570 3916 est;
614 3854 686 3907 ita
728 3856 944 3909 tandem
976 3853 1220 3926 [Corium]
1251 3853 1469 3908 volubile
1494 3865 1588 3922 est,
1621 3857 1666 3909 si
1698 3873 1784 3909 ro-

205 3946 428 3998 tundum
455 3955 548 3998 est.

276 4035 441 4107 3&5
479 4033 539 4090 C.
595 4036 677 4090 An
730 4050 951 4092 necesse
1003 4045 1105 4101 est,
1158 4044 1218 4090 ut
1275 4037 1457 4106 priora
1519 4046 1781 4108 repetam,

206 4144 375 4184 unum
403 4129 689 4182 terminum
716 4127 974 4196 majorem
999 4145 1139 4194 esse,
1163 4129 1393 4183 alterum
1420 4129 1786 4184 minorem?—

204 4223 269 4275 Α.
297 4221 452 4285 Non,
481 4222 606 4291 quia
651 4235 794 4290 saepe
829 4222 1028 4276 accidit
1065 4221 1300 4291 aequales
1338 4237 1459 4276 esse
1503 4222 1782 4288 terminos,

199 4319 283 4376 ut,
311 4311 467 4364 homo
496 4311 709 4364 risibilis
743 4321 836 4364 est.
889 4311 1023 4364 Nam
1061 4311 1165 4364 alia
1195 4318 1390 4365 natura
1431 4311 1652 4365 risibilis
1680 4328 1786 4366 non

1899 1847 2300 1913 particulariter
2346 1848 2580 1903 afﬁrmat
2606 1852 2876 1919 quoddam
2914 1851 3118 1920 justmu
3163 1856 3294 1910 utile
3335 1873 3471 1912 esse.

1896 1937 2061 1992 Item:
2089 1939 2367 2002 Quoddam
2390 1942 2597 2010 justum
2635 1945 2942 2009 honestum;
2974 1945 3176 1999 nullum
3203 1947 3477 2001 honestum

1896 2035 2081 2096 turpe;
2133 2029 2396 2098 quoddam
2443 2030 2606 2098 igitur
2641 2032 2845 2100 justum
2893 2050 2996 2086 non
3040 2045 3116 2088 est
3151 2046 3317 2107 turpe.
3379 2039 3480 2094 Hic

1895 2132 2110 2185 quoque
2175 2119 2576 2187 particulariter
2634 2136 2734 2189 per
2797 2126 3140 2193 negationem
3210 2127 3478 2196 afﬁrmat,

1895 2208 2161 2276 quoddam
2192 2206 2398 2274 justum
2441 2225 2547 2264 non
2579 2196 2705 2266 esse
2727 2220 2901 2282 turpe.
2947 2215 3148 2270 IIorum
3187 2220 3331 2273 enim
3363 2221 3477 2292 syl-

1895 2299 2244 2368 logismorum
2274 2301 2456 2354 multa!
2483 2311 2609 2356 sunt
2639 2306 2864 2373 species.
2898 2306 3002 2360 Sed
3035 2309 3149 2362 haec
3181 2309 3333 2380 [Με.,
3363 2313 3470 2386 hae]

1892 2392 1958 2444 ad
1987 2407 2224 2460 praesens
2254 2391 2522 2447 sufﬁciant
2559 2395 2623 2448 ad
2653 2400 3086 2465 cognoscendum
3133 2402 3473 2460 universales

1891 2487 1946 2534 et
1980 2482 2340 2551 particulares
2388 2484 2766 2541 conclusiones
2815 2487 2868 2540 in
2911 2487 3227 2546 afﬁrmando
3272 2501 3327 2548 et
3363 2509 3463 2550 ne-

1889 2575 2082 2643 gando.

1961 2663 2022 2717 C.
2052 2664 2295 2731 Qualiter
2340 2667 2684 2738 syllogismus
2732 2668 2922 2724 confici
2971 2673 3349 2729 debet?—A.
3391 2676 3474 2732 Ex

1888 2755 2063 2810 tribus
2089 2759 2386 2826 smpissime
2410 2761 2702 2825 membris;
2742 2762 2813 2816 ita
2846 2773 2906 2817 ut
2933 2779 3000 2818 ex
3030 2767 3238 2821 duabus
3276 2769 3470 2837 primis

1887 2847 2344 2916 propositionibus
2391 2851 2551 2904 tertia
2599 2851 2918 2906 conficiatur
2957 2857 3252 2911 conclusio.
3311 2857 3380 2912 Ut
3423 2859 3472 2913 si

1887 2944 2180 3004 quaeratur,
2229 2953 2296 2991 an
2343 2940 2568 2995 castitas
2620 2941 2766 2996 utilis
2809 2942 2897 3006 sit,
2943 2945 3230 3001 dicamus:
3284 2946 3472 3002 Omnis

1889 3026 2052 3080 virtus
2093 3027 2236 3082 utilis
2265 3039 2373 3094 est;
2417 3034 2632 3086 castitas
2678 3045 2851 3089 autem
2898 3037 3061 3090 virtus
3109 3048 3184 3090 εει
3211 3051 3230 3087 .‘
3256 3040 3470 3093 castitas

1887 3116 2051 3186 igitur
2073 3118 2220 3172 utilis
2259 3129 2354 3173 εει.
2395 3120 2476 3175 Ex
2509 3123 2740 3177 utilitate
2780 3126 2944 3196 igitur
2984 3134 3038 3180 et
3061 3127 3262 3182 virtute
3298 3130 3471 3198 quod-

1885 3208 2010 3261 dam
2046 3211 2264 3264 tertium
2294 3211 2566 3282 colligitur
2601 3223 2655 3268 et
2682 3218 2994 3272 necessario
3023 3218 3378 3287 concluditur,
3407 3228 3472 3276 ut

1885 3301 2110 3356 castitas
2133 3302 2284 3357 utilis
2311 3303 2401 3356 sit.

2477 3395 2705 3453 CAPUT
2745 3399 2880 3453 XIII.

2309 3501 2373 3539 DE
2413 3502 2573 3541 MODIS
2621 3505 3047 3545 DIFFINITIONUII.

1956 3583 2016 3637 C.
2060 3584 2214 3639 Modo
2280 3587 2424 3641 enim
2486 3589 2651 3643 velim
2713 3599 2775 3644 ut
2833 3591 3215 3647 dillinitionum
3277 3596 3466 3651 modos

1884 3682 1938 3726 et
1967 3675 2258 3730 divisiones
2307 3677 2557 3733 enuclees
2582 3681 2736 3734 mihi.
2772 3682 2838 3734 Et
2861 3683 3094 3748 primum
3127 3685 3310 3748 dicito,
3337 3687 3466 3754 quid

1885 3767 1957 3820 sit
2007 3766 2387 3821 dillinitio?—-
2432 3770 2495 3822 Α.
2527 3769 2786 3825 DifIinitio
2833 3782 2916 3826 est
2956 3775 3133 3828 oratio
3179 3776 3359 3830 brevis
3409 3784 3465 3830 et

1884 3853 2060 3909 lucida
2103 3855 2220 3922 ejus
2262 3858 2340 3910 rei
2379 3859 2444 3912 de
2484 3874 2590 3926 qua
2628 3861 2909 3928 quaeritur,
2951 3872 3198 3916 naturam
3237 3865 3305 3917 ab
3347 3865 3468 3921 aliis

1886 3947 2046 4001 rebus
2067 3947 2292 4000 divisam
2322 3949 2541 4019 propria
2589 3950 2980 4017 significatione
3027 3953 3369 4008 concludens.
3395 3985 3469 3996 —

1885 4039 1945 4094 C.
1981 4039 2258 4106 Quomodo
2288 4041 2403 4094 haec
2451 4040 2688 4108 incipere
2732 4042 2891 4095 debet
2920 4041 3049 4113 [vel]
3081 4041 3220 4096 finiri
3268 4043 3462 4115 [Edit.,

1884 4125 2239 4197 difiiniri].—
2264 4126 2328 4180 Α.
2358 4127 2597 4180 Primum
2637 4128 2781 4182 enim
2823 4129 2963 4183 hanc
3003 4145 3102 4198 per
3141 4131 3463 4186 immensum

1887 4217 2031 4270 tendi
2059 4224 2296 4283 oportet,
2327 4216 2678 4286 incipientem
2725 4235 2755 4272 a
2785 4233 3014 4286 genere,
3049 4220 3246 4275 dehinc
3279 4221 3466 4290 paula-

1885 4306 1983 4360 tim
2030 4307 2298 4360 currendo
2345 4322 2442 4376 per
2475 4315 2659 4376 partes
2701 4309 2954 4365 devenire
2991 4312 3151 4366 debet
3188 4313 3254 4366 ad
3294 4313 3366 4378 id,
3410 4314 3468 4369 in

203 4407 324 4464 est,
379 4400 484 4453 nisi
537 4402 728 4466 homo;
785 4415 886 4454 nec
931 4400 1099 4454 latius
1121 4399 1342 4454 risibilis
1369 4401 1518 4454 vadit
1572 4400 1782 4473 [exten-
1807 4423 1859 4483 Ι)
1887 4415 1993 4470 quo
2018 4399 2190 4454 solum
2217 4410 2300 4455 est
2330 4401 2403 4466 id,
2434 4403 2578 4471 quod
2617 4402 2904 4458 diflinitum
2935 4413 3018 4460 est
3042 4423 3054 4456 :
3079 4414 3139 4459 ut
3176 4405 3231 4458 hi
3266 4406 3358 4474 qui
3393 4405 3467 4459 si-

197 4487 398 4561 ditur],
429 4489 530 4543 nisi
559 4489 622 4542 ad
647 4489 920 4543 hominem
953 4489 1145 4542 solum.

274 4580 337 4636 ε.
372 4581 651 4647 Quomodo
693 4581 922 4636 discerni
958 4589 1199 4650 possunt,
1234 4595 1353 4650 quae
1399 4581 1506 4635 sint
1549 4581 1784 4652 aaquales

197 4673 287 4729 vel
335 4672 839 4742 inzequalcs?—A.
871 4671 1021 4739 Quod
1073 4672 1303 4742 aequales
1347 4673 1625 4742 aequaliter
1673 4675 1780 4728 cir-

199 4763 474 4820 cumverti
523 4771 768 4831 possunt,
815 4763 917 4816 hoc
958 4761 1154 4816 modo:
1202 4761 1468 4832 Quidquid
1504 4763 1657 4816 homo
1685 4773 1781 4828 est,

201 4858 406 4911 risib’ile
443 4866 547 4920 est;
596 4863 650 4910 et
688 4854 955 4925 Quidquid
993 4854 1186 4908 risibile
1215 4863 1309 4917 εει,
1345 4853 1497 4906 homo
1533 4861 1628 4904 est.
1671 4852 1780 4908 Nec

202 4949 284 5002 sic
336 4945 630 5015 inaequales
672 4945 1013 5000 circumverti
1062 4951 1313 5013 possunt,
1371 4949 1462 5006 ut,
1515 4940 1781 5011 Quidquid

202 5039 364 5091 homo
391 5037 477 5100 sit,
507 5035 709 5104 justum
734 5036 837 5099 sit;
873 5033 959 5086 vel
990 5032 1254 5103 Quidquid
1272 5032 1477 5101 justum
1508 5032 1594 5096 sit,
1629 5032 1780 5085 homo

200 5130 292 5182 sit.

275 5217 339 5272 C.
371 5217 650 5284 Quomodo
683 5214 936 5285 quaelibet
972 5228 1060 5267 res
1100 5214 1184 5266 his
1219 5211 1551 5281 argumentis
1578 5211 1779 5265 confir-

204 5311 351 5364 mari
374 5317 552 5378 potest
591 5316 683 5361 aut
712 5306 960 5361 destrui?
984 5335 1052 5345 -
1073 5304 1136 5357 Α.
1169 5303 1282 5358 Ηοε
1311 5303 1471 5357 modo
1501 5320 1513 5355 :
1547 5300 1606 5357 Si
1636 5301 1784 5355 omni

205 5400 420 5457 homini
467 5408 614 5454 recte
662 5397 808 5468 loqui
850 5398 1050 5451 bonum
1093 5403 1212 5460 est,
1270 5402 1380 5448 tum
1432 5394 1784 5464 grammatica

207 5497 353 5548 bona
383 5499 485 5545 est.
528 5489 667 5544 Nulli
694 5489 913 5543 dubium
942 5495 1050 5551 est,
1076 5486 1204 5555 quin
1235 5493 1380 5539 recte
1415 5484 1557 5554 loqui
1587 5484 1785 5538 bonum

207 5593 324 5648 est;
358 5583 544 5651 utique
571 5580 923 5652 grammatica
945 5578 1081 5632 bona
1112 5585 1224 5640 est;
1255 5575 1378 5644 quia
1408 5575 1787 5645 rectiloquium

210 5677 333 5730 sine
354 5675 708 5746 grammatica
733 5688 852 5727 esse
882 5687 984 5725 non
1012 5676 1207 5740 potest.
1239 5666 1405 5722 Item:
1431 5665 1486 5722 Si
1514 5667 1791 5724 rusticitas

1798 4513 1805 4520 -
1884 4506 1986 4560 gna
2023 4489 2290 4558 formant,
2326 4494 2503 4562 primo
2542 4493 2866 4550 immensum
2903 4495 3003 4550 sibi
3043 4495 3286 4566 deligunt
3325 4497 3465 4565 lapi-

1884 4583 2028 4646 dem,
2059 4583 2251 4638 dehinc
2280 4584 2537 4652 paulatim
2578 4586 2867 4640 minuendo
2893 4594 2946 4639 et
2973 4581 3337 4641 abscindendo
3376 4603 3466 4641 su-
3530 4602 3533 4605 '

1883 4672 2085 4742 perflua
2118 4675 2184 4727 ad
2215 4674 2529 4728 formandos
2566 4675 2744 4729 vultus
2770 4684 2822 4728 et
2851 4675 3092 4728 membra
3121 4677 3460 4744 perveniunt.

1886 4758 1977 4813 Sic
2019 4760 2264 4815 difIinitio
2316 4776 2346 4812 a
2377 4775 2573 4828 genere
2617 4759 2899 4827 incipiens,
2942 4759 3163 4828 depulsa
3206 4762 3464 4829 paulatim

1888 4852 2236 4922 generalitate
2275 4853 2564 4906 verborum
2606 4850 2671 4904 ad
2710 4850 2990 4919 proprium
3031 4851 3464 4907 demonstranda:

1889 4944 1964 4996 rei
1993 4944 2170 4998 cubile
2201 4944 2370 4998 tendit
2399 4943 2677 4997 accedere.

1959 5032 2020 5087 C.
2053 5033 2130 5086 Da
2153 5032 2650 5103 exemplum—.4.
2685 5033 2856 5086 Homo
2898 5043 2972 5088 est
3015 5033 3305 5087 substantia
3346 5035 3464 5087 ani-

1888 5132 2052 5189 mata,
2082 5121 2378 5186 rationalis,
2413 5120 2672 5186 mortalis,
2697 5123 2834 5175 risus
2870 5138 3057 5192 capax.
3098 5122 3139 5174 A
3179 5122 3465 5177 latitudine

1887 5213 2194 5267 substantia:
2233 5212 2410 5282 primo
2444 5212 2557 5265 hac
2603 5211 2790 5279 incipit
2815 5211 3092 5277 dillinitio;
3142 5214 3266 5282 quia
3311 5215 3463 5282 quid-

1887 5303 2015 5372 quid
2054 5311 2372 5358 naturarum
2410 5309 2515 5367 est,
2547 5301 2848 5356 substantia
2879 5303 2983 5357 dici
3021 5310 3221 5371 potest.
3263 5304 3467 5359 Deinde

1886 5393 2016 5448 dicit
2050 5395 2326 5448 hominem
2364 5391 2719 5448 substantiam
2762 5395 3082 5457 animatum;
3114 5393 3168 5446 in
3203 5407 3290 5457 eo,
3321 5394 3464 5462 quod

1887 5484 2020 5538 dicit
2074 5483 2388 5546 animatam,
2418 5481 2654 5536 secernit
2677 5495 2797 5534 eam
2827 5479 2895 5534 ab
2922 5482 3006 5536 his
3038 5498 3156 5552 quae
3205 5483 3460 5549 animam,

1890 5575 1942 5629 id
1975 5581 2058 5628 est
2083 5574 2272 5637 vitam,
2301 5588 2408 5628 non
2449 5573 2668 5627 habent.
2710 5569 2768 5623 In
2809 5585 2894 5636 eo,
2921 5573 3065 5642 quod
3109 5574 3258 5638 dicit,
3292 5574 3461 5627 ratio-

1893 5667 2051 5734 nalis,
2093 5675 2338 5738 segregat
2373 5681 2492 5721 eam
2530 5665 2598 5719 ab
2625 5662 2874 5719 omnibus
2917 5665 3180 5720 rationem
3213 5680 3318 5720 non
3368 5666 3462 5721 ha-
