3934 6180
473 244 574 297 θω

1287 238 1346 292 Β.
1389 238 1449 292 F.
1490 237 1714 292 ALBINI
1755 236 1885 292 SEU
1925 236 2201 293 ALCUINI
2242 236 2527 293 OPERUM
2564 238 2743 295 PARS
2784 239 2871 295 VII

3618 242 3717 300 9:8
3760 258 3767 264 '

473 354 743 412 bentihus.
780 352 836 408 In
873 369 958 417 eo,
985 351 1137 422 quod
1178 353 1329 417 dicit,
1376 351 1635 415 mortalis,
1671 350 1858 406 dividit
1907 348 2039 421 [Αι.,
2070 353 2113 410 Α
2215 350 2345 405 Item
2384 352 2628 422 quaedam
2663 353 2908 408 diffinitio
2944 361 3027 408 est
3054 354 3208 424 quasi
3240 354 3391 425 juxta
3432 358 3714 421 rationem,

472 444 710 518 separat]
748 460 872 499 eum
898 444 965 499 ab
990 443 1212 515 angelis,
1237 443 1330 512 qui
1362 458 1467 495 non
1498 442 1820 496 moriuntur.
1871 440 1937 495 Et
1965 441 2045 495 sic

471 535 715 607 pervenit
745 534 813 587 ad
843 534 1229 603 proprietatem
1279 532 1531 597 hominis,
1564 531 1618 585 id
1642 538 1747 597 est,
1776 530 1911 585 risus
1956 547 2045 584 ca-

469 643 594 695 pax,
620 623 760 694 quod
792 625 959 679 solius
987 632 1072 678 est
1095 622 1347 677 hominis.

956 761 1118 833 346
1155 760 1380 816 CAPUT
1420 760 1553 813 xw.

840 894 903 931 DE
943 890 1219 930 SPECIEBL‘S
1257 890 1678 929 DIFFINITIONUH.

539 991 597 1046 C.
626 991 767 1058 Quot
793 990 1000 1058 species
1030 998 1153 1043 sunt
1188 986 1604 1042 difﬁnitionum?
1623 1016 1695 1027 --
1717 986 1780 1039 Α.
1807 984 2043 1053 Quinde-

467 1084 592 1137 cim.
633 1080 737 1135 ﬁed
777 1080 895 1133 alia;
932 1094 999 1132 ex
1042 1078 1125 1132 his
1157 1078 1223 1133 ad
1259 1077 1566 1131 dialecticos
1601 1076 1890 1145 pertinent,
1924 1073 2042 1128 alia:

465 1172 533 1226 ad
572 1171 834 1223 rhetores.
859 1198 929 1207 —-
955 1166 1015 1221 C.
1048 1166 1169 1220 illas
1217 1167 1450 1219 maxime
1489 1165 1643 1217 velim
1672 1164 1877 1227 audire,
1922 1176 2042 1230 quze

466 1260 634 1329 magis
659 1259 727 1313 ad
752 1258 1066 1313 dialecticos
1106 1258 1400 1326 pertinent.
1423 1284 1496 1295 —
1517 1255 1581 1307 A.
1612 1255 1707 1308 Est
1728 1254 1870 1307 enim
1896 1253 2043 1322 prin-

461 1350 652 1419 cipalis
679 1348 943 1413 diliinitio,
973 1364 1091 1419 qum
1119 1348 1477 1402 substantiam
1505 1346 1788 1416 cujuslibet
1835 1355 2042 1399 naturae

459 1440 693 1511 propriae
746 1439 927 1510 [Mss.,
971 1438 1210 1510 proprie]
1260 1440 1620 1504 demonstrat,
1656 1454 1761 1508 qua
1809 1438 2042 1492 maxime

459 1533 762 1603 philosophi
794 1540 1037 1593 utuntur,
1070 1540 1127 1583 ut
1156 1550 1166 1583 :
1199 1531 1370 1585 Homo
1396 1540 1481 1585 est
1511 1531 1708 1585 animal
1758 1529 2037 1594 rationale,

458 1624 722 1687 mortale,
774 1638 964 1677 sensus
1011 1622 1411 1692 disciplinaeque
1459 1638 1663 1690 capax;
1728 1621 1843 1675 haec
1896 1620 2039 1675 enim

2143 441 2194 496 id
2221 450 2324 507 est,
2353 458 2475 497 cum
2502 443 2721 511 majoris
2751 444 2830 498 rei
2860 443 3079 499 nomine
3111 444 3241 517 [Al.,
3268 446 3320 500 in
3349 445 3591 519 homine]
3620 450 3716 503 mi-

2140 546 2241 586 nor
2276 548 2365 586 res
2400 533 2735 599 ostenditur;
2786 542 2865 599 ut,
2906 533 3079 589 Homo
3117 544 3202 589 est
3240 537 3418 591 minor
3454 538 3715 605 mundus;

2140 630 2195 676 et
2220 638 2231 672 :
2256 622 2504 676 Edictum
2536 631 2618 676 est
2640 622 2725 677 lex
2751 638 2929 677 annua
2951 623 3082 695 [Αι.,
3112 624 3322 697 animi].

2211 709 2271 763 C.
2306 710 2405 765 Cui
2432 710 2576 765 enim
2605 713 2744 781 parti
2777 713 3072 769 dialecticas
3108 715 3243 770 artis
3268 716 3351 770 ha':
3376 715 3720 774 diﬁlnitiones

2141 802 2378 855 maxime
2409 802 2699 873 jungendzn
2725 806 2884 859 sunt?
2901 836 2975 846 —
2992 807 3055 860 Α.
3090 807 3325 876 Topicis.

2737 937 2965 993 CAPUT
3002 938 3117 993 XV.

2763 1067 2826 1104 DE
2870 1067 3094 1106 TOPICIS.

2211 1160 2271 1215 C.
2303 1163 2431 1230 Qua:
2462 1173 2587 1217 sunt
2612 1163 2846 1233 Topica?
2865 1195 2935 1204 —
2959 1165 3023 1219 Α.
3050 1165 3507 1236 Argumentorum
3545 1171 3715 1236 sedes,

2142 1253 2317 1309 fontes
2365 1271 2642 1322 sensuum,
2689 1257 2925 1326 origines
2972 1258 3382 1313 dictionum.—
3404 1260 3465 1315 C.
3500 1261 3559 1316 In
3590 1275 3720 1333 quot

2142 1346 2347 1415 species
2391 1347 2701 1401 dividuntur
2742 1348 3045 1417 topicorum
3090 1354 3718 1421 argumentationes?—

2140 1436 2205 1488 Α.
2237 1436 2579 1505 Topicorum,
2608 1438 2662 1491 id
2687 1446 2788 1501 est,
2818 1438 3066 1493 localium
3098 1444 3494 1511 argumentatio
3526 1445 3716 1513 triplex

2142 1534 2243 1590 est,
2286 1527 2411 1595 quia
2460 1535 2587 1581 sunt
2622 1538 2957 1597 argumenta,
2997 1537 3090 1583 aut
3133 1530 3185 1583 in
3233 1532 3348 1601 ipso
3382 1536 3623 1604 negetio,
3654 1537 3718 1591 de

2140 1631 2247 1685 quo
2275 1618 2477 1686 agitur;
2512 1626 2605 1671 aut
2631 1634 2698 1673 ex
2729 1619 2888 1673 rebus
2914 1617 3033 1673 aliis
3060 1628 3234 1675 tracta
3258 1633 3591 1689 nascuntur;
3624 1634 3716 1680 aut

457 1715 705 1769 difﬁnitio
728 1730 823 1783 per
851 1716 1060 1784 species
1087 1722 1142 1767 et
1170 1713 1502 1767 differentias
1534 1713 1865 1767 descendens
1891 1711 2039 1765 venit
2072 1698 2113 1757 Β
2139 1716 2287 1762 certe
2312 1709 2647 1763 extrinsecus
2678 1721 3043 1763 assumuntur.

459 1808 526 1861 ad
553 1807 848 1875 proprium,
880 1814 933 1859 et
954 1805 1199 1875 designat
1225 1803 1535 1873 plenissime
1572 1802 1698 1871 quid
1744 1802 1815 1855 sit
1850 1802 2033 1855 homo.

529 1895 659 1949 Item
682 1904 766 1949 est
789 1895 998 1965 species
1026 1892 1374 1957 difﬁnitionis,
1399 1907 1519 1961 quae
1544 1908 1573 1945 a
1602 1892 1791 1945 notitia
1819 1890 2034 1969 dicitur,

453 1992 509 2037 et
540 1998 652 2037 rem
690 1983 923 2051 aliquam
969 1997 1065 2051 per
1100 1990 1278 2036 actum
1319 1979 1612 2049 signiﬁcat,
1655 1994 1760 2032 non
1790 1992 1886 2047 per
1912 1976 2038 2031 sub-

455 2074 736 2136 stantiam,
769 2082 828 2127 ut
857 2091 869 2125 :
897 2071 1068 2126 Homo
1106 2080 1189 2126 est
1213 2072 1341 2140 quid
1377 2068 1531 2142 [Ms.,
1559 2067 1726 2139 quod]
1771 2065 2037 2122 rationale

456 2163 814 2232 conceptione
862 2171 917 2215 et
960 2161 1349 2217 exercitatione
1394 2159 1627 2214 naturali
1681 2166 1877 2229 prmest
1922 2155 2037 2210 ani-

454 2253 685 2307 malibus
712 2251 951 2315 cunctis;
988 2250 1078 2304 hic
1100 2251 1245 2305 enim
1276 2258 1455 2303 actum
1486 2248 1721 2301 hominis
1745 2243 2031 2315 signiﬁcat,

452 2360 561 2398 non
590 2343 964 2398 substantiam.
996 2340 1127 2394 Item
1156 2340 1208 2394 in
1234 2339 1464 2394 Psalmis
1490 2356 1502 2392 :
1531 2338 1723 2391 Beatus
1750 2336 1848 2400 vir,
1871 2335 1959 2406 qui
1982 2335 2036 2386 in

452 2432 560 2503 lege
586 2432 797 2485 Domini
836 2430 1173 2484 meditabitur
1207 2429 1291 2482 die
1320 2445 1382 2482 ac
1422 2438 1568 2481 nocte
1599 2445 1617 2483 :
1648 2426 1738 2480 hic
1766 2426 1911 2481 enim
1939 2438 2036 2494 per

451 2532 633 2577 actum
664 2520 1000 2593 signiﬁcatur
1029 2519 1157 2589 quid
1192 2527 1316 2589 agat
1349 2520 1536 2571 beatus
1562 2517 1664 2569 vir.

520 2612 652 2667 Item
679 2621 762 2667 est
792 2611 999 2679 species
1022 2608 1379 2671 difIinitionis,
1409 2623 1529 2676 quae
1556 2605 1875 2675 qualitativa
1901 2605 2033 2660 dici—

453 2713 564 2767 tur,
594 2718 715 2772 qute
755 2700 1052 2772 quamlibet
1080 2714 1365 2770 personam
1408 2713 1505 2767 per
1537 2697 1851 2766 qualitatem
1893 2696 2034 2751 desi-

454 2803 611 2865 gnat,
642 2804 732 2857 ut,
781 2794 825 2848 si
861 2800 1156 2862 qumratur,
1195 2790 1369 2860 qualis
1406 2790 1477 2845 sit
1515 2790 1709 2851 homo,
1742 2787 2033 2858 responde-

455 2896 575 2940 tur:
604 2885 773 2940 Homo
805 2893 908 2949 est,
938 2884 1029 2953 qui
1070 2883 1283 2954 ingenio
1310 2882 1469 2949 valet,
1500 2882 1706 2937 artibus
1734 2880 1917 2950 pollet,
1950 2880 2032 2933 in-

454 2984 541 3032 ter
586 2976 787 3030 bonum
840 2973 1146 3043 malumque
1193 2972 1474 3028 discernit.
1526 2972 1657 3025 Item
1706 2970 1759 3024 in
1806 2969 2032 3040 psalmis

2208 1798 2268 1851 C.
2311 1798 2549 1852 Primam
2594 1800 3269 1869 expone.speciem.—A.
3302 1803 3502 1859 Tribus
3547 1805 3715 1860 modis

2136 1886 2200 1940 ab
2226 1886 2334 1957 ipso
2364 1886 2589 1956 negotio,
2621 1888 2914 1942 secundum
2940 1889 3273 1956 dialecticos,
3304 1902 3600 1947 sumuntur
3626 1911 3711 1947 ar-

2136 1984 2406 2044 gumenta.
2456 1975 2502 2028 A
2530 1984 2662 2041 toto,
2695 1993 2722 2031 a
2755 1979 3017 2047 partibus,
3051 1995 3081 2033 a
3110 1979 3231 2035 ﬁne.
3255 2012 3328 2022 —
3355 1980 3415 2036 C.
3447 1983 3715 2055 Exemplis

2135 2063 2503 2119 conﬁrma.—
2522 2066 2586 2119 Α.
2621 2067 2812 2123 Totum
2844 2070 3049 2126 duobus
3077 2073 3249 2126 modis
3279 2074 3384 2128 dici
3417 2075 3597 2129 solet:
3624 2084 3715 2130 aut

2135 2172 2163 2209 a
2196 2172 2412 2227 genere,
2443 2167 2521 2223 ut,
2551 2160 2597 2214 si
2626 2170 2922 2229 quaeratur,
2952 2178 3018 2215 an
3051 2163 3264 2232 justitia
3306 2164 3455 2220 utilis
3493 2166 3586 2231 sit,
3628 2166 3714 2220 ﬁat

2135 2246 2438 2316 bujusmodi
2471 2249 2809 2320 syllogismus
2838 2270 2850 2304 :
2881 2250 3064 2307 Omnis
3101 2255 3263 2309 virtus
3314 2255 3460 2309 utilis
3497 2267 3607 2321 est;
3627 2258 3718 2326 ju-

2133 2336 2274 2390 stitia
2305 2347 2479 2391 autem
2507 2340 2667 2392 virtus
2703 2337 2822 2413 [est]
2858 2360 2868 2394 :
2897 2359 3019 2412 ergo
3043 2342 3256 2412 justitia
3287 2344 3434 2398 utilis
3471 2356 3567 2399 est.
3621 2346 3721 2424 Hic

2134 2437 2315 2481 autem
2352 2444 2382 2482 a
2412 2438 2545 2494 toto,
2586 2430 2637 2484 id
2674 2439 2777 2497 est,
2815 2448 2845 2485 a
2871 2448 3087 2504 genere,
3124 2436 3322 2489 virtute
3347 2436 3575 2499 scilicet,
3602 2453 3721 2507 quae

2129 2516 2358 2587 justitia:
2402 2534 2571 2590 genus
2613 2529 2723 2586 est,
2772 2525 3173 2593 comprobatur,
3213 2526 3474 2596 justitiam
3526 2527 3714 2583 utilem

2132 2623 2272 2663 esse.
2306 2608 2466 2681 347
2494 2610 2625 2666 Item
2652 2620 2820 2667 totum
2850 2624 2953 2680 est,
2987 2616 3129 2685 quod
3156 2630 3223 2670 ex
3256 2617 3435 2670 multis
3460 2618 3718 2686 partibus

2131 2700 2401 2772 integrum
2445 2712 2684 2768 constat;
2743 2714 2820 2770 ut,
2870 2708 3051 2760 mundi
3095 2708 3376 2778 integritas
3416 2723 3487 2763 ex
3531 2709 3719 2764 multis

2129 2791 2414 2847 conﬁcitur
2460 2795 2737 2863 partibus,
2802 2795 2953 2864 cujus
2998 2798 3241 2867 quaadam
3289 2815 3416 2869 pars
3469 2801 3722 2857 homines

2130 2891 2275 2936 sunt.
2319 2883 2390 2937 At
2428 2884 2473 2938 si
2506 2894 2797 2953 quaeratur,
2831 2886 2874 2941 si
2907 2888 3153 2943 humana:
3191 2903 3279 2943 res
3319 2890 3499 2944 divina
3537 2892 3723 2960 provi-

2135 2974 2314 3030 dentia
2375 2983 2664 3046 regantur,
2722 2976 2818 3031 fiat
2864 2976 3168 3046 hujusmodi
3225 2980 3569 3051 syllogismus
3609 2979 3725 3036 :Si

451 3067 712 3138 prepheta
758 3065 1033 3129 ostendit,
1060 3038 1076 3043 -
1100 3064 1274 3134 qualis
1329 3064 1401 3118 sit
1447 3062 1712 3128 Christus,
1764 3038 2024 3118 dicendo:
2058 3038 2103 3101 (ἶ
2136 3069 2363 3122 mundus
2386 3038 2481 3120 DEi
2503 3038 2820 3137 providentia
2868 3038 3086 3139 regitur,
3116 3038 3348 3125 homines
3363 3038 3560 3125 “autem
3590 3088 3725 3141 pars

455 3155 731 3228 Speciosus
758 3155 929 3225 forma
954 3170 1064 3225 pra:
1092 3153 1219 3222 ﬁliis
1248 3154 1536 3218 hominum,
1569 3153 1768 3223 di/fusa
1808 3164 1884 3209 est
1909 3170 2031 3224 gra-

454 3248 527 3300 tia
555 3248 609 3300 in
635 3246 785 3299 labiis
813 3246 934 3299 tuis.

523 3338 655 3392 Item
684 3337 931 3392 difiinitio
971 3344 1053 3392 est
1080 3352 1175 3407 per
1200 3336 1590 3403 differentiam;
1631 3343 1692 3389 ut
1737 3336 1781 3391 si
1822 3350 2032 3404 quaera-

452 3436 543 3482 tur
591 3429 718 3496 quid
748 3429 888 3482 inter
913 3444 1094 3495 regem
1122 3438 1177 3483 ct
1206 3438 1497 3499 tyrannum
1526 3430 1615 3492 sit,
1644 3426 1854 3496 adjecta
1880 3425 2034 3479 diffe-

456 3518 650 3582 rentia,
695 3518 821 3587 quid
861 3526 1088 3586 uterque
1135 3518 1225 3582 sit,
1262 3515 1518 3570 diﬁinitur
1557 3516 1659 3569 hoc
1687 3515 1845 3569 modo
1870 3555 1883 3567 .
1914 3514 2030 3568 Rex

453 3620 536 3667 est
562 3612 683 3682 pius
720 3621 775 3666 et
805 3614 1109 3679 modestus;
1173 3622 1433 3683 tyrannus
1460 3626 1591 3666 vero
1624 3611 1823 3682 impius
1849 3620 1905 3666 et
1930 3611 2032 3665 im-

456 3710 627 3764 mitis.
682 3708 749 3763 Et
777 3709 827 3762 in
854 3709 1063 3777 psalmo
1090 3726 1101 3761 :
1132 3706 1412 3761 Mutuatur
1442 3716 1682 3777 peccator
1712 3715 1760 3759 et
1796 3722 1900 3759 non
1928 3705 2033 3759 sol-

451 3803 522 3857 vit
546 3821 562 3858 :
577 3801 756 3871 justus
779 3811 952 3854 autem
976 3802 1254 3853 miseretur
1274 3808 1324 3852 et
1348 3797 1549 3851 tribuit.

520 3893 652 3947 Item
707 3892 768 3946 ﬁt
814 3889 1058 3947 difﬁnitio
1110 3891 1356 3961 qumdam
1400 3905 1498 3960 per
1543 3888 1868 3959 privantiam
1896 3886 2027 3960 [Al.,

448 3979 853 4054 privationem],
904 3989 964 4035 ut
1006 3981 1052 4035 si
1100 3987 1375 4051 quaeratur
1419 3980 1549 4049 quid
1598 3979 1668 4033 sit
1704 3979 2029 4044 substantia,

451 4071 661 4125 dicatur
707 4069 849 4139 quod
895 4083 1069 4138 neque
1120 4067 1351 4137 qualitas
1395 4077 1499 4132 est,
1526 4082 1699 4136 neque
1731 4067 2029 4137 quantitas,

456 4174 632 4230 neque
660 4159 876 4229 aliquod
905 4160 1184 4220 accidens;
1227 4159 1331 4214 hoc
1357 4159 1501 4213 enim
1528 4174 1724 4229 genere
1758 4158 2032 4213 dif'ﬁnitio—

450 4253 535 4306 nis
564 4261 619 4306 et
647 4251 791 4306 Deus
825 4260 1101 4323 utcunque
1147 4252 1375 4322 intelligi
1426 4261 1635 4321 potest;
1688 4253 1814 4306 dum
1862 4253 2027 4315 enim,

450 4345 577 4414 quid
608 4345 677 4397 sit
701 4344 861 4409 Deus,
892 4344 1037 4397 nullo
1066 4345 1223 4397 modo
1248 4345 1709 4413 comprehendere
1734 4343 2024 4407 valeamus,

450 4435 504 4490 id
532 4445 634 4500 est,
659 4445 908 4489 naturam
936 4432 1071 4503 ejus,
1099 4442 1158 4488 ut
1182 4442 1283 4499 est,
1314 4436 1493 4489 nullus
1519 4434 1669 4489 efl‘ari
1695 4443 1902 4505 potest;
1934 4434 2028 4490 sed

452 4540 518 4579 ex
561 4540 643 4589 eo,
674 4524 815 4595 quod
860 4540 967 4577 non
1010 4531 1112 4588 est,
1153 4523 1446 4578 secundum
1493 4522 1857 4593 philosophos,
1890 4523 2025 4577 deﬁr

449 4616 678 4671 niendus
705 4626 819 4680 est;
864 4623 921 4669 ut
945 4616 990 4670 si
1021 4615 1267 4670 dicamus
1296 4632 1310 4668 :
1339 4614 1482 4671 Deus
1504 4629 1678 4685 neque
1702 4631 1897 4685 corpus
1918 4626 2022 4683 est,

451 4720 623 4774 neque
649 4704 870 4770 animal,
906 4720 1080 4774 neque
1118 4704 1283 4758 ullum
1328 4704 1671 4771 elementum,
1700 4721 1875 4775 neque
1902 4723 2026 4762 sen-

450 4809 545 4850 sus
572 4804 776 4861 noster,
804 4810 977 4864 neque
1004 4795 1329 4862 intellectus,
1352 4810 1524 4866 neque
1543 4795 1765 4865 aliquid,
1788 4798 1931 4866 quod
1954 4812 2021 4851 ex

450 4887 539 4942 his
562 4887 681 4956 capi
708 4888 901 4955 possit.

520 4978 651 5034 Item
679 4979 925 5049 quaedam
960 4978 1204 5036 diﬁinitio
1237 4989 1321 5036 est
1352 4996 1450 5051 per
1486 4981 1832 5052 indigentiam
1878 4980 2022 5051 pleni

452 5068 509 5124 in
560 5068 751 5124 eodem
796 5081 1022 5137 genere;
1054 5077 1131 5134 ut,
1176 5069 1223 5124 si
1267 5080 1562 5139 quaeratur,
1608 5071 1735 5140 quid
1781 5071 1852 5125 sit
1894 5087 2024 5140 qua-

450 5162 645 5229 drans;
696 5162 1074 5233 respondetur,
1103 5162 1188 5217 cui
1216 5163 1453 5218 dodrans
1481 5163 1650 5228 deest,
1678 5170 1739 5217 ut
1766 5163 1837 5217 sit
1863 5163 2021 5219 assis.

520 5252 654 5308 Item
683 5254 926 5324 quaedam
958 5251 1204 5307 difﬁnitio
1243 5260 1328 5307 est
1353 5268 1450 5322 per
1498 5252 1739 5317 laudem,
1769 5259 1831 5307 ut
1860 5270 1872 5305 :
1907 5252 2024 5307 Da:

456 5338 637 5410 μοι,
659 5341 770 5397 Lex
800 5348 883 5397 est
906 5341 1072 5396 animi
1098 5339 1407 5413 consilium]
1434 5348 1520 5396 est
1553 5340 1786 5403 animus,
1824 5338 2025 5411 [consi-

449 5428 602 5502 lium]
631 5438 687 5486 et
710 5430 990 5500 disciplina
1019 5431 1272 5487 civitatis.
1320 5431 1387 5485 Et
1417 5431 1471 5484 in
1514 5429 1756 5501 psalmo:
1786 5429 1889 5484 Lex
1913 5430 2021 5485 Do—

450 5520 578 5573 mini
620 5520 1116 5591 irrepreltensibilis,
1159 5530 1457 5576 convertens
1502 5519 1737 5585 animas,
1791 5521 2019 5574 testimo-

450 5607 591 5660 nium
614 5609 823 5664 Domini
848 5610 1023 5679 ﬁdele,
1044 5612 1353 5681 sapientiam
1380 5622 1634 5682 praestans
1659 5610 1907 5682 parvulis.

2133 3156 2316 3208 mundi
2362 3166 2517 3219 sunt;
2566 3157 2812 3211 humana:
2850 3158 3013 3227 igitur
3052 3176 3131 3213 res
3178 3162 3354 3215 divina
3387 3163 3729 3232 providentia

2134 3255 2404 3313 reguntur.
2455 3245 2553 3299 llic
2599 3260 2819 3302 necesse
2863 3258 2946 3303 est
2996 3250 3237 3322 intelligi,
3291 3252 3344 3307 id
3391 3254 3535 3323 parti
3582 3269 3727 3309 con—

2133 3352 2344 3407 gruere,
2370 3337 2512 3417 quod
2540 3338 2636 3392 toti
2666 3340 2915 3394 convenit
2947 3340 3139 3412 [Edit.,
3168 3350 3283 3396 toto
3308 3343 3535 3417 evenit].
3583 3345 3728 3399 Item

2133 3441 2163 3479 a
2196 3426 2440 3495 partibus
2486 3437 2803 3498 argumenta
2844 3430 3113 3485 ducuntur
3156 3431 3349 3503 [Edit.,
3398 3432 3722 3506 dicuntur]:

2132 3525 2193 3571 ut
2233 3518 2278 3571 si
2322 3518 2548 3587 questio
2598 3519 2692 3584 sit,
2738 3536 2806 3574 an
2849 3522 2920 3575 sit
2961 3522 3108 3577 utilis
3150 3525 3435 3591 medicina,
3467 3528 3719 3583 dicatur-

2135 3606 2197 3662 Si
2222 3608 2409 3679 depelli
2440 3610 2645 3665 morbos
2669 3610 2992 3685 salutemque
3026 3617 3245 3681 servari,
3283 3619 3586 3690 mederique
3612 3621 3727 3675 rul-

2133 3700 2340 3753 neribus
2368 3700 2492 3754 utile
2521 3712 2619 3767 est,
2648 3719 2766 3773 qua:
2794 3714 2912 3757 sunt
2938 3716 3110 3775 partes
3137 3708 3428 3773 medicinae,
3466 3710 3619 3765 utilis
3648 3721 3724 3766 est

2131 3805 2254 3859 ergo
2282 3791 2563 3844 medicina.
2598 3792 2729 3847 Item
2758 3808 2788 3846 a
2816 3793 2941 3860 ﬁne,
2985 3811 3141 3865 quem
3172 3798 3391 3866 quidam
3418 3810 3605 3854 notam
3630 3818 3725 3857 νος

2134 3887 2278 3945 cant,
2327 3880 2387 3933 ﬁt
2432 3893 2841 3949 argumentum;
2895 3892 2972 3951 ut,
3002 3886 3045 3940 si
3076 3897 3370 3955 qumratur,
3402 3906 3471 3944 an
3505 3891 3721 3959 justilia

2131 3968 2270 4025 bona
2296 3970 2386 4034 sit,
2418 3970 2509 4025 ﬁat
2539 3972 2881 4043 syllogismus
2907 3976 3057 4030 talis:
3076 3976 3135 4031 Si
3157 3978 3362 4033 beatum
3387 3998 3502 4035 esse
3523 3983 3721 4039 bonum

2132 4070 2227 4126 est,
2251 4069 2307 4114 et
2322 4060 2531 4130 justitia
2564 4061 2697 4115 bona
2722 4072 2828 4129 est;
2855 4064 2943 4119 hic
2967 4076 3053 4121 est
3076 4068 3217 4121 enim
3234 4067 3461 4136 justitia:
3484 4071 3635 4137 ﬁnis,
3662 4082 3724 4127 ut

2133 4151 2223 4219 qui
2251 4152 2541 4206 secundum
2560 4150 3185 4228 justitiam'vivat[Mss.,
3211 4160 3398 4232 quis...
3424 4163 3599 4227 vivat,
3618 4164 3715 4235 et],

2136 4242 2203 4296 ad
2232 4242 2617 4298 beatitudinem
2646 4246 2955 4313 perveniat;
3002 4258 3056 4303 et
3084 4266 3307 4306 necesse
3333 4261 3419 4306 est
3444 4268 3569 4308 eam
3604 4271 3717 4311 rem

2134 4333 2329 4389 bonam
2353 4348 2491 4400 esse,
2515 4336 2666 4406 cujus
2694 4336 2816 4392 ﬁnis
2842 4338 3014 4393 bonus
3039 4350 3139 4396 est.

2201 4427 2260 4479 (ὲ.
2297 4425 2391 4479 Illa
2418 4436 2759 4496 argumenta,
2791 4444 2911 4497 qua:
2937 4429 3151 4485 aliunde
3179 4435 3554 4501 attrahuntur,
3587 4446 3722 4507 quot

2129 4516 2336 4586 species
2364 4515 2597 4571 habent?
2624 4546 2695 4557 —
2731 4518 2794 4569 Α.
2837 4517 3141 4575 Tredecim.
3182 4523 3299 4576 Alia
3330 4539 3363 4577 a
3406 4526 3721 4598 conjugatis

2128 4607 2282 4671 fiunt,
2308 4606 2413 4659 alia
2442 4622 2472 4659 a
2502 4622 2715 4676 genere,
2741 4609 2842 4663 alia
2870 4626 2900 4663 a
2928 4611 3124 4679 specie,
3154 4612 3255 4666 alia
3278 4629 3308 4666 a
3338 4615 3719 4679 similitudine.

2127 4697 2229 4751 alia
2278 4714 2308 4752 a
2358 4697 2680 4765 differentia,
2724 4701 2828 4755 alia
2871 4718 2902 4756 a
2946 4705 3255 4769 contrariis,
3296 4706 3401 4760 alia
3444 4723 3475 4761 a
3521 4724 3719 4765 consev

2128 4797 2348 4857 quente,
2370 4789 2473 4844 alia
2495 4789 2563 4843 ab
2588 4791 3043 4856 antecedentibus,
3071 4794 3172 4849 alia
3200 4795 3268 4850 ab
3292 4796 3587 4864 adjunetis.
3614 4802 3719 4854 alia

2128 4892 2157 4931 a
2189 4880 2627 4949 repugnantibus,
2654 4879 2756 4933 alia
2786 4896 2815 4933 a
2838 4883 3037 4947 causis,
3061 4882 3165 4938 alia
3192 4884 3258 4938 ab
3289 4884 3518 4951 effectis,
3550 4890 3659 4943 alia
3689 4905 3719 4943 a

2130 4970 2548 5038 comparatione.
2597 5000 2667 5010 —
2713 4968 2774 5025 C.
2808 4970 2923 5027 Hoc
2951 4988 3164 5043 quoque
3192 4976 3456 5045 exemplis
3479 4977 3720 5033 lucidius

2129 5060 2297 5129 aperi.
2326 5088 2397 5099 —-
2418 5060 2479 5113 Α.
2508 5059 2746 5115 Faciam.

2726 5156 2769 5210 Α
2796 5158 3113 5229 conjugatis.

2198 5242 2436 5299 Primum
2483 5260 2513 5299 a
2563 5245 2863 5317 conjugatis
2912 5249 3126 5307 ducitur
3178 5266 3557 5323 argumentum
3610 5261 3717 5316 hoc

2128 5338 2307 5400 modo,
2335 5351 2456 5391 cum
2488 5351 2555 5391 ex
2584 5336 2980 5408 coniugatione,
3010 5341 3063 5396 id
3110 5352 3213 5408 est,
3243 5345 3581 5403 derivatione
3615 5366 3717 5405 no-

2126 5428 2287 5483 minis
2319 5428 2402 5483 vel
2439 5428 2588 5483 verbi
2617 5429 2711 5482 ﬁat
2735 5429 3075 5500 conjectura;
3108 5443 3189 5497 ut,
3227 5435 3275 5490 si
3302 5438 3540 5515 scripsit,
3570 5442 3717 5496 scri-

2125 5528 2247 5590 ptor
2257 5529 2369 5587 est;
2394 5522 2438 5577 si
2460 5537 2812 5593 compascuus
2832 5538 2962 5593 ager
2986 5535 3092 5591 est,
3100 5525 3190 5595 jus
3214 5538 3295 5581 est
3321 5542 3709 5602 mmpasoere:

2126 5626 2476 5683 compascuus
2496 5616 2637 5671 enim
2658 5625 2712 5671 et
2735 5626 3073 5687 compascere
3100 5619 3241 5675 inter
3265 5634 3322 5674 se
3344 5618 3525 5687 juncta
3543 5635 3708 5684 sunt.
