3934 6180
326 367 436 424 969

1377 365 1853 422 lllDASCALlCA.
1892 396 1961 406 ——
2000 367 2091 422 DE
2128 366 2552 423 DlALECTlCA.

3501 373 3607 430 970

318 481 388 535 Et
412 474 705 533 Terentius
736 494 748 529 :
794 475 968 530 Homo
1007 493 1122 531 sum
1141 517 1155 540 ,
1195 477 1412 530 [inmani
1438 494 1470 530 a
1499 493 1581 531 me
1620 477 1748 531 nihil
1773 477 1907 532 alie-
1937 481 1984 539 Α
2014 478 2060 534 is
2082 464 2250 547 certe,
2280 480 2372 550 qui
2399 496 2504 535 non
2534 481 2744 545 vitavit,
2780 495 2887 536 nec
2914 480 3070 552 fugit,
3100 482 3193 538 sed
3233 482 3374 539 ultro
3399 490 3610 556 appetit

320 587 447 627 num
477 569 698 625 testimo.
726 568 793 623 Et
817 567 1009 624 Cicero
1035 587 1046 623 :
1086 568 1300 624 Verrem
1332 569 1735 624 dixiteverrisse
1759 569 1906 641 [Ms.,

314 660 588 734 evertisse]
613 661 970 732 provinciam.

981 752 1025 805 Α
1056 769 1262 824 genere.

391 845 440 902 Δ
458 860 658 917 genere
682 853 1059 917 argumentum
1080 853 1181 911 est,
1205 844 1420 916 quando
1442 861 1472 900 a
1500 861 1557 901 re
1579 846 1817 917 generali
1846 847 1916 902 ad

319 938 561 1011 speciem
590 937 827 1007 aliquam
876 937 1262 1002 descenditur;
1314 943 1395 999 ut,
1440 935 1728 991 Mulierum
1752 954 1916 1008 genus

319 1047 542 1087 auarum
568 1040 685 1095 est;
733 1045 856 1083 nam
894 1028 1140 1100 Euripila
1174 1045 1309 1082 auro
1354 1028 1514 1082 vitam
1550 1028 1648 1083 viri
1684 1028 1914 1083 vendidit

319 1123 502 1197 [Mss.,
545 1121 788 1194 Erypila,
816 1121 912 1186 al.,
956 1120 1273 1191 Eriphyle...
1317 1118 1595 1192 prodidit].
1635 1117 1706 1175 Et
1732 1122 1906 1175 item:

318 1216 382 1273 Si
408 1216 744 1281 libidinosus,
782 1223 832 1269 et
857 1212 1098 1278 adulter;
1127 1214 1172 1266 si
1201 1228 1415 1277 auarus,
1450 1220 1498 1265 et
1526 1210 1632 1279 fur.

988 1303 1032 1356 A
1061 1305 1248 1373 specie.

389 1397 433 1451 Α
463 1396 676 1466 specie;
704 1403 763 1450 ut
783 1410 907 1450 cum
930 1395 1161 1464 probare
1181 1393 1457 1451 crudelem
1479 1392 1745 1455 volumus,
1772 1407 1917 1462 quaa-

313 1490 444 1544 dam
474 1490 544 1545 ab
567 1503 634 1544 eo
659 1486 953 1543 crudeliter
975 1484 1120 1541 facta
1147 1485 1457 1541 doceamus.
1481 1485 1614 1540 Item
1638 1483 1767 1538 illud
1789 1482 1916 1537 Vir-

315 1578 431 1649 gilii
464 1578 646 1650 (Αἳηη
673 1590 774 1642 vu,
801 1574 927 1646 365)
964 1593 977 1628 :

444 1693 506 1741 At
526 1705 620 1741 non
645 1693 715 1740 sic
745 1690 985 1749 Phrygius
1005 1693 1233 1750 penetrat
1258 1688 1608 1737 Lacedaemona
1636 1694 1796 1749 pastor

445 1752 763 1816 Ledeamque
792 1749 1030 1801 Helenam
1054 1750 1290 1814 Trojanas
1314 1752 1454 1800 vexit
1480 1751 1538 1798 ad
1560 1749 1754 1800 urbes"

315 1856 460 1910 Nam
482 1853 744 1925 Phrygius
767 1861 948 1925 pastor
968 1851 1178 1922 species
1197 1859 1308 1917 est;
1336 1860 1394 1906 et
1421 1852 1465 1906 si
1490 1851 1634 1906 istud
1660 1851 1748 1906 ille
1770 1867 1912 1907 unus

314 1947 474 2013 fecit,
505 1955 561 2001 et
587 1946 662 2000 illi
690 1944 844 2017 [Ms.,
869 1942 984 2016 alii]
1012 1944 1117 1998 hoc
1137 1939 1353 2011 Trojaui
1375 1941 1703 2013 generaliter
1730 1942 1914 1998 facere

314 2047 567 2112 possunt.
594 2038 817 2110 Species
838 2037 981 2094 enim
1003 2051 1217 2106 semper
1235 2036 1422 2091 subest
1445 2035 1652 2106 generi,
1673 2044 1733 2091 ut
1751 2037 1914 2091 homo

314 2134 510 2192 subest
532 2131 771 2187 animali.
805 2131 884 2185 Ac
910 2129 1031 2185 ideo
1057 2143 1227 2198 genus
1253 2134 1426 2181 totum
1458 2127 1674 2192 dicitur,
1705 2127 1914 2197 species

316 2242 479 2298 pars;
506 2234 567 2281 ut
589 2223 853 2295 cupiditas
878 2237 1048 2294 genus
1076 2228 1159 2275 est
1177 2219 1418 2274 omnium
1446 2218 1749 2273 libidinum.
1778 2217 1913 2273 Pars

311 2318 482 2374 etiam
515 2317 761 2386 quaedam
791 2311 1119 2383 cupiditatis,
1143 2310 1196 2364 id
1219 2317 1303 2364 est
1327 2309 1558 2379 species,
1590 2308 1839 2364 avaritia.

900 2405 943 2458 Α
979 2403 1342 2460 similitudine.

385 2502 436 2557 Δ
458 2499 811 2557 similitudine
832 2504 1210 2568 argumentum
1232 2508 1316 2549 est
1336 2535 1350 2560 ,
1379 2495 1596 2563 quando
1630 2496 1793 2549 rebus
1816 2495 1915 2549 ali—

315 2593 521 2665 quibus
548 2593 744 2648 similia
774 2590 1147 2662 proferuntur,
1178 2595 1237 2642 ut
1278 2602 1346 2641 ex
1384 2602 1469 2652 eo,
1519 2586 1663 2656 quod
1704 2595 1913 2642 certum

313 2687 467 2741 circa
508 2700 623 2739 rem
661 2683 893 2739 similem
935 2678 1214 2744 acciderit,
1257 2677 1313 2733 id
1362 2692 1598 2747 quoque,
1629 2677 1781 2747 quod
1818 2678 1915 2734 du-

308 2778 469 2836 bium
498 2783 602 2842 est,
632 2784 688 2830 et
716 2774 770 2831 in
798 2774 1157 2845 qumstionem
1187 2771 1356 2837 venit,
1393 2771 1796 2841 comprobetur.
1828 2771 1916 2826 ln-

308 2869 546 2940 spicitur
568 2881 712 2937 saepe
737 2864 1034 2921 similitudo
1054 2864 1109 2918 in
1137 2863 1461 2928 contrariis;
1492 2870 1554 2916 ut
1582 2881 1595 2917 :
1626 2862 1685 2918 Si
1717 2862 1803 2918 bis
1822 2862 1916 2933 qui
2002 2888 2005 2891 π

308 2957 690 3029 imprudentes
731 2955 1008 3019 laeserunt,
1038 2952 1244 3024 ignosci
1281 2953 1554 3018 convenit,
1584 2951 1671 3007 his
1696 2952 1787 3022 qui
1819 2967 1918 3006 ne-

308 3049 558 3104 cessario
574 3044 913 3118 profuerunt,
936 3044 1167 3115 gratiam
1193 3042 1394 3098 habere
1418 3058 1527 3096 non
1550 3051 1785 3113 oportet.
1814 3042 1916 3099 Hic

306 3140 591 3198 contraria
615 3147 759 3204 sunt,
787 3138 1041 3208 prodesse
1066 3144 1123 3191 et
1146 3150 1363 3190 nocere.
1395 3134 1704 3191 Similitudo
1726 3145 1908 3192 autem

310 3233 627 3289 animorum
658 3239 764 3296 est,
793 3229 936 3301 quod
965 3242 1141 3297 neque
1169 3228 1258 3282 ille
1288 3227 1457 3283 voluit
1480 3229 1693 3295 obesse,
1734 3244 1913 3300 neque

308 3325 408 3380 hic
434 3323 711 3392 prodesse.
736 3320 826 3376 Fit
850 3327 905 3375 et
923 3335 1022 3390 per
1045 3318 1217 3388 paria,
1246 3333 1371 3373 cum
1391 3334 1500 3373 non
1528 3333 1595 3373 ex
1620 3318 1914 3374 contrariis

309 3418 503 3481 rebus,
542 3414 637 3471 sed
664 3429 732 3469 ex
762 3410 1050 3467 simillimis
1089 3424 1187 3480 per
1211 3417 1462 3464 naturam
1490 3409 1773 3479 probabile
1803 3409 1915 3464 col-

308 3507 534 3579 ligimus
580 3509 975 3576 argumentum.
1024 3499 1166 3554 Num
1212 3509 1273 3555 ut
1313 3500 1465 3556 locus
1510 3500 1564 3554 in
1600 3501 1739 3555 mari
1790 3501 1911 3556 sine

307 3608 476 3670 portu
504 3597 731 3652 navibus
772 3596 978 3651 intutus
1005 3602 1118 3661 est;
1158 3594 1239 3649 sic
1264 3595 1499 3660 animus,
1537 3594 1631 3664 qui
1661 3594 1777 3649 sine
1807 3593 1912 3649 ﬁde

308 3700 419 3757 est,
455 3690 643 3745 amicis
686 3703 793 3743 non
821 3696 996 3758 potest
1026 3702 1146 3743 esse
1173 3695 1483 3756 portuosus.
1527 3686 1616 3741 Fit
1655 3695 1710 3742 et
1739 3687 1796 3741 in
1825 3688 1913 3742 bis

308 3783 501 3847 rebus,
546 3796 665 3851 quae
693 3780 794 3835 sub
838 3780 1082 3834 eamdem
1126 3779 1395 3833 rationem
1421 3777 1640 3843 cadunt,
1690 3778 1817 3833 dum
1843 3793 1910 3833 ex

306 3874 478 3928 unius
515 3872 595 3927 rei
648 3871 859 3925 ratione
894 3868 1121 3923 alterius
1151 3882 1367 3937 quoque
1406 3866 1545 3921 ratio
1592 3868 1910 3936 comproba-

311 3976 438 4032 tur;
468 3974 529 4019 ut
556 3973 706 4034 puta,
738 3962 828 4033 qui
872 3961 1041 4017 filium
1066 3961 1330 4026 vendidit,
1356 3960 1596 4030 iniquam
1625 3975 1741 4015 rem
1770 3959 1911 4016 fece-

310 4059 423 4125 rit;
455 4065 511 4113 et
536 4057 628 4126 qui
657 4055 810 4122 emit,
840 4053 1024 4123 inique
1052 4053 1242 4109 fecerit
1272 4051 1455 4127 [Mss.,
1482 4051 1653 4125 fecit].

926 4146 967 4199 Α
999 4146 1318 4216 diﬂ'erentia.

388 4242 435 4294 Α
462 4238 768 4295 differentia
798 4236 860 4292 tit
897 4235 1079 4310 [Mss.,
1117 4235 1223 4308 est]
1259 4245 1663 4309 argumentum,
1694 4239 1909 4308 quando

309 4348 417 4403 per
441 4330 801 4386 differentiam
831 4328 1023 4398 aliqua:
1052 4342 1140 4382 res
1168 4335 1511 4397 separantur,
1556 4337 1617 4383 ut
1654 4328 1911 4399 Virgilius

318 4424 580 4498 (£n.,x,
610 4423 771 4497 581):

412 4536 523 4586 Non
546 4535 798 4587 Diomedis
818 4545 996 4595 equos,
1022 4545 1119 4583 non
1142 4545 1337 4583 currum
1362 4534 1527 4584 cernis
1550 4532 1766 4585 Achillis.

385 4638 558 4713 358
584 4637 673 4694 Fit
699 4651 915 4709 quoque
940 4635 1264 4702 differentia,
1286 4653 1410 4695 cum
1432 4638 1485 4693 in
1507 4639 1695 4695 eodem
1716 4653 1912 4709 genere

315 4730 534 4802 species
560 4728 630 4783 ab
647 4727 755 4782 alia
782 4726 961 4798 specie
983 4727 1306 4794 secernitur,
1333 4736 1397 4784 ut
1427 4728 1641 4785 Marcus
1662 4729 1906 4785 Tullius:

319 4816 513 4888 Qualis
552 4818 612 4874 in
651 4814 856 4871 urbana
891 4815 1163 4888 provincia
1198 4816 1364 4887 fuerit
1409 4815 1616 4883 Verres,
1658 4815 1818 4873 talem
1858 4818 1912 4872 in

314 4907 637 4982 provinciali
653 4925 782 4965 esse.

936 5001 979 5059 Δ
1006 5004 1308 5060 contrariis.

389 5099 440 5154 Δ
473 5095 767 5154 contrariis
791 5096 1025 5151 sumitur
1042 5102 1448 5165 argumentum,
1478 5095 1698 5165 quando
1721 5110 1812 5152 res
1838 5095 1916 5152 si-

316 5192 495 5249 bimet
534 5188 910 5259 discrepantes
942 5193 1323 5259 opponuntur:
1355 5194 1417 5242 ut
1451 5184 1710 5258 Virgilius
1753 5185 1911 5242 (diu.

316 5299 405 5352 ix,
435 5280 531 5358 94)
559 5298 576 5341 :

447 5397 495 5461 ο
518 5398 759 5461 genitrtx,
780 5408 884 5459 quo

455 5453 726 5510 Mortaline
745 5453 894 5507 manu
919 5456 1056 5507 facta
1079 5453 1349 5505 immortale
1373 5455 1555 5505 carina:

450 5520 553 5633 55a:
577 5522 794 5634 hab’esnt
813 5533 829 5582 ;
851 5527 1120 5582 certusque
1143 5522 1329 5568 incerta
1353 5519 1571 5578 pericula
1596 5514 1774 5565 lustret

550 5595 637 5631 eas

550 5595 637 5631 838

322 5685 480 5743 Iovis
509 5682 768 5759 [Jupiter]
801 5682 869 5738 ad
896 5681 1317 5755 Berecynthiam
1340 5678 1515 5736 fertur
1549 5678 1777 5736 dixisse.
1808 5677 1875 5734 Et
1900 5695 1912 5731 :

326 5778 383 5833 Si
404 5780 654 5834 desertor
675 5775 1029 5848 appellandus
1054 5781 1160 5841 est,
1185 5774 1499 5851 quibostem
1516 5772 1654 5827 vitat
1674 5786 1737 5827 ac
1760 5769 1916 5840 fugit.

576 5873 850 5932 PATBOL.
898 5869 998 5931 Cl.

906 5393 1001 5445 ista
1019 5405 1183 5454 vocas,
1205 5403 1292 5443 aut
1309 5391 1431 5455 quid
1455 5392 1588 5453 petis
1606 5391 1717 5445 istis
1733 5391 1760 5444 τ

2016 569 2172 641 μη,
2204 570 2475 643 appetiit],
2504 574 2751 628 desertor
2776 572 2923 628 nullo
2948 574 3105 628 modo
3127 575 3232 630 dici
3259 583 3457 645 potest.
3488 579 3558 635 Et
3588 598 3603 636 :

2016 662 2072 718 Si
2106 664 2393 718 honestum
2427 673 2510 719 est
2549 664 2773 734 aliquid,
2807 674 2963 735 turpe
2989 680 3098 721 non
3122 675 3226 721 est.
3265 667 3368 722 Et:
3400 668 3457 724 Si
3479 668 3608 740 jure

2015 752 2214 809 factum
2237 762 2324 810 est
2347 755 2569 825 aliquid,
2602 770 2711 810 non
2736 763 2916 827 potest
2940 772 3040 827 pro
3069 756 3265 826 injuria
3291 761 3580 817 vindicari.
3648 794 3651 797 ν

2595 868 2641 924 Α
2669 880 3028 941 consequente.

2086 957 2132 1011 Δ
2161 969 2541 1029 consequente,
2566 964 2782 1032 quando
2809 966 3040 1035 positam
3071 980 3187 1021 rem
3211 967 3415 1038 aliquid
3438 967 3604 1025 inevi-

2017 1050 2253 1105 tabiliter
2283 1053 2655 1122 consequitur,
2680 1062 2740 1108 ut
2764 1053 3022 1126 Virgilius
3052 1056 3231 1126 (dim,
3261 1074 3298 1121 ι,
3331 1058 3457 1131 551)
3487 1076 3501 1113 :

2141 1162 2360 1229 δοκι-ηοξ
2376 1172 2459 1214 aut
2481 1164 2612 1216 ferro
2634 1165 2836 1229 Libycos
2853 1167 3092 1229 populare
3120 1168 3334 1219 Penates

2142 1224 2402 1295 Xenimus;
2425 1234 2517 1295 aut
2534 1235 2693 1295 rapta_s
2716 1224 2965 1295 ad_littora
2991 1236 3194 1281 vertere
3218 1233 3422 1295 preciae,

2139 1286 2244 1337 Non
2269 1300 2329 1337 ea
2352 1291 2423 1337 vis
2442 1286 2619 1337 animo.
2645 1290 2703 1339 ιι
2723 1288 2931 1355 reliqua.

2015 1387 2083 1442 Et
2112 1407 2124 1442 :
2152 1387 2212 1444 Si
2240 1390 2437 1446 mulier
2461 1392 2689 1462 peperit,
2719 1407 2841 1447 cum
2863 1394 2979 1448 viro
3003 1397 3327 1462 concubuit;
3360 1399 3603 1466 peperit:

2016 1482 2204 1553 igitur,
2239 1498 2577 1554 consequens
2618 1484 2698 1551 iit,
2733 1501 2956 1542 necesse
2985 1494 3091 1554 est,
3137 1489 3263 1558 quia
3311 1491 3607 1547 concubuit

2016 1589 2142 1628 cum
2172 1590 2309 1630 VII‘O.

2523 1667 2601 1721 Ab
2632 1669 3081 1724 antecedentibus.

2086 1757 2169 1811 Ab
2189 1756 2633 1814 antecedentibus
2653 1768 3028 1828 argumentum
3051 1767 3151 1823 est,
3170 1762 3385 1831 quando
3404 1777 3472 1818 ex
3500 1763 3606 1827 his.

1945 1825 1990 1884 Β
2018 1861 2138 1915 qua:
2161 1848 2312 1916 prius
2333 1855 2485 1918 gesta
2526 1856 2670 1911 sunt,
2703 1825 3090 1918 consequentia
3115 1825 3503 1922 approbantur.
3536 1825 3609 1909 Ut

2021 1938 2234 1994 Marcus
2263 1938 2471 1994 Tullius
2495 1954 2595 2009 pro
2633 1938 2831 1994 Milone
2858 1958 2870 1993 :
2913 1938 3149 2011 Cumque
3176 1951 3298 1997 ante
3329 1943 3469 1999 diem
3508 1954 3613 1999 ter-

2017 2028 2149 2081 tium
2191 2028 2496 2099 praedixerit
2537 2025 2778 2095 Clodius,
2816 2029 3068 2085 Milonem
3113 2033 3444 2104 periturum;
3491 2050 3612 2089 cum

2016 2118 2106 2173 ille
2133 2136 2236 2174 non
2266 2119 2578 2173 dubitaverit
2623 2120 2850 2190 aperire,
2877 2121 3004 2192 quid
3047 2132 3181 2178 esset
3218 2124 3482 2193 facturus,
3522 2142 3611 2181 vos

2015 2213 2228 2283 potestis
2265 2211 2507 2266 dubitare
2535 2211 2665 2282 quid
2692 2211 2918 2281 fecerit?
2945 2212 3226 2268 Praecessit
3249 2217 3390 2269 enim
3413 2217 3613 2287 praedi-

2016 2303 2153 2357 cutio
2185 2301 2392 2374 [Forte,
2429 2300 2748 2372 praedictio},
2789 2311 2838 2356 et
2878 2313 3115 2357 secutum
3155 2313 3230 2359 est
3270 2304 3492 2373 factum.
3541 2306 3610 2362 Et

2017 2392 2249 2463 reliqua.

2624 2484 2703 2538 Ab
2727 2487 3017 2556 adjunctis.

2086 2573 2171 2629 Ab
2191 2575 2457 2646 adjunctis
2486 2579 2787 2648 argumenti
2820 2576 2953 2632 fides
2978 2578 3234 2643 sumitur,
3262 2593 3388 2635 cum
3415 2579 3617 2648 proba‘

2014 2665 2200 2720 biliter
2245 2666 2565 2731 ostenditur,
2599 2667 2730 2736 quid
2765 2667 2838 2721 sit
2861 2681 2928 2721 ex
2959 2682 3020 2721 re
3044 2682 3261 2738 quaque
3297 2677 3613 2732 venturum.

2016 2764 2078 2810 ut
2106 2755 2367 2828 Virgilius
2397 2756 2576 2829 (ίΕηη
2604 2773 2727 2823 vm,
2763 2756 2889 2829 M7)
2920 2775 2933 2811 :

2295 2906 2308 2919 .
2338 2903 2353 2917 .
2378 2907 2391 2919 .
2420 2907 2433 2919 .
2461 2905 2475 2918 .
2497 2868 2596 2918 Nos
2617 2869 2656 2918 si
2682 2868 2886 2932 pellant,
2909 2868 3033 2919 nihil
3055 2867 3226 2920 abfore
3249 2872 3458 2922 crodunt

2080 2929 2210 2990 Quin
2233 2943 2430 2981 omnem
2457 2929 2745 2994 Hesperiam
2769 2934 2970 2993 penitus
2989 2945 3079 2982 sua
3104 2933 3199 2982 sub
3219 2935 3339 2996 juga
3360 2937 3559 2988 mittant

2018 3056 2208 3114 Omnis
2241 3056 2409 3133 enim‘~
2434 3072 2521 3112 res
2570 3057 2733 3113 habet
2774 3056 2978 3128 aliquid
3018 3059 3354 3128 p'razcedens,
3406 3060 3613 3130 aliquid

1939 3179 1988 3242 ο
2020 3150 2201 3215 simul,
2231 3149 2433 3221 aliquid
2466 3151 2799 3220 subsequens
2830 3168 2844 3204 :
2884 3159 2941 3206 et
2977 3149 3099 3206 ideo
3122 3165 3189 3206 ex
3229 3151 3318 3206 bis
3362 3152 3616 3209 omnibus

2019 3250 2335 3313 argumenta
2367 3241 2692 3314 colligimus.
2728 3242 2789 3298 in
2831 3240 3102 3311 adjunctis
3124 3243 3314 3311 etiam,
3338 3253 3398 3299 ut
3423 3244 3616 3302 Cicero

2013 3334 2208 3399 voluit,
2240 3335 2478 3389 maxime
2518 3335 2804 3405 quzeritur,
2845 3336 2975 3405 quid
3010 3343 3138 3391 ante
3173 3350 3310 3403 rem,
3334 3335 3465 3407 quid
3489 3350 3614 3392 cum

2014 3442 2091 3489 re,
2122 3426 2252 3495 quid
2289 3434 2413 3496 post
2458 3441 2573 3482 rem
2619 3427 2895 3492 evenerit;
2936 3426 3031 3496 qui
3081 3426 3234 3482 locus
3278 3426 3513 3483 maxime
3543 3429 3613 3483 ad

2013 3516 2380 3587 conjecturam
2423 3517 2679 3587 pertinet.
2720 3517 2854 3571 Ante
2896 3532 3029 3582 rem,
3083 3524 3398 3587 apparatus,
3443 3517 3610 3573 collo-

2012 3609 2159 3677 quia.
2209 3606 2277 3661 In
2328 3624 2404 3671 re,
2462 3608 2718 3679 strepitus
2774 3608 2990 3678 pedum.
3052 3604 3181 3661 Post
3232 3624 3360 3673 rem,
3410 3608 3607 3678 pallor,

2012 3698 2201 3763 rubor,
2230 3705 2286 3753 et
2314 3699 2359 3753 si
2399 3714 2505 3768 qua
2532 3708 2660 3753 sunt
2684 3699 2913 3754 similia.

2083 3792 2260 3849 Locus
2290 3792 2359 3846 ab
2381 3793 2843 3858 antecedentibus,
2875 3801 2930 3847 et
2954 3793 3412 3862 consequentibus
3439 3803 3495 3849 et
3522 3811 3609 3852 re-

2011 3887 2378 3960 pugnantibus
2403 3886 2459 3940 in
2493 3902 2559 3941 eo
2581 3884 2761 3941 dili‘ert
2784 3900 2816 3939 a
2851 3884 3158 3954 conjunctis
3192 3886 3306 3940 sive
3335 3885 3608 3955 adjunctis

2015 3977 2205 4050 [quod]
2236 3977 2521 4047 conjuncta
2551 3991 2658 4030 non
2684 3989 2900 4045 semper
2925 3976 3182 4030 eveniunt
3206 3993 3220 4041 ;
3267 3992 3605 4048 consequen-

2016 4071 2090 4126 tia
2123 4084 2254 4125 vero
2282 4083 2512 4139 semper.
2550 4067 2627 4121 Ea
2664 4067 2831 4137 igitur
2867 4075 2993 4119 sunt
3018 4066 3438 4135 consequentia,
3480 4084 3603 4139 qua:

2014 4179 2130 4220 rem
2154 4160 2464 4217 necessario
2487 4166 2914 4229 consequuntur,
2940 4166 3000 4213 ut
3033 4176 3045 4211 :
3078 4155 3135 4213 Si
3163 4158 3279 4213 dies
3305 4168 3408 4225 est,
3441 4160 3607 4217 lucet.

2011 4255 2166 4319 item,
2211 4251 2584 4308 antecedentia
2625 4258 2680 4305 et
2721 4249 3110 4320 repugnantia;
3155 4248 3419 4320 quidquid
3458 4252 3606 4307 enim

2014 4344 2367 4415 consequitur
2391 4356 2661 4413 quamque
2682 4355 2819 4406 rem,
2842 4341 2897 4395 id
2926 4342 3163 4396 cohmret
3187 4356 3311 4396 cum
3341 4357 3399 4397 re
3418 4357 3608 4399 neces-

2013 4438 2159 4494 sario
2181 4436 2260 4511 [et
2284 4435 2544 4507 quidquid
2572 4434 2866 4499 antecedit,
2898 4434 2949 4488 id
2975 4434 3142 4488 trahit
3175 4443 3602 4505 consequentem

1938 4536 1989 4596 D
2015 4529 2379 4603 necessario];
2413 4537 2471 4585 et
2495 4528 2757 4600 quidquid
2783 4534 3068 4599 repugnat,
3112 4526 3377 4597 ejusmodi
3415 4538 3516 4593 cst,
3547 4537 3609 4584 ut

2017 4623 2290 4677 cohaerere
2328 4635 2601 4692 nunquam
2634 4619 2827 4692 possit.

2550 4731 2595 4786 Α
2629 4730 3057 4802 repugnantibus.

2085 4827 2132 4882 Α
2164 4826 2599 4899 repugnantibus
2641 4832 3020 4896 argumentum
3054 4829 3155 4887 est,
3200 4823 3418 4896 quando
3471 4822 3607 4883 illud

2015 4916 2157 4988 quod
2182 4914 2441 4987 objicitur
2470 4928 2587 4979 reo,
2625 4913 2805 4986 aliqua
2850 4913 3241 4970 contrarietate
3276 4914 3605 4972 destruitur.

2018 5006 2090 5065 Ut
2125 5006 2319 5064 Cicero
2358 5004 2533 5062 dicit:
2564 5004 2615 5060 is
2645 5004 2810 5076 igitur
2851 5020 2960 5062 non
3007 5001 3170 5061 modo
3195 5019 3226 5059 a
3268 5010 3321 5060 te
3360 5002 3610 5076 periculo

2015 5099 2299 5163 liberatus,
2328 5097 2424 5156 sed
2467 5096 2631 5152 etiam
2674 5095 3007 5167 amplissimo
3051 5096 3260 5153 honore
3287 5094 3492 5152 ditatus
3517 5110 3612 5150 ar-

2017 5192 2221 5267 guitur,
2248 5191 2395 5248 domi
2443 5204 2556 5247 suae
2598 5198 2656 5246 te
2682 5188 2992 5246 interficere
3017 5188 3276 5244 voluisse.
3319 5187 3488 5246 Item:
3526 5186 3610 5254 Si.

2015 5298 2126 5357 qua
2149 5283 2238 5341 die
2252 5283 2435 5340 caedes
2454 5282 2555 5338 ista
2590 5280 2778 5337 Roma:
2813 5279 2957 5338 facta
2983 5285 3085 5344 est,
3120 5292 3224 5350 ego
3248 5277 3482 5336 Athenis
3508 5277 3607 5345 fui,

2016 5378 2072 5434 in
2097 5376 2246 5434 caede
2269 5376 2534 5432 interesse
2565 5388 2675 5431 non
2706 5372 2879 5445 potui.

2671 5485 2718 5541 Α
2754 5487 2950 5542 causis.

2091 5583 2131 5637 Α
2162 5580 2344 5638 causis
2371 5586 2745 5650 argumentum
2771 5578 3005 5643 ducitur,
3042 5574 3261 5648 quando
3286 5591 3353 5632 ex
3379 5590 3608 5633 consue-

2023 5672 2208 5729 tudine
2250 5670 2523 5728 communi
2565 5684 2674 5734 res,
2711 5684 2832 5741 qua;
2879 5676 3163 5734 tractatur,
3215 5667 3331 5724 ﬁeri
3369 5668 3606 5739 potuisse

2024 5763 2384 5822 convincitur.
2417 5760 2488 5819 Ut
2518 5760 2803 5817 Terentius
2825 5759 2983 5833 (And.
3007 5758 3092 5822 ili.
3123 5775 3199 5824 tv,
3227 5756 3284 5831 3)
3317 5777 3330 5813 :

3056 5853 3123 5914 3i

2024 5973 2062 6012 9
