3934 6180
384 348 488 406 ςιτιι

1230 336 1290 390 Β.
1330 335 1393 389 F.
1434 330 1656 387 ALBINI
1696 328 1825 384 SEU
1868 324 2141 381 ALCLTINI
2179 320 2456 378 OPERL'M
2499 318 2677 373 PARS
2717 317 2825 373 ΥΠ.

3545 311 3648 366 9Ἂ

384 460 497 523 Ego
518 469 616 510 non
636 454 753 507 nihil
790 455 998 517 (una
1015 448 1139 502 nihil
1158 445 1394 523 omittunt]
1419 439 1959 523 veritpsAsnm,rtl‘ttdllt‘tl
1989 443 2033 500 Α
2065 436 2233 491 trario
2262 440 2580 504 argumenta
2606 444 2726 487 esse
2752 425 3029 483 ducenda?
3049 454 3117 465 ——
3146 423 3211 477 Α.
3243 421 3528 477 Pertinent
3549 425 3655 476 uti-

1252 509 1360 565 (abs
1378 502 1430 554 te
1453 516 1649 563 cavere,
1668 514 1730 565 ne
1750 502 1957 559 faceres,

393 580 538 642 Quod
555 577 729 641 vulgus
757 586 1009 627 servorum
1044 563 1277 622 sollicitata
1295 566 1419 629 (AL,
1443 566 1591 626 solet)
1630 563 1969 684 damnati-gi:

464 721 628 793 359
650 718 739 774 Fit
764 732 981 788 quoque
1009 715 1115 770 hoc
1140 710 1299 765 modo
1326 724 1357 762 a
1380 720 1541 762 causa
1573 712 1965 775 argumentum,

395 816 523 871 dum
547 826 767 869 causam
807 806 1052 865 adulterii
1095 803 1368 858 libidinem
1415 812 1535 853 esse
1568 797 1825 861 dicimus;
1859 794 1972 848 sive

394 905 700 981 parricidii,
734 900 1037 957 avaritiam.
1065 895 1171 950 Sed
1198 900 1251 949 et
1274 902 1386 946 tum
1411 890 1572 944 latius
1591 886 1972 959 disputandum

395 1009 481 1055 est
510 998 577 1054 de
600 997 653 1052 vi
668 1009 874 1057 causae,
903 990 958 1045 id
991 996 1091 1052 est,
1127 984 1367 1039 avaritize
1394 982 1507 1039 sive
1528 981 1795 1043 libidinis;
1837 992 1971 1046 qua-

395 1100 555 1144 tenus
579 1086 624 1141 si
660 1099 821 1140 causa
853 1078 1025 1147 turpis
1052 1076 1313 1137 videatur,
1342 1087 1429 1125 res
1454 1085 1666 1140 quoque
1689 1069 1972 1122 inhonesta

394 1179 667 1240 videatur;
691 1182 751 1228 ut
782 1191 794 1225 :
827 1171 925 1239 Qui
953 1167 1087 1223 lucri
1120 1163 1351 1220 faciendi
1384 1176 1547 1217 causa
1583 1160 1731 1215 venit
1764 1158 1819 1212 in
1843 1167 1977 1212 tem-

396 1269 563 1339 plum,
595 1263 890 1333 sacrilegus
918 1267 1020 1315 est.
1050 1256 1165 1311 Non
1190 1256 1333 1309 enim
1362 1268 1447 1307 res
1476 1250 1796 1307 maleﬁcium
1824 1246 1973 1311 facit,

398 1336 492 1413 sed
529 1369 693 1410 causa
722 1349 986 1408 faciendi;
1021 1362 1121 1401 nec
1150 1345 1321 1409 exitu,
1349 1343 1441 1397 sed
1468 1349 1663 1396 conatu
1692 1336 1977 1393 malefacta

401 1449 798 1506 existimantur.

1022 1528 1098 1582 Ab
1130 1526 1346 1595 e/fectis.

471 1629 555 1683 Ab
586 1624 790 1681 effectis
817 1628 1188 1694 argumentum
1215 1626 1317 1679 est,
1347 1631 1467 1670 cum
1492 1630 1556 1668 ex
1586 1613 1670 1667 his
1692 1626 1811 1682 quae
1838 1609 1980 1663 facta

401 1724 546 1781 sunt,
574 1713 778 1783 aliquid
813 1710 1160 1780 approbatur,
1191 1716 1252 1760 ut
1282 1704 1535 1774 Virgilius
1558 1701 1735 1771 (/En.,
1758 1715 1832 1763 iv,
1858 1696 1975 1769 15):

558 1824 856 1884 Degeneres
878 1820 1065 1868 animos
1086 1818 1228 1868 timor
1253 1816 1434 1876 arguit.
1463 1847 1477 1862 .
1504 1847 1518 1860 .
1553 1848 1566 1861 .
1595 1846 1605 1860 .

402 1932 536 1986 Nam
567 1930 730 1983 timor
770 1934 854 1981 est
882 1939 1066 1989 causa,
1103 1931 1162 1976 ut
1199 1922 1431 1992 degener
1463 1920 1534 1974 sit
1561 1917 1804 1982 animus;
1837 1914 1980 1985 quod

400 2023 612 2079 timoris
637 2028 717 2077 est
739 2017 1065 2073 eﬁectivuni.

470 2111 766 2170 Ellicientia
792 2117 937 2171 sunt,
969 2120 1089 2175 quae
1111 2105 1194 2158 vel
1223 2104 1276 2157 vi
1304 2117 1401 2157 sua
1432 2100 1633 2170 aliquid
1665 2096 1979 2159 conﬁciunt,

400 2215 460 2262 ut
486 2204 625 2277 ignis
653 2200 961 2257 incendium
985 2214 1000 2262 ;
1026 2196 1111 2251 vel
1140 2197 1255 2250 sine
1280 2195 1475 2264 quibus
1499 2192 1636 2246 effici
1667 2206 1774 2246 non
1807 2194 1985 2257 potest

400 2297 580 2366 aliqua
615 2307 722 2357 res,
761 2300 822 2344 ut
860 2303 1028 2343 naves
1078 2288 1195 2341 sine
1233 2285 1497 2339 trabibus.
1544 2280 1847 2337 Efﬁcientia
1881 2277 1984 2332 alia

402 2394 528 2443 sunt
586 2382 916 2446 necessaria,
973 2379 1079 2433 alia
1125 2393 1253 2433 non.
1298 2375 1435 2431 Huic
1468 2376 1592 2429 loco
1636 2371 1986 2429 efﬁcientium

403 2490 690 2532 causarum
713 2471 936 2541 junctus
962 2470 1111 2525 locus
1137 2478 1223 2524 est
1240 2508 1253 2533 ,
1281 2466 1502 2522 effectus
1529 2480 1559 2518 a
1583 2464 1777 2524 causis,
1808 2462 1860 2515 id
1882 2467 1983 2523 est,

394 2573 659 2628 eventus;
683 2570 741 2617 ut
768 2563 911 2616 enim
955 2574 1148 2622 causa,
1180 2556 1309 2627 quid
1339 2556 1410 2610 sit
1441 2553 1713 2617 effectum,
1750 2551 1984 2614 indicat;

402 2657 483 2711 sic
501 2654 741 2718 effectus,
775 2666 895 2719 quae
924 2650 1084 2703 fuerit
1118 2662 1301 2707 causa,
1332 2644 1692 2706 demonstrat,
1722 2648 1779 2693 ut
1807 2639 1987 2693 fumus

404 2746 605 2816 ignem.
659 2742 727 2795 Et
778 2740 898 2793 ideo
929 2738 1119 2792 Cicero
1164 2735 1281 2790 loco
1310 2748 1593 2789 causarum
1640 2729 1986 2785 efﬁcientiam

402 2835 600 2908 [Edit.,
642 2831 760 2886 loco
796 2826 1122 2898 efﬁcientite]
1161 2826 1357 2897 posuit,
1403 2832 1655 2880 eventum
1706 2836 1832 2876 vero
1869 2821 1988 2874 loco

402 2922 714 2979 effectorem
737 2935 751 2985 ;
773 2927 833 2973 ut
861 2918 906 2973 si
927 2932 1086 2987 quem
1112 2916 1281 2989 [Edit.
1301 2957 1314 2979 ,
1348 2913 1637 2985 siquidem]
1666 2913 1984 2967 insolentem

399 3013 744 3087 probaveris,
794 3011 976 3075 dicas,
1015 3009 1177 3064 etiam
1213 3013 1553 3078 arrogantem
1605 3004 1865 3058 futurum.
1902 3003 1979 3057 Ita

403 3123 500 3179 per
529 3104 657 3178 [513.
685 3121 790 3159 om.
824 3101 944 3175 per]
968 3109 1238 3165 eventum,
1264 3099 1317 3154 id
1342 3105 1453 3163 est,
1484 3095 1730 3151 effectum
1753 3094 1985 3150 insolen-
2013 3131 2055 3188 ρ

402 3199 491 3253 tim
540 3195 904 3266 arrogantiam
925 3192 1150 3262 probas;
1186 3187 1509 3260 arrogantiae
1562 3201 1690 3242 vero
1735 3200 1976 3248 causam,

404 3289 457 3341 id
509 3294 610 3351 est,
651 3284 1021 3347 efﬁcientiam,
1073 3280 1416 3336 insolentiam
1472 3276 1605 3349 [.il.,
1661 3274 1983 3346 arrogantia:

406 3393 566 3432 causa
596 3386 679 3432 est
707 3376 1013 3430 insolentia.

929 3464 969 3514 Α
1001 3459 1413 3529 comparatione.

474 3558 519 3610 A
557 3554 960 3623 comparatione
989 3557 1362 3618 argumentum
1386 3546 1618 3611 ducitur,
1650 3545 1863 3623 quando
1888 3559 1985 3614 per

406 3646 753 3702 collationem
799 3656 1149 3714 personarum
1207 3640 1320 3693 sive
1366 3651 1653 3693 causarum
1702 3619 1984 3690 sententiae

404 3737 547 3793 ratio
594 3734 963 3791 conﬁrmatur.
1009 3732 1073 3785 Et
1124 3744 1337 3799 semper
1373 3727 1628 3798 augendae
1682 3727 1759 3780 rei
1806 3725 1987 3781 studet

406 3827 767 3898 comparatio;
791 3825 954 3894 ﬁtquc
980 3823 1152 3877 tribus
1172 3820 1347 3877 modis
1371 3836 1385 3884 ;
1411 3837 1443 3871 a
1468 3819 1688 3888 majore,
1711 3835 1743 3872 α
1763 3820 1981 3881 minore,

405 3938 436 3971 α
460 3919 598 3988 pari.

478 4008 517 4060 Α
552 4007 751 4078 majore
776 4008 877 4061 hoc
901 4004 1094 4069 modo;
1121 4011 1181 4057 ut
1202 4001 1457 4073 Virgilius
1486 3999 1663 4070 (/En.,
1695 4016 1792 4064 vn,
1816 3998 1939 4069 335)
1962 4017 1979 4051 .-

595 4117 670 4166 τυ
693 4122 835 4180 potes
855 4117 1110 4165 unanimes
1131 4126 1323 4164 armare
1348 4115 1398 4161 in
1422 4112 1585 4174 prelis
1605 4108 1800 4161 fratres.

477 4223 618 4293 Ergo
643 4221 735 4293 qui
769 4220 822 4274 in
862 4217 1124 4274 fratribus
1161 4219 1265 4273 hoc
1287 4223 1463 4287 potes,
1491 4222 1697 4285 quanto
1726 4214 1899 4284 magis
1929 4213 1983 4266 in

407 4315 549 4371 aliis.
595 4313 728 4368 Item
768 4326 798 4365 a
835 4308 1036 4378 majore
1068 4327 1079 4360 :
1115 4308 1171 4363 Si
1212 4307 1518 4363 adulterum
1561 4305 1809 4360 occidere
1835 4304 1981 4367 licet,

406 4407 531 4463 licet
561 4414 613 4460 et
640 4403 773 4458 loris
797 4401 1023 4456 ch-dere.

479 4496 525 4549 Α
572 4496 831 4548 minorum
881 4487 1283 4558 comparatione,
1313 4494 1372 4540 ut
1402 4499 1417 4537 :
1455 4484 1509 4540 Si
1547 4485 1721 4538 furem
1766 4490 1983 4537 noctur-
2013 4490 2062 4551 ι)

406 4600 535 4640 num
583 4582 828 4638 occidere
866 4580 1022 4643 licet,
1056 4577 1184 4647 quid
1220 4575 1356 4647 [Al.,
1388 4590 1486 4629 cur
1508 4573 1637 4645 non]
1674 4572 1981 4627 latronem?

406 4680 534 4733 Item
567 4691 597 4730 a
635 4675 844 4729 minore
879 4691 891 4726 :
924 4671 981 4727 Si
1014 4670 1220 4740 exigua:
1263 4666 1505 4738 pecuniae
1548 4681 1709 4721 causa
1755 4678 1982 4733 peccare

374 4810 381 4817 .
406 4781 512 4823 non
533 4762 821 4828 dubitabit,
852 4761 979 4831 quid
1008 4776 1127 4815 cum
1174 4757 1248 4812 illi
1277 4758 1451 4828 majus
1477 4766 1619 4811 esset
1646 4754 1980 4827 propositum

400 4852 650 4923 lucrum?
677 4851 833 4908 Certe
859 4867 963 4906 non
987 4849 1244 4905 abstinuit
1269 4849 1398 4921 [Αιη
1430 4864 1536 4903 non
1566 4844 1904 4918 abstineret].

474 4945 518 4999 A
548 4943 755 5017 parium
784 4941 1200 5011 comparatione,
1235 4948 1295 4994 ut
1319 4937 1573 5010 Virgilius
1603 4936 1754 5009 (Ᾰῖη.
1790 4952 1852 5001 x,
1882 4935 1979 4999 81,

407 5033 500 5107 82)
531 5076 607 5173 ita
634 5098 993 5173 ρτγεθεβεθαῐῐι
1013 5098 1231 5173 manum
1248 5099 1537 5173 subducere,
1549 5096 1781 5173 Graium]:

531 5159 830 5225 Nos‘aliquid
854 5161 1041 5212 Rutiioa
1055 5169 1224 5212 contra
1242 5161 1432 5223 juvisse
1451 5159 1711 5210 nefandum
1731 5159 1839 5207 est?

403 5270 539 5326 Item
566 5286 598 5324 α
628 5269 743 5341 pari
775 5280 794 5320 :
827 5266 885 5322 Si
908 5268 1030 5336 quis
1055 5276 1211 5339 neget
1241 5266 1444 5321 czedem
1467 5279 1497 5318 α
1530 5280 1588 5320 se
1611 5279 1733 5319 esse
1763 5262 1978 5325 factam,

404 5376 471 5417 eo
496 5362 636 5430 quod
665 5376 768 5415 non
800 5361 914 5428 ipse
940 5360 1296 5430 percusserit;
1325 5358 1523 5413 dicitur
1554 5357 1623 5420 ei,
1652 5355 1877 5411 nihilum
1904 5355 1984 5408 in-

408 5463 609 5508 teresse
634 5462 690 5508 ut
714 5462 903 5508 auctor
926 5452 1047 5523 quis
1079 5449 1267 5508 fuisset
1298 5449 1494 5517 cordis,
1530 5464 1599 5503 an
1631 5449 1742 5519 ipse
1770 5461 1987 5516 percus-

405 5542 557 5605 serit,
570 5544 695 5611 quia
709 5558 775 5598 ex
789 5552 1019 5612 utroque
1031 5543 1087 5597 in
1100 5542 1346 5597 eumdem
1357 5542 1562 5597 exitum
1576 5539 1751 5596 scelus
1761 5552 1887 5593 vcnc
1896 5536 1984 5591 rit.

476 5630 539 5693 (ἐ.
571 5633 626 5688 Si
658 5635 979 5702 evangelicae
1002 5635 1383 5691 similitudines
1406 5633 1697 5703 pertinent,
1739 5645 1809 5685 an
1855 5643 1986 5693 non,

412 5723 479 5777 ad
505 5723 637 5777 istas
662 5723 887 5792 species,
920 5726 1010 5779 ubi
1034 5727 1218 5781 dixisti
1257 5740 1289 5780 a
1315 5724 1662 5791 similitudine
1688 5723 1827 5778 vela
1853 5737 1986 5777 con-

1920 5950 1949 5971 ο

2067 542 2190 596 quc.
2212 523 2366 579 —C.
2398 523 2640 590 Quonam
2688 517 2880 574 modo?
2903 546 2975 559 ——
2995 517 3058 570 Α.
3092 514 3349 582 Quaedam
3391 510 3537 569 enim
3585 512 3657 567 si-

2067 612 2395 670 militudines
2431 627 2463 665 a
2501 610 2617 679 pari
2665 608 2936 672 dicuntur,
2984 605 3231 675 quaedam
3276 618 3309 658 a
3356 602 3655 658 contrario.

2069 705 2199 771 Quae
2231 718 2361 758 vero
2387 717 2420 755 a
2446 700 2691 771 paribus,
2716 698 2802 753 bis
2826 697 3007 752 verbis
3028 694 3179 766 jungi
3205 702 3432 765 possunt
3462 709 3478 747 :
3510 693 3658 748 Sicut

2068 796 2229 861 istud,
2263 795 2339 849 sic
2367 803 2415 849 et
2441 791 2596 848 illud.
2622 790 2775 846 Sicut
2795 791 2859 845 de
2883 803 3060 854 servo,
3102 789 3194 859 qui
3223 788 3481 844 dimissus
3500 803 3531 841 a
3555 786 3661 840 Do-

2070 885 2217 939 mino
2241 899 2397 939 suum
2430 880 2712 937 sufl‘ocavit
2739 896 3082 945 conservum,
3112 878 3217 933 dici
3245 886 3423 949 potest
3453 895 3468 931 :
3506 875 3661 932 Sicut

2072 975 2330 1031 Dominus
2350 974 2478 1030 huic
2496 988 2654 1029 servo
2694 987 2926 1042 nequam
2951 986 3057 1026 non
3081 970 3369 1025 dimittenti
3394 983 3661 1027 conservo

2074 1084 2172 1124 suo
2197 1067 2355 1133 fecit;
2386 1067 2463 1122 sic
2492 1075 2646 1136 pater
2674 1074 2855 1121 vester
2890 1064 3128 1121 caelestis
3170 1061 3330 1118 faciet
3373 1064 3551 1118 vobis.
3594 1064 3665 1119 Et

2082 1159 2309 1228 reliqua.

2145 1248 2278 1302 Item
2324 1247 2390 1301 de
2440 1246 2742 1300 feneratore
2791 1245 2904 1313 qui,
2934 1260 3056 1297 cum
3085 1244 3295 1298 duobus
3327 1243 3664 1299 debitoribus

2078 1337 2297 1393 donavit
2324 1336 2467 1407 quod
2496 1336 2783 1398 debebant,
2830 1336 2898 1388 ab
2935 1348 2999 1389 eo
3023 1334 3145 1403 plus
3172 1334 3401 1389 dilectus
3437 1343 3547 1400 est,
3577 1337 3663 1389 cui

2064 1428 2198 1497 plus
2244 1425 2484 1481 donavit.
2519 1425 2585 1478 Et
2614 1426 2679 1479 de
2711 1424 2927 1478 homine
2952 1424 3042 1493 qui
3075 1423 3308 1479 habebat
3334 1425 3471 1480 duos
3502 1424 3659 1493 ﬁlios,

2080 1517 2337 1586 majorem
2379 1515 2433 1570 in
2472 1530 2603 1585 agro
2651 1514 2751 1568 sibi
2797 1514 3273 1584 propinquantem;
3312 1515 3580 1571 minorem
3612 1517 3663 1570 in

2080 1609 2368 1679 longinquo
2398 1606 2785 1669 luxuriantem,
2815 1613 2867 1660 et
2914 1605 3329 1660 innumerabilia
3380 1606 3660 1676 bujusmo—

2081 1703 2156 1757 di.
2186 1702 2262 1755 De
2289 1701 2376 1756 his
2395 1700 2560 1764 enim,
2585 1707 2845 1769 quantum
2873 1697 3069 1753 similia
3092 1707 3235 1762 sunt,
3263 1698 3481 1753 ducitur
3504 1698 3663 1754 intel-

2009 1783 2053 1841 Β
2083 1794 2254 1848 lectus
2281 1793 2398 1862 ejus
2422 1792 2524 1857 rei,
2546 1791 2637 1845 cui
2663 1790 3007 1854 adhibentur,
3048 1790 3400 1845 insinuanda).

2153 1885 2281 1950 Quae
2324 1890 2450 1937 sunt
2486 1896 2517 1935 a
2545 1879 2840 1944 contrario,
2871 1879 2957 1935 bis
2981 1881 3161 1933 verbis
3193 1878 3348 1949 jungi
3389 1889 3659 1949 possunt:

2084 1974 2140 2030 Si
2167 1975 2323 2041 istud,
2363 1983 2558 2045 quanto
2588 1974 2754 2043 magis
2785 1983 2832 2026 et
2857 1971 3009 2026 illud.
3044 1972 3112 2028 Ut
3130 1972 3246 2036 ille,
3278 1972 3372 2043 qui
3409 1988 3517 2026 non
3544 1988 3667 2041 pro-

2082 2078 2203 2137 pter
2231 2067 2523 2122 amicitiam
2543 2106 2559 2132 ,
2590 2065 2683 2120 sed
2727 2072 2787 2118 ut
2812 2064 2969 2119 tmdio
2998 2071 3227 2129 careret,
3251 2065 3364 2134 jam
3393 2063 3666 2120 dormiens

2083 2157 2371 2221 excitatur,
2401 2163 2459 2209 ut
2508 2163 2617 2208 tres
2663 2168 2829 2223 panes
2858 2151 3221 2207 accommodet
3244 2151 3422 2205 amico
3458 2165 3575 2205 suo.
3609 2150 3663 2204 Si

2084 2249 2226 2302 enim
2266 2247 2353 2301 ille
2403 2245 2645 2300 molestia
2693 2243 3004 2314 compulsus
3050 2242 3217 2307 dedit,
3262 2250 3469 2311 quanto
3497 2240 3666 2311 magis

2084 2339 2245 2402 Deus,
2279 2338 2371 2407 qui
2397 2352 2522 2391 suos
2547 2350 2732 2391 servos
2759 2333 2983 2403 diligens
3033 2332 3300 2396 hortatur,
3328 2340 3388 2385 ut
3422 2338 3669 2401 petamus

2088 2428 2216 2501 [Al.,
2250 2426 2477 2498 petant],
2509 2428 2654 2481 dabit
2680 2427 2820 2480 bona
2845 2422 3149 2494 petentibus
3177 2423 3274 2478 se?
3304 2422 3436 2478 ltem
3469 2422 3669 2490 iniqui-

2088 2522 2216 2575 tatis
2239 2519 2470 2583 villicus,
2490 2518 2581 2587 qui
2605 2517 2810 2571 falsatis
2830 2514 3204 2585 cbirographis
3226 2514 3545 2585 providebat
3567 2513 3669 2567 sibi

2085 2618 2140 2665 et
2167 2610 2414 2664 laudatus
2456 2617 2540 2662 est
2581 2623 2612 2661 a
2639 2607 2854 2662 domino
2883 2620 3008 2669 suo;
3050 2606 3151 2659 hoc
3195 2612 3509 2675 argumento
3540 2619 3671 2659 con-

2088 2701 2386 2757 cludendus
2416 2698 2545 2772 [Αι.,
2576 2697 3219 2770 concludendum]-350
3236 2705 3317 2751 cst
3343 2714 3356 2750 :
3388 2697 3433 2750 si
3463 2696 3671 2751 laudari

2086 2794 2259 2863 potuit
2279 2792 2364 2847 ille
2384 2808 2415 2846 a
2432 2791 2647 2846 domino
2667 2805 2783 2853 suo,
2809 2789 2900 2858 qui
2921 2786 3162 2842 fraudem
3187 2785 3445 2850 faciebat,
3468 2795 3669 2855 quanto

2087 2881 2316 2952 amplius
2340 2879 2586 2950 placeant
2631 2877 2858 2932 Domino
2886 2877 3018 2941 Deo,
3045 2876 3134 2945 qui
3158 2881 3426 2945 prmcepta
3455 2872 3553 2946 [et]
3590 2874 3670 2927 in-

2087 2973 2275 3026 stituta
2321 2970 2551 3024 ﬁdeliter
2577 2976 2740 3040 agunt
2777 2966 2907 3038 [Al.,
2938 2964 3197 3037 servant].
3230 2964 3381 3019 Sicut
3406 2965 3569 3019 etiam
3600 2963 3667 3018 de

2082 3062 2266 3132 judice
2294 3060 2615 3132 iniquitatis,
2641 3059 2732 3129 qui
2778 3057 3218 3129 interpellabatur
3242 3072 3272 3110 a
3300 3055 3483 3120 vidua,
3514 3070 3663 3110 com-

2087 3154 2422 3225 parationem
2459 3152 2614 3206 duxit
2655 3150 2723 3204 ad
2761 3148 3001 3217 judieem
3048 3149 3248 3214 Deum,
3286 3148 3370 3203 cui
3410 3147 3556 3203 nulla
3602 3162 3668 3203 ex

2085 3254 2238 3314 parte
2251 3243 2414 3314 judex
2443 3243 2656 3312 iniquus
2678 3240 3038 3295 conferendas
3064 3250 3167 3295 est.

2666 3349 2894 3405 CAPUT
2934 3350 3072 3406 XVI.

2612 3458 2677 3495 DE
2717 3456 3146 3497 PEBIHEBDIENHS.

2156 3532 2217 3586 C.
2250 3531 2779 3587 Perihermeniarum
2808 3530 3134 3586 subtilitates
3161 3545 3193 3584 a
3224 3538 3274 3583 te
3311 3531 3499 3587 audire
3526 3532 3667 3587 desi-

2086 3625 2236 3689 dero,
2267 3624 2334 3678 de
2363 3623 2558 3693 quibus
2600 3622 2804 3676 dictum
2858 3629 2961 3685 est,
3008 3619 3350 3675 Aristotelem
3388 3622 3445 3675 in
3488 3633 3669 3677 mente

2086 3715 2311 3770 tinxisse
2335 3713 2623 3777 calamum,
2654 3711 2780 3766 dum
2809 3726 2903 3766 eas
2928 3711 3266 3779 scriptitabat
3288 3710 3426 3783 [Al.,
3454 3714 3670 3783 scripti-

2087 3804 2271 3876 taret].
2300 3834 2371 3845 —-—
2395 3810 2459 3858 Α.
2494 3802 2778 3858 Subtilitas
2812 3818 2997 3857 earum
3026 3802 3191 3856 nimia
3231 3810 3344 3869 est;
3374 3805 3470 3858 sed
3504 3820 3672 3876 angu-

2086 3897 2189 3949 stia
2210 3904 2407 3951 nostra:
2438 3894 2814 3965 disputationis
2830 3908 3002 3963 pauca
3028 3893 3094 3949 de
3117 3894 3197 3947 eis
3226 3902 3447 3965 tangere
3472 3896 3670 3961 habet;

2084 3997 2141 4043 ct
2162 3987 2552 4050 tantummodo,
2592 4001 2697 4056 quo
2722 3985 2825 4039 illa:
2855 3994 3119 4056 spectent,
3150 3986 3504 4055 aperiendum
3525 3987 3673 4043 vide—

2088 4089 2171 4133 tur
2196 4079 2333 4152 [Αι.,
2368 4078 2495 4150 est].

2156 4169 2216 4224 C.
2272 4170 2418 4226 illius
2470 4168 2701 4223 nominis
2756 4168 3257 4239 interpretationem
3299 4170 3537 4240 primum
3581 4186 3673 4224 ex-

2083 4277 2240 4333 pone.
2268 4292 2339 4301 —
2360 4262 2420 4313 Α.
2454 4260 2875 4317 Perihcrmeniae
2906 4261 3186 4326 dicuntur,
3214 4262 3364 4331 quasi
3395 4262 3463 4316 de
3504 4263 3675 4318 inter-

2084 4352 2402 4422 pretatione.
2444 4382 2515 4391 —
2537 4351 2596 4409 C.
2625 4350 2902 4417 Quomodo
2924 4353 2989 4406 de
3016 4353 3588 4421 interpretatione?—-
3607 4354 3670 4410 Α.

2086 4444 2272 4498 Omnis
2305 4443 2501 4513 quippe
2533 4458 2639 4504 res,
2667 4458 2787 4511 qua:
2833 4458 2938 4497 una
2980 4452 3084 4507 est,
3121 4454 3174 4497 et
3220 4459 3328 4497 uno
3374 4443 3671 4514 signiﬁcari

2087 4550 2335 4590 sermone
2357 4535 2570 4603 poterit,
2602 4543 2696 4587 aut
2734 4549 2832 4603 per
2859 4549 3074 4599 nomen,
3101 4542 3193 4587 aut
3220 4548 3316 4604 per
3337 4537 3566 4589 verbum
3589 4536 3676 4590 de-

2088 4631 2438 4680 monstratur.
2473 4621 2532 4675 C.
2559 4622 2840 4689 Quomodo
2876 4623 3278 4677 demonstratur
3307 4623 3389 4677 vel
3433 4624 3560 4689 hoc,
3592 4624 3673 4679 vel

2088 4716 2248 4772 illud?
2273 4715 2334 4769 A.
2359 4715 2461 4768 Per
2489 4729 2684 4768 nomen
2710 4714 3012 4768 substantia
3040 4714 3279 4767 omnium
3300 4728 3486 4767 rerum
3513 4714 3674 4785 signi-

2086 4810 2305 4874 ﬁcatur,
2327 4815 2408 4869 ut,
2431 4806 2603 4860 homo.
2638 4805 2741 4860 Per
2766 4805 2992 4859 verbum
3022 4806 3164 4859 actio
3183 4804 3268 4860 vel
3290 4806 3472 4874 passio
3494 4807 3673 4876 cujus-

2087 4902 2218 4956 libet
2252 4899 2331 4956 rei
2377 4897 2699 4963 ostenditur,
2736 4905 2813 4962 ut,
2858 4896 3012 4950 homo
3047 4898 3244 4960 currit;
3286 4897 3444 4950 homo
3473 4898 3667 4951 uritur.

2084 4992 2214 5059 Quae
2234 4991 2350 5045 duae
2372 4997 2548 5058 partes
2573 4988 2837 5042 orationis
2861 4988 3288 5055 interpretantur
3305 4993 3501 5050 totum,
3519 4985 3670 5057 quid-

2084 5083 2217 5153 quid
2237 5081 2711 5150 mensconeeperit
2743 5082 2810 5134 ad
2831 5079 3189 5147 eloquendum
3224 5077 3409 5152 [Μαίη
3444 5079 3668 5149 loquen-

2086 5171 2261 5244 dum]

2154 5263 2215 5316 C.
2253 5262 2390 5329 Quid
2416 5271 2515 5326 est,
2549 5261 2889 5329 conceperit?
2913 5290 2984 5300 —-
3011 5260 3077 5313 Α.
3105 5259 3450 5330 Conceperit,
3480 5258 3535 5315 id
3564 5268 3664 5321 est.

2092 5349 2450 5417 intellexerit;
2479 5351 2658 5407 omnis
2694 5350 2841 5423 enim
2862 5348 3094 5405 elocutio
3120 5350 3319 5406 mentis
3344 5348 3475 5423 [est]
3504 5350 3670 5403 inter-

2089 5462 2240 5515 pres;
2266 5447 2392 5516 quia
2420 5444 2562 5516 quod
2589 5460 2742 5500 mens
2777 5443 3045 5516 intelligit,
3076 5442 3309 5499 elocutio
3352 5442 3669 5511 interpreta-

2093 5548 2179 5594 tur
2207 5554 2303 5609 per
2335 5536 2598 5593 catafasln
2623 5536 2705 5591 vel
2734 5535 2999 5605 apofasin.

2156 5628 2222 5683 (Σ.
2265 5627 2535 5689 liaecduo
2581 5628 2819 5691 nomina,
2861 5641 2981 5696 qua:
3023 5624 3299 5687 induxisti,
3336 5621 3530 5678 Latino
3573 5633 3668 5676 ore

2093 5719 2294 5791 profer.
2312 5719 2442 5772 -Α
2467 5717 2734 5776 Catafasis
2757 5716 3083 5790 [κατάφασις]
3109 5725 3190 5773 est
3212 5714 3543 5783 affirmatio;
3574 5719 3636 5767 ut
3645 5748 3666 5779 ,
