3934 6180
347 406 453 460 973

1377 411 1847 469 DlDASCALlCA.
1889 445 1959 455 —-
1996 417 2081 472 DE
2121 419 2543 478 DIALECTICA.

3485 440 3593 495 97$

342 522 498 574 homo
537 521 721 574 currit.
771 520 1019 591 Apot‘asis
1062 522 1363 596 [ἀπόφασις]
1403 534 1487 580 est
1527 534 1778 597 negatio;
1835 537 1913 590 ut,
1952 533 1992 589 Α
2021 528 2144 585 ideo
2181 532 2526 591 hircocervus
2560 535 2773 591 videtur
2808 539 2935 604 dici,
2976 542 3102 611 quia
3128 546 3417 613 quamdam
3439 550 3592 604 simi—

338 611 496 665 homo
522 626 625 664 non
647 612 831 664 currit.

411 702 472 758 C.
501 703 643 771 Quot
657 704 861 773 species
877 713 999 760 sunt
1011 706 1538 765 Perihermeniarum
1550 712 1573 765 ?
1586 741 1656 751 —
1667 710 1732 764 Α.
1751 711 1806 765 ln
1833 726 1917 766 se-

336 801 483 863 ptem
511 793 718 865 species
739 796 1027 864 praedictus
1048 798 1397 869 phiIOSOphus
1421 799 1555 872 [Al.,
1579 801 1692 871 ipse
1710 800 1916 857 Aristo-

338 883 494 956 teles]
520 898 612 939 eas
637 884 842 950 dividit,
869 885 919 940 id
948 894 1052 951 est,
1074 903 1290 954 nomen,
1322 891 1566 958 verbum,
1591 891 1912 959 orationem,

334 974 794 1040 enuntiationem,
826 973 1239 1033 afﬁrmationem
1259 1020 1274 1044 ,
1304 982 1667 1051 negationem,
1697 991 1913 1038 contra-

334 1067 647 1124 dictionem.
670 1098 741 1107 —
769 1066 829 1121 C.
859 1067 997 1123 Num
1035 1086 1118 1125 me
1161 1072 1356 1126 iterum
1382 1088 1483 1143 per
1506 1075 1913 1144 grammaticam

333 1159 532 1213 ducere
557 1159 831 1229 disponis?
848 1190 918 1200 -—
933 1162 993 1214 Α.
1021 1161 1276 1232 Dispono,
1292 1164 1386 1219 sed
1410 1166 1705 1221 excelsiore
1724 1167 1911 1238 gradu.

332 1248 399 1300 Et
428 1248 473 1302 si
512 1251 834 1320 interrogas,
865 1251 1089 1317 videbis,
1142 1263 1401 1323 quantum
1438 1255 1603 1312 distat
1635 1256 1914 1313 dialectica

332 1337 469 1407 [Αι.,
492 1338 807 1411 dialecticae]
833 1342 1101 1398 subtilitas
1121 1360 1150 1398 a
1173 1347 1525 1415 grammatica
1544 1348 1910 1417 simplicitate.

851 1452 1102 1523 Deﬁnitio
1138 1458 1377 1515 nominis.

402 1539 464 1593 ο.
504 1539 710 1595 Nomen
741 1543 868 1612 quid
892 1545 1173 1601 est?——A.
1204 1546 1319 1602 Vox
1342 1549 1697 1619 signiﬁcativa
1720 1566 1913 1607 secun-

326 1631 455 1687 dum
477 1633 754 1703 placitum,
779 1635 898 1690 sine
928 1648 1187 1708 tempore,
1219 1637 1503 1695 ditﬁnitum
1522 1642 1723 1711 aliquid
1747 1643 1913 1713 signi-

326 1721 515 1785 ﬁcans,
564 1722 618 1775 in
656 1724 986 1779 nominativo
1028 1742 1181 1793 casu,
1228 1743 1350 1783 cum
1382 1740 1458 1783 est
1492 1738 1548 1784 et
1590 1747 1694 1784 non
1718 1740 1814 1795 est,
1854 1731 1911 1785 in

325 1809 559 1890 obliquis
583 1812 798 1867 casibus
821 1813 974 1878 nihil,
1021 1816 1173 1886 cujus
1201 1817 1343 1871 nulla
1374 1833 1501 1888 pars
1524 1826 1607 1873 est
1632 1819 1905 1890 signiﬁca-

326 1902 438 1955 tiva
463 1885 722 1973 separata.
753 1904 823 1961 Ut
851 1923 865 1959 :
893 1885 1164 1964 Socrates.
1181 1909 1321 1964 --C.
1349 1885 1602 1967 hucidius
1623 1885 1764 1968 hanc
1786 1914 1905 1984 phi-

321 1987 654 2061 losOphicam
684 1994 1057 2053 difﬁnitionem
1089 2000 1335 2070 explana.
1368 2000 1433 2054 Α.
1467 2001 1672 2057 Nomen
1700 2012 1784 2058 est
1808 2021 1905 2059 v0.1:

318 2082 686 2153 signiﬁcation.
731 2084 865 2141 Nam
908 2103 1067 2144 omne
1116 2105 1308 2144 nomen
1351 2089 1554 2159 aliquid
1601 2092 1901 2161 signiﬁcat,

317 2173 535 2230 visibile
564 2175 645 2231 vel
687 2177 976 2245 invisibile,
1019 2180 1373 2236 substantiale
1406 2182 1490 2237 vel
1531 2184 1801 2239 accidens.
1832 2214 1905 2228 —

320 2262 384 2317 (Σ.
414 2263 717 2337 [Quomodo
735 2267 1108 2335 substantiale,
1128 2271 1213 2324 vel
1227 2270 1500 2343 accidens]
1516 2272 1697 2326 ?—A.
1716 2273 1903 2331 Omnis

317 2357 467 2410 enim
514 2368 728 2425 natura,
777 2377 897 2429 qua:
920 2362 1220 2417 subsuntia
1256 2363 1360 2418 dici
1387 2373 1593 2434 potest;
1629 2373 1690 2420 ut
1722 2366 1899 2422 hante.

319 2443 389 2499 Et
412 2447 558 2501 omni
585 2447 748 2516 igitur
777 2459 1002 2515 naturae,
1032 2459 1230 2520 praeter
1254 2451 1347 2507 Dei
1372 2452 1559 2521 solius,
1587 2454 1787 2525 aliquid
1808 2472 1899 2512 ac-

315 2535 481 2603 cidit;
502 2545 563 2591 ut
580 2537 783 2593 homini
808 2539 862 2593 in
883 2554 1108 2609 corpore
1128 2541 1293 2606 calor,
1320 2543 1373 2597 in
1396 2543 1577 2600 animo
1597 2545 1896 2617 disciplina.

389 2623 450 2680 ϐ.
479 2626 726 2696 Nunquid
763 2644 870 2684 non
914 2630 1023 2686 Deo
1072 2632 1270 2687 accidit
1314 2633 1557 2700 bonitas,
1582 2635 1814 2706 justitia,
1844 2647 1900 2694 et

313 2724 528 2772 aeterm
551 2719 809 2777 virtutes?
825 2749 897 2761 —
918 2722 981 2776 Α.
1006 2721 1122 2778 Non
1148 2724 1345 2779 accidit
1361 2726 1412 2780 ei
1436 2726 1650 2783 bonitas
1673 2736 1728 2783 et
1738 2729 1899 2800 justi-

315 2807 424 2872 tia;
461 2808 552 2863 sed
579 2807 709 2880 [Al.,
739 2810 885 2883 quia]
918 2812 1030 2881 ipse
1053 2822 1135 2869 est
1162 2815 1375 2870 bonitas
1395 2823 1451 2870 et
1470 2814 1681 2884 iustitia
1700 2846 1713 2872 ;
1742 2818 1816 2874 ita
1843 2829 1900 2875 et

311 2896 386 2951 de
413 2897 534 2953 aliis
562 2898 852 2956 virtutibus
886 2903 1225 2958 sentiendum
1251 2915 1357 2960 est.

389 2983 448 3041 C.
475 2987 613 3055 Quid
641 2997 744 3055 est,
774 2992 1055 3045 secundum
1086 2993 1377 3063 placitum?
1402 3028 1473 3038 —
1498 3000 1563 3055 Α.
1589 3000 1648 3055 Id
1673 3009 1780 3069 est,
1805 3017 1895 3058 se-

310 3078 549 3132 cundum
569 3081 1011 3151 compositionem
1029 3084 1362 3155 singularum
1377 3090 1637 3158 gentium.
1659 3090 1793 3146 Nam
1808 3106 1897 3149 res

2020 618 2300 678 litudinem
2324 625 2485 681 habet
2510 628 2677 688 cervi,
2704 630 2992 697 quamdam
3029 632 3167 688 hirci
3191 635 3214 687 ?
3239 665 3311 677 --
3332 637 3397 691 A.
3430 637 3594 699 Forte

2015 710 2134 766 ﬁeri
2158 724 2357 783 potest,
2388 725 2447 772 ut
2472 720 2593 775 ideo
2623 721 2855 777 dicatur.
2885 722 2991 777 Sed
3020 725 3066 779 si
3089 727 3462 787 hircocervum
3493 749 3594 792 no-

2015 802 2200 868 mino,
2248 808 2390 876 quod
2433 810 2632 865 animal
2679 820 2807 869 tunc
2834 815 3087 887 intelligis
3125 834 3212 874 me
3240 822 3586 893 signiﬁcare;

2014 891 2097 945 vel
2140 893 2350 950 hircum
2382 898 2465 953 vel
2508 915 2727 955 cervum
2757 901 2938 974 [Μεδη
2984 906 3262 964 hircorum
3288 913 3371 968 vei
3398 891 3589 971 ceron

2015 982 2279 1055 rum]?—
2304 985 2364 1040 C.
2393 987 2500 1044 Nec
2520 991 2754 1055 hircum,
2782 1010 2882 1050 nec
2910 1012 3129 1053 cervum
3154 1017 3168 1066 ;
3199 1004 3293 1057 sed
3321 1003 3451 1060 illud
3476 1008 3592 1062 ani~

2015 1072 2142 1137 mal,
2171 1077 2314 1143 quod
2339 1092 2404 1132 eo
2432 1080 2568 1135 solet
2589 1083 2806 1139 nomine
2832 1086 3147 1156 signiﬁcari.
3177 1121 3248 1131 —
3272 1093 3337 1147 Α.
3377 1094 3445 1149 Ει
3470 1096 3590 1153 ideo

2012 1163 2148 1217 nihil
2174 1164 2303 1221 illud
2330 1184 2527 1225 nomen
2554 1184 2862 1242 separatum
2898 1179 3183 1250 signiﬁcat,
3214 1186 3358 1255 quod
3380 1186 3449 1241 ad
3478 1190 3590 1257 pri-

2012 1269 2154 1309 mam
2184 1265 2432 1314 naturam
2463 1264 2751 1331 pertineat,
2782 1282 2943 1336 quam
2977 1272 3153 1340 primo
3178 1276 3482 1346 signiﬁcare
3512 1283 3599 1337 in-

2008 1345 2264 1415 cipiebat.

2576 1444 2826 1515 Deﬁnitio
2863 1453 2999 1506 verbi

2080 1527 2141 1584 C.
2168 1530 2404 1588 Verbum
2438 1536 2569 1606 quid
2597 1540 2724 1594 est?
2746 1571 2816 1581 —
2843 1541 2906 1595 Α.
2950 1544 3064 1599 Vox
3105 1547 3457 1617 signiﬁcativa
3496 1569 3584 1609 se-

2010 1623 2243 1679 cundum
2283 1626 2563 1696 placitum,
2612 1647 2735 1687 cum
2779 1642 3019 1705 tempore
3057 1639 3341 1697 dil‘ﬁnitum
3381 1643 3583 1715 aliquid

2008 1712 2355 1783 signiﬁcans,
2413 1726 2470 1772 et
2511 1721 2780 1778 accidens.
2820 1754 2893 1765 —
2927 1724 2986 1780 C.
3032 1727 3272 1800 Intelligo
3319 1712 3487 1788 enim—
3515 1751 3583 1791 ex

2007 1803 2206 1871 prioris
2255 1805 2596 1866 dil‘ﬁnitionis
2644 1813 3123 1883 interpretatione,
3181 1821 3307 1889 quid
3353 1831 3436 1877 est
3478 1841 3579 1880 vox

2011 1890 2389 1962 signiticativa,
2437 1906 2493 1952 et
2521 1900 2654 1968 quid
2682 1904 2974 1959 secundum
2997 1906 3275 1975 placitum.
3323 1910 3391 1965 Et
3442 1913 3583 1969 forte

2008 1984 2137 2052 quid
2175 1986 2385 2042 sitcum
2431 1998 2659 2062 tempore
2695 1994 2872 2060 video,
2916 1999 3042 2067 quia
3083 2001 3306 2055 verbum
3334 2004 3470 2058 solet
3499 2019 3584 2059 se-

2007 2087 2130 2127 cum
2161 2083 2372 2147 tempus
2400 2082 2695 2137 attrahere.
2739 2082 2844 2140 Sed
2867 2101 3096 2156 expone,
3128 2091 3254 2159 quid
3283 2093 3354 2147 sit
3384 2093 3582 2150 difﬁni—

2008 2173 2120 2218 tum
2172 2166 2376 2238 aliquid
2423 2172 2733 2242 signiﬁcans
2778 2184 2833 2231 et
2874 2178 3169 2234 accidens?
3214 2212 3285 2222 -
3332 2183 3397 2237 Α.
3448 2184 3579 2241 Nam

2004 2271 2164 2313 omne
2203 2261 2428 2316 verbum
2472 2272 2677 2319 certam
2722 2268 2993 2338 signiﬁcat
3038 2274 3304 2329 actionem
3340 2283 3396 2330 et
3441 2274 3576 2348 [Al.,

2003 2348 2108 2420 vel]
2135 2351 2460 2424 passionem,
2488 2364 2567 2423 nt,
2594 2358 2753 2416 video
2772 2361 2856 2416 vel
2879 2363 3083 2418 videor.
3114 2365 3180 2420 Et
3204 2367 3422 2423 cuilibet
3448 2370 3577 2424 sub-

2002 2445 2214 2499 stantia:
2240 2444 2331 2499 illa
2357 2449 2500 2503 actio
2528 2450 2611 2504 vel
2639 2467 2820 2521 passm
2843 2454 2981 2511 solet
3009 2458 3278 2525 accidere,
3319 2468 3394 2526 ut,
3425 2470 3575 2531 puta,

2000 2529 2207 2589 homini
2234 2535 2418 2592 videre
2437 2538 2523 2593 vel
2547 2541 2739 2596 videri.

2071 2622 2132 2679 ϐ.
2177 2625 2234 2682 Si
2264 2630 2445 2684 omnia
2489 2630 2695 2705 [verba]
2737 2637 3002 2692 actionem
3054 2637 3206 2710 [Ms.,
3245 2641 3448 2716 actum]
3494 2644 3580 2701 vel

1998 2718 2308 2785 passionem
2337 2721 2661 2792 signiﬁcant,
2692 2728 2834 2782 unde
2866 2729 3044 2799 aliqua
3074 2731 3329 2788 dicuntur
3352 2742 3578 2793 neutra-

1998 2808 2110 2864 lia?
2132 2840 2203 2852 -—
2227 2809 2292 2867 Α.
2322 2811 2437 2868 Non
2465 2813 2603 2878 ideo,
2635 2819 2777 2886 quod
2806 2834 2968 2875 unam
3003 2836 3071 2876 ex
3099 2823 3184 2877 his
3214 2839 3320 2879 non
3343 2826 3579 2882 habeant

1997 2900 2446 2988 signiﬁcationem
2473 2921 2488 2971 ;
2539 2909 2633 2961 sed
2662 2908 2789 2977 quia
2840 2909 3185 2968 uniformiter
3213 2930 3427 2986 semper
3453 2933 3578 2988 pro-

1997 2978 2271 3059 feruntur,
2316 2993 2369 3047 id
2413 3002 2517 3059 est,
2563 2996 2650 3050 vel
2704 3006 2885 3053 actum
2933 3001 3130 3066 solum,
3185 3013 3246 3059 ut
3289 2978 3597 3071 niandirco,’

1996 3092 2198 3147 curro;
2250 3081 2337 3136 vel
2376 3084 2700 3153 passionem,
2733 3095 2813 3154 ut,
2842 3091 3054 3159 vapulo,
3084 3107 3276 3148 veneo.
3327 3094 3434 3150 Sed
3461 3097 3576 3153 htec

309 3167 522 3222 eaedem
546 3169 797 3225 omnibus
809 3172 1057 3241 gentibus
1078 3183 1232 3240 sunt;
1259 3178 1476 3232 nomina
1500 3194 1630 3235 vero
1657 3181 1889 3249 diversa,
1921 3205 1967 3268 ε
1994 3170 2151 3227 alias-

313 3261 380 3310 et
392 3258 683 3313 secundum
698 3259 952 3329 placitum
968 3263 1356 3333 imponentium
1373 3271 1686 3339 composita,
1702 3282 1761 3326 ut
1775 3274 1892 3328 auri

309 3346 506 3402 eadem
532 3358 725 3404 natura
748 3359 831 3407 est
864 3355 1004 3424 apud
1031 3354 1249 3412 Grtccos
1276 3366 1332 3413 et
1360 3358 1614 3429 Latinos;
1649 3363 1777 3419 dum
1814 3365 1890 3419 illi

310 3440 421 3496 hoc
468 3438 675 3512 Kryson
725 3445 1022 3510 nominant,
1053 3447 1142 3501 isti
1184 3466 1393 3504 aurum.
1423 3452 1569 3507 -—C.
1614 3453 1891 3521 Quomodo

309 3531 427 3585 sine
453 3541 678 3602 tempore
700 3534 726 3588 ?
749 3565 821 3575 —
846 3536 910 3589 Α.
938 3536 1073 3604 Quia
1116 3555 1309 3596 nomen
1358 3549 1566 3614 tempus
1596 3561 1701 3602 non
1726 3556 1891 3603 attra-

315 3621 419 3686 hit,
450 3621 589 3676 sicut
617 3623 779 3677 verba
806 3623 1026 3679 faciunt.

384 3709 444 3765 C.
466 3711 601 3779 Quid
620 3722 722 3777 est,
741 3715 1014 3784 diﬂinitum
1033 3716 1232 3789 aliquid
1245 3720 1504 3791 signiﬁcat
1519 3724 1696 3777 ?—-A.
1720 3725 1890 3781 Omne

310 3803 460 3857 enim
487 3818 680 3860 nomen
710 3806 762 3859 in
793 3807 1124 3864 nominativo
1146 3825 1274 3865 casu
1303 3827 1423 3866 cum
1449 3814 1616 3868 verbo
1642 3816 1891 3871 substan-

313 3892 429 3946 tiali
477 3910 593 3947 sum
639 3895 836 3965 aliquid
863 3905 1071 3952 certum
1101 3900 1389 3970 signiﬁcat,
1436 3902 1490 3957 in
1533 3903 1889 3962 afﬁrmatione

311 3985 399 4038 vel
429 3987 749 4055 negatione;
780 3996 858 4053 ut,
895 3989 1049 4043 homo
1096 4008 1235 4057 sum,
1280 3993 1432 4046 homo
1474 4010 1552 4059 es,
1589 3995 1744 4050 homo
1788 4008 1885 4051 est.

308 4072 486 4125 Arbor
512 4089 616 4127 non
638 4091 776 4141 sum,
802 4093 905 4130 non
925 4094 999 4141 es,
1028 4095 1129 4133 non
1151 4090 1245 4134 est.
1270 4080 1326 4134 ln
1351 4082 1582 4153 obliquis
1605 4100 1734 4139 vero
1757 4088 1891 4142 casi-

309 4162 416 4216 bus
445 4164 575 4217 nihil
601 4174 808 4220 certum
833 4168 1118 4238 signiﬁcat,
1144 4171 1244 4225 nisi
1277 4173 1473 4226 additis
1502 4173 1622 4228 aliis
1644 4177 1889 4244 partibus

310 4254 385 4308 ab
408 4253 617 4324 plenam
646 4257 1109 4327 signiﬁcationem,
1141 4270 1216 4325 ut,
1250 4261 1494 4317 Hominis
1523 4265 1675 4319 istius
1713 4276 1789 4320 est
1818 4267 1886 4320 li—

310 4343 406 4398 ber
432 4345 556 4410 iste;
587 4355 665 4412 ut,
697 4347 836 4402 Huic
862 4350 1059 4405 homini
1092 4352 1161 4405 da
1187 4352 1324 4407 hunc
1349 4353 1577 4419 librum;
1615 4365 1692 4424 ut,
1736 4357 1889 4414 Hunc

303 4433 573 4490 hominem
602 4435 767 4508 legere
791 4438 875 4507 fac
901 4438 1093 4494 librum
1117 4441 1303 4508 istum,
1342 4453 1420 4513 ut,
1450 4445 1528 4499 Ab
1558 4447 1653 4502 hoc
1681 4448 1889 4504 homine

308 4524 505 4579 librum
537 4527 696 4583 istum
724 4529 903 4585 didici.

388 4619 451 4675 C.
480 4621 618 4690 Quid
644 4632 747 4691 est,
783 4625 933 4696 cujus
958 4626 1104 4681 nulla
1126 4645 1248 4693 pars
1271 4637 1346 4682 est
1368 4630 1717 4700 signiﬁcation
1741 4651 1891 4705 sepa-

312 4722 435 4767 rata
453 4714 553 4768 ?A.
581 4714 714 4771 Nam
742 4715 992 4773 Socrates
1016 4719 1350 4790 trisyllabum
1379 4737 1572 4778 nomen
1600 4732 1713 4791 est;
1739 4740 1892 4795 sepa-

313 4805 452 4859 ratis
492 4821 621 4862 vero
644 4806 869 4876 singulis
896 4810 1133 4880 syllabis.
1174 4812 1248 4865 nil
1276 4827 1372 4882 per
1393 4828 1451 4867 se
1472 4813 1758 4885 signiﬁcat,
1792 4830 1893 4871 nec

309 4893 411 4959 So,
440 4911 540 4951 nec
564 4912 677 4963 cra,
703 4912 803 4953 nec
826 4907 921 4953 tes.

384 4984 544 5056 351
582 4982 642 5040 C.
692 4985 830 5042 Num
874 5003 981 5044 non
1018 4988 1245 5055 domus,
1286 4991 1331 5047 si
1362 4992 1620 5049 dividitur
1663 4993 1718 5050 in
1758 4995 1893 5051 duas

310 5075 571 5147 syllabas,
602 5076 657 5133 id
682 5086 785 5144 est,
814 5078 882 5134 do
902 5088 958 5136 et
982 5097 1112 5143 mus,
1144 5081 1414 5151 signiﬁcat
1448 5091 1630 5140 tamen
1656 5084 1894 5157 aliquid?

309 5174 371 5220 et
400 5166 527 5221 talia
552 5167 853 5225 innumera.
880 5200 955 5212 —
982 5170 1047 5224 Α.
1081 5170 1363 5244 Signiﬁcat
1401 5175 1578 5241 enim,
1617 5176 1711 5233 sed
1760 5177 1894 5233 nihil

315 5258 382 5311 ad
408 5258 609 5329 prioris
634 5261 868 5318 nominis
912 5263 1361 5334 signiﬁcationem
1403 5267 1643 5336 pertinet
1671 5269 1891 5325 secundi

310 5349 549 5405 nominis
592 5350 933 5422 signiﬁcatio.
970 5352 1108 5410 Nam
1141 5371 1256 5410 mus
1303 5356 1503 5411 animal
1549 5365 1634 5414 est
1667 5374 1767 5428 per
1793 5375 1890 5425 se;

312 5448 371 5494 et
398 5441 468 5496 do
506 5445 727 5499 verbum
751 5445 953 5517 aliquid
971 5447 1202 5502 actionis
1239 5447 1550 5518 signiﬁcans
1577 5468 1589 5503 :
1615 5451 1710 5506 sed
1737 5459 1892 5506 utro-

313 5548 547 5606 rumque
606 5536 929 5608 signiﬁcatio
976 5539 1052 5593 nil
1096 5542 1168 5596 ad
1220 5540 1438 5596 domum
1482 5535 1894 5612 signiﬁcandam

307 5625 571 5691 pertinet.

382 5720 443 5775 ϐ.
486 5717 730 5785 Qualiter
750 5721 804 5777 in
828 5724 1144 5794 compositis
1166 5720 1495 5791 nominibus,
1527 5732 1590 5780 ut
1609 5735 1696 5781 cst
1722 5726 1895 5781 hirco-

306 5834 513 5881 oervns,
565 5817 708 5888 quod
751 5833 926 5888 grzece
971 5818 1301 5891 tragelaphus
1334 5820 1569 5888 dicitur;
1622 5838 1748 5878 num
1784 5839 1890 5879 non

2511 3268 2764 3338 Deﬁnitio
2793 3273 3066 3328 orationis.

2062 3358 2121 3413 C.
2159 3358 2345 3415 Oratio
2381 3361 2511 3432 quid
2545 3363 2667 3417 est?
2693 3394 2763 3403 —-
2793 3363 2859 3418 Α.
2891 3363 3140 3436 Congrua
3166 3369 3404 3438 partium
3433 3372 3580 3433 ardi—

1989 3448 2176 3515 natio,
2230 3450 2525 3519 perfectam
2580 3454 2904 3508 sententiam
2950 3455 3366 3526 demonstrans,
3417 3460 3572 3531 cujus

1987 3538 2223 3608 partium
2275 3539 2480 3612 aliquid
2526 3552 2837 3612 separatum
2889 3544 3303 3616 signiﬁcativum
3351 3557 3455 3605 est.
3503 3582 3575 3592 —-

1989 3624 2050 3682 C.
2078 3629 2358 3697 Quomodo
2380 3641 2685 3701 separatum
2732 3633 3145 3705 signiﬁcativum
3166 3637 3191 3689 ?
3214 3668 3284 3677 -
3309 3637 3373 3692 A.
3401 3638 3565 3696 Plena

1988 3721 2203 3776 oratio:
2259 3720 2513 3793 Virgilius
2558 3724 2834 3780 {Eneadas
2865 3728 3069 3782 cecinit.
3126 3725 3377 3799 Virgilius
3412 3730 3578 3800 igitur

1987 3820 2045 3865 et
2068 3810 2342 3866 JEneadas
2372 3822 2427 3867 et
2452 3815 2637 3867 cecinit
2668 3816 2786 3870 haec
2822 3817 2923 3870 tria
2953 3825 3200 3886 separata
3245 3818 3450 3887 aliquid
3479 3835 3578 3889 per

1989 3914 2047 3953 se
2073 3901 2415 3968 signiﬁcant:
2456 3903 2711 3973 Virgilius
2754 3906 3049 3969 hominem,
3116 3906 3392 3965 Aineadas
3437 3925 3571 3980 gen-

1991 3997 2120 4057 tem,
2150 3991 2348 4047 cecinit
2377 3990 2627 4063 [actum].

2440 4100 2691 4169 Deﬁnitio
2720 4102 3118 4156 enuntiationis.

2059 4189 2119 4244 ϐ.
2150 4190 2291 4257 Quid
2332 4198 2416 4247 est
2442 4192 2785 4246 enuntiatio?
2805 4223 2876 4232 —
2901 4192 2964 4245 Α.
2997 4192 3311 4249 Enuntiatio
3344 4205 3430 4251 est
3449 4212 3569 4252 ora-

1990 4283 2065 4337 tio
2090 4284 2204 4337 veri
2249 4283 2333 4338 vel
2363 4283 2484 4340 falsi
2530 4284 2906 4354 signiﬁcativa.
2937 4315 3010 4327 —
3032 4283 3093 4339 C.
3141 4286 3419 4354 Quomodo
3459 4302 3572 4345 verr

1988 4372 2073 4428 vel
2098 4371 2217 4428 falsi
2248 4373 2602 4445 signiﬁcativa
2622 4375 2646 4428 ?
2667 4405 2739 4415 ——
2765 4373 2829 4428 A.
2855 4374 3190 4445 Principales
3216 4384 3341 4431 sunt
3365 4378 3574 4448 Species

1989 4465 2267 4529 orationis,
2297 4466 2593 4522 secundum
2620 4466 2933 4522 dialecticos
2954 4507 2969 4532 ,
3017 4468 3293 4538 quinque;
3334 4469 3429 4525 sed
3455 4470 3573 4526 btec

1915 4548 1966 4609 D
1990 4555 2121 4622 sola,
2168 4556 2222 4611 id
2258 4563 2363 4622 est,
2405 4557 2737 4611 enuntiativa
2776 4572 2965 4612 verum
3007 4557 3207 4627 aliquid
3249 4557 3334 4613 vel
3376 4558 3570 4618 falsum

1988 4645 2294 4716 signiﬁcat:
2327 4654 2406 4712 ut,
2432 4647 2586 4701 homo
2611 4655 2709 4711 est,
2737 4647 2823 4701 vel
2848 4648 3002 4701 homo
3040 4664 3146 4702 non
3167 4657 3283 4714 est;
3323 4646 3571 4706 Socrates

1990 4734 2244 4804 disputat,
2282 4732 2523 4790 Socrates
2565 4750 2668 4788 non
2696 4734 2948 4805 disputat.
2999 4734 3202 4790 Horum
3230 4736 3374 4793 enim
3402 4753 3569 4793 unum

1989 4840 2181 4880 verum
2208 4839 2328 4881 esse
2356 4840 2577 4881 necesse
2605 4832 2705 4888 est,
2741 4825 2794 4879 id
2823 4833 2929 4890 est,
2959 4833 3053 4879 aut
3078 4825 3356 4883 Socratem
3385 4828 3567 4899 diapu—

1994 4926 2129 4983 tare,
2160 4926 2253 4973 aut
2293 4917 2575 4975 Socratem
2606 4933 2712 4972 non
2747 4918 3041 4987 disputare.
3095 4918 3164 4973 Et
3205 4919 3258 4975 in
3304 4920 3407 4975 hac
3452 4921 3567 4976 sola

1993 5008 2171 5078 specie
2196 5007 2523 5079 philosophi,
2563 5008 2657 5078 qui
2679 5006 2748 5061 de
2772 5008 3001 5063 veritate
3024 5022 3203 5064 rerum
3226 5009 3312 5064 vel
3334 5009 3402 5066 de
3422 5008 3572 5067 falsi—

1994 5106 2107 5155 tate
2147 5099 2575 5172 dispntaverunt,
2618 5114 2811 5156 omnes
2840 5115 2969 5154 suas
3012 5107 3312 5169 posuerunt
3349 5107 3569 5156 contro-

1993 5208 2219 5249 νειειιιε.
3543 5237 3550 5244 .

2064 5284 2128 5339 C.
2158 5284 2300 5340 Num
2333 5291 2390 5341 et
2415 5284 2521 5341 illae
2549 5284 2670 5341 alite
2695 5283 2903 5355 species
2928 5284 3247 5355 quatuor'ad
3263 5283 3572 5342 dialecticos

1992 5393 2101 5432 non
2143 5377 2417 5448 perlimat
2435 5377 2460 5431 i
2481 5407 2555 5419 --
2580 5375 2646 5431 Α.
2678 5375 2793 5432 Νοη
2831 5376 3105 5445 pertinent
3131 5375 3200 5429 ad
3230 5374 3564 5441 dialectices,

1996 5468 2088 5520 scd
2116 5466 2183 5522 ad
2212 5466 2615 5538 grammaticos.

2065 5555 2125 5611 C.
2158 5557 2361 5613 Tamen
2385 5556 2598 5612 illarum
2625 5555 2845 5612 nomina
2876 5571 2999 5611 cum
3020 5556 3285 5626 exemplis
3312 5556 3496 5614 dicito.

2579 5647 2987 5719 Interrogativa.
3415 5668 3451 5696 μηδ

2063 5738 2126 5789 Α.
2156 5736 2251 5792 Est
2291 5739 2434 5794 enim
2469 5739 2711 5808 quintium
2753 5738 2959 5808 species
2986 5740 3248 5797 orationis
3270 5741 3564 5810 interregis-

1996 5824 2121 5891 tiva,
2152 5834 2210 5879 ut
2234 5841 2248 5880 :
