3906 6190
244 295 343 352 9ῖ7

305 407 372 462 Ρ.
401 407 540 474 Quid
563 416 689 463 sunt
709 423 830 462 ossa
852 410 874 461 ?
895 439 966 448 —
995 409 1060 461 A.
1091 409 1375 463 Fortitudo
1396 408 1660 477 corporis.

306 497 373 553 P.
407 499 546 565 Quid
576 507 702 552 sunt
728 514 877 554 coxae
898 499 920 552 ?
945 530 1012 539 -—
1035 499 1099 551 Α.
1129 498 1393 568 Epistylia
1415 497 1808 553 columnarum.

307 587 376 643 Ρ.
404 589 544 657 Quid
571 598 694 644 sunt
721 604 884 644 crura
905 590 1015 642 ?—
1043 590 1108 642 A.
1138 589 1414 644 Columna:
1438 587 1703 656 corporis.

307 678 373 735 P.
401 680 540 747 Quid
562 689 689 735 sunt
707 681 873 750 pedes
897 682 920 733 ?
947 712 1018 720 —
1039 680 1106 734 A.
1137 680 1332 735 Mobile
1378 681 1807 735 fundamentum.

305 773 372 829 Ρ.
405 775 543 842 Quid
567 783 652 831 est
683 775 900 845 sanguis
924 775 947 827 ?
975 805 1044 814 —
1079 775 1143 828 A.
1185 774 1394 828 Humor
1419 788 1698 835 venarum,
1727 773 1809 824 vi-

237 876 302 923 tae
332 866 670 921 alimentum.

305 956 374 1011 P.
409 957 551 1025 Quid
577 965 702 1012 sunt
724 971 875 1011 vente
899 958 921 1010 ?
946 987 1018 996 —
1046 958 1109 1010 A.
1141 955 1341 1011 Fontes
1370 958 1572 1011 carnis.

306 1049 375 1103 Ρ.
406 1047 547 1116 Quid
574 1055 661 1103 est
683 1048 878 1104 cmlum
904 1049 1018 1102 ?—
1041 1047 1105 1100 Α.
1133 1047 1353 1117 δριιωτδ
1378 1047 1647 1112 volubilis,
1675 1046 1812 1118 [cul-

237 1155 359 1195 men
393 1137 764 1210 immeusum].
1262 1151 1270 1158 ·
1711 1160 1715 1163 -

303 1229 370 1285 Ρ.
398 1230 538 1298 Quid
565 1239 648 1285 est
676 1230 768 1284 lux
793 1231 817 1283 ?
842 1261 912 1270 ——
937 1231 1002 1284 Α.
1034 1230 1226 1284 Facies
1243 1231 1484 1285 omnium
1511 1246 1714 1284 rerum.

302 1320 369 1375 P.
394 1320 534 1388 Quid
557 1328 643 1376 est
662 1320 775 1375 dies
791 1320 818 1375 ἲ
859 1350 923 1360 -
947 1320 1012 1372 Α.
1044 1321 1459 1376 Incitamentum
1489 1321 1708 1375 laboris.

304 1408 370 1464 P.
402 1411 544 1478 Quid
574 1417 658 1465 est
684 1410 805 1465 sol?
829 1441 900 1450 -—
926 1411 991 1464 Α.
1022 1408 1286 1478 Splendor
1314 1410 1488 1474 orbis,
1539 1410 1661 1465 coeli
1690 1407 1808 1479 pul-

234 1504 501 1567 chritudo,
558 1510 765 1558 natura:
813 1501 1010 1573 gratia,
1041 1502 1218 1557 honor
1245 1502 1372 1565 diei,
1406 1502 1662 1556 horarum
1692 1501 1806 1555 dis-

237 1594 488 1648 tributor.

305 1681 371 1734 Ρ.
396 1681 534 1749 Quid
561 1689 645 1736 est
681 1680 805 1734 luna
827 1683 850 1735 ?
871 1709 940 1721 --
967 1681 1032 1734 Α.
1057 1681 1257 1737 Oculus
1287 1683 1480 1746 noctis,
1524 1683 1664 1737 roris
1693 1682 1802 1735 lar.

234 1788 318 1842 ga,
347 1786 586 1842 pmsaga
611 1779 875 1841 tempesta
884 1781 1016 1826 tum.

311 1861 372 1915 P.
403 1861 540 1929 Quid
557 1869 683 1916 sunt
711 1861 877 1916 stella:
897 1863 920 1914 ?
942 1893 1012 1902 —
1035 1863 1099 1915 Α.
1127 1863 1343 1917 Pictura
1369 1864 1637 1929 culminis,
1667 1880 1802 1920 nau-

235 1962 411 2008 tarum
441 1954 848 2024 gubernatores,
884 1955 1058 2010 noctis
1085 1957 1265 2011 decor.

310 2044 371 2099 P.
405 2044 544 2112 Quid
573 2054 655 2100 est
683 2045 906 2116 pluvia?
934 2078 1003 2087 —
1026 2047 1089 2101 A.
1134 2047 1424 2119 Conceptio
1461 2058 1618 2106 terrae
1638 2091 1652 2115 ,
1697 2051 1808 2105 fru-

233 2153 357 2209 gum
379 2138 634 2208 genitrix.

303 2228 368 2283 P.
394 2227 533 2296 Quid
570 2237 653 2284 est
677 2229 915 2284 nebula?
936 2260 1003 2269 -—-
1035 2232 1098 2284 A.
1132 2230 1248 2285 Nox
1274 2232 1328 2285 in
1357 2231 1467 2297 die,
1494 2233 1646 2289 labor
1675 2249 1802 2289 ocu-

230 2316 426 2373 lorum.

302 2408 367 2465 P.
397 2410 533 2479 Quid
565 2422 648 2466 est
675 2419 865 2466 ventus
890 2412 912 2464 ?
936 2442 1005 2451 —
1028 2412 1093 2464 Α.
1122 2412 1280 2467 Aeris
1301 2415 1657 2483 perturbatio,
1698 2431 1810 2471 mo-

229 2501 410 2558 bilitas
434 2517 720 2572 aquarum,
761 2501 982 2556 siccitas
1011 2509 1187 2556 terrae.

299 2590 367 2646 P.
398 2592 537 2660 Quid
566 2601 650 2648 est
689 2601 833 2648 terra
854 2594 876 2646 ?
895 2625 965 2633 —
991 2593 1057 2647 A.
1092 2594 1265 2648 Mater
1295 2598 1678 2661 arescentium,
1704 2617 1806 2654 nu-

228 2686 338 2740 trix
369 2685 690 2747 viventium,
714 2685 994 2740 cellarium
1032 2685 1179 2750 vitae,
1209 2687 1520 2741 devoratrix
1542 2690 1804 2744 omnium.

300 2774 366 2830 P.
400 2775 538 2844 Quid
559 2785 642 2830 est
656 2791 804 2830 mare
823 2776 928 2828 ?—
947 2775 1010 2828 Α.
1035 2776 1288 2830 Audacius
1301 2778 1387 2832 via
1410 2775 1560 2848 [Ms.,
1584 2779 1809 2834 audacia

225 2868 396 2940 viae],
427 2867 582 2923 limes
613 2877 790 2931 terrae,
816 2867 1344 2937 divisor-regionum,
1381 2870 1678 2940 hospitium
1708 2870 1808 2926 ﬂu-

222 2961 459 3023 viorum,
491 2956 879 3013 fonsimbrium
897 2999 912 3013 .
936 2957 1205 3029 refugium
1231 2958 1286 3012 in
1303 2960 1561 3028 periculis
1587 3001 1600 3025 ,
1634 2961 1807 3031 gratia

222 3053 279 3107 in
299 3049 682 3118 voluptatibus.

299 3139 367 3194 P.
407 3140 544 3208 Quid
575 3149 700 3194 sunt
741 3139 1003 3195 ﬂumina?
1026 3172 1097 3181 —
1122 3141 1186 3195 A.
1228 3141 1433 3197 Cursus
1466 3141 1804 3207 indeficiens,

223 3231 453 3288 refectio
482 3231 631 3295 solis,
657 3231 906 3300 irrigatio
930 3239 1112 3286 terrm.

300 3322 368 3377 Ρ.
387 3322 527 3390 Quid
557 3331 642 3378 est
680 3337 819 3390 aqua
843 3323 865 3375 ?
888 3354 956 3361 —
982 3323 1045 3376 A.
1075 3322 1387 3379 Subsidium
1415 3325 1538 3378 vita:
1562 3365 1575 3389 ,
1606 3325 1811 3381 ahlutio

221 3415 490 3471 sordium.

299 3505 367 3560 P.
393 3506 532 3574 Quid
572 3514 655 3561 est
679 3505 859 3575 ignis?
880 3535 948 3544 ——
977 3506 1040 3559 Α.
1091 3504 1251 3561 Celer
1274 3506 1503 3569 nimius,
1538 3505 1680 3561 lotus
1718 3521 1813 3559 na-

227 3599 525 3659 scentium,
551 3595 844 3649 maturitas
868 3594 1104 3664 frugum.

302 3685 369 3742 P.
411 3686 553 3755 Quid
597 3693 683 3740 est
727 3683 1136 3754 frigus?—A.
1192 3685 1497 3740 Febricitas
1545 3689 1815 3743 membro-

228 3799 373 3838 rum.

301 3876 370 3931 Ρ.
402 3875 538 3942 Quid
591 3881 672 3929 est
724 3871 984 3943 gelu?—
1036 3871 1100 3923 A.
1157 3868 1469 3924 Persecutio
1498 3870 1810 3934 herbarum,

226 3967 461 4038 perditio
504 3965 662 4037 [Ms.,
709 3970 1046 4034 persecutor.
1092 4001 1106 4014 .
1151 3999 1164 4014 .
1207 3959 1474 4032 perditor]
1519 3960 1810 4027 foliorum,

226 4060 503 4116 vinculum
531 4069 709 4122 terrae,
743 4057 860 4112 fons
888 4071 1172 4125 aquarum.

304 4149 370 4204 Ρ.
396 4150 534 4218 Quid
555 4157 638 4204 εει
662 4149 797 4202 nix?
825 4177 896 4186 —
919 4148 981 4200 Α.
1013 4146 1165 4217 Aqua
1189 4145 1356 4200 sicca.

304 4240 370 4296 P.
397 4241 536 4309 Quid
563 4248 646 4295 est
675 4239 886 4293 hiems?
912 4267 980 4279 —
1013 4237 1077 4290 A.
1103 4235 1336 4290 {Estatis
1357 4235 1530 4289 exsul.

303 4335 371 4390 P.
409 4334 546 4402 Quid
572 4340 657 4388 est
684 4331 822 4386 ver?
848 4361 918 4369 —
946 4331 1009 4383 Α.
1039 4329 1222 4383 Pictor
1247 4338 1424 4382 terrm.

307 4423 374 4479 Ρ.
398 4423 538 4492 Quid
565 4429 651 4477 est
674 4428 837 4476 aestas
856 4419 882 4472 ?
902 4449 972 4458 —
1004 4417 1067 4471 A.
1093 4417 1349 4472 Revestio
1373 4423 1554 4481 terrae,
1589 4418 1813 4472 uulturi—

230 4520 308 4573 tio
337 4516 571 4587 frugum.

306 4607 374 4662 P.
403 4606 544 4674 Quid
571 4614 656 4662 est
679 4613 972 4659 autumnus
999 4603 1022 4656 ?
1049 4633 1120 4644 ——
1140 4602 1205 4656 A.
1238 4602 1696 4658 Horreum-anni..

306 4697 375 4752 Ρ.
399 4698 539 4766 Quid
563 4705 646 4751 est
672 4711 846 4750 annus
870 4696 892 4748 ?
914 4725 982 4734 -—
1012 4695 1074 4748 Α.
1101 4693 1371 4765 Quadriga
1395 4697 1598 4750 mundi;

305 4789 373 4845 Ρ.
411 4790 544 4858 Quis
569 4789 715 4844 ducit
744 4787 948 4861 [eami’]
975 4819 1046 4828 ——
1073 4789 1137 4842 A.
1171 4788 1287 4843 Nox
1320 4797 1374 4843 et
1399 4788 1536 4854 dies,
1567 4787 1736 4858 frigus
1765 4799 1828 4844 et;

228 4885 406 4941 calor.

309 4975 378 5029 P.
413 4973 546 5041 Quis
579 4979 666 5027 est
691 4973 878 5042 auriga
913 4971 1164 5041 ejus?—
1192 4971 1256 5025 Λ.
1289 4971 1381 5026 Sol
1411 4979 1466 5026 et
1484 4970 1628 5025 luna.

310 5067 379 5122 Ρ.
407 5067 548 5134 Quot
577 5065 743 5120 habet
760 5064 959 5134 palatia
984 5064 1007 5117 ?
1033 5092 1103 5102 —
1129 5063 1191 5116 Α.
1218 5060 1530 5117 Duodecim.

310 5156 379 5211 P.
415 5157 515 5223 Qui
544 5165 670 5212 sunt
715 5165 974 5227 prmtores
1019 5155 1343 5225 palatiorum
1371 5154 1394 5208 ?
1425 5183 1498 5194 —
1525 5153 1588 5209 A.
1629 5154 1816 5221 Aries,

230 5251 476 5315 Taurus,
512 5248 746 5314 Gemini,
775 5246 1002 5313 Cancer,
1044 5246 1175 5311 Leo,
1213 5247 1398 5318 Virgo,
1435 5246 1618 5310 Libra,
1660 5247 1816 5303 Scor-

232 5343 369 5413 pius
395 5381 410 5406 ,
457 5339 778 5394 Arcitenens
836 5339 988 5411 [Ms.,
1021 5339 1393 5412 Sagittarius],
1432 5339 1817 5411 Capricornus,

229 5433 536 5506 Aquarius,
567 5431 772 5486 Pisces.

312 5521 382 5576 P.
412 5521 556 5589 Quot
588 5521 705 5576 dies
752 5520 960 5575 habitat
982 5519 1138 5596 [Ms.,
1167 5521 1443 5594 habitant]
1486 5523 1541 5578 in
1580 5536 1827 5591 unoque-

233 5629 350 5688 que
365 5613 602 5684 palatio?
618 5643 685 5652 ——
708 5612 772 5664 Α.
805 5611 897 5666 Sol
918 5627 1026 5666 xxx
1057 5611 1196 5684 [dies
1213 5619 1268 5667 et
1292 5611 1476 5668 decem
1503 5610 1690 5684 semis]
1720 5613 1816 5669 ho-

312 5742 341 5770 ι
365 5727 485 5784 Vid.
519 5728 676 5799 epist.
702 5725 910 5783 Alcuini
939 5726 1029 5785 83.

966 295 1436 351 DlDASCALICA.
1479 327 1548 335 —
1588 294 1997 350 DlSPUTATlO
2034 281 2273 349 PlPPlNl
2313 292 2456 349 CUM
2495 293 2766 352 ALBINO.

1834 408 1884 465 Α
1913 421 2000 459 ras
2031 416 2078 458 ι.
2105 405 2254 459 Luna
2279 405 2414 458 duos
2436 404 2552 458 dies
2581 414 2637 459 et
2663 413 2784 459 octo
2818 405 2998 466 horas,
3046 414 3113 459 et
3152 406 3296 462 bisse
3325 409 3484 462 unius

1832 3105 1880 3168 Ο

3383 297 3487 353 9ῗὸ

1917 497 2082 551 horae.

1987 586 2053 642 Ρ.
2086 589 2358 658 Magister,
2392 593 2553 642 timeo
2577 590 2740 642 altum
2773 589 2945 644 ire.—~
2973 593 3034 643 Α.
3059 591 3192 657 Quis
3233 599 3286 645 te
3328 592 3483 646 duxit

1916 679 1970 734 in
1994 679 2160 734 altum
2182 682 2212 733 ?

1988 769 2052 824 P.
2086 769 2403 824 Curiositas.
2438 799 2506 809 ——
2534 769 2599 822 Λ.
2631 768 2687 824 Si
2723 771 2904 835 times,
2957 771 3277 826 descendam
3328 770 3483 843 μὴ..

1913 859 2348 929 descendamus].
2383 859 2594 929 Sequar
2618 875 2937 929 quocunque
2971 861 3115 916 ieris.

1987 950 2051 1006 P.
2077 950 2135 1006 Si
2166 952 2362 1006 scirem
2408 953 2534 1021 quid
2581 960 2724 1006 esset
2765 953 2938 1012 navis,
2969 967 3337 1022 praepararem
3364 953 3481 1014 tibi.

1912 1052 1972 1099 ut
1995 1045 2213 1098 venires
2251 1044 2316 1096 ad
2348 1059 2454 1097 me.
2475 1074 2547 1082 —
2569 1048 2631 1097 Α.
2661 1043 2825 1097 Navis
2871 1053 2955 1097 cst
2994 1045 3185 1099 domus
3233 1045 3487 1106 erratica.

1912 1137 2138 1192 ubilibet
2154 1137 2468 1206 hospitium,
2499 1137 2673 1192 viator
2695 1137 2812 1191 sine
2843 1138 3104 1208 vestigiis,
3131 1139 3306 1193 vicina
3331 1136 3487 1210 [Ms.,

1910 1229 2143 1300 vicinus]
2177 1244 2376 1284 arenae.

1985 1317 2050 1373 P.
2081 1318 2220 1386 Quid
2251 1328 2334 1372 est
2366 1319 2574 1373 arena?
2601 1349 2670 1360 —-
2691 1320 2754 1372 Α.
2785 1319 2964 1375 Murus
2987 1329 3162 1375 terrae.

1983 1409 2050 1466 P.
2082 1411 2220 1479 Quid
2251 1421 2335 1466 est
2361 1411 2570 1465 herba?
2596 1441 2669 1452 —
2696 1410 2760 1464 A.
2804 1411 2982 1466 Vestis
3010 1420 3185 1465 terra}.

1984 1501 2050 1558 P.
2078 1502 2217 1570 Quid
2272 1509 2396 1557 sunt
2441 1501 2640 1556 olera?
2675 1533 2744 1542 -—
2772 1501 2835 1554 Α.
2892 1501 3064 1555 Amici
3117 1501 3482 1556 medicorum.

1908 1594 2028 1652 laus
2050 1610 2369 1663 coquorum.

1985 1686 2051 1741 P.
2083 1684 2224 1753 Quid
2244 1693 2345 1750 est,
2395 1683 2537 1753 quod
2580 1699 2761 1737 amara
2792 1683 2964 1738 dulcia
2996 1683 3123 1738 facit
3151 1685 3265 1736 ?-——
3289 1683 3352 1736 Α.
3385 1681 3486 1737 Fa-

1839 1759 1884 1821 Β
1914 1791 2046 1832 mes.

1983 1864 2047 1918 P.
2076 1864 2216 1933 Quid
2243 1873 2347 1932 est,
2379 1864 2521 1935 quod
2546 1865 2822 1919 hominem
2853 1880 2958 1919 non
2989 1865 3192 1919 lassum
3219 1863 3347 1920 facit
3363 1865 3396 1917 τ·
3422 1889 3491 1901 --

1908 1956 1973 2010 A.
2000 1955 2260 2012 Lucrum.

1979 2049 2144 2122 35⁸4.
2167 2047 2232 2104 Ρ.
2277 2049 2416 2117 Quid
2457 2057 2539 2104 est
2561 2049 2804 2120 vigilanti
2846 2049 3106 2102 somnus?
3142 2048 3294 2101 —A.
3332 2045 3485 2118 Spes.

1983 2139 2048 2195 P.
2078 2141 2218 2208 Quid
2237 2150 2319 2197 est
2339 2156 2464 2212 spes
2490 2141 2513 2193 ?
2538 2171 2608 2182 -—-
2630 2140 2692 2192 A.
2720 2139 3080 2210 Refrigerium
3102 2139 3306 2196 laboris
3323 2180 3336 2204 ,
3364 2139 3484 2211 [du-

1909 2234 2032 2288 bius
2061 2231 2329 2304 eventus].

1984 2321 2049 2377 Ρ.
2081 2324 2222 2392 Quid
2249 2331 2331 2379 est
2361 2323 2640 2379 amicitia?
2668 2354 2738 2363 ——
2769 2322 2832 2375 A.
2863 2321 3167 2392 IEqualitas
3189 2323 3498 2378 amicorum

1913 2414 2065 2487 [Ms.,
2092 2413 2442 2487 animorum].

1983 2502 2048 2559 P.
2076 2503 2214 2572 Quid
2243 2512 2326 2561 est
2378 2504 2509 2560 fides
2531 2515 2637 2558 !'—
2667 2503 2730 2556 Α.
2773 2504 2970 2572 Ignotae
3016 2505 3102 2559 rei
3140 2514 3194 2560 et
3225 2506 3481 2562 miranda:

1913 2597 2198 2653 certitudo.

1985 2687 2051 2745 P.
2085 2687 2226 2758 Quid
2255 2695 2338 2742 est
2383 2688 2579 2742 mirum
2603 2689 2625 2740 ?
2649 2717 2715 2726 —
2745 2686 2808 2740 Α.
2841 2685 3022 2756 Nuper
3065 2689 3171 2742 vidi
3219 2688 3490 2742 hominem

1914 2788 2183 2842 stantem,
2239 2786 2511 2834 mortuum
2546 2777 3128 2860 ambulantem_[3!s.,
3184 2778 3490 2834 molientem

1914 2869 2325 2941 ambulantem],
2360 2869 2452 2938 qui
2476 2883 2753 2939 nunquam
2786 2868 2904 2922 fuit.

1991 2960 2054 3016 P.
2094 2961 2375 3029 Quomodo
2395 2969 2571 3032 potest
2598 2974 2716 3016 esse
2746 3002 2759 3025 ,
2790 2961 2963 3030 pande
2991 2961 3157 3015 mihi?
3175 2992 3244 3001 —
3270 2962 3332 3015 Α.
3360 2961 3494 3016 ἰτηδθ

1915 3070 1982 3125 go
2003 3054 2058 3108 in
2082 3067 2243 3122 aqua.

1984 3141 2050 3195 P.
2075 3140 2185 3197 Cur
2217 3142 2322 3196 hoc
2344 3156 2462 3196 non
2481 3141 2719 3197 intellexi
2744 3156 2844 3210 per
2870 3155 2976 3205 me,
3008 3143 3135 3196 dum
3187 3144 3346 3198 toties
3368 3145 3497 3199 vidi'

1914 3234 2084 3308 [hunc
2127 3235 2309 3305 ipsum
2348 3235 2644 3307 hominem]
2673 3236 2696 3288 ?
2724 3267 2793 3275 —
2831 3236 2893 3289 Α.
2927 3236 3064 3303 Quia
3111 3236 3485 3293 home-indolis

1913 3339 1972 3382 es
1989 3325 2205 3394 juvenis
2233 3333 2288 3379 et
2316 3323 2581 3378 naturalis
2610 3325 2810 3395 ingenii
2835 3366 2850 3391 ,
2881 3341 3179 3395 proponam
3212 3325 3308 3380 tibi
3335 3343 3484 3397 quae-

1917 3419 2040 3476 dam
2056 3418 2158 3473 alia
2173 3418 2308 3472 mira
2339 3425 2548 3482 ;'tenta,
2579 3417 2623 3471 si
2650 3432 2748 3486 per
2767 3417 2994 3487 teipsum
3023 3419 3198 3488 possis
3219 3420 3489 3482 coniicere

1913 3509 2024 3564 illa.

1987 3599 2053 3654 P.
2087 3600 2304 3656 Faciam
2336 3599 2487 3672 [Ms.,
2531 3599 2811 3672 faetemus]
2841 3617 2854 3666 ;
2888 3609 3066 3655 tamen
3101 3602 3195 3667 ita,
3231 3617 3274 3656 ει
3307 3617 3483 3664 secus,

1913 3707 2076 3761 quam
2097 3698 2198 3755 est,
2226 3690 2418 3752 dicam,
2445 3691 2688 3760 corrigas
2714 3706 2820 3745 me.
2845 3721 2917 3732 —
2943 3690 3007 3743 A.
3036 3691 3280 3755 Faciam,
3305 3700 3364 3745 ut
3383 3693 3490 3746 vis.

1914 3782 2147 3850 Quidam
2175 3782 2392 3852 ignotus
2413 3796 2623 3835 mecum
2657 3782 2775 3836 sine
2810 3781 2988 3851 lingua
3021 3791 3075 3836 et
3107 3797 3239 3837 voce
3269 3782 3485 3838 locutus

1917 3883 2020 3939 est,
2073 3874 2166 3944 qui
2199 3887 2475 3942 nunquam
2515 3881 2640 3926 ante
2689 3871 2830 3935 fuit,
2882 3888 2981 3927 nec
3027 3881 3215 3943 postea
3254 3874 3357 3928 erit
3392 3891 3406 3939 ;
3440 3882 3496 3929 et

1915 3982 2075 4036 quem
2097 3982 2204 4021 non
2226 3964 2530 4027 audiebam,
2555 3978 2657 4018 nec
2684 3964 2829 4018 novi.

1970 4057 2056 4117 .P.
2081 4057 2362 4111 Somnium
2404 4063 2457 4108 te
2484 4053 2670 4124 [forte]
2727 4053 3254 4124 fatigavitmiagister
3281 4058 3304 4109 ?
3330 4087 3399 4098 -—
3424 4057 3489 4110 Α.

1917 4148 2115 4211 Etiam,
2166 4144 2263 4198 ﬁli.
2292 4143 2431 4197 Audi
2471 4151 2525 4197 et
2560 4142 2704 4197 aliud
2737 4161 2747 4195 :
2789 4141 2906 4196 Vidi
2954 4151 3197 4199 mortuos
3226 4160 3490 4216 generare

1915 4244 2118 4305 vivum,
2141 4249 2196 4296 et
2223 4255 2354 4294 aura
2379 4237 2488 4291 vivi
2518 4237 2821 4306 consumpti
2848 4245 2973 4292 sunt
2993 4239 3209 4293 mortui.

1991 4330 2057 4384 P.
2094 4331 2172 4385 De
2195 4329 2480 4384 fricatione
2521 4328 2775 4382 arborum
2796 4327 2936 4396 ignis
2961 4335 3125 4383 natus
3150 4336 3234 4383 est
3261 4369 3276 4394 ,
3302 4344 3497 4386 consu-

1919 4442 2070 4482 mens
2102 4422 2393 4497 [arbores].
2423 4453 2496 4463 —
2525 4421 2587 4475 Α.
2637 4421 2975 4475 νετυωεει.
3014 4418 3207 4476 Audivi
3250 4430 3494 4478 mortuos

1920 4518 2087 4572 multa
2117 4517 2418 4587 loquentes.

1992 4609 2063 4664 Ρ.
2096 4605 2565 4677 Nunquam-bene,
2605 4602 2710 4656 nisi
2735 4601 3131 4670 suspendantur
3176 4602 3228 4656 in
3257 4616 3403 4657 aere.
3425 4632 3500 4646 ~—

1927 4699 1982 4755 Α.
2007 4696 2166 4752 Vere.
2193 4694 2315 4752 Vidi
2349 4693 2528 4763 ignem
2573 4691 2958 4745 inexstinctum
2996 4693 3305 4760 pausare'in
3328 4709 3494 4763 aqua.

1990 4787 2055 4842 Ρ.
2098 4786 2315 4841 Silicem
2355 4782 2436 4855 [in
2476 4798 2615 4851 aqua
2655 4781 2961 4851 significare
2999 4784 3100 4849 vis,
3136 4785 3302 4858 reor].
3334 4785 3492 4840 —-A’.

1921 4878 1992 4934 Ut
2021 4877 2183 4941 reris,
2231 4875 2312 4929 sic
2333 4881 2436 4929 est.
2473 4871 2591 4927 Vidi
2623 4881 2895 4926 mortuum
2920 4874 3194 4944 sedentem
3235 4893 3398 4947 super.
3423 4878 3508 4934 vi-

1917 4984 2066 5033 vum,
2092 4966 2221 5022 etin
2249 4966 2362 5020 risu
2383 4963 2581 5019 mortui
2596 4972 2842 5019 mortuus
2863 4972 2947 5020 est
2971 4966 3126 5022 vivus
3150 4964 3306 5038 [Με.,
3332 4967 3499 5024 mori-

1923 5068 2010 5115 tur
2031 5055 2230 5128 vivus].

1995 5149 2060 5202 Ρ.
2088 5147 2200 5202 Ηοε
2247 5147 2362 5201 coci
2416 5145 2567 5218 [Ms.,
2627 5143 2808 5218 coqui]
2859 5148 3035 5202 nostri
3092 5149 3492 5204 norunt—A.

1925 5237 2188 5313 [norunt].
2227 5236 2334 5291 Sed
2355 5251 2493 5307 pone
2520 5236 2750 5307 digitum
2776 5251 2938 5306 super
2969 5253 3050 5302 os,
3101 5253 3171 5294 ne
3210 5241 3363 5310 pueri
3393 5241 3497 5297 hoc

1928 5334 2161 5395 audiant,
2189 5329 2320 5402 quid
2343 5330 2430 5384 sit.
2462 5328 2561 5383 Fui
2597 5331 2652 5383 in
2684 5331 2969 5384 venatione
2993 5345 3113 5386 cum
3141 5331 3281 5398 aliis,
3311 5335 3365 5388 in
3391 5348 3498 5404 qua

1926 5425 1971 5479 si
1998 5423 2126 5492 quid
2148 5422 2410 5491 cepimus,
2446 5418 2578 5474 nihil
2610 5419 2892 5475 nobiscum
2924 5422 3259 5491 portavimus
3290 5441 3305 5490 ;
3333 5440 3493 5496 quem

1926 5529 2033 5569 non
2082 5512 2356 5584 potuimus
2390 5523 2614 5580 capere,
2665 5508 2884 5567 domum
2932 5513 3274 5583 portavimus
3320 5516 3499 5572 nobis-

1926 5620 2066 5660 cum.
