3934 6180
353 241 457 296 979

1162 235 1226 293 Β.
1267 234 1331 291 F.
1364 234 1591 293 Al.le
1629 235 1761 294 εει]
1799 237 2075 294 ΑιευιΝι
2113 237 2397 295 OPERUM
2434 237 2614 294 PARS
2652 237 2769 293 VII.

3506 241 3615 298 980

423 351 492 408 Ρ.
527 350 875 408 Rusticorum
917 356 1004 404 est
1054 348 1172 403 haec
1203 348 1438 402 venatio.
1474 376 1547 389 —-
1567 348 1769 404 A.Est.
1801 347 1923 405 Vidi
1949 350 2002 412 Α
2025 366 2301 412 nunquam
2327 349 2614 422 mortuus].
2647 350 2863 405 Tertius
2893 350 3060 404 semel
3086 360 3249 405 natus
3279 360 3334 405 et
3364 351 3449 408 his
3477 372 3621 411 tuor.

352 445 642 516 quemdam
666 450 870 504 natum,
897 449 1187 509 antequam
1209 448 1354 494 esset
1372 448 1682 508 conceptus.

428 530 498 590 P.
554 532 771 596 Vidisti,
796 540 852 585 et
879 530 1021 585 forte
1048 529 1560 596 manducasti.——A.
1596 528 1932 584 Manducavi.

359 625 503 693 Quid
552 623 706 695 [Ms.,
726 621 881 692 Quis]
909 630 1013 685 est,
1038 621 1129 688 qui
1163 634 1271 673 non
1303 629 1410 684 est,
1444 626 1500 674 et
1528 634 1727 674 nomen
1774 620 1937 675 habet

354 724 411 769 ει
436 726 763 783 responsum
790 712 883 766 dat
909 708 1168 765 sonanti?

430 804 498 859 P.
527 804 708 859 Biblos
736 804 789 858 in
820 802 955 857 silva
984 798 1135 872 [Ms.,
1172 799 1316 854 Bilos
1347 799 1400 853 in
1430 797 1604 871 silvis]
1638 799 1934 870 interroga.

357 926 428 936 -—
450 896 515 950 A.
554 895 671 950 Vidi
708 894 978 963 hospitem
1012 898 1321 947 currentem
1361 904 1485 944 cum
1507 890 1664 944 domo
1709 905 1842 954 sua;
1872 898 1928 945 et

364 985 456 1043 ille
487 986 721 1049 tacebat,
757 992 813 1040 et
835 984 1024 1039 domus
1047 982 1296 1036 sonabat.

430 1076 495 1131 P.
521 1076 658 1130 Para
683 1075 811 1129 mihi
840 1081 975 1138 rete,
997 1079 1053 1126 et
1078 1072 1310 1140 pandam
1338 1071 1455 1127 tibi.
1482 1103 1554 1114 -—
1576 1071 1641 1125 Α.
1668 1071 1802 1139 Quis
1825 1080 1932 1138 est,

358 1180 519 1234 quem
545 1165 727 1219 videre
757 1178 863 1217 non
893 1171 1045 1233 potes
1069 1161 1203 1232 [αυί.
1234 1201 1249 1214 .
1291 1202 1305 1214 .
1342 1161 1562 1232 potestl,
1600 1162 1703 1216 nisi
1734 1161 1933 1218 clausis

358 1254 577 1309 ocuhs?

428 1344 495 1399 P.
521 1345 624 1412 Qui
651 1344 849 1410 stertit,
906 1343 1002 1397 tibi
1025 1342 1264 1398 ostendit
1295 1342 1461 1396 illum.
1490 1371 1559 1380 —
1594 1340 1657 1394 A.
1697 1338 1815 1396 Vidi
1839 1343 1937 1396 ho-

359 1440 560 1495 minem
584 1447 707 1493 octo
731 1438 784 1492 in
827 1453 989 1492 manu
1014 1443 1310 1502 tenentem,
1355 1443 1410 1489 et
1440 1435 1506 1489 de
1532 1434 1744 1490 octonis
1772 1431 1937 1505 [subi-

359 1526 437 1599 to]
461 1527 637 1596 rapuit
660 1536 888 1597 septem,
914 1535 969 1581 et
997 1533 1374 1581 remanserunt
1407 1540 1521 1580 sex.

436 1614 498 1669 P.
533 1615 690 1670 Pueri
738 1617 795 1671 in
843 1616 1042 1670 scholis
1080 1615 1182 1670 hoc
1203 1616 1400 1669 sciunt.
1424 1644 1493 1654 —-
1519 1613 1583 1667 Α.
1632 1613 1765 1681 Quis
1814 1622 1918 1682 est,

361 1705 470 1770 cui,
504 1706 548 1759 si
574 1716 734 1776 caput
759 1706 1062 1768 abstuleris,
1103 1706 1261 1760 altior
1291 1706 1462 1776 surgit
1490 1706 1513 1758 ?

428 1792 494 1848 Ρ.
521 1793 655 1850 Vide
690 1794 840 1867 [Ms.,
874 1794 1041 1866 Vade]
1090 1794 1160 1848 ad
1186 1794 1386 1849 lectum
1414 1804 1569 1849 tuum.
1608 1806 1663 1850 et
1687 1795 1758 1849 ibi
1791 1795 1936 1850 inve-

362 1885 498 1940 nies.
524 1915 597 1924 —
624 1884 688 1938 Α.
731 1886 865 1939 Tres
908 1885 1098 1947 fuere;
1144 1900 1283 1938 unus
1309 1899 1575 1953 nusquam
1621 1883 1768 1955 [Ms.,
1796 1899 1936 1939 nun-

362 1972 548 2047 quam]
583 1983 742 2029 natus
775 1984 828 2030 et
856 1975 1022 2030 semel
1046 1983 1307 2030 mortuus.
1340 1973 1513 2045 [Alter
1542 1974 1709 2029 semel
1755 1984 1937 2037 natus,

2038 448 2161 493 tuus
2195 451 2243 492 ⁸³.

2105 526 2171 582 Ρ.
2204 530 2414 584 Primus
2461 529 2773 598 mquivocus
2817 537 2977 583 terra:
3002 526 3156 601 [Ms.,
3194 528 3352 603 mea]
3384 548 3623 597 ;secun-

2036 618 2136 673 dus
2163 619 2274 673 Deo
2297 634 2418 674 meo
2444 635 2457 684 ;
2484 619 2680 675 tertius
2712 620 2914 675 homini
2936 622 3180 691 pauperi.
3213 652 3288 665 —
3307 624 3375 679 Α.
3412 623 3511 681 Dic
3538 636 3622 682 ta-

2036 723 2159 764 men
2184 710 2387 779 primas
2412 708 2619 763 litteras
2647 708 2995 781 [nominum].

2106 798 2173 853 P.
2206 817 2244 854 1.
2272 816 2324 854 v.
2362 799 2490 872 [Ms.
2531 799 2659 872 1111,]
2686 800 2751 853 12
2797 817 2924 855 xxx.
2961 833 3035 843 —
3058 803 3122 857 Α.
3161 803 3282 860 Vidi
3353 806 3621 867 feminam

2034 892 2338 956 volantem,
2374 900 2611 947 rostrum
2664 891 2953 948 habentem
3005 893 3243 950 ferreum
3271 937 3288 963 ,
3314 907 3372 952 et
3412 914 3619 970 corpus

2033 982 2270 1054 ligneum
2293 990 2348 1035 et
2368 982 2593 1037 caudam
2624 991 2939 1053 pennatam,
2964 993 3193 1039 mortem
3219 996 3547 1056 portantem.

2103 1070 2168 1127 Ρ.
2202 1070 2360 1128 Socia
2382 1071 2631 1127 militum.
2660 1103 2732 1113 -ο
2755 1073 2819 1127 Α.
2859 1073 3000 1140 Quid
3025 1083 3109 1129 est
3130 1075 3326 1132 miles?

2100 1160 2165 1216 P.
2195 1162 2379 1217 Murus
2404 1163 2634 1232 imperii,
2663 1163 2825 1218 timor
2866 1164 3123 1231 hostium,
3160 1165 3454 1237 gloriosum
3501 1184 3621 1224 ser-

2038 1253 2243 1307 vitium.
2268 1282 2339 1293 -—-
2360 1252 2425 1306 A.
2463 1252 2603 1319 Quid
2637 1253 2887 1322 estquod
2913 1261 2995 1309 est
3021 1263 3077 1309 et
3097 1270 3205 1310 non
3239 1264 3324 1311 est
3356 1257 3381 1310 ἲ

2107 1342 2170 1400 Ρ.
2202 1344 2361 1400 Nihil.
2394 1375 2467 1385 —
2489 1344 2554 1399 Α.
2590 1344 2867 1411 Quomodo
2923 1354 3104 1417 potest
3143 1361 3266 1403 esse
3298 1356 3354 1403 et
3384 1365 3496 1405 non
3531 1361 3614 1406 est

2038 1435 2191 1510 [Ms.,
2227 1434 2371 1507 esse]
2394 1436 2418 1490 ?

2108 1526 2173 1581 Ρ.
2204 1526 2427 1582 Nomine
2479 1535 2585 1591 est,
2617 1536 2671 1581 et
2697 1542 2756 1582 re
2802 1543 2910 1583 non
2945 1537 3048 1585 est.
3078 1530 3230 1584 —A.
3261 1530 3402 1598 Quid
3452 1532 3617 1605 [Hs.,

2036 1617 2189 1691 Quis]
2216 1626 2302 1673 est
2326 1618 2524 1672 tacitus
2547 1620 2777 1674 nuncius
2793 1621 2816 1673 ‘!

1963 1701 2013 1761 B
2117 1708 2183 1765 Ρ.
2210 1709 2379 1776 Quem
2406 1725 2569 1764 manu
2600 1719 2775 1765 teneo.
2812 1741 2883 1752 -—-
2904 1712 2969 1766 A.
2994 1711 3130 1779 Quid
3161 1723 3313 1771 tenes
3339 1719 3550 1772 manu?

2117 1800 2181 1855 P.
2210 1801 2505 1871 Epistolam
2548 1816 2723 1856 meam
2754 1801 2909 1873 [Ms.,
2942 1803 3211 1876 tuam].——
3243 1805 3309 1859 A.
3337 1807 3485 1878 Lege
3509 1807 3619 1864 feli-

2043 1891 2202 1955 citer,
2231 1890 2322 1944 ﬁli.

429 2122 456 2152 ι
476 2108 673 2166 Confer
702 2109 967 2182 Symposii
1002 2108 1257 2181 Aﬁnigma
1288 2108 1383 2175 94,
1403 2116 1460 2163 et
1499 2108 1700 2164 Bonav.
1735 2106 1980 2162 Vulcanii
2011 2121 2132 2176 pag.
2161 2105 2284 2159 294.

364 2256 3594 2282 WW—

1204 2391 1647 2508 OPUSC
1666 2391 2050 2507 ULUM
2150 2389 2772 2502 SEXTUM.

688 2605 850 2691 DE
924 2600 1330 2687 CURSU
1404 2599 1555 2683 ET
1615 2597 1990 2683 SALTU
2046 2595 2393 2683 LUNIE
2462 2592 2615 2682 AC
2678 2597 3286 2685 BISSEXTO.

700 2808 862 2881 355
887 2804 1200 2862 MONITUM
1238 2802 1595 2860 PRAEVIUM.

431 2908 512 2965 Cl.
543 2906 922 2974 Quercetanus
937 2901 1079 2954 inter
1096 2898 1306 2974 Alcuini
1332 2897 1606 2967 epistolas,
1632 2897 1941 2974 suh_n_1_1me-

362 2981 440 3035 ris
463 2977 533 3033 25
552 2967 608 3031 Et
625 2973 700 3028 26
719 2974 851 3029 duas
878 2971 1095 3026 chartas
1119 2969 1322 3033 retulit,
1347 2983 1499 3037 quas,
1531 2983 1654 3023 cum
1679 2967 1813 3022 nihil
1840 2968 1938 3022 ha—

360 3015 1322 3112 hlgreun’tvl‘d-r‘mguep‘istﬂolaris;inde
1347 3015 1584 3112 3511112319
1625 3048 1679 3093 et
1710 3038 1766 3091 in
1798 3038 1940 3112 hunc
1965 3015 2013 3081 (ἶ
2041 3015 2333 3112 plorandas
2359 3052 2382 3112 _1
2419 3049 2544 3112 acce

363 3121 540 3175 locum
563 3106 882 3178 transferre,
918 3119 1083 3181 atque
1121 3108 1226 3164 illis
1252 3109 1457 3181 libellis,
1485 3106 1776 3181 adiungere
1818 3107 1936 3177 pla-

362 3190 493 3253 cuit,
524 3186 616 3253 qui
640 3184 832 3241 similis
857 3178 1041 3253 essent
1064 3180 1388 3253 argumenti,
1409 3178 1668 3253 nimirum
1693 3186 1941 3253 astrono-

360 3248 508 3313 mici.
534 3248 608 3311 De
628 3257 777 3310 hisce
795 3253 998 3308 chartis
1018 3248 1276 3305 Alcuinus
1300 3248 1681 3320 intelligendus
1696 3248 1936 3320 videtur,

361 3330 416 3383 in
455 3326 686 3396 epistola
703 3324 771 3378 85
794 3323 861 3376 ad
889 3320 1140 3396 Carolum
1169 3321 1242 3373 ita
1272 3317 1559 3396 scribens:
1594 3336 1613 3368 ι
1650 3317 1939 3396 Signorum

360 3387 828 3462 vero'partitiones
858 3406 960 3460 per
984 3391 1177 3462 horas;
1212 3389 1560 3462 etquomodo
1590 3387 1940 3462 convenirent

361 3456 553 3520 novem
566 3464 713 3516 hora:
738 3456 954 3513 lunares
982 3458 1218 3526 quinque
1238 3456 1428 3512 diebus
1454 3456 1721 3511 solaribus
1749 3456 1938 3510 memi-

362 3535 421 3590 ni
456 3547 542 3587 me
564 3532 619 3584 in
640 3530 743 3585 alia
765 3529 917 3583 vobis
939 3528 1169 3595 dirigere
1195 3526 1439 3595 epistola.
1476 3546 1496 3578 1

434 3601 663 3670 Scripsit
691 3614 819 3654 vero
846 3594 1191 3670 Alcumusad
1213 3594 1459 3670 eumdem
1483 3594 1938 3670 sapientissimum

361 3665 769 3742 regem—plura,
816 3666 1328 3742 quibus___scientiam
1378 3665 1794 3720 astronomicam
1838 3680 1938 3742 pro

360 3736 688 3799 modulo—sui
715 3736 974 3809 temporis
1003 3736 1271 3809 illustrare
1297 3743 1646 3809 conatusest,
1678 3736 1939 3809 quax‘plu-

358 3814 561 3869 rimam
590 3803 843 3880 partemf
872 3815 1032 3880 prout
1075 3806 1189 3880 jam
1230 3806 1477 3880 superins
1521 3803 1656 3875 (Col.
1689 3803 1938 3880 8§7)’no-

360 3875 615 3945 tavimus',
674 3875 974 3949 temporum
1013 3875 1581 3949 hominumquelapsn
1610 3875 1934 3949 perierunt.

360 3890 615 3945 tavimus,
674 3890 974 3949 temporum
1013 3890 1397 3945 nummumque
1434 3890 1581 3944 lapsu
1628 3890 1934 3997 Perierunt.

358 3952 510 4007 Hanc
540 3961 717 4006 tamen
751 3949 1016 4020 iacturam
1053 3953 1342 4020 evaserunt
1368 3945 1478 4020 bini
1504 3945 1664 4020 lihelj
1695 3945 1760 4020 de
1783 3943 1938 4020 _Sa_ltu

357 4022 499 4077 lunae
543 4030 598 4076 et
639 4020 706 4075 de
741 4014 1005 4081 Bissexto,
1054 4016 1144 4085 qui
1191 4030 1312 4069 cum
1346 4015 1590 4070 chartula
1615 4014 1938 4070 Calculatio-

359 4094 445 4147 nis
470 4090 537 4146 de
572 4089 896 4146 invenienda
916 4087 1040 4141 luna
1069 4085 1304 4155 paschali
1326 4088 1621 4155 etiamnum
1650 4092 1938 4155 supersunt

360 4171 522 4224 atque
562 4159 938 4216 custodiuntur
988 4157 1041 4211 in
1069 4152 1401 4211 bibliotheca
1452 4152 1744 4218 Vaticana}
1800 4170 1941 4224 quos

360 4178 415 4216 at
455 4178 522 4215 ue
562 4178 938 4216 cuswuiuntur
989 4178 1041 4211 tu
1078 4178 1401 4211 uwuuuwca
1464 4178 1744 4218 vuucana,
1800 4178 1933 4224 quos

356 4178 482 4287 inge
533 4230 791 4300 accepi‘a
852 4226 969 4300 Virg
1016 4225 1416 4300 eruditissimo,
1455 4238 1628 4300 quem
1652 4224 1764 4300 jam
1806 4224 1933 4300 alibi

356 4300 595 4364 laudavi,
624 4292 688 4353 D'.
728 4296 888 4352 Petro
925 4295 1213 4350 Francisco
1256 4294 1535 4365 Fogginio,
1583 4292 1820 4365 ejusdem
1854 4295 1935 4365 bi:

2114 2822 2193 2877 De
2224 2821 2463 2894 Bima
2486 2824 2691 2894 pariter
2715 2822 2896 2894 paucis
2923 2822 3046 2878 olim
3093 2841 3148 2879 se
3172 2825 3486 2883 ratiuncth
3513 2839 3620 2885 ιη.

2044 2901 2195 2965 ctare
2226 2893 2455 2965 cmpisse
2488 2893 3023 2965 Alcuinusutestatur
3070 2894 3124 2965 in
3162 2896 3320 2965 epist.
3366 2896 3489 2964 100,
3528 2901 3620 2958 ubi

2043 2963 2206 3039 etiam
2240 2964 2523 3039 proﬁtetur
2555 2978 2613 3039 se
2642 2964 2710 3018 ab
2739 2962 2846 3039 illo_
2878 2962 3285 3039 sapientissimo
3310 2982 3437 3039 rege
3470 2962 3490 3020 ἆ
3525 2986 3617 3025 ex-

2631 3048 2688 3087 se
2730 3051 2749 3083 ί
2798 3033 3071 3088 chartulas
3118 3033 3489 3093 calculatiénis
3537 3040 3615 3095 lu-

2673 3103 3064 3176 rteparationis,
3083 3104 3136 3157 in
3158 3106 3354 3174 quibus
3372 3108 3570 3176 inveni,
3590 3130 3611 3164 1

2038 3171 2236 3245 inquit,
2273 3192 2290 3223 ι
2324 3174 2559 3228 rationes
2582 3171 2989 3245 diligentissime
3016 3171 3330 3245 exquisitas,
3364 3171 3614 3235 acutissi-

2037 3257 2125 3316 1_ne
2147 3243 2412 3316 inventas,
2433 3244 2760 3316 nobilissime
2784 3243 3065 3316 prolatas:
3091 3243 3146 3299 et
3168 3249 3311 3316 quod
3342 3263 3462 3303 mea
3488 3251 3617 3305 olim

2036 3310 2250 3366 devotio
2264 3313 2330 3367 de
2343 3314 2586 3368 Bissexto
2600 3310 3067 3382 paucis'incboavit
3085 3310 3418 3381 ratiunculis,
3439 3331 3614 3376 vestra

2038 3382 2380 3454 sagacissima
2421 3383 2691 3454 indagatio
2733 3383 2945 3454 copiose
2992 3385 3296 3454 complevit.
3332 3406 3352 3438 1
3411 3388 3617 3446 Paucas

2038 3451 2202 3507 hasce
2222 3451 2633 3508 ratiunculas‘in
2665 3451 2893 3508 tractatu
2924 3469 3082 3523 quem
3118 3451 3205 3511 hic
3239 3473 3305 3511 ex
3334 3473 3440 3513 ms.
3466 3459 3616 3515 Vati-

2037 3535 2173 3575 cano
2216 3532 2270 3577 et
2316 3524 2384 3577 ad
2428 3524 2589 3578 tinem
2620 3523 2761 3578 illius
2785 3524 3014 3587 edimus,
3043 3526 3304 3581 contineri
3336 3543 3402 3582 eo
3439 3530 3618 3586 minus

2584 3049 2628 3088 lS

2041 3050 2330 3104 pioranaas
2364 3052 2382 3085 1
2419 3050 2613 3157 accepi:

2039 3103 2187 3157 naris
2214 3103 2301 3157 vel
2319 3103 2540 3158 bissexti
2566 3105 2613 3158 is

2038 3590 2364 3675 dubitamus,
2389 3594 2537 3675 quod
2551 3610 2582 3647 a
2601 3594 2737 3675 stylo
2757 3590 3124 3675 Alcuininnihil
3150 3596 3388 3661 abludat,
3418 3608 3618 3675 etcum

2037 3662 2292 3744 methodo
2311 3662 2688 3744 computandi,
2715 3679 2822 3734 quo
2850 3665 2903 3718 in
2933 3664 3051 3719 aliis
3074 3680 3205 3720 usus
3233 3675 3336 3728 est,
3371 3671 3617 3739 apprime

2038 3741 2343 3787 conveniat.

2109 3799 2259 3857 Haud
2278 3801 2661 3879 _di_splicebunt,
2705 3804 3085 3879 reor,_erudi_to
3109 3806 3319 3871 lectori,
3344 3823 3469 3876 qua:
3494 3811 3617 3879 qui-

2037 3869 2158 3924 dam
2197 3869 2457 3927 sodalium
2501 3883 2810 3929 nostrorum
2836 3869 2900 3929 in
2939 3876 3126 3930 ambas
3154 3869 3617 3934 commentatiun-

2037 3939 2186 3995 culas
2223 3943 2434 3997 Alcuini
2479 3943 2543 3997 de
2571 3943 2723 3998 Saltu
2755 3943 2895 4000 luna:
2933 3954 2987 3999 et
3014 3945 3257 4000 Bissexto
3285 3948 3612 4010 observavit,

2036 4017 2092 4063 et
2109 4025 2210 4086 pro
2246 4014 2525 4086 utriusque
2557 4013 2914 4086 illustratione
2935 4024 2991 4069 et
3014 4016 3346 4072 correctione
3373 4017 3575 4086 adjecit
3599 4037 3615 4074 :

2042 4098 2060 4129 ‹
2092 4084 2562 4156 Attentnslecton,
2591 4084 2786 4156 inquit,
2810 4085 2864 4139 id
2893 4086 3189 4156 generatim
3226 4084 3471 4143 advertet
3499 4104 3616 4144 om-

2035 4161 2134 4203 nes
2160 4150 2370 4206 Alcuini
2401 4153 2468 4208 de
2514 4150 2684 4208 Saltu'
2709 4154 2850 4209 lunte
2876 4150 3257 4211 c'alculationes
3284 4157 3354 4211 ad
3378 4157 3485 4213 hoc
3511 4158 3617 4215 tale

2034 4220 2309 4295 problenia
2336 4222 2518 4295 reduci
2555 4238 2732 4293 posse,
2755 4225 3043 4292 quomodo,
3073 4240 3263 4295 nempe
3286 4226 3416 4281 dato
3440 4228 3616 4285 incre-

2035 4298 2218 4363 mento
2247 4290 2421 4363 lunari
2451 4290 2675 4360 diurno,
2706 4290 2789 4348 vel
2814 4304 3119 4362 menstruo,
3149 4290 3233 4350 vel
3265 4312 3469 4363 annuo,
3507 4299 3615 4353 cal-

354 4359 637 4426 bliotheeae
663 4368 944 4423 ditissimaa
967 4359 1589 4435 solertissimojzustode.
1613 4359 1932 4435 Exstanthi
1960 4360 1967 4419 ἶ

2046 4359 2155 4435 culo
2197 4361 2533 4435 eruimpossit
2576 4364 2691 4435 dies
2734 4364 2962 4434 integra,
3006 4359 3126 4435 qua:
3178 4367 3348 4421 saltus
3390 4359 3615 4434 dicitur,

356 4441 523 4497 libelli
553 4439 749 4494 ibidem
788 4438 928 4491 inter
967 4450 1103 4489 mss.
1144 4433 1275 4501 Reg.
1310 4432 1470 4487 Suec.
1500 4434 1600 4488 sub
1628 4449 1774 4487 num.
1805 4433 1930 4499 226,

356 4510 450 4566 fol.
477 4510 564 4573 l8,
593 4519 647 4565 et
676 4509 730 4563 in
758 4507 879 4562 cod.
910 4521 1012 4560 ms.
1042 4503 1304 4568 Palatino,
1329 4501 1664 4573 πωπω-1449,
1687 4502 1779 4557 fol.
1807 4504 1865 4557 Η
1900 4519 1933 4559 a

357 4588 528 4652 tergo.
552 4571 909 4652 Nequevero
949 4575 1216 4652 ullatenus
1246 4573 1448 4633 dubito,
1479 4571 1933 4652 libelloseosdem

357 4641 484 4707 vere
518 4650 585 4704 ad
624 4641 909 4703 A'lcuinum
951 4646 1391 4716 pertinere,_cu_m
1416 4643 1559 4712 quod
1594 4641 1668 4696 illi
1693 4643 1934 4716 tribuan-

356 4728 448 4794 tur
485 4720 539 4794 in
575 4719 694 4794 illis
722 4712 997 4772 codicibus
1044 4714 1403 4794 perantiquis,
1478 4721 1592 4794 tum
1633 4712 1774 4794 quod

353 4790 614 4846 Alcuinus
644 4788 761 4842 illos
800 4782 1061 4857 tanquam
1102 4782 1410 4857 sui‘lahoris
1434 4792 1627 4857 partus
1651 4782 1933 4857 indigitare

353 4863 603 4916 videatur
628 4859 681 4913 in
705 4852 944 4928 epistolis
966 4857 1035 4910 82
1058 4865 1114 4910 et
1134 4854 1255 4928 μου.
1279 4853 1335 4907 In
1363 4852 1530 4923 priori
1555 4853 1627 4906 ita
1653 4852 1888 4928 loquitur
1914 4871 1929 4907 :

361 4949 382 4982 ι
420 4931 491 4988 Ut
517 4931 585 4986 ad
632 4924 889 4997 inquisita
941 4924 1198 4997 chartula;
1242 4933 1434 4997 vestra:
1484 4924 1928 4997 reSpondeam....

394 5016 526 5075 auca
573 5000 639 5054 de
670 4994 880 5053 ratione
914 4994 1191 5075 multiplici
1222 4994 1396 5075 saltus
1418 4994 1682 5075 snhjieere
1707 4995 1932 5075 curabo.

394 5016 526 5057 auca
573 5014 639 5054 de
670 5014 880 5053 ratione
914 5014 1191 5065 TﬂlllllpllCI
1222 5014 1396 5049 sanus
1418 5014 1682 5075 διιιψυεγβ
1707 5014 1932 5074 (ΞΡΙἨΠΟ.

352 5014 596 5127 grimum
626 5083 821 5140 ponam
840 5069 1001 5140 quod
1030 5066 1400 5140 indoctorum
1428 5064 1589 5140 didici
1630 5062 1932 5140 libris._Se-

353 5141 552 5207 eundo,
580 5133 721 5210 quod
751 5133 958 5210 ratione
981 5136 1238 5210 suadente
1264 5135 1587 5210 investigare
1607 5133 1769 5210 valui.
1800 5133 1932 5210 Ter-

354 5212 452 5275 tio,
497 5203 640 5282 quo'd
671 5206 1171 5282 ex‘ma‘thematicg
1195 5203 1479 5282 quondam
1515 5203 1700 5282 audita
1743 5204 1931 5282 menti-

353 5273 500 5336 uisse
515 5273 685 5350 'potui
737 5278 1039 5350 disciplina.
1075 5296 1094 5329 1
1132 5275 1197 5330 Et
1216 5273 1399 5350 lpaulo
1434 5273 1678 5350 inferius
1718 5290 1730 5326 :
1765 5291 1783 5324 ‹
1820 5273 1932 5350 llas

354 5342 728 5430 vero_lunaris
755 5342 924 5430 saltus
966 5342 1839 5430 supputationes‘aliquas,.[qu‘as]
1875 5343 1931 5398 in

358 5419 578 5491 alterius
616 5419 873 5491 chartulae
900 5413 1154 5491 [paginis]
1185 5416 1436 5471 distincte
1474 5413 1678 5491 notavi,
1706 5422 1767 5491 nt
1791 5413 1932 5491 prae-

356 5487 488 5550 dixi,
516 5504 584 5544 ex
623 5489 852 5545 lectione
879 5484 1226 5558 paternorum
1250 5499 1517 5558 sensuum
1539 5484 1731 5554 scripsi
1754 5499 1768 5541 :
1794 5484 1931 5558 alias

357 5571 427 5611 ex
455 5558 676 5640 rationis
719 5553 1029 5640 conjectura
1071 5553 1586 5640 investigavi;alias
1624 5553 1693 5608 ex
1723 5555 1933 5611 mathe-

362 5624 683 5685 maticorum
707 5622 874 5682 variis
899 5622 1364 5698 supputationibus
1398 5622 1606 5694 collegi.
1638 5642 1657 5675 1

2034 4429 2218 4499 elapso
2247 4429 2449 4505 scilicet
2484 4434 2635 4505 cyclo
2663 4429 3097 4505 decennovenali.
3136 4436 3230 4491 Vel
3263 4437 3525 4493 vicissim.
3558 4429 3616 4495 ld

2032 4508 2211 4581 autem
2251 4501 2530 4557 Alcuinus‘
2557 4504 2612 4558 in
2648 4504 2874 4559 diversis
2928 4505 3311 4581 hypothesibus
3365 4510 3612 4573 rescivit,

2032 4585 2175 4623 nunc
2196 4577 2588 4644 incrementum
2613 4584 2946 4629 menstruum
2970 4577 3215 4644 ponendo
3235 4587 3473 4643 quatuor
3496 4595 3614 4634 mo—

2032 4649 2339 4717 mentorum
2375 4650 2428 4696 et
2454 4642 2783 4717 duodecima:
2825 4642 2992 4714 partis
3020 4646 3297 4717 momenti,
3342 4663 3408 4701 ac
3446 4649 3610 4717 quin-

2031 4713 2338 4792 gentesimaa
2359 4714 2707 4782 sesagesimae
2722 4713 2925 4783 quarta:
2950 4716 3120 4784 partis
3145 4718 3427 4792 momenti,
3454 4713 3509 4792 id
3526 4728 3613 4774 est

2032 4787 2235 4847 atomi;
2283 4798 2425 4838 nunc
2467 4792 2700 4853 quatuor
2749 4794 3140 4858 momentorum
3167 4793 3220 4840 et
3251 4787 3606 4858 quadraginta

2029 4858 2153 4926 octo
2186 4860 2504 4926 atomorum,
2530 4861 2670 4926 etc.;
2696 4856 2855 4926 modo
2892 4855 3221 4926 incrementa
3258 4855 3611 4926 supponenda

2030 4919 2086 4974 in
2123 4923 2399 4994 temporis,
2420 4924 2594 4994 modo
2632 4924 2684 4978 in
2728 4925 3019 4994 eccliptica:
3045 4927 3289 4994 partibus
3316 4919 3467 4982 data.
3499 4927 3610 4983 Hoc

2029 5004 2159 5066 vero
2172 4994 2251 5066 vel
2266 4992 2454 5047 calculi
2467 4993 2706 5066 variandi
2723 4992 2914 5066 gratia,
2933 4995 3016 5049 vel
3037 4992 3178 5066 quod
3201 4997 3607 5066 magisarridet,

2030 5058 2253 5116 docendi
2282 5078 2443 5118 causa
2467 5062 2658 5119 fecisse
2685 5058 2984 5121 censendus
3007 5058 3106 5119 est.
3136 5063 3206 5120 Ut
3232 5058 3376 5120 enim
3404 5082 3531 5120 eum
3553 5058 3607 5123 in

2030 5130 2212 5185 schola
2247 5134 2431 5201 palatii
2476 5135 2859 5189 astronomiam
2889 5135 3135 5190 docuisse
3164 5146 3372 5190 certum
3402 5144 3505 5200 est,
3536 5138 3606 5190 ita

2028 5208 2084 5280 et
2110 5216 2205 5269 pro
2227 5204 2437 5258 diversa
2466 5204 2850 5275 discipulorum
2884 5206 3181 5275 capacitate
3204 5205 3452 5262 diversas
3469 5207 3607 5262 inire

2029 5284 2147 5325 V135
2168 5282 2387 5329 coactus
2406 5284 2543 5329 erat.

2103 5358 2143 5416 ι⁵
2166 5341 2283 5416 _Non
2307 5345 2501 5399 minori
2530 5344 2917 5416 perspicuitate
2935 5344 3005 5416 de
3031 5345 3278 5399 Bissexto
3331 5354 3467 5416 agit,
3532 5361 3597 5400 ac

2027 5410 2326 5488 problema,
2352 5423 2515 5485 prout
2530 5410 2742 5488 ibidem
2765 5415 2834 5469 ab
2857 5415 3083 5470 Alcuino
3095 5410 3457 5488 proponitur,
3479 5431 3602 5488 cap-

2028 5487 2086 5556 t_u
2112 5481 2426 5556 facillimum
2454 5492 2558 5556 est.
2586 5484 2843 5540 Duriores
2876 5500 3006 5541 vero
3028 5481 3361 5540 calculorum
3414 5481 3600 5556 spinas

2028 5548 2217 5608 Davidi
2247 5568 2347 5610 suo
2372 5555 2475 5611 hac
2500 5554 2554 5609 in
2583 5556 2810 5611 materie
2833 5556 3153 5618 reservavit,
3179 5563 3242 5608 ut
3272 5548 3462 5610 videre
3514 5563 3601 5611 est

2030 5619 2082 5675 in
2108 5623 2265 5693 epist.
2320 5623 2410 5693 85,
2448 5640 2555 5696 quo
2585 5640 2709 5681 cum
2755 5633 2811 5681 et
2855 5625 2987 5682 alias
3038 5625 3234 5696 saepius
3279 5623 3598 5697 fuliginosas
