3934 6180
176 5796 202 5818 ρ

148 5823 187 5841 ,νγ

297 283 398 339 981

1004 285 1471 345 DIDASCALICA.
1510 320 1583 331 —-
1618 289 1708 346 DE
1745 290 1977 348 CURSU
2014 293 2104 349 ET
2145 296 2367 352 SALTU
2402 295 2636 379 LUNIE,
2676 301 2828 359 ETC.

3393 314 3539 371 .983

289 397 1081 487 mathergattcprumcoquinas
1116 401 1364 487 intravit,
1407 409 1471 487 ut
1503 402 1626 485 ipse
1670 403 1864 487 scribit
1888 409 1941 468 Δ
1965 408 2130 464 intrat
2152 409 2286 465 hora
2305 411 2538 466 secunda
2559 411 2688 478 diei,
2720 414 3008 473 inchoante
3027 416 3172 474 bisse
3215 420 3362 479 illius
3389 423 3550 487 hora,

287 471 450 556 epist.
479 466 575 556 82¹ζ
609 476 675 556 ει
698 466 1082 556 εειὶιβὶοροιεξι
1126 466 1475 556 exepistolis
1500 466 1554 556 in
1594 474 1860 556 procemio

285 538 488 594 citatis.
531 538 850 610 Quanquam
879 538 935 593 in
973 541 1155 610 priore
1208 538 1439 597 tractatu
1492 544 1559 597 de
1595 538 1860 598 'Bissexto

285 624 394 665 non
425 619 534 663 tam
563 609 799 664 calculos
822 624 983 678 quam
1012 612 1302 684 multorum
1343 613 1410 684 de
1432 614 1533 666 hac
1557 629 1614 668 re
1650 614 1858 684 opinio-

283 693 386 755 nes
411 687 729 755 pertractet,
752 694 981 755 quarum
1006 680 1188 755 multa:
1207 722 1222 747 ,
1251 691 1311 736 ut
1358 682 1607 755 legantur
1623 724 1639 748 ,
1663 680 1861 755 dignis-

281 748 438 804 simae
466 758 608 822 sunt.
643 748 1003 822 Manuscripta
1043 751 1160 805 haec
1186 748 1440 822 corrupta
1467 754 1685 821 quidem
1710 748 1855 817 sunt,

281 832 352 892 ac
380 820 683 892 scribarum
716 820 1002 892 oscitantia
1030 821 1307 892 erroribus
1350 820 1591 892 oppleta,
1643 833 1701 877 at
1754 826 1857 878 hoc

281 888 458 962 ipsum
490 898 574 962 est
601 888 1077 962 deqqulcuinus
1099 890 1254 945 vivus
1274 888 1408 962 jam'
1427 888 1753 962 conquestus
1774 904 1857 949 est

280 958 336 1013 in
375 959 598 1029 epistola
628 959 716 1023 84,
745 959 815 1029 ad
840 958 1112 1012 Carolum.

358 1046 380 1080 ι
410 1028 682 1083 Caeterum
721 1028 823 1082 etsi
877 1043 1080 1098 paucos
1127 1028 1425 1085 habeamus
1481 1031 1581 1086 sub
1637 1035 1855 1090 nomine

277 1097 492 1153 Alcuini
521 1098 778 1161 calculos,
809 1097 1070 1168 plurimos
1100 1108 1279 1152 tamen
1312 1098 1427 1166 jam
1482 1103 1657 1157 editos
1706 1120 1850 1167 esse,

278 1174 426 1222 tecto
453 1168 691 1231 nomine,
740 1168 828 1220 vix
886 1183 993 1221 non
1042 1168 1290 1231 suspicor
1314 1182 1362 1223 δ.
1441 1170 1602 1227 Certe
1655 1173 1690 1227 ii
1740 1184 1850 1228 tres

1178 1239 1292 1293 εὔιε
1329 1240 1651 1314 scholiastes
1675 1246 1852 1314 capi-

275 1306 315 1360 ti
340 1308 413 1361 40
439 1308 507 1361 de
551 1315 854 1376 temporum
905 1306 1443 1375 Rationeannexuit,
1482 1318 1537 1364 et
1579 1306 1851 1368 scribendi

272 1377 508 1459 styler
524 1376 821 1458 calculandi
843 1376 1584 1459 methodo‘Alcuinum356
1610 1383 1845 1459 sapiunt.

274 1445 452 1523 §imili
480 1445 594 1502 fere
619 1446 1070 1523 suspiciqriequis
1095 1445 1522 1523 duci.posset,'s'i
1541 1445 1627 1515 Ea,
1658 1445 1777 1523 quae
1792 1454 1846 1508 in

270 1514 469 1591 Glossa
497 1514 802 1591 apud__Ven.
833 1514 1033 1591 Bedam
1063 1525 1189 1571 sunt
1205 1514 1336 1591 tom.
1377 1519 1441 1591 ll,
1459 1536 1582 1591 pag.
1609 1514 1698 1587 85',
1720 1537 1849 1577 con-

270 1587 461 1641 tulerit
489 1585 612 1642 cum
638 1587 853 1661 iisquae
878 1585 1135 1661 Alcuinu‘s
1159 1588 1228 1641 ad
1265 1585 1519 1661 Carolum
1532 1585 1704 1661 fepist.
1753 1593 1843 1657 85,

269 1663 326 1708 et
353 1671 417 1710 ea
448 1671 565 1732 quin
588 1656 728 1727 apud
748 1656 875 1732 lteri.
908 1664 1046 1732 tom.
1064 1657 1185 1732 cit.,
1233 1659 1477 1732 pa_g._89A
1498 1656 1843 1732 (Patrolagiw

270 1671 326 1708 et
353 1671 417 1710 ea
448 1671 565 1780 qua:
588 1671 728 1727 apud
748 1671 875 1710 ucu.
908 1671 1042 1710 tom.
1064 1671 1185 1721 cit.,
1233 1674 1356 1728 pag.
1388 1671 1456 1714 δυ
1498 1671 1702 1731 (Patro!

270 1735 437 1849 tgtrlripa
468 1725 568 1849 ag;
590 1741 711 1847 opm
748 1726 814 1780 iis
845 1740 965 1795 quae
985 1725 1243 1782 Alcuinus
1271 1729 1338 1782 de
1359 1727 1585 1785 Ratione
1610 1730 1702 1786 Iun

266 1797 437 1849 multa
468 1797 586 1849 alia.
624 1815 643 1847 ι

342 1866 568 1921 Demum
594 1867 647 1920 in
686 1866 792 1921 alio
828 1881 1069 1935 quonam.
1089 1866 1276 1923 codice
1303 1883 1407 1924 ms.
1453 1870 1714 1925 Vaticano
1741 1873 1844 1927 sub

263 1950 421 1990 num.
464 1935 596 2009 tri-49
647 1936 840 2009 Albino
893 1938 1183 2009 magistro”
1214 1938 1469 1993 tribuitur
1520 1939 1838 2009 Calculatio,

258 2007 527 2081 quomodo
556 2007 973 2081 repgriripossit,
1004 2023 1106 2076 quo
1131 2008 1214 2061 die
1242 2010 1432 2081 mensis
1461 2009 1541 2064 vel
1575 2021 1733 2081 quota
1758 2007 1838 2080 fe?-

262 2072 349 2127 ria
375 2091 467 2146 xiv
488 2072 854 2129 luna'PascI'tae
880 2072 1121 2129 occurrat
1144 2094 1233 2146 per
1257 2077 1430 2131 decem
1454 2088 1503 2132 et
1529 2072 1709 2133 novem
1738 2072 1833 2136 ἀη-

262 2160 382 2198 ιιοε.
406 2144 620 2215 Scripta
648 2154 749 2210 est,
781 2154 941 2214 prout
965 2144 1155 2201 versus
1192 2147 1246 2200 in
1276 2146 1381 2201 ﬁne
1396 2149 1577 2203 τιτι(ιὶῑί
1628 2158 1836 2205 testan-

266 2221 377 2289 tur,
400 2215 470 2289 ad
506 2216 794 2289 quemdam
821 2216 1095 2289 comitem,
1140 2216 1599 2289 cujusdignitatis
1651 2220 1836 2289 plures

256 2282 753 2357 Alcuinus'amicos
778 2286 1172 2357 babuit,iatque
1193 2282 1833 2357 saepius'epistolis’hono-

261 2354 643 2428 ravit._Ex_stat
669 2356 884 2428 quidem
911 2354 1109 2428 eadem
1130 2354 1521 2428 Calculatio'in
1569 2358 1833 2428 Operibus

261 2420 396 2496 Χειέ
427 2423 603 2496 Bedes,
633 2420 762 2496 tom.
792 2426 831 2496 Ι,
860 2441 979 2496 pag.
1012 2426 1136 2491 195,
1174 2427 1303 2482 edit.
1333 2420 1658 2485 Basileensis
1703 2433 1829 2486 anni

257 2490 419 2556 1565,
450 2493 712 2550 insertum
751 2490 1018 2563 libello'de
1041 2490 1384 2563 Argumentis
1409 2499 1582 2563 lunae;
1633 2507 1688 2554 et
1732 2501 1831 2556 ite-

253 2576 387 2641 rum
411 2572 539 2641 tom.
568 2565 782 2641 ll,__pag._
810 2565 914 2641 345
941 2562 1281 2641 (Patrqlogiw
1310 2575 1455 2641 tomo
1483 2562 1613 2641 X_C),
1631 2581 1828 2641 assuta

252 2631 494 2710 epistola:
517 2635 584 2710 ad
615 2631 959 2710 Wic‘rhedam
978 2631 1353 2710 presbyterum
1379 2640 1444 2694 de
1481 2631 1826 2710 Equinoctio

246 2698 402 2778 juxta
423 2702 787 2778 Anatholium.
834 2698 1030 2760 Verum
1080 2698 1218 2762 hanc
1272 2698 1633 2778 Appendice'm
1685 2711 1827 2769 illius

247 2770 492 2844 epistolae
520 2774 756 2842 spuriam
781 2790 921 2840 esse,
953 2784 1113 2844 atque
1135 2792 1167 2831 a
1195 2770 1505 2835 melioribus
1517 2779 1671 2834 codd.
1688 2797 1819 2837 mss.

249 2848 444 2913 abesse
470 2853 766 2913 agnoscunt
790 2860 850 2899 ac
878 2854 1141 2900 testantur
1178 2848 1353 2902 critici
1381 2850 1676 2904 acutissimi
1712 2850 1823 2905 Ma-

246 2909 746 2985 billoniilgFl-anc.
796 2914 1112 2978 Chililetius,
1163 2915 1377 2985 Pagius,
1420 2919 1483 2972 D.
1525 2918 1742 2975 Ceillier
1765 2930 1821 2975 et

247 2979 364 3035 alii.
388 2982 649 3037 Libellum
673 3000 801 3038 vero
832 2985 899 3039 de
934 2979 1280 3044 Amumentfs
1313 2979 1453 3043 luna:
1478 2990 1545 3043 ad
1572 2989 1819 3044 Ven.Be-

246 3050 376 3104 dam
399 3054 669 3129 pertinere
716 3055 907 3129 merito
950 3050 1245 3129 dubitatur,
1300 3072 1423 3129 cum
1475 3059 1531 3129 in
1579 3058 1817 3129 catalogo

246 3134 412 3193 quem
434 3122 500 3193 de
533 3124 645 3177 suis
672 3125 923 3193 operibus
947 3125 1031 3178 vir
1064 3134 1283 3181 sanctus
1311 3126 1454 3181 circa
1484 3128 1644 3182 ﬁnem
1695 3122 1818 3185 vitae

244 3190 504 3266 confecit,
535 3190 1032 3266 nonrécenseatur.
1076 3195 1243 3266 Igitur
1269 3211 1337 3250 ex
1389 3196 1493 3252 ﬁde
1546 3200 1666 3253 cod.
1713 3215 1814 3255 ms.

243 3259 390 3338 hanc
417 3262 820 3338 calculationem
840 3264 1067 3319 Alcuino
1080 3259 1267 3338 nostro
1286 3267 1464 3337 potius
1501 3284 1664 3338 quam
1680 3268 1814 3325 Ven.

238 3327 407 3385 Bedae
437 3332 799 3406 attribuimus,
837 3342 897 3389 ut
920 3344 1057 3406 pote
1080 3327 1338 3406 scriptain
1367 3327 1660 3403 anno-777,
1690 3341 1817 3394 utin

240 3401 732 3525 contegetultegitur,
755 3401 968 3472 quando
1002 3401 1255 3460 nimiru'm
1284 3405 1412 3462 Ven.
1442 3408 1584 3464 Beda
1623 3401 1715 3465 diu
1738 3411 1821 3465 vi-

240 3484 373 3524 vere
461 3486 525 3525 su
557 3510 569 3525 .

240 3484 373 3524 vere
393 3470 569 3525 desiit.

312 3538 381 3594 Et
416 3540 490 3614 ita
521 3542 733 3596 demum
766 3543 926 3597 ﬁnem
952 3545 1172 3614 capiunt
1193 3546 1337 3601 beati
1367 3546 1544 3603 Flacci
1603 3548 1815 3606 Alcuini

239 3610 795 3685 opusculaAgenuina,
833 3629 955 3685 qua:
1005 3610 1246 3684 reperire
1297 3618 1585 3685 potuimus,
1611 3622 1813 3685 omnia,

239 3692 363 3757 quae
390 3681 586 3748 partim
614 3697 645 3735 a
676 3683 788 3757 viro
815 3681 881 3737 cl.
930 3681 1147 3757 Andrea
1185 3681 1522 3757 Quercetano
1572 3681 1814 3757 primum

237 3748 505 3822 collecta;
535 3759 591 3804 et
611 3752 803 3820 partim
826 3761 949 3822 post
977 3752 1127 3807 illum
1179 3748 1248 3808 ab
1289 3755 1410 3810 aliis
1467 3748 1601 3812 viris
1645 3760 1816 3815 doctis

235 3817 451 3891 detecta
478 3828 532 3891 et
558 3817 792 3891 vulgata,
824 3817 1023 3891 partim
1043 3838 1172 3877 vero
1209 3839 1240 3877 a
1267 3825 1419 3880 nobis
1472 3842 1538 3880 ex
1577 3828 1816 3882 celeber-

235 3888 396 3964 rimis
419 3888 609 3954 Italiae,
629 3888 840 3964 Galliae,
855 3893 1161 3948 Germaniae
1211 3903 1268 3949 et
1293 3895 1495 3964 Anglite
1524 3897 1814 3952 bibliothe-

231 3956 313 4012 cis
345 3970 656 4029 comparata
695 3956 927 4017 fuerunt.

478 4089 791 4168 RATIO
849 4094 980 4169 DE
1060 4095 1333 4171 LUNA
1408 4094 1570 4172 XV.

303 4222 334 4262 ι’
361 4221 536 4287 Luna,
583 4223 733 4278 verbi
781 4224 975 4292 gratia,
1021 4240 1091 4278 xv
1116 4224 1235 4280 Kal.
1275 4223 1445 4295 April.
1476 4228 1608 4281 hora
1637 4228 1820 4284 noctis-

222 4313 411 4382 prima
434 4312 597 4367 intrat
619 4313 671 4367 in
690 4312 961 4378 Arietem;
987 4331 1106 4369 xuu
1129 4314 1245 4369 Kal.
1265 4324 1446 4371 manet
1468 4317 1519 4371 in
1538 4316 1742 4384 Ariete,
1757 4328 1812 4374 et

223 4417 281 4456 vi
320 4402 470 4458 horis
490 4419 587 4458 xm
610 4404 993 4472 Kalendarum,
1016 4413 1070 4460 et
1102 4406 1264 4471 bisse,
1298 4408 1400 4463 hoc
1448 4419 1553 4475 est,
1601 4410 1811 4466 duabus

223 4494 510 4562 partibus;
540 4503 693 4549 sexta
736 4496 868 4550 hora
900 4497 1074 4551 noctis
1097 4493 1333 4565 ejusdem
1388 4514 1483 4554 xm
1534 4500 1807 4572 egreditur

228 4583 297 4637 de
334 4581 540 4645 Ariete,
566 4591 620 4638 et
658 4592 784 4639 sunt
806 4584 953 4640 horre
980 4601 1097 4640 Luu
1150 4595 1205 4641 et
1238 4586 1384 4642 bisse
1424 4590 1584 4644 unius
1635 4590 1813 4655 horae,

226 4675 375 4744 quod
397 4675 596 4731 mansit
621 4676 676 4730 in
706 4676 905 4731 Ariete.
950 4676 1068 4744 Quo
1109 4693 1337 4733 numero
1365 4680 1622 4735 horarum
1664 4697 1805 4737 sem-

223 4781 329 4836 per
354 4773 510 4819 utere
538 4780 634 4834 per
653 4764 858 4837 singula
881 4765 1051 4836 signa.
1082 4766 1284 4822 Deinde
1312 4769 1481 4823 intrat
1507 4771 1662 4825 tertia
1678 4786 1805 4841 par-

227 4867 282 4912 te
310 4857 459 4912 borzc
484 4859 724 4928 septima:
744 4859 916 4914 noctis
941 4858 995 4913 in
1026 4858 1283 4928 Taurum,
1312 4862 1414 4917 hoc
1439 4870 1542 4927 est,
1565 4880 1663 4917 xm
1681 4862 1798 4918 Kal.

276 1244 568 1300 tractatus,
598 1252 735 1305 quos
762 1236 1095 1291 Bridel‘ertus

225 4950 400 5020 April.
428 4949 686 5022 Computa
711 4952 835 5006 inde
857 4967 970 5007 Lllll
994 4952 1159 5009 horas
1171 4953 1350 5007 Tauro
1373 4970 1495 5009 cum
1510 4956 1655 5011 bisse
1671 4972 1800 5022 suo;
1833 4990 1851 5008 .

227 5049 515 5095 remanent
539 5041 780 5110 ejusdem
828 5044 1021 5107 noctis,
1057 5061 1163 5116 qua
1193 5046 1415 5100 intravit
1443 5048 1498 5101 in
1545 5048 1809 5116 Taurum,

225 5131 372 5186 trien
402 5140 459 5186 et
492 5148 525 5186 v
554 5135 722 5198 horae,
752 5142 806 5187 ct
845 5151 920 5189 xu
961 5135 1108 5190 horze
1146 5139 1420 5206 sequentis
1470 5139 1594 5193 diei.
1633 5138 1805 5211 Junge

226 5224 315 5280 bis
337 5241 497 5280 xxuu
523 5226 683 5281 horas
713 5244 791 5281 xu
811 5227 928 5282 Kal.
946 5228 1117 5297 April.
1140 5231 1285 5299 quod
1308 5240 1434 5285 sunt
1461 5244 1642 5297 xu,et
1668 5235 1803 5289 adde

224 5316 316 5372 his
335 5332 403 5371 ex
431 5333 487 5371 ιιι
508 5317 866 5373 Kalendarum
912 5320 1075 5373 horas
1102 5336 1180 5373 xu
1225 5321 1418 5383 noctis,
1474 5330 1528 5376 et
1576 5324 1805 5393 primam

225 5409 424 5463 horam
458 5407 565 5463 diei
586 5409 877 5479 sequentis,
907 5417 961 5465 et
995 5410 1137 5465 trien
1168 5411 1310 5467 aliud
1361 5413 1609 5469 secunda:
1655 5416 1803 5471 horae

223 5498 353 5561 diei,
387 5504 449 5550 ut
480 5497 676 5552 habeat
698 5498 907 5553 Taurus
934 5499 1077 5554 bisse
1099 5514 1257 5555 suum
1282 5500 1497 5572 plenum
1546 5519 1611 5559 ex
1638 5505 1798 5570 trien,

1844 3092 1892 3155 (Ξ

1886 550 1891 551 ,
1960 496 2016 554 in
2039 499 2317 569 Geminos,
2345 511 2401 558 et
2423 514 2702 560 remanent
2723 505 2796 560 ibi
2821 523 2896 563 xu
2922 507 3131 580 [Forte,
3155 528 3212 575 x,
3234 513 3538 575 “ilicetu-

1960 604 2101 642 mero
2127 592 2375 664 rotundo]
2411 593 2557 649 horae
2593 595 2697 650 diei
2724 612 2779 651 ιι
2806 597 3184 657 Kalendarum.
3239 603 3391 660 Adde
3445 607 3536 665 his

1958 696 2113 737 xxuu
2136 684 2298 740 horas
2324 685 2392 741 de
2410 702 2444 740 x
2471 687 2853 756 Kalendarum,
2879 700 2936 746 et
2969 702 3094 749 sunt
3122 695 3268 752 hora:
3313 713 3529 756 xxxuu.

1956 768 2129 841 Iunge
2150 774 2236 828 his
2260 775 2327 830 de
2354 791 2497 832 nono
2522 777 2886 835 Kalendarum
2924 798 2993 837 xx
3027 784 3213 851 horas,
3252 797 3313 843 ut
3357 791 3535 858 possis

1955 864 2238 931 pervenire
2263 867 2331 921 ad
2351 883 2441 922 ων
2467 868 2648 925 horas.
2683 872 2750 926 Et
2778 876 3059 942 pervenias
3086 877 3293 950 [Forte,
3336 897 3528 952 perve-

1955 952 2093 1025 nies]
2134 970 2304 1025 usque
2325 958 2393 1012 ad
2438 968 2685 1016 octavam
2710 962 2924 1031 plenam
2964 966 3131 1036 ipsius
3156 970 3284 1035 diei,
3313 973 3531 1041 quando

1953 1045 2066 1099 exit
2088 1046 2154 1100 de
2182 1046 2443 1137 Ceminis.
2467 1050 2745 1109 Ethabent
2765 1055 2881 1112 hmo
2908 1059 3011 1113 tria
3024 1061 3174 1131 signa
3186 1079 3350 1120 cum
3368 1063 3531 1137 [For—

1944 1143 2020 1199 te,
2046 1135 2214 1208 CLXII]
2262 1138 2444 1204 horas,
2480 1149 2535 1196 et
2562 1142 2697 1199 alias
2722 1145 2877 1211 duas,
2912 1162 3034 1217 qua:
3053 1164 3121 1205 ex
3172 1149 3317 1208 bisse
3362 1135 3529 1210 trium

1951 1225 2227 1293 signorum
2256 1228 2562 1301 adgregatae
2586 1241 2728 1288 sunt.
2762 1236 2828 1290 Et
2862 1238 3002 1293 ﬁunt
3040 1240 3190 1296 bone
3226 1244 3393 1299 trium
3448 1247 3526 1301 si-

1949 1330 2177 1384 gnorum
2199 1332 2321 1372 (πων
2352 1317 2557 1390 [Ροι-ιε,
2588 1324 2819 1397 curm].

2018 1406 2115 1462 Die
2143 1423 2292 1465 nono
2316 1409 2677 1468 Kalendarum
2703 1416 2837 1471 hora
2862 1418 3120 1490 vigesima
3158 1425 3333 1493 prima
3357 1427 3528 1481 intrat

1948 1498 2000 1551 in
2027 1497 2317 1567 Cancrum,
2345 1509 2398 1557 et
2431 1504 2654 1561 habebis
2703 1507 2874 1575 ipsius
2923 1509 3030 1564 diei
3059 1528 3141 1566 uu
3184 1514 3366 1572 horas.
3416 1516 3537 1582 Has

1939 1589 2105 1663 junge
2130 1594 2199 1648 ad
2226 1602 2447 1651 octavas
2475 1605 2531 1653 et
2563 1614 2638 1653 vu
2666 1599 2953 1669 Kalendas,
2985 1613 3042 1660 et
3085 1607 3313 1665 habebis
3362 1611 3527 1668 horas

1947 1696 2041 1735 ιιι.
2072 1680 2167 1737 His
2194 1683 2330 1738 adde
2355 1700 2429 1740 ex
2451 1695 2608 1742 nocte
2637 1705 2689 1742 Vl
2720 1689 3082 1749 Kalendarum
3109 1696 3244 1752 duas
3265 1700 3430 1756 horas
3453 1715 3522 1757 ex

1705 1749 1769 1800 π’
1789 1741 1845 1787 et
1880 1749 1924 1809 Β
1949 1772 2213 1843 principio
2238 1776 2433 1843 noctis,
2470 1785 2527 1832 et
2573 1778 2717 1833 bisse
2745 1781 2919 1836 tertiae
2949 1784 3095 1839 horae
3128 1803 3140 1838 :
3171 1794 3226 1841 et
3271 1804 3369 1858 per
3421 1791 3523 1847 hos

1944 1881 1998 1918 rx
2025 1865 2143 1922 dies
2167 1867 2292 1923 luna
2316 1871 2585 1940 percurrit
2610 1888 2692 1926 ιιιι
2722 1873 2909 1945 signa,
2923 1875 3121 1932 additis
3140 1877 3349 1936 duabus
3366 1881 3518 1940 horis

1941 1962 1996 2008 et
2020 1955 2163 2011 bisse
2191 1959 2363 2014 tertim
2390 1960 2538 2016 hora:
2557 1976 2625 2016 ex
2646 1963 2733 2018 die
2761 1964 3074 2021 decimo.Et
3098 1969 3261 2024 intra'
3295 1973 3349 2026 in
3377 1973 3516 2029 Leo-

1940 2062 2063 2101 nem
2089 2049 2255 2104 tertia
2279 2058 2432 2121 parte
2454 2054 2630 2108 tertiae
2652 2055 2803 2111 hora:
2831 2059 3007 2114 noctis
3053 2075 3103 2115 γι
3151 2061 3515 2123 Kalendarum

1935 2137 2222 2207 Aprilium,
2250 2149 2306 2195 et
2325 2142 2742 2215 habebisipsius
2762 2147 2868 2202 diei
2912 2165 3003 2204 XXI
3056 2152 3248 2208 horam
3307 2154 3514 2228 [Fom,

1935 2228 2139 2301 horas].
2166 2230 2316 2286 Adde
2343 2232 2430 2286 his
2466 2250 2623 2290 xxuu
2649 2250 2714 2291 ex
2754 2254 2788 2291 v
2839 2239 3220 2319 Kalendarum,
3276 2254 3332 2302 et
3379 2248 3517 2304 ﬁunt

1934 2320 2081 2375 horae
2104 2320 2399 2377 va..Adde
2425 2332 2480 2378 et
2498 2326 2584 2380 his
2630 2344 2686 2381 rx
2725 2329 2890 2385 horas
2946 2346 3008 2386 ex
3040 2349 3121 2387 uu
3149 2335 3510 2395 Kalendarum

1932 2412 2038 2475 die,
2066 2421 2121 2467 et
2147 2413 2285 2471 ﬁunt
2310 2415 2459 2471 horae
2480 2434 2616 2472 LIIII.
2641 2420 2793 2476 Adde
2821 2430 2876 2477 et
2900 2423 2986 2479 bis
3015 2427 3155 2481 trien
3178 2429 3399 2486 decimae
3414 2431 3513 2488 ho—

1930 2517 2005 2557 ra:
2025 2504 2262 2558 etintrat
2287 2506 2339 2560 in
2369 2505 2645 2578 Virginem
2671 2511 2958 2570 inchoante
2997 2517 3139 2573 bisse
3165 2518 3314 2576 horae
3350 2537 3385 2576 x
3415 2537 3513 2580 no-

1928 2593 2059 2683 ctis;
2090 2603 2145 2647 et
2169 2607 2451 2652 remanent
2476 2614 2594 2653 xuu
2618 2601 2764 2658 horae
2789 2604 2855 2659 de
2875 2622 2956 2660 ιιιι
2984 2607 3100 2663 Kal.
3128 2609 3421 2683 Junge‘has
3442 2615 3525 2672 ad.

1926 2699 1987 2739 tu
2011 2682 2127 2738 Kal.
2152 2700 2272 2754 quae
2286 2687 2445 2742 simul
2460 2689 3026 2753 ductaal'iuntxxxvm.
3049 2700 3202 2758 Adde
3216 2682 3301 2760 his
3324 2721 3415 2762 va
3441 2722 3521 2763 ειν

1923 2774 2097 2843 pridie
2120 2775 2502 2846 Kalendarum,
2522 2781 2575 2835 id
2589 2792 2690 2849 est,
2716 2798 2797 2839 uu
2813 2786 2946 2842 hora
2972 2787 3177 2860 [Forte,
3193 2793 3381 2850 horam
3396 2797 3501 2854 diei

1921 2863 2135 2933 plenam
2153 2867 2237 2920 vel
2263 2883 2346 2922 uu
2374 2869 2537 2925 horas
2562 2872 2666 2928 diei
2679 2874 2886 2949 plenas]
2904 2879 3007 2933 diei
3023 2879 3197 2951 plena.
3215 2884 3280 2939 Et
3303 2885 3507 2941 habent

1921 2953 2039 3009 hmo
2061 2971 2153 3010 sex
2184 2958 2337 3026 signa
2365 2960 2481 3016 dies
2507 2978 2630 3029 xm,
2653 2975 2707 3020 et
2734 2967 2897 3024 horas
2924 2986 3013 3025 xvi
3039 2973 3264 3031 decimae
3297 2986 3508 3047 quarta

1919 3044 2025 3099 diei
2052 3063 2064 3099 :
2098 3047 2261 3104 horas
2283 3065 2412 3107 vero
2438 3067 2628 3110 omnes
2661 3072 2953 3116 cccxxvm.

1986 3135 2290 3226 ingreditur
2311 3156 2443 3198 vero
2473 3143 2624 3200 Luna
2648 3146 3084 3222 Librresignum:
3114 3156 3304 3226 quinta
3363 3160 3519 3216 hora

1921 3225 2008 3281 die
2030 3225 2240 3320 decima
2264 3238 2654 3306 quarta,.quod
2685 3248 2769 3294 est
2810 3242 2985 3311 pridie
3035 3245 3153 3300 Kal.
3207 3247 3380 3320 April.
3432 3268 3500 3307 ex

1919 3330 2024 3407 qua
2053 3317 2140 3373 die
2166 3332 2448 3378 remanent
2474 3325 2747 3383 hortevm.
2779 3328 2889 3385 Has
2914 3341 3036 3388 octo
3058 3335 3223 3407 junge
3248 3317 3315 3394 ad
3340 3340 3524 3397 horas—

1919 3406 2022 3462 diei
2044 3408 2404 3468 Kalendarum
2437 3414 2720 3485 Aprilium,
2762 3429 2817 3475 et
2844 3433 3005 3479 erunt
3032 3443 3203 3484 xxxu.
3237 3429 3335 3487 His
3362 3433 3503 3490 addo

1917 3501 2081 3556 horas
2101 3518 2214 3557 xxu
2244 3519 2309 3559 ex
2341 3522 2421 3561 uu
2442 3506 2644 3575 Nonas,
2667 3520 2723 3566 et
2750 3513 2885 3569 ﬁunt
2908 3516 3058 3574 horae
3077 3536 3214 3576 Luu.
3241 3523 3338 3580 His
3363 3526 3500 3582 adde

1916 3601 1972 3646 et
1995 3592 2137 3648 bisse
2164 3594 2312 3649 horae
2339 3597 2798 3669 vigesimaatertiaa
2819 3604 3060 3675 ejusdem
3073 3610 3198 3676 diei,
3220 3628 3496 3687 quoegre-

1917 3682 2060 3737 ditur
2084 3684 2151 3740 de
2194 3686 2357 3743 Libra
2405 3691 2616 3749 intrans
2664 3695 2721 3749 in
2774 3695 3172 3769 Scorpionem,
3209 3682 3499 3765 inchoante

1917 3775 2054 3829 trien
2080 3777 2322 3847 ejusdem
2356 3782 2742 3855 xxmr[Forte,
2774 3789 2932 3861 χχιιι]
2963 3792 3129 3848 horae.
3162 3793 3228 3848 Et
3254 3811 3499 3855 remanet

1917 3864 1989 3918 ibi
2016 3882 2122 3921 una
2152 3869 2283 3924 hora
2316 3886 2383 3925 ex
2404 3873 2491 3927 die
2520 3889 2600 3927 ιιιι
2628 3873 3108 3935 Νοιιιινιιιιι.-Αά‹Ιε
3135 3883 3278 3939 hanc
3302 3886 3512 3942 horam:

1916 3955 1983 4008 ad
2008 3972 2067 4010 ιιι
2091 3966 2145 4011 ει
2173 3961 2348 4027 pridie
2372 3961 2574 4027 Nonas,
2600 3972 2654 4017 et
2679 3964 2839 4036 357
2866 3978 3025 4023 erunt
3046 3971 3193 4026 horae
3220 3989 3364 4029 χιιι.
3392 3977 3497 4032 Te-

1915 4063 1983 4103 ne
2009 4063 2075 4103 ex
2102 4050 2379 4109 Nonarum
2404 4056 2491 4111 die
2512 4057 2755 4127 ejusdem
2787 4062 2963 4116 noctis
2983 4079 3017 4116 v
3046 4064 3209 4121 horas
3233 4077 3289 4122 et
3327 4070 3494 4128 habe-

1913 4137 1999 4191 bis
2033 4155 2147 4193 um
2177 4142 2339 4197 horas
2362 4144 2415 4197 in
2441 4144 2734 4215 Scorpione
2754 4158 2810 4204 et
2840 4152 2980 4207 trien
3022 4168 3073 4207 vi
3110 4155 3257 4213 horae
3295 4163 3505 4219 noctisa

1914 4227 2117 4285 Deinde
2159 4230 2213 4285 in
2263 4231 2617 4305 Sagittarium
2662 4238 2964 4310 ingreditur
3003 4243 3293 4305 inchoante
3345 4252 3498 4311 bisse

1912 4318 2154 4387 ejusdem
2174 4338 2227 4376 vx
2259 4324 2407 4380 hora:
2434 4328 2637 4394 noctis;
2665 4340 2719 4385 et
2734 4344 3017 4391 remanent
3036 4352 3103 4392 ex
3133 4337 3298 4397 Nonis
3311 4342 3485 4415 April.

1912 4425 2048 4465 xvm
2076 4412 2241 4469 horae.
2272 4414 2381 4471 Has
2395 4417 2561 4489 junge
2581 4419 2649 4474 ad
2682 4437 2777 4477 vm
2808 4422 2884 4477 ld.
2921 4434 2977 4480 et
2999 4436 3157 4484 erunt
3182 4430 3329 4488 horae
3351 4412 3485 4491 im.

1910 4499 2081 4573 Junge
2106 4505 2192 4560 his
2221 4523 2287 4562 ex
2310 4524 2384 4564 vu
2406 4511 2531 4566 Idus
2551 4528 2624 4567 xu
2654 4514 2903 4581 horas,et
2922 4517 3144 4576 habebis
3165 4538 3277 4579 um
3302 4526 3489 4594 horas,

1911 4596 2106 4665 quibus
2130 4596 2278 4652 Luna
2307 4609 2558 4681 versatur
2598 4603 2653 4657 in
2686 4604 3033 4676 Sagittarium
3077 4608 3282 4681 [Forte,
3305 4615 3357 4669 in
3386 4615 3485 4672 Sa-

1910 4688 2170 4761 gittario].
2476 4678 2477 4681 “

1978 4778 2286 4849 Ingreditur
2307 4795 2447 4836 vero
2462 4782 2797 4851 prima-hora
2832 4787 2941 4842 diei
2966 4787 3259 4860 incipiente
3286 4793 3474 4866 Capri-

1910 4882 2161 4933 cornum,
2196 4876 2252 4924 et
2278 4880 2562 4927 remanent
2582 4873 2656 4928 ibi
2685 4875 2857 4946 ipsius
2881 4878 3022 4945 diei,
3048 4897 3123 4937 vu
3154 4882 3305 4950 ldus,
3335 4887 3491 4944 hom

1908 4975 2007 5013 xu.
2050 4958 2158 5014 Has
2182 4958 2350 5031 iunge
2388 4962 2456 5016 ad
2482 4978 2534 5018 v1
2563 4963 2717 5033 ldus;
2762 4976 2815 5022 et
2846 4970 3073 5029 habebis
3100 4974 3264 5032 horas
3294 4994 3477 5035 xxxvn.

1908 5049 2004 5105 His
2033 5050 2170 5105 adde
2190 5051 2355 5108 horas
2382 5068 2448 5108 ex
2479 5068 2512 5109 v
2544 5055 2670 5113 ldus
2704 5070 2837 5116 xvm
2860 5100 2876 5126 ,
2924 5065 3067 5133 quod
3113 5076 3198 5122 est
3238 5067 3485 5137 ejusdem

1907 5142 2011 5198 diei
2038 5143 2172 5198 hora
2189 5159 2266 5199 vi.
2295 5142 2446 5200 Adde
2467 5154 2523 5201 et
2543 5148 2688 5205 bisse
2710 5151 2859 5208 hora:
2892 5157 3133 5226 septimae
3147 5199 3173 5225 ,
3191 5175 3299 5229 quo
3325 5178 3476 5219 com-

1905 5233 2052 5303 pleto
2091 5235 2237 5292 exiet
2278 5234 2346 5291 de
2372 5235 2704 5308 Capricorno
2737 5244 3047 5314 ingrediens
3085 5249 3142 5305 in
3179 5250 3475 5321 Aquarium

1905 5321 2197 5379 inchoante
2221 5325 2363 5381 trien
2389 5327 2538 5382 hora:
2559 5346 2666 5396 vn,
2708 5340 2764 5387 et
2790 5346 3074 5394 remanent
3099 5355 3133 5390 v
3159 5340 3304 5397 hora:
3331 5345 3475 5415 ejus.-

1906 5414 2026 5468 dem
2041 5414 2165 5470 diei.
2180 5415 2290 5472 Has
2316 5418 2450 5473 adde
2472 5419 2538 5474 ad
2552 5436 2635 5476 uu
2659 5430 2713 5477 et
2733 5439 2793 5478 ιιι
2816 5423 2971 5493 ldus;
2988 5437 3043 5484 et
3059 5430 3280 5488 habebis
3308 5414 3471 5493 horas

1904 5521 2019 5559 LIII.
2059 5505 2208 5561 Adde
2234 5506 2318 5563 bis
2340 5525 2502 5565 unam
2531 5511 2718 5567 horam
2746 5529 2812 5569 ex
2842 5517 3017 5586 pridie
3044 5519 3201 5588 ldus,
3240 5532 3294 5579 et
3333 5526 3472 5585 trien

224 5605 338 5659 quo
367 5588 589 5643 intravit
615 5590 761 5655 luna,
801 5599 856 5645 et
878 5605 942 5645 ex
974 5605 1061 5658 eo,
1085 5607 1193 5662 quo
1213 5595 1379 5650 exivit
1406 5597 1470 5652 de
1508 5593 1703 5652 Tauro.
1737 5594 1801 5652 Et
1901 5596 2150 5651 secundae
2176 5598 2324 5653 hora:
2351 5601 2546 5667 noctis,
2585 5617 2692 5674 quo
2718 5604 2861 5661 exiet
2889 5607 2956 5665 de
2983 5608 3222 5683 Aquario
3240 5655 3255 5681 ,
3285 5615 3466 5689 ingre-

298 5715 322 5743 ι
348 5703 512 5774 idque
538 5704 676 5759 inter
703 5704 877 5773 Opera
899 5703 1031 5760 Ven.
1065 5704 1244 5761 Bedze.

1972 5709 1999 5750 ι’
2020 5709 2188 5779 Epist.
2220 5712 2290 5768 25
2310 5714 2561 5772 editionis
2585 5714 2953 5785 Quercetanz.
