3934 6180
374 308 478 365 985

1185 295 1244 351 Β.
1283 293 1344 349 Ρ.
1381 289 1606 349 ΑιΒιΝι
1645 288 1777 345 SEL'
1816 281 2091 340 ALCUINI
2128 279 2410 337 OPERL'M
2448 274 2624 331 PARS
2664 273 2775 329 ιτιι.
2815 279 2828 292 ‘

3508 258 3616 318 εδδ

373 425 624 491 diturque
677 415 733 476 in
765 416 949 471 Pisces
986 412 1281 468 inchoante
1316 408 1459 463 bisse
1499 407 1647 460 hora:
1694 398 1941 456 secundae
1970 400 2018 460 Α
2042 397 2290 466 quodque
2335 394 2549 463 signum
2587 407 2625 445 ιι
2657 390 2866 451 diebus,
2914 401 2966 439 vn
3006 383 3190 491 boris:
3210 395 3276 435 ac
3292 378 3438 435 bisse
3457 378 3620 434 unius

372 512 550 573 noctis
573 513 748 585 pridie
791 510 867 566 id.
898 506 1096 579 April.,
1145 513 1202 559 et
1241 507 1521 558 remanent
1561 499 1627 554 de
1663 494 1837 567 pridie
1862 492 1940 548 ld.

374 608 548 679 April.
573 607 719 661 hora:
757 620 893 660 xxu.
937 602 1046 657 llas
1072 600 1208 655 adde
1235 598 1302 651 ad
1332 596 1486 659 ldus,
1535 599 1590 647 et
1616 597 1777 645 erunt
1798 589 1946 643 horae

377 715 524 754 xm.
585 696 683 751 His
728 697 863 752 adde
891 703 1012 749 octo
1048 694 1209 748 horas
1246 704 1312 743 ex
1339 702 1472 741 xvnt
1520 682 1637 738 Kal.
1684 680 1836 745 Maii,

377 790 605 846 habebis
633 789 795 843 horas
839 802 975 842 LIIII.
1054 783 1150 838 His
1176 795 1306 835 vero
1348 774 1669 848 computatis
1710 770 1949 826 invenies

380 895 410 934 a
434 894 503 933 xv
529 877 648 932 Kal.
678 876 875 946 April.,
908 874 1048 929 unde
1076 871 1405 942 crepidinem
1431 862 1832 921 construximus
1856 861 1952 914 hu-

374 972 468 1041 jus
494 970 865 1028 calculationis
889 981 1039 1020 xxvu
1066 964 1180 1018 dies
1207 974 1378 1030 usque
1405 959 1460 1013 in
1485 972 1618 1011 xvm
1653 953 1769 1008 Kal.
1789 950 1947 1015 Maii;
2009 1021 2013 1024 ν

383 1062 440 1116 in
468 1061 622 1132 cujus
640 1060 746 1115 diei
772 1065 982 1113 noctem
1017 1070 1113 1109 vm
1149 1055 1298 1108 horae
1326 1051 1639 1105 decurrunt.
1680 1046 1738 1100 In
1760 1043 1953 1113 quibus

384 1169 535 1208 xxvu
562 1153 752 1208 diebus
790 1159 845 1205 et
885 1165 979 1203 vnt
1007 1147 1158 1203 boris
1196 1145 1348 1200 Luna
1377 1159 1454 1198 xu
1481 1144 1633 1211 signa
1663 1138 1906 1209 pervolat
1934 1154 1947 1201 ;

385 1248 653 1302 habentur
667 1247 817 1300 horae
840 1259 989 1298 xxvu
1025 1243 1253 1307 dierum,
1286 1238 1427 1308 quod
1455 1244 1577 1292 sunt
1599 1236 1747 1290 hora:
1774 1248 1951 1295 ncm,

385 1335 744 1408 superadditis
767 1352 861 1390 vm
890 1335 1057 1391 horis.

461 1429 519 1485 Si
540 1444 668 1484 vero
689 1429 771 1483 vis
788 1428 854 1482 ad
875 1444 975 1482 xm
991 1427 1203 1497 signum
1216 1424 1423 1480 lunaris
1450 1436 1640 1479 cursus
1650 1415 1954 1491 pervenire,

388 1532 638 1593 computa
659 1540 690 1579 a
712 1540 767 1578 Ix
795 1524 927 1578 hora
958 1504 1130 1577 noctis
1154 1536 1284 1574 xvm
1311 1517 1428 1572 Kal.
1449 1558 1462 1581 ,
1494 1516 1548 1569 in
1575 1528 1736 1582 quam
1765 1512 1957 1589 horam

387 1632 466 1676 xu
489 1616 641 1684 signa
666 1619 1047 1685 pervenerunt.
1100 1610 1361 1681 Computa
1402 1608 1527 1662 inde
1562 1619 1679 1659 um
1720 1604 1883 1657 horas
1905 1607 1961 1653 et

2045 488 2212 543 horae.
2252 481 2682 553 Unumquodque
2702 493 2832 533 vero
2858 477 3070 547 signum
3089 472 3252 528 habet
3276 487 3385 525 xxx
3408 481 3616 542 partes.

2047 576 2106 633 Si
2133 591 2261 648 ergo
2287 577 2369 630 vis
2391 575 2553 639 scire,
2580 579 2841 641 quantum
2869 567 3104 637 spatium
3134 564 3261 618 luna
3294 568 3538 617 moretur
3563 560 3618 616 in

1894 685 1951 733 et
2044 683 2154 723 una
2180 667 2420 738 qualibet
2462 665 2528 720 de
2557 679 2665 718 xxx
2690 661 2933 733 partibus
2953 699 2968 724 ,
3016 671 3169 712 sume
3195 655 3359 710 horas
3389 654 3621 710 duorum

2049 761 2292 823 dierum,
2337 773 2459 830 quae
2500 765 2626 813 sunt
2670 770 2857 811 vam.
2914 751 3066 806 Adde
3104 751 3187 805 bis
3220 765 3272 804 vr
3300 749 3468 803 horas
3498 762 3622 806 cum

2048 850 2214 917 bisse,
2242 850 2379 905 ﬁunt
2403 864 2518 904 LIIII
2549 848 2713 910 horae,
2753 844 2950 915 quibus
2972 841 3099 896 luna
3127 845 3370 895 moratur
3398 839 3455 893 in
3482 854 3618 894 uno-

2050 953 2266 1010 quoque
2305 938 2477 1008 signo.
2537 934 2647 990 Has
2674 949 2788 989 unt
2822 932 2985 987 horas
3029 930 3291 989 distribue
3332 927 3625 997 unicuique

2050 1030 2191 1101 parti
2230 1043 2328 1099 per
2352 1042 2535 1098 aequas
2567 1025 2878 1096 portiones,
2927 1022 3063 1077 dans
3105 1020 3352 1075 videlicet
3399 1019 3628 1090 singulis

2052 1123 2296 1193 partibus
2339 1118 2578 1191 singulas
2627 1119 2823 1180 horas;
2857 1123 2913 1170 et
2950 1112 3307 1168 remanebunt
3337 1112 3436 1166 tibi
3465 1128 3627 1167 xxuu

2053 1218 2219 1271 bone.
2285 1214 2393 1268 llas
2439 1210 2730 1281 multiplica
2774 1223 2874 1277 per
2917 1213 3145 1275 punctos
3181 1202 3348 1274 358
3392 1218 3460 1257 ea
3488 1203 3623 1273 lege.

2053 1324 2161 1379 qua
2207 1310 2339 1362 hora
2382 1304 2582 1359 habeat
2611 1303 2849 1373 quinque
2888 1307 3138 1370 punctos,
3187 1303 3248 1349 et
3289 1294 3424 1349 liunt
3444 1297 3629 1365 puncti

2055 1414 2178 1454 cxx.
2222 1395 2331 1451 Hos
2357 1393 2565 1464 partire
2588 1407 2687 1461 per
2717 1404 2849 1455 xxx,
2872 1394 3104 1459 quatuor
3130 1385 3404 1450 invenies;
3430 1387 3498 1439 da
3518 1386 3633 1439 uni-

2056 1491 2251 1561 cuique
2293 1488 2440 1557 parti
2481 1495 2710 1558 punctos
2740 1500 2843 1549 un,
2883 1490 2938 1537 et
2976 1480 3273 1535 remanebit
3293 1479 3460 1535 bisse.
3517 1479 3633 1536 Hoc

2056 1582 2260 1652 partire
2279 1596 2377 1650 per
2392 1596 2462 1635 ιι.
2483 1584 2718 1641 ostenta,
2764 1575 2889 1647 quia
2899 1574 3060 1645 plena
3081 1573 3213 1627 hora
3242 1589 3271 1627 L
3302 1571 3511 1643 [Forte,
3536 1570 3633 1643 1.x}

387 1665 567 1771 bisse:
593 1665 820 1776 quarum
854 1704 1021 1759 habes
1052 1717 1139 1756 χιιι
1167 1665 1402 1756 ειιιινιιι
1448 1696 1566 1751 Kal.
1620 1695 1771 1749 Adde
1795 1692 1957 1747 horas
1990 1738 2031 1776 η
2059 1672 2222 1776 Elim“
2248 1679 2480 1776 (ξεῐξηξαι
2527 1679 2582 1725 ει
2602 1668 3246 1776 δίξεθιάυίθκβξνῑεξεὶδιυιη
3262 1665 3423 1767 “nilis
3448 1665 3629 1776 1:012;

391 1796 666 1865 sequentis
686 1794 821 1859 diei,
853 1793 905 1848 id
937 1802 1049 1855 est,
1078 1807 1188 1845 xvu
1218 1789 1334 1844 Kal.
1369 1795 1424 1841 et
1450 1786 1587 1841 ﬁunt
1609 1786 1758 1840 hora:
1783 1798 1873 1847 xc,
1900 1788 1956 1835 et

390 1886 616 1942 habebis
659 1884 773 1940 dies
809 1899 943 1939 ccxv
985 1882 1101 1936 Kal.
1135 1896 1263 1935 XXIX
1299 1876 1506 1950 [Forte,
1530 1884 1584 1930 et
1605 1873 1827 1929 habebis
1845 1886 1955 1924 xvu

393 1976 510 2031 Kal.
548 1976 663 2031 dies
697 1973 872 2047 xxxx].
914 1973 1062 2028 Adde
1095 1972 1182 2026 his
1223 1986 1299 2024 xu
1328 1970 1491 2023 horas
1534 1965 1819 2036 trigesima
1854 1976 1957 2016 no-

392 2067 515 2131 ctis,
543 2080 663 2135 quae
696 2064 941 2135 pervenit
972 2063 1024 2116 in
1071 2077 1162 2115 XVI
1194 2058 1314 2113 Kal.
1346 2067 1401 2113 et
1423 2056 1649 2112 habebis
1672 2055 1837 2109 horas
1861 2067 1959 2107 xm

393 2155 533 2225 signi
562 2155 766 2225 plenas.
804 2153 862 2207 In
884 2167 986 2222 qua
1016 2152 1151 2205 hora
1194 2164 1272 2203 xu
1317 2146 1492 2202 noctis
1530 2144 1689 2215 plena
1716 2141 1965 2212 pervenit

395 2248 462 2303 ad
490 2248 691 2303 coitum
731 2246 859 2301 solis
880 2286 894 2311 ,
937 2246 990 2299 in
1021 2259 1127 2314 quo
1149 2241 1285 2296 duas
1317 2241 1480 2295 horas
1503 2279 1517 2302 ,
1547 2245 1608 2292 ut
1641 2236 1960 2298 aestimatur,

393 2347 661 2396 versatur.
714 2338 783 2394 Et
820 2338 1026 2393 videbis
1072 2334 1214 2405 quod
1261 2333 1427 2388 altera
1474 2329 1716 2385 incensio
1753 2342 1966 2396 semper

393 2430 501 2485 erit
521 2436 644 2501 post
670 2445 745 2484 xu
770 2430 889 2484 hor.
920 2426 1054 2481 Nam
1078 2426 1252 2496 prima
1286 2421 1443 2492 hujus
1464 2418 1860 2490 supputationis
1882 2431 1966 2471 re—

395 2521 519 2593 gula
548 2537 579 2576 a
611 2520 919 2591 vespertina
944 2520 1078 2574 hora
1103 2517 1158 2571 in
1180 2515 1365 2570 Ariete
1389 2510 1698 2581 incipiebat,
1730 2517 1784 2563 et
1808 2506 1966 2562 modo

396 2610 455 2665 in
510 2610 829 2665 matutinam
880 2610 1070 2663 horam
1111 2606 1215 2661 diei
1260 2602 1508 2673 pervenit
1548 2600 1783 2655 secunda
1828 2598 1965 2661 vice,

395 2698 581 2753 Ariete
607 2705 827 2768 peracto
851 2704 906 2751 et
929 2696 1115 2750 Tauro
1136 2693 1441 2762 incipiente.

467 2789 670 2844 Novem
722 2790 900 2849 horas,
948 2788 1022 2841 ait
1067 2786 1295 2850 Plinius,
1338 2784 1393 2838 in
1438 2783 1561 2837 luna
1598 2795 1698 2852 pro
1734 2781 1969 2850 quinque

400 2880 590 2935 diebus
615 2880 956 2950 computatis,
1002 2879 1056 2933 id
1086 2885 1207 2942 est,
1262 2882 1468 2930 tantum
1510 2872 1718 2927 itineris
1761 2869 1973 2941 peragit

399 2971 528 3026 luna
552 2971 609 3026 in
658 2986 715 3026 rx
766 2969 915 3025 boris
938 3010 954 3035 ,
999 2976 1256 3038 quantum
1287 2965 1368 3021 sol
1400 2964 1457 3019 in
1493 2964 1731 3033 quinque
1761 2960 1967 3016 diebus.

1988 1738 2031 1798 Β
2059 1763 2200 1829 ideo,
2229 1771 2292 1818 ut
2319 1762 2450 1827 dixi,
2491 1776 2560 1816 XL
2595 1767 2809 1815 ostenta
2837 1756 3073 1812 efﬁciunt
3100 1756 3244 1810 bisse
3275 1755 3439 1809 unius
3464 1757 3634 1809 horae.

2057 1855 2134 1910 Da
2154 1853 2365 1924 singula
2408 1859 2624 1907 ostenta
2672 1847 2899 1919 singulis
2919 1846 3183 1916 partibus,
3218 1853 3276 1899 et
3295 1853 3581 1899 remanent
3602 1861 3633 1898 x

2056 1953 2289 2003 ostenta.
2327 1944 2454 2000 Πίου
2481 1941 2775 2011 multiplica
2798 1955 2893 2008 per
2917 1939 3017 1993 tria
3034 1979 3047 2002 ,
3088 1946 3143 1993 et
3171 1937 3307 1991 ﬁunt
3332 1952 3445 1990 xxx
3472 1944 3528 1990 et
3552 1936 3634 1989 vi-

2061 2038 2235 2101 debis,
2267 2036 2410 2106 quod
2448 2034 2573 2088 luna
2620 2034 2673 2088 in
2722 2032 2896 2101 spatio
2925 2031 3085 2085 unius
3123 2030 3271 2084 horze
3298 2037 3353 2084 et
3377 2044 3463 2083 ιιιι
3500 2045 3635 2098 pun-

2061 2137 2271 2185 ctorum
2293 2135 2348 2182 et
2377 2126 2538 2181 unius
2561 2124 2782 2188 ostenti,
2809 2132 2861 2179 et
2885 2122 3057 2177 tertiae
3081 2121 3250 2190 partis
3271 2121 3435 2174 unius
3454 2128 3639 2175 esten-

2064 2221 2105 2275 ti
2133 2228 2342 2275 tantum
2361 2232 2551 2272 cursus
2572 2215 2810 2285 peragit,
2833 2221 3098 2284 quantum
3125 2210 3207 2265 sol
3229 2210 3283 2264 in
3312 2226 3472 2264 xxuu
3496 2211 3642 2265 horis

2064 2318 2117 2366 et
2142 2323 2250 2365 xxx
2277 2316 2334 2363 et
2357 2322 2465 2362 uno
2497 2304 2701 2378 [Forte,
2733 2321 2803 2359 xx
2829 2313 2883 2359 et
2921 2301 3050 2374 uno]
3080 2302 3326 2357 ostentis.

2459 2420 2488 2460 δ
2522 2420 2628 2479 DE
2672 2417 2924 2479 SALTU
2965 2416 3223 2477 LUNE.

2504 2525 2869 2583 PROBLEMA
2907 2523 3197 2580 PRIMUM.

2138 2619 2375 2678 Desaltu
2398 2619 2539 2674 luna:
2578 2632 2751 2688 pauca
2786 2617 3045 2671 dicamus.
3093 2614 3171 2667 De
3211 2613 3309 2667 hoc
3331 2612 3468 2667 saltu
3499 2612 3649 2667 lunae

2063 2713 2297 2783 primum
2320 2708 2763 2781 interrogandum
2791 2716 2895 2771 est,
2926 2706 3017 2761 ubi
3050 2706 3101 2759 in
3134 2704 3413 2774 Scriptura
3443 2704 3510 2758 de
3532 2703 3642 2756 sal-

2068 2812 2127 2858 tu
2165 2802 2310 2858 luna:
2350 2799 2846 2857 commemoratur?
2893 2795 3001 2851 Aut
3022 2811 3190 2865 quare
3220 2795 3388 2850 saltus
3415 2794 3639 2855 dicitur;

2069 2900 2125 2947 et
2152 2892 2206 2945 in
2246 2906 2353 2959 quo
2379 2890 2519 2956 loco,
2550 2897 2605 2944 et
2631 2889 2685 2942 in
2711 2902 2818 2957 quo
2840 2887 2925 2941 die
2953 2886 3200 2940 datarum
3244 2884 3297 2938 in
3324 2899 3468 2938 anno
3489 2883 3647 2938 debet.

2073 2984 2234 3039 ﬁeri?
2276 2982 2341 3036 Et
2365 2998 2461 3054 per
2483 2988 2615 3051 quot
2635 2994 2804 3035 annos
2827 2978 2995 3033 saltus
3026 2978 3164 3031 lunze
3185 2975 3555 3046 praeparatur?
3578 2973 3643 3027 Et

402 3062 628 3133 Signum
650 3060 813 3117 hab“
830 3058 1247 3129 “numq‘mdque
1273 3073 1379 3111 “3‘
1403 3064 1586 3126 partes
1613 3073 1625 3107 ³
1650 3053 1972 3146 leum”-
1997 3082 2051 3146 ο
2074 3075 2342 3145 quomodo
2365 3074 2563 3129 crescit
2589 3113 2603 3138 ,
2651 3078 2706 3127 et
2749 3079 2983 3140 quantus
3028 3069 3082 3123 in
3114 3081 3439 3136 unoquoque
3472 3079 3606 3119 anno
3622 3104 3641 3129 ,

400 3167 508 3223 que
550 3152 705 3224 signo
728 3151 855 3206 luna
883 3157 1135 3205 versatur
1161 3164 1279 3203 um
1320 3147 1470 3202 horis
1513 3160 1635 3200 cum
1675 3144 1819 3201 bisse
1853 3158 1969 3197 suo.

403 3244 613 3301 Partire
660 3259 778 3300 ιιιιι
830 3243 995 3297 horas
1040 3241 1093 3294 in
1136 3256 1212 3305 ιιι,
1258 3246 1314 3295 et
1343 3237 1582 3293 invenies
1625 3250 1719 3291 sex
1768 3235 1971 3290 novies.

404 3335 633 3391 ltennsol
658 3341 900 3389 moratur
924 3333 978 3387 in
1002 3344 1323 3400 unoquoque
1363 3330 1517 3399 signo
1550 3341 1659 3380 xxx
1699 3327 1813 3381 dies
1850 3333 1904 3380 et
1943 3341 1976 3379 x

408 3429 571 3483 semis
594 3429 779 3482 horae:
810 3426 1021 3479 Partire
1048 3439 1150 3477 xxx
1178 3438 1276 3491 per
1295 3438 1350 3485 v,
1375 3430 1429 3474 et
1448 3419 1684 3474 invenies
1709 3433 1803 3471 sex
1822 3417 1978 3485 quin-

408 3520 565 3589 quies
591 3520 646 3573 in
668 3533 807 3581 xxx;
836 3525 891 3570 et
917 3521 1123 3569 sextam
1150 3520 1358 3583 partem
1403 3511 1542 3580 signi
1573 3507 1859 3576 cujuslibet
1898 3507 1979 3561 sol

409 3609 614 3680 peragit
635 3608 691 3661 in
733 3623 766 3660 v
807 3605 996 3660 diebus
1018 3644 1032 3669 ,
1078 3600 1349 3656 dum-luna
1376 3606 1583 3654 sextam
1610 3605 1818 3666 partem
1840 3596 1979 3668 signi

408 3701 473 3755 in-
497 3715 553 3755 ιιι
584 3698 733 3753 horis
756 3694 1003 3766 peragit:
1035 3706 1226 3747 novem
1265 3704 1397 3744 vero
1436 3687 1623 3743 diebus
1658 3703 1758 3741 cxx
1800 3694 1981 3757 partes

408 3790 653 3864 peragit;
685 3789 815 3843 item
848 3800 902 3840 ιιι
926 3784 1115 3840 diebus
1160 3796 1262 3836 cxx
1281 3820 1296 3845 ,
1321 3787 1377 3834 et
1397 3778 1527 3834 item
1555 3792 1611 3831 1x
1640 3775 1829 3831 diebus
1851 3791 1977 3839 cxx,

409 3879 552 3953 quod
603 3887 727 3933 sunt
768 3891 914 3930 xxvu
952 3874 1095 3936 dies,
1135 3887 1231 3942 per
1277 3884 1434 3925 xxuu
1481 3869 1671 3933 horas,
1708 3875 1764 3922 et
1798 3875 1981 3936 partes

410 3986 573 4028 CCCLX
582 4008 605 4023 .-

483 4062 784 4118 Videndum
830 4066 951 4124 est,
999 4054 1266 4126 quomodo
1308 4051 1634 4108 conveniant
1671 4064 1767 4105 Vill
1811 4048 1981 4111 home,

412 4171 533 4227 quae
568 4160 857 4224 supersunt
902 4151 959 4205 in
990 4149 1113 4203 luna
1136 4187 1150 4210 ,
1199 4161 1232 4200 v
1258 4146 1449 4200 diebus
1475 4144 1566 4214 qui
1590 4148 1881 4212 supersunt
1924 4141 1978 4194 in

414 4247 557 4311 sole,
591 4253 659 4299 ut
678 4242 964 4312 pervenire
996 4238 1167 4308 possit
1208 4236 1276 4291 ad
1313 4235 1479 4290 totius
1518 4233 1645 4289 anni
1682 4232 1825 4298 dies;
1872 4246 1982 4285 non

413 4339 560 4395 enim
594 4336 674 4392 sol
703 4336 795 4390 his
814 4349 847 4386 v
872 4332 1062 4388 diebus
1090 4331 1292 4399 absque
1317 4328 1537 4383 zodiaco
1564 4325 1766 4381 circulo
1790 4324 1987 4380 currit.»

2074 3166 2212 3220 etin
2238 3179 2563 3234 unoquoque
2603 3175 2822 3225 mense,
2866 3160 3174 3231 diligentius
3220 3157 3642 3228 investigandum

2074 3266 2178 3319 est,
2209 3263 2266 3310 et
2294 3254 2552 3325 exemplis
2574 3252 2910 3324 probandum

2143 3346 2221 3400 De
2259 3344 2397 3400 saltu
2442 3344 2581 3398 lunae
2628 3341 2916 3413 Dionysius
2953 3344 3345 3396 commemorat
3372 3337 3596 3392 dicens°
3628 3349 3646 3388 :

2082 3458 2100 3489 ι
2130 3439 2361 3494 Ultimus
2388 3452 2560 3491 annus
2587 3432 3035 3490 decennovenalis
3056 3431 3192 3502 cycli
3234 3439 3456 3500 epactas
3496 3426 3644 3499 [Ms.,

2076 3537 2310 3598 aepactas
2336 3528 2410 3583 ita
2436 3525 2682 3598 semper],
2719 3526 2774 3581 id
2801 3534 2903 3588 est,
2929 3524 3256 3595 adiectiones
3274 3521 3497 3576 lunares
3518 3533 3648 3574 xvm

2079 3631 2205 3676 tunc
2224 3619 2419 3674 retinet
2472 3616 2625 3689 [Ἀθη
2678 3614 2962 3685 retinens],
3014 3614 3188 3683 primo
3236 3626 3381 3666 anno
3438 3626 3540 3665 non
3588 3624 3641 3661 ιι

2079 3711 2213 3775 dies,
2239 3717 2298 3764 ut
2327 3709 2381 3764 in
2402 3708 2612 3764 caeteris
2639 3707 2795 3761 annis
2826 3707 2983 3770 solet,
3011 3704 3103 3760 scd
3128 3720 3204 3757 xu
3221 3703 3337 3757 dies
3352 3714 3652 3756 accommo-

2079 3803 2190 3857 dat.
2230 3802 2298 3856 Et
2318 3802 2445 3871 quia
2482 3817 2590 3855 xxx
2638 3799 2850 3855 dierum
2888 3798 2992 3852 ﬁne
3019 3796 3328 3859 volvuntur,
3361 3793 3508 3847 nulla
3531 3807 3653 3862 epa—

2079 3902 2167 3948 cta
2192 3892 2248 3947 in
2268 3891 2534 3961 principio
2560 3890 2730 3959 ipsius
2759 3888 2895 3960 cycli
2930 3889 3150 3957 ponitur
3177 3885 3308 3958 [Al.,
3341 3884 3503 3940 utilite
3531 3899 3654 3954 epa-

2080 3993 2272 4040 ctze....
2303 3981 2618 4054 ponuntur].
2650 4002 2667 4032 ι
2714 3981 2866 4035 Illum
2888 3994 3015 4049 ergo
3046 3979 3190 4033 diem
3214 3993 3321 4041 xu,
3347 3991 3508 4046 quem
3535 3975 3655 4029 Dio-

2080 4078 2268 4149 nysius
2315 4074 2500 4145 adjicit
2544 4090 2705 4145 super
2747 4080 2995 4143 epactam
3039 4088 3113 4136 xl,
3161 4072 3301 4127 diem
3346 4071 3517 4127 saltus
3543 4071 3656 4125 sine

2081 4171 2245 4225 dubio
2267 4168 2624 4232 demonstrat;
2649 4174 2704 4221 et
2724 4173 3007 4236 propterea
3031 4165 3284 4220 dicuntur
3309 4162 3366 4217 in
3398 4162 3493 4217 illo
3516 4178 3654 4216 anno

2081 4259 2242 4314 nulla:
2268 4265 2491 4329 epactre,
2524 4257 2649 4327 quia
2676 4271 2781 4311 non
2812 4262 2937 4310 sunt
2960 4269 3229 4324 congruae,
3253 4252 3349 4308 sed
3377 4250 3655 4323 superﬂua:

2083 4356 2226 4403 sunt.
2255 4345 2359 4401 Per
2404 4363 2438 4400 x
2485 4346 2630 4401 enim
2673 4353 2728 4399 et
2769 4360 2864 4398 vm
2893 4359 3082 4408 annos,
3125 4358 3179 4396 x1
3206 4348 3409 4415 epactze
3440 4356 3664 4411 semper

412 4431 496 4484 An
518 4426 722 4499 aliquid
751 4424 1052 4480 addendum
1077 4423 1150 4477 sit
1167 4421 1222 4475 in
1249 4420 1386 4475 ctelo
1407 4434 1571 4474 cccxx
1594 4418 1868 4488 partibus;
1895 4416 1979 4470 vel
2010 4418 2063 4478 ι)
2083 4440 2276 4494 addita,
2301 4437 2579 4503 videmur;
2623 4438 2677 4491 in
2704 4437 2796 4492 mo
2825 4444 3003 4491 autem
3034 4451 3204 4499 anno,
3257 4434 3310 4489 in
3334 4449 3444 4504 quo
3470 4449 3530 4489 se
3556 4433 3657 4489 53L

411 4519 582 4574 vdies
630 4514 899 4572 dividendi
946 4513 1054 4567 sint
1096 4526 1193 4582 per
1233 4508 1469 4580 singulas
1513 4516 1730 4578 partes;
1781 4506 1983 4561 habent

414 4611 559 4665 enim
586 4624 619 4662 v
646 4608 891 4663 diescxx
919 4605 1099 4659 horas.
1138 4600 1222 4655 An
1245 4598 1419 4655 danda
1444 4599 1518 4653 sit
1543 4598 1831 4666 unicuique
1857 4610 1981 4665 par-

414 4702 459 4757 ti
482 4699 640 4756 tertia
680 4713 810 4769 pars
834 4696 1010 4759 home,
1043 4692 1095 4747 id
1124 4698 1247 4756 est,
1298 4689 1439 4744 trien
1466 4702 1662 4751 unum;
1707 4699 1810 4740 nec
1837 4685 1983 4740 enim

414 4805 510 4845 vtu
550 4788 698 4843 hora:
724 4784 931 4839 lunaris
969 4796 1162 4838 cursus
1204 4791 1388 4833 vacuae
1414 4782 1569 4840 sunt,
1612 4774 1738 4829 dum
1766 4788 1984 4842 compu-

416 4889 529 4936 tata
558 4887 644 4934 est
683 4877 738 4931 in
768 4891 920 4931 xxvu.
958 4873 1146 4929 diebus
1175 4914 1190 4938 ,
1236 4872 1281 4927 si
1318 4869 1608 4937 unicuique
1636 4867 1741 4922 diei
1771 4867 1985 4922 additur

417 4973 578 5028 tertia
600 4985 728 5042 pars
753 4982 877 5023 xnu
899 4965 1103 5039 [Forte,
1129 4962 1309 5034 xxuu]
1337 4962 1507 5032 partis
1523 5000 1538 5026 ,
1568 4969 1627 5015 ut
1655 4959 1824 5031 possit
1850 4959 1983 5029 legi-

416 5065 583 5119 timus
607 5073 868 5117 numerus
895 5055 1127 5127 partium
1158 5052 1390 5123 impleri,
1423 5052 1528 5107 hoc
1553 5057 1636 5106 est
1654 5090 1669 5115 ,
1715 5051 1782 5104 ad
1819 5064 1981 5103 cchx

414 5162 600 5229 partes
625 5150 937 5224 pervenire;
971 5147 1112 5202 sicut
1141 5145 1195 5199 in
1226 5150 1407 5198 vestra
1435 5141 1745 5197 acutissima
1772 5148 1829 5196 et
1849 5141 1986 5195 bene

411 5245 686 5321 exquisita
707 5240 1085 5315 supputatione
1111 5235 1415 5292 invenimus
1443 5234 1708 5305 agendum
1737 5247 1874 5287 esse.

815 5346 842 5375 ⁸
877 5333 985 5394 DE
1025 5327 1273 5392 CURSU
1316 5325 1572 5388 LUNIE.

488 5438 642 5494 Luna
669 5436 867 5508 quippe
892 5431 1179 5488 velocitate
1207 5427 1291 5485 sui
1320 5440 1511 5483 cursus
1530 5423 1770 5495 pervolat
1798 5438 1988 5478 unum-

493 5580 520 5608 ι
558 5568 784 5624 Videtur
806 5581 927 5623 esse
944 5572 1155 5636 partem
1185 5558 1371 5636 scripti
1398 5555 1617 5629 prioris.
1649 5554 1791 5610 Edit.
1817 5553 1987 5622 Quer-

423 5645 529 5693 cet.
554 5638 712 5703 epist.
740 5637 829 5692 28.
857 5630 991 5691 Vide
1014 5634 1170 5703 epist.
1206 5630 1328 5703 NQ.

495 5705 524 5747 δ
557 5695 636 5761 Ex
664 5721 764 5761 ms.
796 5722 907 5776 reg.
931 5695 1089 5762 Suec.
1111 5716 1260 5757 num.
1292 5698 1420 5765 226,
1446 5696 1536 5753 fol.
1568 5695 1652 5752 18.

2083 4537 2171 4584 tus
2208 4527 2519 4593 interserit,
2569 4542 2675 4582 non
2719 4544 2775 4581 x1
2824 4527 2918 4581 sed
2965 4542 3041 4581 xu
3069 4533 3271 4596 epactac
3294 4525 3663 4594 reperiuntur.

2080 4619 2229 4675 verbi
2257 4618 2448 4690 gratia,
2501 4618 2568 4673 de
2612 4632 2746 4671 xvtu
2789 4616 2842 4670 in
2889 4615 2993 4670 line
3037 4615 3171 4686 cycli
3214 4614 3660 4670 decennovenalis

2082 4726 2187 4764 non
2218 4711 2271 4763 in
2304 4724 2492 4765 xxvmt
2519 4708 2816 4762 ascendunt
2843 4714 3064 4775 epactae,
3091 4704 3183 4759 sed
3212 4705 3268 4758 in
3295 4720 3425 4758 xxx.

2154 4798 2255 4865 Qui
2281 4805 2404 4854 sunt
2429 4814 2558 4869 ergo
2579 4838 2593 4863 ,
2640 4796 2731 4866 qui
2756 4797 2987 4866 primum
3020 4796 3182 4849 istum
3215 4795 3360 4849 diem
3389 4801 3560 4850 saltus
3580 4796 3658 4849 in-

2082 4893 2349 4945 venerunt
2392 4893 2448 4941 et
2492 4885 2845 4941 addiderunt?
2887 4885 3122 4955 Egyptii
3156 4885 3273 4940 sine
3310 4885 3496 4939 dubio.
3534 4885 3664 4939 Inde

2081 4976 2373 5048 Dionysius
2401 4974 2530 5030 dicit
2555 4995 2567 5029 ι
2596 4973 2643 5028 Α
2666 4974 2843 5045 primo
2872 4988 3043 5038 anno,
3070 4977 3162 5042 qui
3198 4989 3307 5029 non
3336 4974 3502 5029 habet
3529 4988 3657 5042 epa-

2084 5075 2201 5123 ctas
2244 5067 2491 5131 lunares,
2535 5065 2639 5120 hoc
2665 5074 2781 5130 est,
2836 5079 3100 5135 congruas
3127 5080 3225 5134 pro
3253 5081 3340 5131 eo,
3369 5067 3512 5136 quod
3536 5082 3654 5121 cum

2086 5160 2194 5214 sint
2221 5157 2433 5213 numeri
2458 5155 2651 5211 decimi
2689 5154 2862 5226 [Leg.,
2891 5170 3013 5209 cum
3047 5155 3157 5209 sint
3178 5156 3305 5209 noni
3329 5155 3548 5228 decimi]
3579 5157 3659 5209 in-

2085 5249 2303 5304 l‘crioris
2326 5249 2452 5301 anni
2479 5263 2514 5300 x
2541 5254 2596 5301 et
2621 5260 2718 5299 vni
2746 5253 2969 5314 epactae,
3004 5244 3184 5299 addito
3207 5245 3374 5300 etiam
3397 5246 3467 5300 ab
3492 5244 3653 5314 Egy-

2085 5341 2213 5411 ptiis
2237 5355 2344 5395 uno
2365 5339 2451 5395 die
2475 5380 2490 5404 ,
2535 5338 2670 5392 fiunt
2705 5353 2811 5392 xxx
2844 5338 2897 5393 id
2935 5344 3052 5403 est,
3084 5336 3209 5390 luna
3250 5337 3453 5392 mensis
3497 5338 3653 5391 unius

2089 5430 2318 5501 integra.
2357 5428 2510 5483 Illum
2549 5442 2680 5496 ergo
2718 5442 2884 5481 unum
2908 5427 3080 5492 diem,
3121 5441 3282 5496 quem
3301 5427 3435 5482 dicit
3459 5425 3658 5495 Diony-

2159 5574 2183 5602 ο
2223 5562 2511 5633 Dionysius
2539 5559 2807 5684 Exiguus,
2828 5559 2982 5631 epist.
3011 5559 3080 5614 ad
3106 5557 3445 5615 Bonifacium
3471 5565 3529 5614 et
3552 5557 3653 5612 Bo-

2159 5649 2244 5684 ιιι-
2268 5640 2399 5684 tom.
2429 5630 2611 5684 LXVII
2678 5630 2973 5684 atroloaite.
2996 5628 3203 5684 (ποιεῖ).

2088 5649 2244 5699 num,
2268 5628 2399 5688 toni.
2429 5630 2611 5687 van
2637 5628 2973 5702 PatrOlogiaz,
2996 5628 3098 5686 col.
3113 5628 3203 5685 εδ.
