3934 6180
335 246 443 301 985

1051 241 1521 299 DIDASCALICA.
1561 273 1633 283 —
1670 242 1758 299 DE
1797 242 2031 300 CURSU
2068 241 2160 298 ET
2200 241 2425 300 SALTU
2463 242 2700 311 LUNE,
2740 243 2891 302 ETC.

3502 250 3605 309 986

333 364 451 419 sius
475 360 544 416 ab
595 357 868 429 Egyptiis
908 356 1149 414 additum
1171 399 1187 425 ,
1229 359 1373 415 diem
1408 359 1580 415 saltus
1610 359 1728 415 sine
1755 357 1922 414 dubio
1950 366 2000 422 Α
2024 371 2091 413 eo
2123 356 2268 427 quod
2294 356 2581 428 superﬂua:
2625 367 2780 425 sunt;
2825 368 2952 416 tunc
2999 360 3145 416 enim
3170 377 3247 416 xu
3284 373 3489 433 epacta
3518 368 3609 423 ads

330 454 694 510 demonstrat.
733 450 833 505 Hic
862 464 994 521 ergo
1021 450 1193 505 saltus
1217 450 1381 515 lunae,
1409 450 1806 505 incrementum
1833 450 1920 505 vel

331 552 683 617 augmentum
710 543 909 599 dicitur
937 544 1148 610 lunare,
1175 559 1244 599 eo
1269 545 1413 613 quod
1440 545 1638 600 crescit
1663 560 1762 615 per
1787 560 1920 599 xvui

331 653 507 694 annos
552 653 697 693 unus
742 637 857 692 dies
904 638 957 691 in
998 636 1145 692 luna.
1208 637 1286 691 De
1311 652 1419 705 quo
1442 638 1605 691 etiam
1632 644 1922 706 augmento

330 730 534 794 lunari,
561 729 665 783 hoc
691 736 793 792 est,
830 728 897 783 de
920 728 1008 783 die
1029 729 1197 783 saltus
1218 728 1491 783 Victorius
1520 740 1547 769 δ
1578 727 1812 781 ostendit
1841 727 1922 781 di-

330 834 499 876 oens:
551 837 571 870 ι
598 818 728 874 Post
758 834 914 873 xvuu
939 833 1109 873 annos
1158 816 1537 888 Egyptiorum
1569 832 1721 872 more
1743 816 1920 872 conti-

331 919 501 966 nuato
520 910 714 965 ordine
742 912 846 965 hoc
871 918 1224 979 augmentum
1262 908 1452 963 lunare
1483 909 1765 963 accrescit.
1797 927 1815 959 ι

404 1000 848 1070 lnterrogandum
890 1007 975 1054 est
1002 998 1188 1067 igitur,
1231 999 1285 1052 in
1334 1013 1445 1067 quo
1464 997 1585 1051 loco
1623 996 1713 1051 hic
1750 997 1921 1051 saltus

322 1091 484 1161 juxta
510 1092 708 1147 latinos
750 1090 1015 1161 ponitur?
1067 1088 1196 1145 Sine
1226 1088 1391 1145 dubio
1418 1089 1474 1143 in
1511 1103 1578 1142 xv
1607 1086 1921 1143 Decembris

334 1183 512 1255 |Leg.,
542 1197 613 1237 xv
640 1181 761 1235 Kal.
791 1179 1155 1252 Decembris].
1288 1243 1301 1255 χ

405 1273 611 1329 Deinde
639 1272 779 1328 scire
804 1286 904 1327 nos
931 1271 1202 1336 convenit,
1229 1270 1500 1341 quomodo
1526 1270 1616 1324 hic
1644 1269 1815 1324 saltus
1836 1282 1921 1323 se-

333 1364 572 1422 cundum
598 1362 822 1418 Latinos
855 1363 909 1417 in
937 1363 1181 1431 epactis,
1223 1375 1345 1431 qua:
1377 1368 1604 1416 currunt
1633 1360 1685 1414 in
1709 1375 1765 1413 xi
1797 1358 1914 1413 Kal.

332 1457 554 1529 Aprilis,
586 1455 909 1521 ostenditur,
955 1463 1011 1509 et
1032 1470 1098 1512 eo
1126 1469 1267 1509 anno
1289 1452 1505 1527 [Fui-te,
1532 1461 1587 1507 et
1616 1468 1724 1523 quo
1752 1450 1915 1524 anno]

333 1547 473 1620 cycli
511 1545 816 1601 invenitur?
854 1543 912 1598 In
942 1559 1031 1599 xvi
1063 1558 1205 1599 anno
1233 1543 1481 1598 videlicet
1522 1542 1691 1597 saltus
1727 1554 1919 1595 secun-

333 1641 464 1697 dum
514 1637 737 1692 Latinos
776 1634 1084 1690 invenitur:
1134 1633 1286 1689 verbi
1312 1632 1515 1704 gratia,
1551 1632 1619 1686 ’in
1656 1630 1747 1685 illo
1775 1644 1917 1685 anno

2022 451 2149 506 dita:
2181 452 2532 507 inveniuntur
2557 454 2623 509 de
2650 469 2783 509 xviu
2815 454 2868 508 in
2914 471 3065 510 xxxu
3109 455 3257 529 [Leg.
3291 473 3418 514 xxx.
3470 460 3604 517 Nam

2021 554 2164 594 anno
2178 540 2316 612 cycli
2357 541 2546 597 ultimo
2573 552 2776 612 epacta:
2801 553 2928 600 sunt
2953 562 3086 600 xvui
3107 554 3163 603 et
3190 564 3334 603 anno
3359 556 3607 621 sequenti

2018 631 2215 702 primo,
2248 641 2374 687 sunt
2405 650 2534 698 xxx,
2559 635 2673 689 sive
2698 637 2877 705 potius
2900 636 3109 710 nullae];
3143 639 3325 695 addito
3347 642 3507 696 etiam
3541 644 3608 699 ab

2019 717 2294 790 [Egyptiis
2320 737 2428 776 uno
2458 723 2545 777 die
2584 724 2651 777 ad
2680 741 2804 779 suas
2830 742 2882 780 x1
2912 738 3152 797 epactas.

2089 811 2372 878 Quomodo
2402 829 2532 885 ergo
2554 816 2607 870 in
2643 816 2770 872 luna
2802 818 2890 872 hic
2917 818 3036 873 dies
3053 819 3223 875 saltus
3262 821 3572 879 demonstra
3591 853 3606 865 -

2019 911 2139 957 tur:
2199 913 2256 959 et
2301 906 2572 974 quomodo
2620 908 2822 963 crescit
2856 909 2910 962 in
2937 925 3260 980 unaquaque
3289 912 3610 969 lunatione?

2019 992 2127 1049 Per
2147 1010 2229 1049 uu
2247 1005 2521 1052 momenta
2540 999 2736 1054 crescit
2757 999 2809 1053 in
2830 1016 3152 1071 unoquoque
3174 1020 3378 1070 mense,
3396 1007 3609 1062 cautius

2019 1093 2073 1139 et
2101 1084 2410 1155 diligentius
2438 1087 2975 1144 animadvertendum
3004 1100 3106 1146 est.
3144 1092 3236 1149 Sic
3261 1094 3605 1150 demonstra-

2019 1182 2142 1228 tur:
2165 1174 2299 1231 Cum
2329 1178 2478 1232 enim
2504 1178 2703 1233 dicitur
2725 1178 2850 1233 luna
2877 1196 3007 1233 xxix
3027 1179 3176 1252 [Ms.,
3203 1184 3385 1255 xvnu]
3411 1185 3526 1238 dies
3553 1194 3609 1239 et

2019 1266 2205 1332 semis,
2246 1267 2300 1322 id
2325 1276 2430 1334 est,
2460 1285 2535 1323 xu
2565 1271 2730 1326 horas
2765 1271 2818 1325 in
2868 1287 2927 1326 se
2957 1273 3177 1339 habere,
3227 1275 3388 1344 paulo
3429 1276 3609 1331 minus

2012 1355 2199 1425 junior
2225 1357 2282 1410 in
2318 1365 2511 1412 natura
2539 1359 2789 1426 habetur,
2828 1376 2989 1429 quam
3012 1371 3262 1433 putatur;
3292 1373 3344 1418 et
3380 1364 3501 1419 ideo
3524 1365 3605 1419 ci-

2020 1446 2125 1501 tior
2141 1448 2401 1516 prmvenit
2425 1448 2564 1504 luna:
2584 1449 2846 1515 incensio,
2874 1459 3162 1522 antequam
3192 1470 3380 1508 xxvuu
3404 1454 3521 1511 dies
3550 1464 3606 1510 et

2018 1540 2204 1605 semis,
2242 1540 2298 1595 id
2324 1548 2427 1605 est,
2461 1557 2538 1595 xu
2560 1542 2707 1596 hora:
2734 1542 2892 1611 plene
2922 1541 3201 1597 ﬁniantur.
3253 1544 3429 1600 Certis
3456 1547 3601 1601 enim

2019 1633 2306 1686 momentis
2328 1631 2564 1686 velocior
2585 1640 2669 1686 est
2693 1632 2834 1685 lunae
2853 1632 3143 1697 exstinctio
3165 1641 3220 1687 et
3248 1634 3488 1688 incensio
3517 1649 3606 1689 se-

334 1731 633 1790 secundum
654 1730 874 1786 Graecos
904 1743 972 1783 xv
1001 1735 1129 1782 sunt
1151 1736 1354 1797 epacta:
1377 1725 1432 1779 in
1461 1740 1515 1779 ιι
1549 1723 1666 1778 Kal.
1694 1722 1913 1793 Aprilis.
1947 1711 1993 1773 Β
2021 1720 2252 1775 cundum
2276 1730 2543 1787 naturam,
2587 1737 2748 1791 quam
2777 1722 2981 1777 dicitur
3012 1731 3105 1778 aut
3131 1731 3354 1794 putatur
3409 1740 3603 1780 secun-

335 1824 410 1878 Et
436 1824 482 1878 si
523 1823 802 1892 contingat
820 1860 836 1885 ,
868 1828 930 1874 ut
959 1819 1047 1874 die
1067 1817 1348 1874 Dominica
1380 1816 1476 1870 ﬁat
1507 1815 1596 1870 illa
1624 1822 1814 1884 epacta
1840 1813 1921 1868 lu-

335 1912 491 1967 naris
512 1927 580 1966 xv
602 1913 654 1965 in
680 1926 736 1965 xi
762 1909 882 1964 Kal.
919 1908 1093 1979 April.
1136 1907 1432 1963 secundum
1460 1906 1728 1960 rationem
1763 1904 1918 1961 Grae—

333 2018 549 2069 corum,
574 2009 630 2059 et
657 2001 955 2057 secundum
991 1998 1340 2054 traditionem
1365 1996 1567 2052 Nicaeui
1591 1994 1802 2051 concilii
1834 2009 1920 2050 sa-

331 2095 701 2151 cratissimum
721 2092 928 2147 Pascha
953 2100 1084 2146 tunc
1109 2090 1456 2146 celebratur:
1490 2087 1788 2143 secundum
1817 2086 1921 2141 La-

334 2188 481 2242 tinos
524 2194 707 2241 autem
750 2201 858 2241 non
902 2185 1182 2241 celebrant
1219 2183 1429 2239 Pascha
1462 2183 1519 2238 in
1554 2198 1622 2237 xv
1651 2182 1798 2247 luna,
1824 2180 1921 2237 sed

334 2297 450 2335 xvi.
488 2280 556 2335 Et
584 2280 665 2335 sic
691 2287 920 2336 currunt
951 2287 1156 2350 epacta:
1185 2278 1324 2349 apud
1353 2277 1472 2333 illos
1496 2277 1549 2331 in
1576 2274 1667 2330 illo
1691 2290 1833 2329 anno
1853 2273 1922 2329 de

334 2379 531 2442 quarta
580 2371 706 2425 luna
744 2372 798 2425 in
838 2386 961 2436 xvr,
995 2371 1136 2425 sicut
1181 2370 1237 2424 in
1286 2368 1526 2424 Victorio
1571 2365 1846 2421 invenitur
1867 2364 1918 2430 ιι,

333 2463 509 2519 saltus
537 2478 701 2518 causa
721 2503 736 2528 ,
779 2463 907 2533 quia
935 2477 1043 2517 non
1076 2461 1362 2516 voluerunt
1387 2458 1566 2513 Latini
1595 2456 1803 2511 Pascha
1826 2470 1918 2511 ce-

331 2553 551 2610 lebrare
573 2554 628 2608 in
652 2552 743 2608 illa
771 2561 962 2623 epacta
986 2551 1180 2617 Lunae,
1228 2551 1281 2606 in
1313 2566 1419 2623 qua
1462 2548 1709 2604 Christus
1730 2562 1922 2618 passus

331 2654 441 2712 est,
468 2645 571 2700 hoc
594 2653 678 2700 est
701 2644 828 2699 luna
856 2643 1086 2716 [Suppl.,
1116 2643 1232 2715 xv].

405 2732 573 2804 359
598 2731 877 2800 Quomodo
904 2749 1035 2804 ergo
1060 2733 1356 2789 secundum
1382 2733 1604 2789 Graecos
1629 2732 1801 2789 saltus
1828 2731 1921 2786 de-

334 2833 695 2891 monstratur,
730 2824 831 2896 [et]
870 2824 924 2879 in
945 2840 1054 2895 quo
1081 2825 1167 2878 die
1186 2824 1438 2879 datarum
1462 2823 1764 2878 invenitur?
1808 2820 1921 2875 Hoc

331 2925 441 2984 est,
472 2932 542 2971 xv
560 2916 677 2971 Kal.
702 2915 753 2971 Μ
773 2917 848 2971 ιιι.
909 2915 1217 2971 Secundum
1244 2915 1559 2987 Dionysium
1593 2915 1672 2970 sic
1699 2915 1921 2970 demon-

333 3015 564 3064 stratur.
642 3006 779 3062 Nam
827 3007 1044 3078 quando
1080 3007 1216 3062 dixit
1262 3005 1548 3078 Dionysius
1574 3017 1596 3045 ε
1628 3024 1641 3060 :
1699 3024 1719 3057 ‹
1757 3006 1919 3076 Anno

331 3098 515 3171 primo
531 3097 950 3153 decennovenali
973 3097 1149 3152 lunari
1167 3112 1301 3162 xvu,
1326 3111 1356 3152 a
1384 3113 1451 3151 xv
1473 3096 1592 3151 Kal.
1613 3095 1735 3151 Maii
1753 3111 1924 3166 usque

335 3189 408 3246 ad
434 3189 616 3245 Nonas
657 3188 880 3260 Aprilis,
930 3189 1058 3258 quia
1089 3188 1392 3244 communis
1437 3202 1607 3242 annus
1643 3195 1749 3253 est,
1792 3186 1928 3241 ﬁunt

333 3280 458 3336 dies
493 3294 722 3335 meum.
758 3299 778 3332 ι
819 3279 879 3335 In
907 3279 998 3335 illo
1031 3280 1150 3336 loco
1178 3288 1233 3335 et
1257 3280 1311 3335 in
1341 3279 1431 3335 illo
1464 3280 1550 3335 die
1586 3280 1728 3335 diem
1758 3279 1927 3334 saltus

334 3370 539 3440 posuit,
563 3371 665 3427 hoc
689 3378 792 3436 est,
831 3385 863 3424 a
888 3386 961 3424 xv
991 3370 1108 3425 Kal.
1137 3371 1262 3425 Maii
1281 3370 1330 3424 ά.
1382 3370 1516 3425 Nam
1561 3386 1776 3441 semper
1801 3370 1927 3425 Dio-

338 3461 526 3533 nysius
551 3475 582 3514 a
613 3476 681 3515 xv
726 3461 852 3516 luna
886 3462 1013 3516 anni
1044 3461 1270 3528 lunaris,
1330 3462 1445 3517 sive
1473 3462 1776 3517 communis
1812 3462 1925 3516 sive

336 3548 690 3605 embolismus
711 3549 849 3622 [sit],
865 3567 1035 3621 usque
1057 3552 1126 3607 ad
1153 3568 1273 3607 xuu
1299 3552 1484 3607 lunam
1510 3553 1818 3623 paschalem
1842 3569 1927 3609 se-

337 3642 559 3711 quentis
593 3642 721 3696 anni
772 3643 853 3698 sic
883 3650 1152 3698 numerat.
1220 3643 1325 3699 lste
1377 3659 1508 3714 ergo
1533 3645 1820 3715 Dionysius
1857 3662 1927 3701 xv

338 3731 610 3787 Kalendas
654 3731 802 3799 Maii,
859 3732 1155 3788 secundum
1206 3733 1548 3789 traditionem
1590 3733 1786 3805 angeli,
1833 3737 1927 3805 qui

338 3822 634 3878 Pachomio
659 3825 927 3879 monacho
961 3835 984 3864 ο
1009 3824 1190 3879 divina
1228 3823 1555 3879 revelatione
1584 3826 1922 3889 monstravit,

340 3918 399 3971 in
421 3917 654 3971 termino
678 3915 927 3971 Paschali
958 3931 1077 3973 xuii
1102 3914 1286 3969 lunam
1310 3915 1364 3969 in
1394 3914 1500 3970 ﬁne
1521 3915 1684 3970 totius
1698 3915 1833 3987 cycli
1860 3932 1930 3971 xv

338 4005 461 4060 Kal.
500 4005 623 4062 Maii
641 4008 856 4077 posuit;
888 4008 983 4063 sed
1016 4016 1194 4061 tamen
1223 4006 1521 4062 secundum
1543 4007 1808 4061 rationem
1834 4022 1930 4061 na-

340 4109 480 4154 tura:
507 4116 576 4154 xv
604 4098 777 4172 [Leg.,
808 4115 949 4164 xuu,
982 4114 1105 4154 nam
1133 4098 1429 4154 secundum
1452 4106 1675 4168 epactas
1699 4097 1825 4152 luna
1847 4107 1931 4153 est

340 4205 489 4256 xuu,
517 4190 611 4245 sed
640 4204 738 4260 per
769 4190 971 4245 saltum
1014 4189 1401 4261 Dionysianum
1424 4188 1546 4243 luna
1588 4188 1652 4243 ﬁt
1679 4186 1781 4259 xv]
1804 4188 1930 4242 luna

341 4262 636 4339 invenitur.
692 4283 800 4337 Pro
829 4284 933 4338 hoc
981 4282 1269 4353 Dionysius
1318 4280 1613 4337 secundum
1663 4280 1929 4335 rationem

340 4374 513 4429 saltus
537 4390 569 4428 a
596 4390 665 4428 xv
694 4373 811 4428 Kal.
841 4373 987 4438 Maii,
1020 4374 1122 4429 hoc
1151 4382 1254 4438 est,
1285 4388 1315 4426 a
1343 4387 1412 4426 xv
1438 4372 1563 4426 luna
1580 4371 1816 4442 primum
1838 4386 1928 4425 an-

340 4483 476 4523 num
526 4467 660 4538 rycli
702 4466 1150 4522 decennovenalis
1194 4465 1402 4534 incipit,
1430 4471 1485 4517 et
1501 4463 1796 4518 secundum
1819 4470 1928 4516 tra-

341 4560 605 4615 ditionem
631 4558 806 4630 angeli
835 4559 887 4612 in
923 4573 990 4612 xv
1010 4556 1130 4611 Kal.
1163 4556 1283 4609 Maii
1322 4555 1502 4625 posuit
1522 4554 1836 4616 terminum,
1876 4560 1932 4607 et

342 4649 507 4704 ﬁnem
530 4647 693 4702 totius
719 4646 855 4717 cycli
888 4647 943 4701 in
972 4662 1043 4699 xv
1071 4644 1189 4699 Kal.
1217 4644 1341 4699 Maii
1372 4659 1491 4699 xuu
1520 4643 1665 4698 luna.
1692 4642 1824 4697 item
1847 4657 1933 4697 se-

342 4740 582 4795 cundum
595 4737 813 4793 Graecos
836 4738 888 4792 in
911 4736 1116 4807 epactis
1138 4737 1255 4791 dies
1269 4735 1440 4790 saltus
1462 4735 1519 4788 in
1549 4750 1602 4787 xi
1618 4733 1737 4787 Kal.
1755 4732 1926 4801 April.

341 4832 774 4893 demonstratur,
823 4827 950 4898 quia
980 4836 1109 4881 tunc
1128 4826 1218 4881 illo
1247 4840 1388 4880 anno
1415 4824 1469 4878 in
1498 4824 1763 4893 principio
1794 4823 1931 4893 cycli

342 4920 507 4977 nulla:
533 4926 737 4990 epactat
765 4918 1040 4982 dicuntur,
1082 4916 1209 4986 quia
1233 4930 1340 4970 non
1359 4921 1485 4969 sunt
1509 4928 1782 4984 congruat.
1836 4929 1932 4969 oro

417 5109 445 5137 ι
484 5096 759 5151 Victorius
783 5095 839 5150 in
868 5094 1089 5151 Prmlat.
1112 5094 1392 5151 Paschalis
1422 5092 1544 5148 festi
1572 5095 1715 5163 apud
1743 5092 1934 5149 Petav.

345 5165 578 5238 tom._ll,
610 5182 733 5238 pag.
761 5165 886 5238 504.

422 5236 451 5276 δ
490 5234 763 5292 Victorius
803 5237 906 5293 loc.
933 5239 1027 5293 cit.
1067 5239 1135 5293 de
1176 5252 1327 5293 more
1353 5235 1672 5289 Latinorum
1699 5234 1815 5288 haec
1843 5249 1936 5290 re-

348 5314 576 5362 censet:
612 5326 633 5359 ι
663 5306 721 5363 Si
747 5316 930 5363 autem
951 5309 1038 5363 die
1064 5307 1273 5363 sabbati
1291 5305 1643 5376 plenilunium
1668 5319 1790 5358 esse
1810 5319 1937 5376 con-

351 5377 574 5448 tigerit,
612 5386 668 5433 et
693 5378 1047 5448 consequenti
1090 5374 1366 5448 dominico
1404 5376 1529 5448 luna
1578 5389 1648 5428 xv
1680 5374 1936 5448 reperiri,

349 5444 545 5504 eadem
588 5444 926 5503 hebdomada
957 5447 1278 5503 transmissa
1320 5447 1377 5501 in
1406 5446 1636 5500 alterum
1660 5445 1802 5499 diem
1830 5444 1939 5499 Do-

351 5518 638 5584 iuinicum,
669 5517 723 5572 id
748 5527 851 5584 est,
880 5519 1007 5573 luna
1037 5534 1150 5573 xxu
1179 5516 1460 5587 transferri
1480 5514 1678 5587 debere
1713 5513 1938 5587 [Latini]

354 5587 630 5642 dixerunt.
657 5607 675 5639 ι
709 5588 834 5643 Haec
858 5605 981 5644 cum
1011 5588 1319 5643 narratione
1338 5586 1547 5641 Aleuini
1580 5600 1686 5639 non
1716 5600 1941 5640 concor-

356 5656 512 5713 dant.
546 5657 788 5715 Adverte
830 5667 1008 5715 tamen
1050 5658 1337 5714 Alcuinum
1379 5656 1469 5713 hic
1512 5656 1658 5726 loqui
1698 5656 1763 5713 de
1799 5671 1941 5712 anno

2021 1809 2149 1866 dum
2179 1820 2373 1867 artem.
2417 1812 2551 1868 Nam
2574 1829 2656 1867 uu
2695 1815 2989 1870 momentis
3017 1822 3066 1871 et
3117 1817 3428 1873 duodecima
3452 1828 3609 1889 parte

2020 1905 2281 1960 momenti
2309 1945 2324 1969 ,
2374 1915 2431 1961 et
2452 1906 2885 1976 quingentesima
2911 1907 3356 1977 quinquagesima
3402 1910 3610 1966 decima

2021 2002 2214 2065 quarta
2255 2005 2410 2066 parte
2439 1997 2716 2061 momenti,
2756 1999 2858 2053 hoc
2880 2007 2965 2053 est
2986 2007 3187 2066 atomo,
3225 2000 3330 2055 hoc
3355 2016 3610 2073 augmen-

2022 2091 2136 2140 tum
2166 2086 2355 2143 lunare
2383 2088 2437 2142 in
2468 2088 2575 2143 ﬁne
2600 2088 3022 2160 uniuscujusque
3060 2092 3264 2146 mensis
3290 2091 3496 2148 lunaris
3518 2109 3611 2148 ac-

2021 2176 2239 2243 crescit,
2288 2186 2578 2249 antequam
2602 2178 2822 2234 ﬁniatur
2870 2181 3187 2237 duodecima
3221 2184 3358 2239 hora
3400 2184 3608 2240 dimidii

2019 2266 2146 2333 diei,
2164 2268 2255 2339 qui
2278 2285 2440 2340 super
2457 2287 2650 2326 xxvuu
2664 2272 2779 2328 dies
2802 2283 2903 2328 est.
2929 2270 3021 2329 Sic
3038 2289 3137 2345 per
3161 2291 3314 2331 xvuu
3338 2293 3529 2345 annos,
3554 2279 3610 2333 id

2020 2366 2124 2424 est,
2150 2375 2248 2430 per
2266 2377 2343 2415 xu
2366 2375 2681 2419 communes
2701 2370 2757 2418 et
2785 2378 2860 2419 vu
2879 2365 3248 2432 embolismos,
3295 2368 3384 2438 qui
3405 2368 3608 2425 habent

2022 2451 2467 2509 menseslunares
2489 2470 2721 2522 ccxxxv,
2746 2456 2835 2513 ille
2855 2474 2994 2513 unus
3015 2458 3130 2514 dies
3147 2476 3305 2516 xxuu
3326 2463 3607 2530 horarum,

2021 2547 2114 2617 qui
2144 2548 2341 2604 dicitur
2367 2549 2557 2616 saltus,
2600 2551 2863 2621 paulatim
2910 2554 3225 2610 adcrescere
3251 2555 3409 2623 solet,
3439 2573 3612 2628 usque

2021 2637 2149 2692 dum
2194 2638 2369 2707 prima
2392 2638 2519 2693 luna
2551 2639 2645 2694 ﬁat
2671 2640 2934 2711 completa
2986 2641 3042 2696 in
3066 2643 3156 2697 illa
3176 2645 3330 2711 hora,
3384 2663 3490 2717 qua
3513 2662 3611 2717 pu—

2021 2737 2170 2785 tatur
2208 2730 2336 2785 luna
2381 2731 2692 2803 exstingui,
2736 2741 2831 2787 aut
2872 2733 3105 2789 incendi.
3162 2735 3269 2789 Aut
3294 2752 3364 2790 xv
3387 2736 3612 2792 lunain-

2021 2826 2238 2880 venitur
2280 2826 2333 2880 in
2361 2825 2450 2880 illa
2479 2826 2565 2881 die
2588 2827 2882 2881 secundum
2908 2835 3178 2894 naturam,
3225 2829 3442 2899 quando
3470 2832 3603 2887 dici-

2024 2924 2113 2971 tur
2146 2932 2268 2970 xuu
2299 2915 2425 2970 luna
2468 2915 2764 2971 secundum
2794 2924 2965 2971 artem
3011 2926 3067 2972 et
3108 2918 3402 2973 secundum
3451 2921 3616 2975 ratio-

2027 3025 2151 3065 nem
2198 3017 2538 3079 epactarum,
2588 3008 2729 3065 sicut
2778 3009 3013 3064 diximus
3034 3010 3087 3064 in
3114 3025 3184 3063 xv
3209 3009 3327 3063 Kal.
3353 3010 3501 3076 Maii,
3557 3012 3612 3066 in

2026 3117 2133 3172 quo
2155 3101 2242 3157 die
2268 3110 2324 3157 et
2350 3102 2563 3157 decima
2598 3109 2792 3172 quarta
2858 3101 2986 3156 luna
3029 3101 3227 3157 dicitur
3285 3110 3342 3156 et
3401 3100 3613 3157 decima

2026 3193 2236 3264 quinta.

2100 3283 2157 3340 Si
2184 3300 2315 3356 ergo
2337 3300 2496 3340 nosse
2538 3285 2647 3348 vis,
2704 3292 2964 3355 quantum
2990 3283 3057 3338 de
3082 3285 3189 3340 hoc
3214 3294 3505 3356 augmento
3534 3284 3615 3338 lu-

2025 3377 2145 3432 nari
2176 3377 2373 3432 crcscit
2398 3377 2452 3431 in
2480 3391 2803 3447 unoquoque
2832 3390 2974 3431 anno
2999 3391 3098 3447 per
3118 3391 3272 3430 xvuu
3309 3391 3481 3432 annos
3508 3393 3523 3442 ;
3557 3386 3615 3431 et

2025 3475 2284 3535 quantum
2316 3468 2368 3522 in
2409 3483 2735 3538 unoquoque
2790 3482 2975 3523 mense
3019 3468 3197 3523 lunari
3254 3482 3353 3539 per
3399 3483 3610 3523 ccxxxv

2026 3571 2263 3622 menses,
2291 3556 2600 3629 diligentius
2619 3557 3010 3624 animadverte,
3051 3556 3196 3628 quod
3224 3558 3277 3613 in
3299 3559 3446 3613 omni
3466 3574 3609 3613 anno

2025 3649 2298 3704 communi
2324 3650 2523 3705 crescit
2546 3665 2654 3704 una
2698 3650 2829 3705 hora
2855 3659 2909 3705 et
2932 3666 3027 3704 viu
3058 3650 3371 3715 momentis;
3410 3666 3444 3704 x
3471 3650 3616 3706 enim

2027 3756 2241 3797 menses
2270 3757 2433 3797 unam
2458 3742 2646 3797 horam
2678 3741 2883 3810 faciunt
2907 3782 2922 3806 ,
2972 3744 3020 3797 si
3066 3743 3211 3797 enim
3252 3759 3286 3797 x
3315 3753 3509 3811 quater
3531 3743 3616 3798 vel

2028 3841 2263 3901 quatuor
2289 3831 2471 3887 decies
2517 3832 2983 3901 multiplicaveris,
3031 3848 3099 3886 xi.
3128 3840 3400 3888 momenta
3467 3842 3613 3896 sunt,

2031 3922 2132 3977 hoc
2159 3929 2262 3986 est,
2291 3937 2397 3975 una
2423 3922 2591 3976 hora:
2624 3930 2682 3975 et
2711 3921 2818 3975 dno
2836 3936 3048 3975 menses
3071 3937 3167 3975 viu
3199 3928 3472 3977 momenta
3506 3921 3613 3975 elli-

2031 4012 2209 4077 ciunt;
2237 4010 2323 4066 bis
2350 4012 2492 4065 enim
2537 4019 2767 4080 quatuor
2794 4028 2891 4065 vui
2924 4020 3195 4065 momenta
3230 4019 3372 4067 sunt.
3422 4011 3514 4067 Sic
3562 4012 3616 4066 in

2032 4117 2175 4157 anno
2205 4101 2499 4165 communi,
2548 4103 2640 4172 qui
2685 4103 2847 4158 habet
2882 4118 2958 4157 xu
2988 4116 3205 4158 menses
3236 4102 3480 4169 lunares,
3510 4118 3617 4158 una

2035 4193 2165 4247 hora
2198 4193 2265 4247 ad
2289 4192 2745 4261 prteparationem
2777 4192 2946 4247 saltus
2974 4199 3029 4247 et
3055 4208 3153 4246 vui
3202 4200 3475 4246 momenta
3496 4207 3616 4246 cre—

2033 4297 2210 4340 scunt.
2243 4282 2335 4339 Sic
2357 4298 2455 4354 per
2475 4300 2509 4337 x
2538 4292 2593 4339 et
2619 4299 2811 4339 novem
2838 4299 3031 4349 annos,
3061 4284 3215 4354 quasi
3242 4282 3473 4338 fuissent
3497 4299 3615 4337 om-

1958 4403 2008 4463 Β
2035 4391 2131 4430 ηεε
2156 4389 2470 4431 communes
2492 4374 2588 4447 (vu
2636 4374 2969 4430 embolismis
3012 4374 3306 4445 separatim
3354 4373 3615 4438 dimissis,

2033 4466 2099 4520 de
2126 4466 2323 4536 quibus
2348 4473 2538 4535 postea
2562 4464 2825 4536 dicemus)
2852 4472 3106 4519 crescunt
3123 4479 3220 4535 per
3239 4480 3391 4518 xvuu
3424 4480 3617 4527 annos,

2032 4569 2187 4610 xvuu
2226 4555 2396 4622 horae,
2423 4556 2530 4610 hoc
2550 4564 2653 4621 est,
2671 4556 2805 4610 hora
2823 4554 3250 4624 uniuscujusque
3278 4554 3406 4609 anni
3441 4573 3453 4607 :
3482 4553 3615 4609 Item

2032 4659 2128 4698 vni
2146 4652 2417 4699 momenta
2434 4644 2856 4715 uniuscujusque
2873 4644 3031 4710 anni;
3059 4644 3138 4698 sic
3152 4660 3250 4715 per
3265 4661 3419 4700 xvuu
3449 4661 3620 4701 annos

2034 4751 2141 4791 cur
2161 4743 2427 4790 momenta
2446 4734 2768 4798 efﬁciuntur,
2791 4734 2894 4790 hoc
2910 4743 3012 4799 est,
3032 4750 3092 4789 ιιι
3114 4735 3261 4790 hora:
3276 4742 3330 4789 et
3346 4750 3493 4789 xxxu
3510 4749 3622 4789 mo-

2033 4836 2213 4884 menta
2234 4846 2248 4881 :
2274 4827 2434 4884 simul
2449 4837 2629 4881 autem
2654 4827 2787 4881 ﬁunt
2816 4844 2930 4882 xxu
2950 4844 3063 4883 ora:
3079 4836 3134 4882 et
3152 4843 3304 4881 XXX"
3322 4837 3615 4881 momenta.

2034 4919 2362 4992 Colligamus
2387 4934 2516 4990 ergo
2564 4927 2838 4974 momenta
2866 4921 2933 4975 de
2965 4937 3041 4975 vn
3096 4919 3452 4985 embolismis,
3484 4935 3620 4990 quos

2037 5093 2247 5149 decimo
2285 5101 2443 5165 sexto
2479 5093 2613 5165 cycli
2664 5094 3134 5158 decennovenalis,
3177 5094 3229 5148 in
3270 5109 3378 5163 quo
3420 5092 3617 5148 saltum

2109 5177 2238 5217 nere
2291 5163 2368 5218 ait
2408 5163 2664 5235 Latinos:
2715 5165 2781 5219 de
2815 5181 2922 5235 quo
2962 5173 3108 5220 tacet
3152 5165 3461 5235 Victorius];
3509 5165 3621 5218 nisi

2076 5248 2156 5288 :ec
2176 5235 2421 5305 exceptio
2447 5234 2688 5305 a_regula
2715 5233 2951 5305 generali
2979 5236 3031 5289 in
3058 5235 3221 5289 editis
3241 5236 3313 5289 sit
3338 5233 3561 5289 omissa.

2113 5313 2135 5376 εξ
2176 5303 2233 5376 l_n
2263 5304 2421 5376 epist.
2455 5303 2519 5366 ll,
2553 5303 2682 5359 toni.
2718 5303 2901 5359 LXVII
2923 5305 3260 5376 Patrologiaa.

2111 5371 2138 5412 ἀ
2179 5371 2431 5428 Petavius
2462 5383 2785 5444 tamentam.
2803 5375 2843 5439 l,
2871 5390 2993 5444 pag.
3018 5371 3385 5441 510,'asserit,
3424 5375 3619 5429 saltum

2044 5443 2182 5515 luna:
2207 5459 2238 5499 a
2274 5444 2528 5515 Dionysio
2561 5445 2630 5499 50
2651 5443 2775 5499 Julii
2802 5443 3086 5511 statutum,
3125 5457 3180 5500 et
3204 5447 3282 5501 sic
3331 5447 3397 5501 ad
3425 5445 3622 5500 Kalen-

2044 5513 2254 5568 darium
2274 5513 2579 5569 Romanum
2605 5530 2725 5570 esse
2748 5515 3088 5570 translatum.

2044 5595 2147 5709 5οΞ
2181 5583 2348 5653 Epist.
2379 5584 2522 5642 beati
2546 5583 2729 5656 (ἒ)ἰίΠί
2753 5585 2892 5655 apud
2920 5586 3217 5652 Pctavium,
3245 5595 3374 5643 toni.
3402 5586 3475 5651 ll,
3493 5600 3616 5656 pag.
