3934 6180
314 272 414 330 987

1128 263 1189 322 Β.
1229 267 1293 322 F.
1332 261 1560 319 ALBINI
1596 259 1729 318 εει]
1768 257 2047 315 ΑιευιΝι
2080 255 2363 313 OPEBUM
2398 253 2578 311 PARS
2616 252 2726 311 VII.

3458 252 3565 308 998

309 380 601 453 separatim
630 379 952 443 dimisimus,
1002 375 1106 433 hoc
1132 386 1235 443 est,
1261 391 1344 430 nu
1388 377 1664 429 momenta
1691 368 1877 424 unius-
1903 370 1953 428 Α
1981 380 2090 431 ras,
2139 363 2274 421 ﬁunt
2296 378 2451 420 xxmt
2476 364 2647 427 boue,
2701 362 2805 416 hoc
2828 367 2939 426 est,
2972 375 3113 415 unus
3333 360 3563 426 lunaris,

309 474 572 545 cujusque
621 472 820 528 mensis
872 469 1194 527 embolismi.
1251 467 1342 524 Sic
1364 482 1431 523 ex
1456 482 1532 522 vu
1580 463 1874 525 mensibus,

310 564 416 620 hoc
440 571 546 629 est,
568 579 635 619 ex
685 570 892 632 septem
944 560 1275 617 embolismis
1307 574 1477 614 xxvut
1510 556 1663 626 μίση
1693 553 1878 625 xxuu]

309 666 583 712 momenta
611 655 967 724 colliguntur;
1001 667 1075 705 vu
1105 650 1250 705 enim
1297 656 1512 719 quater,
1543 646 1629 701 vel
1650 638 1883 715 quatuor

311 747 513 817 septies
541 744 686 798 ducti
740 758 907 797 xxvut
964 747 1236 795 momenta
1283 745 1426 792 sunt.
1465 737 1613 792 Mitte
1641 734 1799 790 simul
1828 742 1883 788 et

312 855 468 901 xxxu
499 844 793 899 momenta,
843 847 962 904 qua!
989 840 1144 886 antea
1170 830 1429 896 habuisti,
1468 829 1605 884 ﬁunt
1628 827 1787 884 simul
1814 844 1883 882 1.x

315 936 610 993 momenta,
640 928 741 982 hoc
766 934 863 988 est,
896 940 1000 979 una
1024 925 1155 978 hora
1184 930 1238 978 et
1260 921 1503 978 dimidia.
1544 922 1694 977 Mitte
1723 921 1884 977 simul

313 1020 477 1090 360
500 1026 554 1073 et
581 1017 896 1087 praedictum
932 1027 1213 1067 numerum
1259 1012 1534 1078 horarum,
1564 1028 1700 1082 quas
1725 1019 1886 1067 antea

316 1110 579 1173 habuisti,
604 1110 705 1163 hoc
733 1116 837 1171 est,
865 1122 1002 1170 xxu,
1032 1109 1166 1158 bunt
1212 1120 1349 1159 xxm
1395 1106 1544 1159 hora:
1564 1111 1618 1158 et
1642 1101 1883 1167 dimidia,

314 1201 417 1256 hoc
447 1208 553 1263 est,
584 1214 654 1253 xx
682 1206 975 1252 momenta.
1014 1195 1070 1249 Si
1095 1211 1225 1267 ergo
1249 1210 1347 1264 per
1374 1210 1531 1249 xvuu
1558 1209 1748 1257 annos,
1777 1191 1889 1247 col-

311 1287 469 1344 lectis
499 1305 580 1344 uu
631 1287 917 1343 momentis
966 1284 1385 1355 uniuscujusque
1428 1285 1650 1349 mensis,
1681 1298 1889 1338 ccxxxv

313 1389 505 1450 quater
530 1378 994 1450 multiplicaveris,
1023 1377 1106 1433 vel
1132 1386 1363 1447 quatuor
1400 1377 1677 1432 ducenties
1704 1375 1890 1430 tricies

314 1470 600 1541 quinquies
616 1470 764 1524 ducti
786 1467 1008 1532 fuerint,
1022 1483 1253 1523 nccccxt.
1275 1466 1584 1539 efﬁciuntur
1596 1473 1887 1521 momenta.

314 1558 374 1615 Si
410 1560 555 1612 enim
605 1573 665 1612 cc
696 1565 891 1627 quater
944 1558 1180 1621 duxeris,
1240 1571 1365 1610 nccc
1422 1555 1593 1621 ﬁunt;
1627 1556 1753 1609 item
1782 1571 1892 1609 xxx

314 1657 506 1719 quater
532 1647 679 1702 ducti
718 1662 822 1703 cxx
864 1654 1004 1709 sunt,
1056 1646 1213 1700 simul
1247 1654 1423 1700 autem
1464 1660 1695 1700 nccccxx
1717 1653 1884 1709 sunt;

316 1743 448 1797 item
478 1755 510 1792 ν
538 1747 751 1809 quater,
804 1755 877 1793 xx
904 1738 1056 1802 ﬁunt,
1086 1737 1247 1792 simul
1294 1745 1474 1791 autem
1514 1753 1744 1792 nccccxt.
1772 1753 1891 1792 mo-

316 1840 518 1888 menta.
546 1830 655 1886 Hos
674 1844 802 1902 ergo
826 1831 869 1885 si
897 1830 1087 1900 partiri
1110 1829 1342 1884 volueris
1369 1845 1465 1898 per
1497 1830 1890 1898 quadragenos,

315 1923 425 1977 hoc
450 1929 553 1984 est,
589 1936 688 1991 per
709 1921 871 1975 horas
892 1921 1146 1989 integras,
1174 1920 1301 1989 quia
1328 1937 1394 1974 xi.
1436 1928 1705 1975 momenta
1733 1934 1893 1974 unam

316 2012 508 2067 horam
534 2009 759 2074 faciunt,
791 2011 870 2065 sic
892 2010 1081 2081 partiri
1122 2010 1304 2065 debes.
1343 2010 1419 2065 De
1446 2025 1615 2065 occec
1641 2011 1770 2066 tolle
1797 2026 1896 2065 no-

316 2102 432 2156 vies
456 2118 549 2167 xx,
581 2109 859 2156 remanent
885 2116 1003 2156 vuu
1028 2101 1296 2171 octogeni,
1335 2102 1439 2156 hoc
1462 2108 1567 2167 est,
1599 2117 1736 2156 xvut
1760 2117 1896 2171 qua-

318 2192 563 2263 drageni,
592 2192 685 2262 qui
705 2192 905 2246 habent
930 2193 1093 2246 horas
1114 2208 1269 2246 xvm.
1305 2193 1436 2246 Item
1466 2208 1587 2247 vuu
1613 2192 1812 2262 vigeni,
1840 2193 1896 2248 in

321 2279 567 2354 [quibus]
604 2280 689 2336 bis
743 2296 886 2337 Lxxx
934 2280 1087 2353 [Ms.,
1138 2281 1194 2335 in
1228 2280 1314 2337 bis
1359 2297 1601 2345 txxxm,
1631 2281 1895 2353 mendose]

319 2389 423 2429 ch
449 2380 593 2440 sunt,
623 2374 727 2428 hoc
756 2380 859 2439 est,
909 2382 1140 2444 quatuor
1187 2374 1517 2445 quadrageni
1547 2372 1701 2446 [Ms.,
1741 2391 1899 2438 xuu,

318 2477 503 2517 rursus
522 2461 786 2534 mendose]
807 2462 900 2532 qui
941 2462 1141 2517 habent
1172 2478 1255 2518 uu
1283 2465 1477 2529 horas;
1537 2463 1691 2516 mitte
1739 2462 1900 2518 simul

319 2560 377 2608 et
404 2568 535 2607 xvm
561 2553 723 2607 horas
768 2569 879 2607 xxu
909 2552 1073 2618 ﬁunt;
1112 2562 1393 2607 remanent
1435 2568 1506 2607 xx
1534 2551 1686 2624 [Ms.,
1726 2568 1901 2607 rema—

321 2650 456 2697 nent
495 2640 622 2713 cxx]
677 2640 1014 2714 [momenta].
1066 2641 1215 2695 Mitte
1261 2641 1350 2696 illa
1386 2641 1547 2696 simul
1580 2650 1636 2696 et
1678 2657 1746 2696 χι.
1784 2658 1900 2697 mo—
1954 2642 1971 2653 “

320 2744 527 2803 menta,
549 2751 668 2806 qum
696 2745 821 2791 ante
855 2736 1089 2791 habuisti
1120 2750 1280 2806 super
1325 2751 1509 2802 occec,
1541 2736 1758 2791 ﬁunth
1785 2752 1902 2791 mo-

323 2837 526 2883 menta.
574 2827 795 2881 Dimitte
817 2844 904 2893 XL,
933 2829 1038 2883 hoc
1058 2836 1160 2892 est,
1191 2844 1353 2882 unam
1381 2828 1601 2892 horam;
1642 2828 1794 2882 mitte
1812 2843 1901 2882 su-

321 2931 422 2988 per
443 2932 580 2982 xxu,
637 2915 774 2972 ﬁunt
799 2934 935 2972 xxut
968 2917 1182 2990 [hor.e,]
1233 2926 1288 2972 et
1311 2935 1382 2973 xx
1411 2928 1686 2974 momenta
1724 2933 1902 2974 rema-

1980 458 2074 528 qui
2094 457 2289 513 dicitur
2316 457 2508 519 saltus,
2531 456 2647 510 sive
2658 453 3072 517 incrementum,
3094 451 3180 506 vel
3193 463 3564 522 augmentum.

1983 547 2041 603 Si
2069 562 2202 618 ergo
2223 548 2364 603 scire
2397 547 2652 610 volueris,
2698 554 2964 615 quantum
3016 546 3083 599 de
3129 542 3232 599 hoc
3268 545 3442 599 lunari
3471 561 3568 600 au-

1981 650 2199 707 gmento
2237 640 2439 695 crescit
2465 638 2522 692 in
2566 652 2891 707 unoquoque
2931 638 3153 691 mense?
3211 637 3325 692 Hoc
3351 648 3455 702 est,
3484 653 3568 693 uu

1981 741 2253 786 momenta
2299 741 2355 786 et
2379 730 2689 786 duodecima
2719 745 2848 800 pars
2875 731 3154 795 momenti,
3193 739 3249 785 et
3272 732 3570 801 quadrage-

1983 823 2119 878 sima
2145 822 2369 892 septima
2394 835 2523 891 pars
2575 820 2905 875 duodecima:
2925 821 3095 891 partis
3132 822 3416 887 momenti,
3467 823 3574 878 hoc

1985 922 2067 968 est
2099 921 2311 967 atomus
2336 911 2532 966 crescit
2557 912 2612 967 in
2642 926 2968 981 unoquoque
2996 926 3198 967 mense.

2053 1004 2497 1075 lnterrogandum
2517 1011 2600 1059 est
2628 1004 2813 1074 igitur,
2835 1019 2959 1058 cum
2980 1004 3177 1058 dicitur
3199 1005 3325 1059 luna
3350 1006 3577 1061 accendi

1984 1110 2083 1168 per
2106 1111 2298 1151 xxvuu
2336 1095 2454 1150 dies
2470 1104 2524 1150 et
2546 1094 2828 1149 dimidium
2853 1094 2981 1158 diei,
3009 1095 3111 1149 hoc
3129 1095 3282 1150 estin
3308 1111 3385 1150 xu
3414 1097 3579 1160 hora,

1987 1189 2082 1243 sed
2106 1202 2212 1242 non
2242 1194 2353 1241 tota
2378 1186 2709 1241 duodecimae
2741 1184 2892 1240 ﬁnita
2922 1185 3201 1256 (pmcedit
3217 1187 3362 1241 enim
3390 1188 3579 1241 incen-

1987 1281 2069 1337 sio
2090 1288 2215 1334 ante
2249 1294 2333 1335 uu
2377 1287 2650 1334 momenta
2671 1277 2739 1332 de
2761 1277 2866 1333 ﬁne
2900 1278 3049 1333 hora:
3100 1278 3435 1333 duodecimae
3455 1295 3578 1348 quae

1989 1386 2151 1426 causa
2198 1368 2394 1424 saltum
2441 1366 2647 1438 eﬁicit).
2713 1366 2809 1421 Illa
2830 1382 2960 1437 ergo
2987 1367 3231 1423 incensio
3273 1367 3382 1423 diei
3434 1385 3577 1440 qun-

1988 1461 2150 1517 modo
2176 1458 2399 1529 intelligi
2426 1466 2625 1528 potest,
2651 1465 2833 1512 utrum
2862 1458 2918 1512 in
2940 1458 3047 1523 die,
3096 1473 3163 1511 an
3193 1457 3249 1511 in
3274 1468 3435 1513 nocte
3450 1458 3578 1514 luna

1990 1550 2348 1609 accenditur?
2398 1550 2482 1604 vel
2518 1564 2626 1620 qua
2664 1548 2865 1624 [hora],
2918 1550 3005 1604 vel
3033 1564 3142 1619 quo
3164 1558 3384 1619 puncto,
3411 1551 3579 1606 immo

1991 1645 2157 1701 etiam
2178 1650 2453 1699 momento
2480 1643 2610 1698 luna
2638 1644 2861 1699 accendi
2895 1642 3132 1697 dicitur?
3165 1651 3220 1696 et
3242 1650 3427 1697 utrum
3455 1644 3577 1699 sub—

1996 1735 2254 1798 incensio,
2294 1732 2380 1788 vel
2408 1733 2583 1788 media
2608 1734 2869 1797 incensio,
2893 1732 2982 1787 vel
3001 1734 3409 1803 superincensio
3435 1734 3580 1788 site?

1996 1826 2301 1882 Secundum
2336 1826 2752 1882 aestimationem
2808 1822 3160 1880 Hebmorum
3208 1824 3335 1878 luna
3383 1824 3583 1879 dicitur

1994 1918 2215 1973 accendi
2259 1925 2383 1987 post
2399 1916 2637 1972 mediam
2663 1916 2827 1979 diem,
2853 1916 2959 1969 hoc
2979 1922 3080 1979 est,
3110 1922 3231 1984 post
3261 1930 3315 1968 v1
3345 1916 3513 1970 horas
3530 1925 3585 1970 et

1996 2009 2274 2066 dimidiam
2296 2012 2487 2066 horam
2509 2009 2771 2077 septimae.
2826 2005 3060 2061 Proinde
3094 2007 3304 2062 Hebraei
3334 2022 3364 2060 a
3402 2006 3581 2062 media

1996 2101 2083 2156 die
2104 2102 2318 2156 initium
2342 2101 2450 2156 diei
2471 2107 2710 2165 sumunt,
2762 2099 2889 2169 quia
2941 2100 3240 2154 secundum
3269 2100 3455 2153 lunam
3487 2117 3586 2155 nu-

1995 2199 2231 2257 merant,
2266 2200 2321 2248 et
2374 2192 2428 2247 in
2476 2190 2655 2246 media
2693 2189 2780 2244 die
2822 2191 2963 2244 lunae
3025 2198 3158 2245 aetas
3190 2199 3582 2245 commutatur.

1995 2280 2125 2337 Inde
2149 2281 2469 2337 Anatholius
2493 2279 2889 2335 Alexandrinus
2907 2277 3041 2333 dicit
3066 2296 3078 2332 :
3119 2297 3137 2329 ι
3159 2278 3350 2334 Omnis
3374 2281 3493 2335 dies
3530 2282 3583 2334 in

1998 2375 2138 2431 luna:
2157 2375 2560 2446 computatione
2574 2372 2726 2446 [Ms.,
2742 2372 2797 2426 in
2820 2371 2946 2426 luna
2971 2371 3451 2443 computationem]
3477 2389 3587 2427 non

2000 2468 2189 2523 eodem
2211 2481 2457 2531 numero,
2513 2480 2623 2537 quo
2672 2478 2832 2519 mane
2860 2463 3127 2529 initiatur,
3183 2465 3249 2519 ad
3294 2479 3587 2535 vesperum

1999 2558 2207 2623 ﬁnitur,
2236 2557 2364 2626 quia
2393 2556 2530 2623 dies,
2578 2555 2671 2628 qui
2718 2570 2877 2608 mane
2915 2554 3159 2609 initiatur
3201 2570 3365 2623 usque
3410 2556 3481 2609 ad
3526 2571 3586 2610 vr

1999 2649 2188 2704 horam
2209 2659 2263 2703 et
2287 2647 2584 2710 dimidiam,
2637 2662 2736 2701 xm
2764 2642 2942 2717 [Fam
2972 2644 3166 2715 ιαμβι..
3203 2643 3280 2717 et]
3322 2645 3591 2701 adnume‘

1999 2747 2175 2803 ratur,
2201 2738 2390 2793 eadem
2422 2737 2489 2791 ad
2516 2750 2802 2806 vesperum
2835 2750 2952 2789 xuu
2979 2734 3275 2789 invenitur.
3315 2754 3334 2787 ι
3380 2736 3440 2790 In
3480 2737 3587 2792 hoc

2000 2828 2247 2898 exemplo
2270 2828 2505 2883 ostendit
2533 2826 2875 2891 Anatholius,
2928 2826 3069 2895 quod
3100 2826 3241 2881 luna:
3272 2836 3407 2883 tetas
3440 2845 3589 2883 com-

2002 2926 2247 2975 mutatur
2265 2918 2412 2975 omni
2438 2917 2525 2973 die
2544 2925 2664 2989 post
2691 2925 2898 2972 sextam
2926 2916 3118 2971 horam
3144 2918 3251 2973 diei
3279 2919 3333 2972 in
3364 2920 3584 2974 dimidia

322 3014 479 3072 nent,
502 3007 604 3062 hoc
631 3015 734 3072 est,
786 3006 1005 3062 dimidia
1036 3008 1189 3061 hora.
1237 3006 1327 3063 Sic
1354 3022 1483 3079 ergo
1508 3022 1604 3078 per
1623 3025 1778 3062 xvuu
1811 3025 1903 3062 an-
1930 3046 1977 3110 ε
2003 3016 2155 3070 horae
2189 2998 2459 3084 septimae;
2504 3020 2560 3066 et
2605 3012 2684 3067 sic
2707 3018 2928 3082 putatur
2949 3011 3113 3066 etiam
3144 3011 3198 3065 in
3232 3010 3321 3065 illa
3343 3012 3479 3067 hora
3505 3012 3589 3066 lu-

322 3112 442 3161 nos,
480 3096 618 3151 sicut
641 3106 796 3151 antea
820 3096 1076 3162 diximus,
1122 3104 1526 3152 crescuntxxux
1556 3098 1703 3152 hora:
1740 3105 1795 3152 et
1824 3098 1899 3151 di-

323 3189 520 3244 midia:
553 3196 798 3244 remanet
824 3188 1042 3243 dimidia
1068 3189 1221 3252 hora,
1244 3189 1347 3244 hoc
1373 3197 1474 3254 est,
1505 3206 1577 3243 xx
1608 3200 1898 3255 momenta,

324 3296 445 3349 quae
471 3279 698 3334 efficitur
723 3289 775 3334 et
802 3281 1099 3350 completur
1118 3295 1184 3335 ex
1216 3296 1290 3334 xu
1321 3289 1476 3349 parte
1502 3282 1762 3336 momenti
1807 3297 1901 3336 cu-

318 3365 516 3437 jusque
541 3367 761 3432 mensis,
797 3368 888 3437 qui
918 3376 1044 3421 sunt
1069 3384 1295 3422 ccxxxv.
1326 3369 1393 3422 Et
1424 3371 1498 3423 ita
1523 3370 1577 3424 in
1599 3385 1673 3424 xu
1705 3370 1907 3424 mensi-

323 3454 450 3518 bus,
480 3455 585 3507 hoc
615 3462 718 3519 est,
776 3455 831 3507 in
852 3470 960 3507 uno
987 3470 1129 3508 anno
1157 3457 1428 3510 communi
1462 3473 1627 3511 unum
1666 3473 1907 3513 momen-

324 3552 444 3600 tum
473 3544 759 3616 colligitur,
799 3554 853 3600 et
898 3546 952 3599 in
982 3562 1137 3601 xvuu
1160 3549 1334 3611 annis,
1367 3549 1523 3618 quasi
1567 3558 1647 3604 tot
1674 3550 1907 3606 fuissent

326 3650 937 3718 communes,.seorsum
962 3653 1038 3691 vu
1069 3637 1413 3693 embolismos
1449 3639 1779 3705 deserentes,
1826 3641 1908 3698 sic

327 3728 660 3799 colliguntur
684 3746 837 3784 xvuu
870 3739 1163 3797 momenta,
1213 3744 1455 3789 remanet
1480 3752 1645 3790 unum
1668 3753 1908 3793 momen-

326 3829 465 3887 tum,
491 3821 631 3892 quod
655 3821 923 3893 colligitur
935 3838 1001 3876 ex
1013 3838 1087 3877 vu
1116 3823 1511 3881 cmbolismiset
1525 3836 1703 3882 atomo
1722 3829 1909 3885 unius-

329 3912 589 3983 cujusque
626 3914 848 3969 mensis.
899 3913 979 3967 Ex
1004 3915 1281 3971 mensibus
1305 3917 1448 3972 enim
1473 3920 1808 3975 embolismis
1831 3938 1906 3987 vr,

330 4004 612 4060 dimidium
657 4015 988 4061 momentum
1041 4007 1344 4079 colligitur,
1392 4010 1495 4065 hoc
1540 4020 1621 4066 est
1660 4028 1909 4071 ecrxxxu

332 4095 541 4171 [SuppL
574 4096 783 4170 atomi].
835 4098 969 4154 Item
1006 4115 1072 4155 ex
1102 4101 1330 4169 septimo
1379 4117 1563 4158 mense
1593 4106 1911 4163 embolismo

333 4188 607 4260 colligitur
649 4190 966 4245 duodecima
1018 4209 1149 4262 pars
1195 4195 1473 4260 momenti,
1527 4196 1580 4251 id
1611 4207 1717 4263 est,
1764 4214 1911 4254 xnvu

335 4284 522 4338 atomi.
592 4282 649 4338 Si
698 4286 842 4339 enim
890 4285 1097 4341 dividas
1144 4296 1478 4343 momentum
1510 4290 1564 4345 in
1601 4307 1678 4347 xu
1706 4301 1908 4363 partes,

2006 3122 2133 3161 nam
2158 3105 2398 3161 accendi.
2443 3103 2547 3160 Sed
2570 3112 2750 3159 tatuen
2773 3103 2888 3158 haec
2911 3103 3049 3158 ratio
3070 3103 3366 3159 secundum
3394 3106 3589 3160 verita-

2003 3203 2114 3252 tem
2132 3204 2337 3250 uaturze
2362 3193 2633 3263 quomodo
2649 3192 2865 3263 probari
2893 3202 3067 3262 potest
3092 3233 3108 3258 ,
3158 3194 3587 3263 investigandum

2003 3296 2107 3343 est.
2125 3288 2283 3359 361
2304 3285 2363 3342 Si
2384 3287 2527 3342 enim
2544 3286 2669 3341 luna
2698 3301 2808 3342 xxx
2836 3301 3048 3356 semper
3068 3285 3281 3351 fuisset,
3309 3299 3404 3341 aut
3422 3287 3591 3342 etiam

2006 3396 2228 3444 xxvun,
2274 3378 2389 3432 ﬁeri
2413 3379 2701 3447 potuisset,
2730 3386 2791 3433 ut
2814 3378 2867 3432 in
2902 3393 3008 3432 una
3037 3378 3190 3443 hora,
3224 3388 3279 3433 et
3307 3379 3362 3432 in
3399 3379 3587 3434 eodem

2011 3479 2216 3540 puncto
2260 3476 2317 3524 et
2344 3477 2641 3534 momento,
2685 3469 2872 3524 eodem
2919 3468 3024 3524 diei
3065 3476 3328 3539 tempore,
3355 3485 3465 3538 quo
3486 3471 3595 3540 pri-

2005 3576 2154 3615 mum
2182 3558 2325 3614 facta
2344 3568 2431 3614 est
2455 3560 2632 3625 Luna,
2664 3575 2878 3631 semper
2900 3560 3287 3615 accenderetur
3314 3559 3468 3614 ﬁnita
3495 3562 3593 3615 tri-

2008 3650 2241 3722 gesima,
2271 3650 2357 3705 vel
2393 3651 2561 3706 etiam
2604 3651 2867 3722 vigesima
2912 3666 3075 3705 nona.
3108 3649 3214 3705 Sed
3241 3666 3366 3706 cum
3396 3666 3593 3706 xxmu

2008 3745 2126 3800 dies
2152 3753 2207 3801 et
2233 3744 2401 3800 semis
2426 3744 2555 3809 diei,
2587 3745 2690 3801 hoc
2712 3752 2815 3810 est,
2844 3760 2922 3799 xu
2956 3748 3119 3799 horas
3164 3741 3292 3797 luna
3324 3744 3377 3797 in
3407 3758 3467 3797 se
3501 3744 3597 3797 ha-

2006 3840 2140 3895 bere
2174 3844 2531 3901 monstratur,
2559 3836 2647 3890 illa
2677 3835 2783 3892 diei
2828 3836 3092 3891 medietas
3116 3834 3487 3889 incensionem
3514 3834 3597 3887 lu-

2011 3946 2094 3986 na:
2130 3928 2450 3985 mutabilem
2496 3926 2627 3981 facit
2671 3933 2771 3981 :et
2800 3926 2954 3992 ideo,
3005 3926 3049 3981 si
3098 3921 3274 3979 media
3319 3924 3407 3978 die
3454 3924 3597 3979 luna:

2017 4021 2272 4077 accensio
2315 4020 2540 4081 dicatur,
2578 4027 2832 4088 computa
2876 4033 3068 4071 xxvuu
3109 4017 3278 4071 diesa
3306 4016 3485 4070 media
3508 4016 3597 4070 die

2013 4114 2344 4170 incensionis
2369 4113 2532 4176 lunae,
2563 4126 2732 4181 usque
2771 4111 2839 4165 ad
2887 4110 3122 4166 mediam
3150 4110 3293 4165 diem
3320 4109 3597 4180 vigesima:

2016 4222 2172 4263 nonae
2193 4205 2319 4261 diei.
2343 4205 2496 4260 Adde
2516 4220 2592 4258 xu
2623 4203 2790 4259 horas
2815 4219 2846 4258 a
2874 4203 3049 4259 media
3077 4203 3164 4257 die
3183 4216 3354 4267 usque
3387 4201 3456 4256 ad
3483 4217 3598 4257 me-

2014 4299 2158 4354 diam
2180 4304 2419 4361 noctem,
2442 4304 2571 4350 tunc
2600 4294 2655 4350 in
2680 4294 2856 4350 media
2885 4302 3041 4348 nocte
3065 4294 3154 4347 illa
3182 4293 3307 4347 luna
3339 4294 3602 4348 accendi-

332 4389 479 4430 xcvu
520 4373 806 4429 duodecies
851 4375 1019 4442 ducti,
1076 4376 1168 4445 qui
1210 4374 1413 4432 faciunt
1456 4386 1668 4435 atomos
1702 4397 1909 4437 anuu.
1944 4397 2127 4461 Dtur.
2154 4386 2272 4441 Non
2299 4401 2429 4457 ergo
2479 4385 2604 4441 unis
2647 4384 2961 4456 eisdemque
3004 4384 3246 4439 articulis
3291 4391 3598 4453 temporum

334 4464 482 4520 Tene
504 4466 598 4521 tibi
628 4480 757 4537 ergo
783 4481 926 4521 xnvu
966 4473 1197 4531 atomos,
1250 4483 1385 4536 quos
1422 4469 1677 4537 diximus,
1724 4488 1791 4527 ex
1836 4488 1916 4529 se-

333 4554 505 4625 ptimo
528 4554 861 4619 embolismo,
900 4554 954 4609 id
981 4562 1085 4620 est,
1131 4570 1197 4610 ex
1238 4572 1315 4611 xu
1347 4567 1502 4627 parte
1535 4562 1822 4632 momenti;
1862 4569 1918 4616 et

336 4643 529 4714 collige
568 4652 805 4699 atomum
852 4645 1270 4717 uniuscujusque
1308 4648 1510 4703 mensis
1541 4665 1638 4719 per
1670 4666 1913 4718 ccxxxv;

334 4745 417 4792 tot
438 4746 646 4792 atomos
684 4737 906 4810 colligis,
942 4736 993 4793 id
1027 4746 1131 4805 est,
1160 4755 1389 4795 ccxxxv.
1456 4740 1606 4797 Mitte
1650 4742 1810 4798 simul
1859 4751 1918 4799 et

336 4844 507 4895 vau,
538 4828 671 4882 ﬁunt
694 4844 961 4894 cccxxx",
992 4829 1093 4885 hoc
1117 4838 1222 4897 est,
1246 4831 1525 4886 dimidium
1554 4842 1908 4887 momentum.

337 4920 538 4990 Collige
588 4929 643 4976 et
671 4920 812 4975 aliud
835 4921 1116 4976 dimidium
1140 4932 1495 4990 momentum,
1513 4925 1658 4994 quod
1679 4925 1915 4980 habuisti

338 5027 406 5067 ex
435 5027 488 5066 v1
534 5011 806 5066 mensibus
833 5011 1184 5077 embolismis,
1234 5013 1286 5067 id
1314 5022 1413 5076 est,
1456 5029 1725 5078 ecrxxxu,
1758 5014 1917 5070 simul

340 5105 478 5160 ﬁunt
506 5120 691 5159 anuu
739 5103 922 5168 atomi,
961 5103 1052 5172 qui
1106 5104 1311 5159 faciunt
1348 5120 1512 5159 unum
1560 5115 1912 5161 momentum.

340 5195 493 5251 Mitte
534 5211 664 5267 ergo
692 5196 836 5251 istud
860 5211 1026 5250 unum
1055 5203 1386 5251 momentum
1408 5196 1475 5251 ad
1506 5196 1594 5250 illa
1620 5214 1772 5253 xvuu
1804 5214 1919 5253 mo-

342 5296 547 5352 menta,
600 5303 720 5358 qua:
753 5295 909 5342 antea
963 5287 1198 5343 habuisti
1243 5302 1312 5343 ex
1356 5303 1433 5342 xu
1477 5297 1632 5358 parte
1662 5290 1916 5344 momenti

343 5378 764 5450 uniuscujusque
800 5378 1028 5445 mensis;
1074 5378 1154 5434 sic
1176 5377 1381 5435 faciunt
1402 5396 1471 5434 xx
1497 5389 1792 5445 momenta,
1817 5381 1921 5436 hoc

344 5474 450 5533 est,
481 5467 757 5523 dimidiam
783 5468 996 5524 horam.
1062 5468 1214 5525 Mitte
1243 5468 1401 5524 istam
1430 5470 1706 5525 dimidiam
1732 5470 1920 5527 horam

346 5562 413 5617 ad
448 5562 672 5618 alteram
701 5562 1000 5628 dimidiam,
1028 5577 1190 5634 quam
1209 5563 1446 5619 habuisti
1476 5578 1640 5634 super
1661 5579 1796 5619 xxm
1825 5563 1924 5618 ho—

2018 4481 2105 4535 vel
2131 4479 2257 4536 emli
2285 4476 2751 4533 climatibusluna:
2785 4477 3036 4533 accensio
3061 4475 3399 4540 celebratur,
3438 4484 3494 4530 et
3521 4476 3601 4530 ita

2021 4572 2342 4628 naturaliter
2361 4572 2416 4624 in
2442 4584 2762 4640 unaquaque
2787 4571 2921 4625 hora
2943 4576 2997 4624 et
3032 4568 3086 4623 in
3112 4583 3439 4638 unoquoque
3481 4582 3600 4621 mo-

2022 4672 2228 4728 mento,
2257 4669 2314 4717 et
2339 4661 2390 4716 in
2419 4661 2567 4716 omni
2595 4667 2751 4731 parte
2779 4659 2901 4715 costi
2926 4700 2941 4725 ,
2977 4673 3142 4729 super
3168 4670 3372 4713 terram
3402 4665 3459 4712 et
3496 4659 3602 4713 sub

2024 4760 2190 4815 terra,
2219 4766 2399 4806 annua
2431 4751 2770 4806 revolutione
2794 4750 2962 4805 immo
2984 4751 3153 4805 etiam
3182 4758 3465 4804 menstruo
3486 4748 3609 4804 εἰῐω

2018 4842 2140 4898 culo
2162 4842 2290 4897 luna
2320 4841 2654 4898 accenditur.

2086 4932 2527 5003 lnterrogandum
2559 4940 2644 4989 est
2679 4932 2866 5002 igitur,
2887 4939 3020 5001 quot
3045 4931 3267 4987 nomina
3309 4932 3479 4988 habet
3508 4930 3605 4987 hie

2017 5025 2226 5080 saltus?
2259 5025 2373 5080 Hoc
2398 5030 2513 5088 est,
2541 5024 2796 5095 quinque.
2842 5023 3051 5079 Dicitur
3095 5024 3492 5078 incrementum
3523 5022 3609 5075 lu-

2017 5129 2183 5181 nare;
2218 5113 2419 5169 dicitur
2443 5114 2605 5169 etiam
2627 5121 2978 5184 augmentum
3001 5113 3223 5178 lunare;
3251 5113 3454 5168 dicitur
3482 5127 3594 5167 mu-

2019 5205 2155 5261 tatio
2184 5204 2428 5272 lunaris;
2482 5204 2684 5261 dicitur
2722 5205 2886 5261 etiam
2916 5220 3024 5261 una
3067 5205 3193 5259 luna
3221 5220 3476 5261 crescens
3502 5218 3599 5275 per

2019 5311 2210 5351 omnes
2232 5311 2435 5361 annos;
2461 5295 2660 5353 dicitur
2686 5295 2852 5350 etiam
2875 5292 3062 5350 saltus.
3076 5295 3145 5350 Et
3168 5295 3255 5351 hic
3277 5296 3469 5360 saltus,
3493 5294 3598 5349 sic-

2019 5393 2081 5441 ut
2123 5386 2379 5450 diximus,
2414 5385 2468 5440 in
2501 5393 2735 5454 quatuor
2780 5384 2917 5440 locis
2954 5385 3191 5454 ponitur.
3222 5382 3599 5439 JuxtaVicto-

2021 5475 2162 5529 rium
2204 5483 2260 5531 et
2285 5474 2508 5530 Latinos
2546 5473 2601 5528 in
2629 5489 2701 5529 xv
2726 5474 2844 5528 Kal.
2871 5474 3185 5529 Decembris
3228 5474 3468 5544 ponitur.
3502 5471 3596 5526 Se-

2024 5566 2256 5620 cundum
2286 5564 2505 5621 Grzecos
2540 5564 2597 5618 in
2639 5580 2692 5618 xl
2724 5563 2841 5619 Kal.
2874 5563 3072 5633 Aprilis
3094 5565 3219 5619 luna
3244 5605 3258 5630 ,
3306 5579 3428 5634 qua:
3472 5573 3602 5619 tunc

420 5689 446 5717 ι
485 5676 559 5730 De
593 5675 1025 5742 subincensione,
1057 5674 1375 5744 etc.,videri
1399 5683 1576 5748 potest
1593 5673 1925 5734 Bridefertus
1953 5675 2110 5735 Beda:
2141 5679 2455 5736 scholiastes
2490 5678 2650 5750 Oper.
2699 5687 2830 5736 tom.
2862 5677 2926 5744 Il,
2965 5693 3086 5748 pag.
3120 5677 3239 5734 l08.
