3934 6180
299 220 406 278 989

1013 213 1485 272 DlDASCALlCA.
1523 243 1592 255 --
1628 212 1719 268 DE
1755 211 1985 268 CURSU
2025 210 2114 266 ET
2152 208 2377 266 SALTU
2406 208 2642 276 LUNE,
2682 208 2834 265 ETC.

3446 200 3555 263 990

299 336 486 394 debuit
511 333 631 388 ﬁeri
655 331 917 403 vigesima
942 346 1100 394 nona,
1133 329 1193 385 {lt
1220 329 1498 400 trigesima
1520 336 1743 398 propter
1768 326 1875 380 sal-
1900 328 1948 387 Α
1976 341 2134 380 xxim
2160 325 2332 393 horae,
2362 324 2465 379 hoc
2492 332 2601 388 est,
2631 336 2773 377 unus
2797 321 2912 378 dies
2937 320 3220 384 naturalis,
3245 321 3337 389 qui
3357 319 3559 377 dicitur

299 439 436 483 tum.
463 423 625 480 Juxta
645 421 934 494 Egyptios
957 423 1013 475 in
1040 438 1093 476 vr
1114 420 1236 475 Kal.
1262 418 1535 476 Octobris.
1567 418 1876 474 Secundum

300 516 618 586 Dionysium
657 514 711 568 in
745 529 816 566 xv
842 511 959 566 Kal.
994 511 1140 567 Maii.
1190 511 1247 567 In
1270 511 1359 566 illa
1383 511 1528 566 enim
1553 510 1640 565 die
1669 509 1877 564 decima

298 616 495 679 quarta
520 607 645 661 luna
670 604 872 661 dicitur
884 614 940 660 et
965 605 1175 660 decima
1203 607 1391 676 quinta
1410 613 1634 675 propter
1656 604 1878 660 saltum.

299 698 593 766 Hucusque
622 694 690 751 de
728 694 868 750 saltu
904 694 1064 749 lunae.

408 841 436 870 ⁸
467 827 1032 895 ARGUMENTUM
1075 827 1185 887 DE
1220 824 1478 887 SALTU
1520 824 1779 886 LUNZE.

677 967 1045 1025 PROBLEMA
1082 964 1489 1023 SECUNDUM.

378 1084 439 1141 Si
471 1083 612 1140 scire
636 1080 906 1144 volueris,
934 1077 1204 1148 quomodo
1248 1076 1366 1131 dies
1401 1073 1627 1137 lunaris,
1669 1072 1763 1143 qui
1802 1070 1885 1125 div

303 1185 452 1234 citur
501 1173 694 1237 saltus,
744 1176 1082 1241 praeparatur
1112 1166 1242 1241 [Ms.
1260 1207 1276 1232 ,
1306 1163 1491 1221 Saltus
1518 1169 1882 1235 praeparatus,

305 1268 457 1341 facili
483 1263 683 1336 errore]
712 1272 768 1319 et
787 1262 986 1318 crescit
1008 1276 1108 1332 per
1130 1276 1285 1315 xvmt
1317 1274 1505 1322 annos,
1534 1265 1600 1312 et
1623 1263 1885 1326 quantum

306 1367 380 1422 de
416 1366 523 1422 hoc
550 1367 840 1432 augmento
860 1358 1037 1412 lunari
1059 1355 1212 1428 [Ms.,
1235 1354 1428 1415 lunari,
1458 1351 1653 1424 omiu.]
1674 1351 1729 1405 in
1753 1365 1887 1404 uua-

303 1469 526 1526 quaque
549 1451 845 1509 lunatioue,
870 1448 976 1502 hoc
1006 1453 1121 1511 est,
1150 1447 1204 1500 in
1239 1458 1560 1514 unoquoque
1590 1455 1776 1497 mense
1805 1440 1885 1494 lu-

305 1545 432 1601 nari
458 1558 555 1615 per
585 1556 793 1597 ccxxxv
819 1536 1074 1611 [menses]
1100 1537 1202 1607 (tot
1227 1534 1371 1590 enim
1412 1548 1625 1588 menses
1649 1538 1775 1587 sunt
1806 1531 1887 1585 lu-

306 1650 474 1693 uares
492 1634 547 1688 in
570 1630 722 1704 cyclo
751 1626 1189 1695 decennovenali)
1209 1624 1504 1694 multiplica
1528 1638 1737 1678 ccxxxv
1752 1638 1885 1691 qua-

307 1736 429 1787 ter;
484 1725 596 1779 sive
626 1739 705 1777 tm
738 1720 1015 1776 ducenties
1052 1717 1236 1773 tricies
1282 1715 1570 1787 quinquies
1615 1713 1763 1785 (quia
1801 1729 1882 1767 ιιιι

307 1821 587 1870 momenta
618 1812 672 1866 ill
696 1822 1019 1878 unoquoque
1061 1821 1250 1862 mense
1288 1813 1568 1870 Cl‘CSCUDl;
1597 1811 1887 1875 propterea

307 1917 506 1957 oumes
532 1915 745 1956 menses
762 1914 970 1954 ccxxxv
1004 1896 1437 1966 multiplicantur
1454 1893 1668 1965 quater)
1693 1894 1785 1963 qui
1808 1891 1888 1947 fa-

308 1996 468 2051 ciunt
491 2008 717 2047 peccem.
759 1996 1052 2045 momenta.
1103 1986 1259 2042 Hunc
1286 1994 1466 2040 autem
1498 1992 1670 2039 totum
1701 1998 1890 2038 nume-

308 2104 440 2143 rum
468 2103 564 2157 per
587 2102 652 2140 ιι,
679 2084 723 2138 si
753 2083 984 2154 partitus
1010 2079 1199 2146 l'ucris,
1230 2080 1361 2132 ﬁunt
1389 2093 1527 2131 xxiii
1558 2074 1889 2146 quadrageni

310 2192 375 2236 et
414 2197 485 2235 xx
530 2183 825 2241 momenta,
852 2177 957 2231 hoc
984 2181 1070 2229 est
1111 2188 1247 2227 xxiii
1279 2172 1428 2226 hora:
1453 2177 1508 2225 et
1532 2168 1769 2223 dimidia.
1797 2166 1891 2220 Illa

312 2280 502 2327 autem
530 2270 701 2323 altera
730 2266 953 2322 dimidia
1000 2265 1131 2318 hora
1151 2302 1165 2327 ,
1212 2274 1331 2331 qua:
1356 2260 1543 2315 deesse
1586 2257 1817 2319 videtur,
1844 2254 1891 2310 si

313 2365 461 2421 scire
484 2361 739 2424 volueris,
771 2357 1039 2429 quomodo
1075 2354 1348 2425 colligitur
1380 2361 1436 2407 et
1464 2349 1732 2420 quomodo
1769 2362 1895 2403 cre-

312 2457 445 2519 scit,
473 2454 590 2509 sine
613 2451 777 2507 dubio
802 2449 875 2503 ita
906 2446 1226 2518 intelligitur
1253 2461 1267 2498 :
1299 2458 1406 2498 non
1433 2441 1604 2497 solum
1631 2441 1785 2511 enim.
1807 2452 1901 2492 illl’

312 2552 592 2602 momenta
623 2544 677 2598 in
704 2554 1027 2611 unoquoque
1065 2552 1251 2593 mense
1269 2536 1334 2591 de
1361 2536 1467 2591 hoc
1491 2540 1782 2605 augmento
1807 2530 1893 2585 lu-

314 2639 440 2695 nari
464 2645 734 2699 crescunt,
751 2648 939 2688 verum
950 2631 1113 2687 etiam
1127 2629 1441 2686 duodecima
1457 2642 1581 2698 pars
1601 2623 1857 2680 momenti
1876 2641 1890 2689 ;

316 2731 544 2799 insuper
563 2736 619 2782 et
640 2734 868 2786 atomus,
902 2724 956 2778 id
981 2731 1086 2787 est,
1112 2718 1542 2791 quingentesima
1561 2716 1896 2785 sexagesima

318 2827 519 2892 quarta
551 2833 677 2889 pars
706 2814 962 2871 momenti
983 2813 1185 2869 crescit
1211 2812 1264 2866 in
1292 2810 1440 2865 omni
1470 2823 1656 2863 mense
1678 2806 1852 2861 lunari
1880 2824 1892 2859 :

318 2918 387 2965 et
407 2910 487 2964 sic
512 2908 568 2962 in
595 2923 677 2961 xii
704 2904 983 2959 mensibus
1028 2915 1195 2955 unum
1238 2908 1576 2954 momentum
1605 2895 1894 2966 colligitur.

317 2999 550 3057 Interim
580 2997 699 3052 illos
737 3003 948 3049 atomos
978 2991 1346 3055 dimittentes,
1381 2989 1449 3045 de
1469 2987 1665 3058 quibus
1710 2993 1899 3056 postea

323 3091 603 3153 dicemus;
648 3093 705 3140 et
746 3085 878 3139 item
926 3097 1023 3151 per
1046 3095 1203 3134 xvmt
1229 3093 1420 3143 annos,
1469 3076 1624 3147 quasi
1671 3074 1902 3131 fuissent

320 3193 522 3237 oumes
550 3188 886 3239 communes,
911 3188 987 3226 vir
1015 3169 1366 3225 embolismos
1402 3168 1621 3222 interim
1648 3167 1904 3222 deseren-

324 3280 438 3336 tes,
460 3274 714 3325 crescunt
744 3280 899 3341 xvmi
928 3274 1218 3318 momenta.
1240 3262 1418 3317 Unum
1441 3267 1620 3315 autem
1654 3272 1900 3314 momen—

326 3371 451 3417 tum
473 3400 490 3425 ,
516 3358 660 3430 quod
682 3357 869 3411 deesse
895 3354 1170 3417 cernitur,
1208 3352 1478 3423 colligitur
1506 3366 1572 3406 ex
1602 3366 1676 3405 vn
1706 3349 1907 3404 mensi-

330 3458 439 3512 bus
463 3451 799 3508 embolismis
833 3448 910 3521 [et
952 3446 1157 3519 atomo]
1211 3446 1635 3516 uniuscujusque
1680 3443 1902 3500 mensis.

329 3548 417 3604 Ex
436 3561 491 3599 γι
517 3544 662 3599 enim
696 3540 976 3595 mensibus
1001 3538 1334 3595 embolismis
1361 3536 1644 3591 dimidium
1672 3550 1911 3590 momen-

330 3648 455 3695 tum
475 3635 765 3706 colligitur,
792 3633 846 3687 in
880 3646 988 3702 quo
1020 3639 1146 3686 sunt
1172 3629 1338 3683 atomi
1364 3643 1646 3689 ccaxxxu;
1684 3634 1740 3681 et
1764 3624 1909 3681 aliud

331 3724 618 3783 dimidium
637 3722 897 3779 momenti
910 3720 1180 3790 colligitur
1192 3733 1256 3773 ex
1272 3717 1501 3786 septimo
1519 3729 1706 3770 mense
1727 3715 1913 3769 embo-

331 3818 499 3873 lismo
526 3813 679 3887 [Ms.,
703 3807 1053 3880 embolismi],
1085 3808 1189 3863 hoc
1208 3816 1289 3862 est
1309 3847 1325 3871 ,
1356 3821 1435 3859 xu
1460 3819 1591 3874 pars
1628 3802 1910 3867 momenti,

334 3911 396 3965 in
415 3923 523 3978 qua
545 3914 701 3977 parte
723 3911 849 3958 sunt
870 3901 1035 3956 atomi
1054 3914 1220 3954 xsvu.
1245 3896 1448 3966 Collige
1469 3909 1598 3963 ergo
1625 3902 1680 3949 et
1702 3901 1915 3946 atomos

334 3997 763 4066 uniuscujusque
795 3993 1021 4057 mensis,
1049 3990 1143 4060 qui
1171 3999 1297 4044 sunt
1324 4002 1555 4062 ccxxxv.
1583 3986 1734 4039 Mitte
1755 3982 1916 4039 simul

335 4106 469 4149 eum
494 4105 661 4153 xsvu,
683 4087 819 4141 ﬁunt
845 4100 1119 4147 CCLXXXII,
1150 4083 1254 4136 hoc
1302 4088 1416 4145 est,
1465 4078 1611 4133 aliud
1635 4076 1918 4133 dimidium

1982 416 2328 579 saluum
2359 507 2386 546 δ
2423 506 2621 567 lTEM
2662 504 2772 565 DE
2814 504 3070 567 SALTU
3110 504 3369 567 LUNJE.

2396 626 2768 684 PROBLEMA
2803 626 3134 684 TERTIUM.

2054 725 2114 781 Si
2139 725 2225 781 vis
2252 725 2395 781 scire
2418 724 2486 780 de
2514 725 2652 780 saltu
2682 724 2847 789 lunae,
2870 733 3133 794 quantum
3158 724 3211 778 in
3238 738 3564 794 unoquoque

1983 816 2071 871 die
2088 824 2143 871 et
2169 816 2224 870 in
2249 829 2569 884 unoquoque
2594 829 2782 870 mense
2821 814 3030 879 lunari,
3059 815 3144 869 vel
3173 814 3227 868 in
3270 830 3378 869 uno
3407 831 3553 869 anno

1985 909 2278 973 communi,
2311 922 2407 963 seu
2430 916 2487 963 et
2508 906 2712 962 circulo
2743 906 3185 972 decennovenali,
3211 908 3300 977 qui
3324 906 3565 962 continet

1985 1018 2141 1057 xviiii
2191 1018 2382 1068 annos,
2435 1000 2734 1066 accrescit;
2776 999 3088 1071 diligentius
3135 1000 3564 1055 animadverten-

1985 1093 2113 1148 dum
2140 1100 2243 1156 est,
2274 1092 2420 1162 quod
2463 1092 2518 1146 in
2571 1104 2678 1145 una
2731 1090 2820 1145 die
2860 1097 3184 1145 accrescunt
3216 1104 3379 1143 xxxv:
3409 1087 3563 1160 [Λίδη

1986 1181 2194 1254 Lxxvu]
2227 1182 2396 1237 atomi
2427 1197 2442 1235 :
2475 1182 2627 1236 verbi
2658 1181 2865 1250 gratia,
2892 1181 2940 1235 si
2963 1196 3121 1236 nosse
3149 1179 3403 1243 volueris,
3430 1194 3565 1250 quo-

1987 1271 2148 1326 modo
2170 1270 2500 1341 colliguntur
2522 1284 2683 1325 Lxxvr
2717 1268 2902 1333 atomi,
2927 1284 3079 1323 sume
3105 1285 3187 1323 ιιιι
3218 1275 3491 1324 momenta
3512 1275 3569 1323 et

1987 1353 2155 1417 vam
2184 1370 2420 1427 atomos,
2469 1359 2596 1430 quia
2632 1367 2843 1413 tantum
2897 1360 3096 1415 crescit
3148 1359 3203 1413 in
3245 1372 3569 1428 unoquoque

1986 1467 2170 1509 mense
2197 1453 2395 1517 lunari,
2426 1451 2581 1522 quasi
2607 1451 2663 1505 in
2691 1448 2844 1520 cyclo
2889 1447 3309 1504 decennovenali
3361 1463 3569 1502 ccxxxv

1990 1544 2167 1617 [Leg.,
2195 1544 2384 1614 quales
2404 1556 2619 1597 menses
2639 1541 2693 1595 in
2720 1539 2872 1610 cyclo
2892 1579 2906 1592 .
2942 1578 2958 1592 .
2989 1578 3005 1592 .
3034 1578 3047 1593 .
3075 1546 3201 1593 sunt
3225 1536 3477 1608 ccxxxv].
3502 1536 3571 1592 Et

1990 1636 2069 1690 sic
2093 1634 2183 1688 illa
2212 1649 2296 1688 ιιιι
2323 1640 2594 1687 momenta
2619 1672 2634 1696 ,
2682 1637 2737 1684 et
2764 1646 2929 1685 vam
2958 1626 3172 1701 [atomi]
3219 1618 3569 1697 colliguntur,

1989 1724 2082 1794 qui
2105 1722 2265 1778 simul
2285 1723 2349 1778 ῑῖ.
2380 1737 2564 1777 cccuu
2587 1720 2755 1775 atomi
2783 1718 2974 1791 [sunt].
3009 1717 3120 1772 Hos
3146 1717 3324 1772 divide
3346 1733 3443 1788 per
3464 1733 3572 1772 xxx

1988 1823 2192 1885 partes,
2222 1821 2284 1869 ut
2317 1813 2462 1869 scire
2488 1813 2667 1883 possis
2691 1852 2707 1877 ,
2743 1818 3004 1881 quantum
3034 1808 3234 1865 crescit
3255 1808 3309 1863 in
3322 1824 3429 1863 una
3449 1808 3569 1872 die;

1991 1904 2108 1959 sine
2124 1904 2290 1957 dubio
2311 1902 2553 1958 invenies
2576 1902 2630 1957 in
2642 1915 2965 1971 unaquaque
2979 1906 3132 1969 parte
3154 1908 3313 1954 Lxxvi
3337 1907 3573 1964 atomos,

1991 2001 2048 2048 et
2074 2000 2368 2062 supersunt
2388 2007 2569 2055 xxnu,
2611 2006 2732 2061 qua:
2756 2006 2864 2044 non
2891 1990 3220 2060 colliguntur
3240 1989 3295 2042 in
3327 1988 3418 2042 illa
3448 2003 3577 2059 par-

1995 2085 2179 2150 ticula,
2212 2100 2334 2154 quae
2365 2124 2379 2138 .
2408 2123 2423 2138 .
2457 2124 2471 2138 .
2504 2124 2517 2138 .
2553 2123 2568 2138 .
2597 2084 2653 2138 in
2697 2082 2888 2153 quinto
2916 2092 2963 2135 ε.
2997 2080 3057 2135 Si
3096 2080 3241 2136 enim
3286 2080 3575 2151 collegeris

1992 2190 2152 2228 xxuu
2175 2174 2413 2244 quinque
2434 2173 2550 2228 dies
2580 2170 2786 2244 [Forte,
2818 2169 3162 2242 quinquies],
3191 2170 3440 2226 invenies
3466 2183 3578 2226 cxx

1994 2271 2223 2319 atomos.
2256 2263 2459 2319 lterum
2490 2262 2665 2319 divide
2698 2259 2805 2334 [in]
2835 2277 2942 2316 xxx
2968 2268 3185 2331 partes,
3231 2269 3285 2317 et
3329 2262 3572 2331 reperies

1996 2355 2051 2408 in
2079 2370 2405 2424 unaquaque
2437 2362 2590 2425 parte
2626 2369 2709 2407 ιιιι
2740 2360 2982 2414 atomos,
3026 2360 3090 2406 ut
3134 2350 3371 2421 pleniter
3396 2352 3579 2407 dicere

1995 2445 2191 2515 possis,
2223 2452 2488 2515 quantum
2515 2442 2691 2498 crevit
2709 2442 2902 2511 quinto
2921 2442 3028 2496 die.
3061 2442 3227 2497 Verbi
3248 2442 3424 2512 gratia
3448 2440 3581 2512 poni

1996 2534 2155 2592 debet
2180 2533 2350 2590 saltus
2375 2534 2515 2588 luna:
2544 2534 2599 2588 in
2626 2549 2681 2587 xi
2708 2531 2826 2587 Kal.
2854 2532 3076 2603 Aprilis,
3107 2533 3405 2588 secundum
3425 2530 3581 2588 Gne-

1997 2642 2091 2682 cos
2119 2666 2134 2681 .
2170 2667 2182 2680 .
2215 2666 2229 2680 .
2260 2666 2272 2679 .
2303 2665 2315 2678 .
2346 2666 2359 2678 .
2395 2622 2423 2665 ἀ
2448 2640 2589 2679 unus
2616 2622 2733 2679 dies
2760 2639 2919 2679 xxuu
2945 2625 3226 2689 horarum,
3259 2622 3378 2692 plus
3405 2639 3571 2693 quam

1998 2723 2202 2793 reperis
2232 2719 2397 2794 [aliis]
2421 2720 2580 2775 annis
2604 2734 2620 2774 :
2647 2728 2703 2775 ct
2731 2720 2803 2774 ita
2833 2735 2871 2774 x
2907 2718 3178 2774 Kalendas
3199 2716 3439 2784 Aprilis,
3470 2717 3575 2772 hoc

1999 2820 2098 2876 est,
2150 2813 2204 2867 in
2246 2811 2468 2867 exordio
2512 2811 2817 2867 embolismi
2864 2810 3034 2865 saltus
3082 2817 3310 2866 conatus
3354 2807 3583 2882 [Forte,

2001 2904 2171 2960 saltus
2199 2902 2384 2976 causa]
2425 2911 2681 2959 crescunt
2707 2919 2868 2957 Lxxvi
2910 2902 3075 2960 atomi
3099 2912 3153 2959 et
3179 2945 3192 2959 .
3221 2944 3236 2959 .
3263 2944 3278 2957 .
3308 2945 3320 2957 .
3356 2941 3370 2957 .
3400 2899 3581 2973 [Fort.

2002 2996 2200 3068 ιαμβι,
2229 3004 2286 3052 et
2309 3004 2543 3067 quatuor
2563 2996 2885 3069 particulas].
2918 2996 2976 3051 In
2998 2995 3236 3053 secundo
3257 2996 3343 3050 die
3369 3008 3500 3049 cui.
3527 2992 3586 3046 lu

2004 3089 2167 3142 tertio
2208 3102 2465 3142 ccxxvm.
2500 3086 2562 3141 lu
2587 3096 2783 3158 quarto
2824 3101 3045 3153 cccnn,
3094 3094 3152 3141 et
3195 3087 3269 3141 ita
3315 3085 3370 3139 in
3398 3083 3586 3154 quinto

2004 3194 2334 3235 cccxxxxnn
2357 3180 2544 3234 atomi.
2571 3179 2653 3234 illi
2681 3196 2763 3234 ιιιι
2791 3179 2956 3235 atomi
2973 3187 3097 3235 sunt
3116 3178 3182 3235 de
3203 3177 3293 3233 illa
3318 3175 3587 3248 particula

2006 3270 2400 3323 remanentium
2437 3269 2901 3338 supradictorum,
2929 3277 2986 3325 et
3027 3268 3082 3323 in
3123 3285 3159 3323 x
3188 3269 3305 3324 dies
3347 3265 3586 3340 [diebus]

2007 3359 2331 3431 colliguntur
2355 3375 2586 3416 occulit
2616 3358 2819 3432 [Fort.,
2849 3359 3174 3432 nccuvm];
3218 3367 3274 3415 et
3301 3375 3375 3413 xx
3397 3358 3603 3414 diebus.

2006 3453 2031 3506 ῑ
2054 3468 2278 3517 nxxxvr,
2300 3452 2393 3521 qui
2419 3451 2624 3507 faciunt
2645 3468 2684 3507 ιι
2709 3462 3005 3517 momenta,
3024 3461 3081 3507 et
3103 3468 3329 3508 ccccvm
3353 3459 3586 3515 atomos,

2012 3543 2104 3613 qui
2134 3542 2343 3598 faciunt
2364 3559 2529 3597 unum
2556 3552 2888 3599 momentum
2916 3551 3152 3599 ctccxui
3174 3551 3383 3599 atomos
3414 3542 3589 3614 [Leg.,

2011 3632 2103 3702 qui
2128 3631 2333 3687 faciunt
2374 3633 2655 3688 dimidium
2683 3642 3009 3688 momentum
3034 3643 3088 3689 et
3112 3650 3273 3689 cxxvr
3304 3631 3536 3704 atomos]
3572 3649 3587 3686 :

2014 3723 2069 3776 in
2099 3738 2209 3776 xxx
2235 3731 2415 3775 autem
2446 3722 2636 3777 diebus
2658 3724 2983 3793 colliguntur
3006 3724 3170 3777 atomi
3198 3738 3481 3788 ll.CCCllll,
3499 3722 3593 3791 qui

2013 3810 2327 3867 faciunttu:
2368 3822 2641 3867 momenta
2669 3822 2725 3866 et
2752 3829 2919 3867 xsvm
2960 3821 3171 3868 atomos
3200 3813 3421 3867 interim
3466 3828 3595 3883 sup-

2014 3909 2291 3974 portantcs
2333 3920 2346 3956 :
2382 3909 2438 3956 et
2480 3903 2552 3955 ita
2584 3902 2639 3956 in
2669 3903 2910 3972 quinque
2939 3902 3215 3957 mensibus
3262 3903 3595 3975 colliguntur

2017 4009 2089 4047 xx
2115 4002 2407 4057 momenta,
2435 3994 2540 4048 hoc
2566 4000 2679 4059 est,
2707 3994 2927 4048 dimidia
2968 3994 3103 4048 hora
3127 4011 3141 4060 ;
3175 3995 3307 4050 etin
3333 4012 3367 4049 x
3390 3997 3592 4051 mensi-

2018 4085 2119 4140 bus
2140 4084 2413 4155 colligitur
2438 4100 2545 4138 una
2575 4085 2744 4151 hora;
2797 4094 2853 4140 et
2880 4086 2956 4140 ita
2984 4086 3038 4140 in
3070 4095 3290 4141 centum
3320 4087 3597 4143 mensibus

340 4185 696 4237 momentum.
728 4176 878 4231 Mitte
902 4172 1064 4229 simul
1104 4187 1166 4227 cc
1204 4178 1262 4225 et
1288 4186 1384 4234 cc,
1430 4177 1663 4237 quatuor
1706 4176 1896 4221 centen

2021 4175 2346 4247 colliguntur
2372 4191 2405 4230 x
2432 4176 2581 4230 horae
2603 4215 2617 4240 ,
2647 4183 2703 4230 et
2724 4175 2775 4229 in
2806 4192 2867 4231 cc
2895 4175 3171 4231 mensibus
3202 4193 3273 4231 xx
3299 4177 3466 4240 horai,
3502 4192 3595 4232 seu

340 4277 495 4327 sunt.
526 4266 658 4322 Item
678 4281 822 4322 Lxxx
842 4271 898 4319 et
928 4277 1069 4318 Lxxx
1092 4301 1108 4325 ,
1137 4276 1238 4315 εις
1265 4269 1424 4324 sunt;
1457 4265 1514 4312 et
1542 4274 1582 4311 ιι
1626 4263 1683 4311 et
1727 4269 1802 4322 ιι,
1837 4271 1897 4309 ιιι

2021 4277 2075 4322 et
2098 4268 2152 4322 in
2181 4282 2325 4320 xxxv
2345 4266 2621 4322 mensibus
2643 4266 2968 4338 colliguntur
2994 4284 3053 4322 ιιι
3083 4268 3231 4322 hora:
3256 4275 3311 4322 et
3333 4267 3593 4333 dimidia;

341 4367 496 4423 sunt,
523 4356 670 4413 etita
699 4354 861 4411 simul
888 4368 1079 4408 oLxuu
1110 4349 1274 4407 atomi
1306 4356 1453 4413 sunt,
1484 4351 1588 4404 hoc
1628 4354 1730 4412 est,
1754 4360 1901 4401 unua

2026 4356 2078 4410 in
2100 4355 2260 4410 simul
2293 4366 2471 4411 autem
2495 4354 2631 4410 ﬁunt
2651 4356 2799 4411 hora:
2828 4367 3032 4412 xxmet
3053 4356 3294 4412 dimidia.
3319 4356 3415 4411 Illa
3443 4357 3601 4412 dimi-

341 4455 683 4507 momentum
703 4487 718 4511 ,
761 4443 907 4514 quod
960 4441 1201 4497 additum
1254 4454 1417 4509 super
1437 4454 1626 4502 xvnll.
1685 4452 1758 4492 XX
1802 4452 1923 4493 lno-
1953 4441 1985 4445 ⁷
2029 4447 2117 4502 dia
2137 4447 2304 4510 hora,
2332 4461 2452 4517 qua:
2471 4446 2659 4501 deesse
2690 4446 2926 4512 videtur,
2950 4446 2993 4501 si
3016 4461 3175 4500 nosse
3199 4446 3302 4512 vis,
3332 4447 3601 4514 quomodo

345 4544 535 4593 meum
569 4532 765 4598 θίῙίείιν
805 4533 907 4586 hoc
948 4537 1059 4593 es"
1102 4530 1328 4583 alterum
1376 4528 1657 4584 dimidiam
1712 4527 1924 4582 δοηω·
2030 4538 2300 4610 colligitur
2326 4552 2424 4607 per
2444 4552 2597 4592 xviiii
2622 4550 2810 4600 annos,
2839 4542 3088 4606 computa
3104 4550 3601 4604 xavmperccxxxv

346 4628 505 4685 Mitte
542 4626 689 4682 illam
725 4639 887 4696 super
939 4638 1072 4677 ιιιιι
1129 4622 1291 4676 horas
1325 4627 1383 4676 el
1417 4620 1697 4676 dimidiam
1722 4660 1740 4685 ν
1791 4619 1932 4674 ﬁunt
2031 4644 2244 4684 menses
2271 4628 2375 4700 (tot
2399 4642 2614 4685 menses
2637 4634 2763 4683 sunt
2790 4626 2844 4680 in
2873 4625 3027 4697 cyclo
3050 4624 3516 4686 deccnnovenali).
3543 4624 3601 4681 Si

427 4818 454 4845 ιι
495 4802 610 4857 Hoc
645 4801 910 4870 scriptum
953 4799 1156 4870 alisque
1202 4798 1419 4853 nomine
1462 4795 1705 4870 auctoris
1752 4794 1928 4850 edidit

349 4872 691 4931 Bridel‘ertus
720 4865 875 4925 Beda:
925 4865 1239 4923 scholiastes
1277 4881 1407 4921 tom.
1462 4865 1502 4918 ll
1545 4865 1746 4935 Opem,
1794 4880 1918 4935 pag.

356 4943 483 5006 “5,
512 4950 673 5013 atque
693 4939 816 4996 inde
838 4955 939 4994 ms.
968 4936 1285 5013 Vaticanum
1309 4934 1926 5013 correximusLCQu’cor-

355 5014 454 5070 dat
470 5003 603 5067 cuni
618 5013 704 5076 iis,
731 5026 849 5080 qum
876 5008 1131 5080 superius
1153 5003 1547 5080 habenturcol.
1585 5003 1718 5080 98ξῖἱ
1737 5004 1861 5060 988.

433 5085 463 5125 ιι
500 5082 557 5137 1η
584 5072 700 5136 hoc
726 5072 960 5136 tractatu
985 5078 1243 5133 Alcuinus
1280 5075 1557 5146 problema
1587 5072 1769 5140 solvit,
1795 5089 1921 5144 quo,

358 5156 491 5212 dato
517 5153 850 5207 incremento
871 5148 1045 5204 lunari
1077 5145 1373 5209 menston,
1401 5145 1733 5200 incrementa
1775 5159 1925 5213 quae-

325 5231 565 5303 gruntur
591 5221 815 5303 singulis
854 5220 1034 5303 quinis
1062 5217 1257 5303 diebus
1267 5214 1674 5303 competentia;
1707 5214 1793 5303 bis
1833 5230 1928 5303 au-

318 5276 490 5351 1ἱέιῆ
508 5276 738 5350 inventis
769 5276 1026 5360 paulatim
1065 5286 1305 5360 ascendit
1333 5276 1416 5360 ad'
1430 5276 1817 5360 incrementum
1843 5291 1931 5360 to-

364 5366 476 5419 tius
501 5363 608 5418 diei
629 5402 643 5426 ,
677 5354 991 5430 qui-dicitur
1030 5358 1221 5430 saltus,
1247 5354 1506 5424 capiendo
1526 5368 1719 5423 nempe
1750 5354 1931 5430 multi-

361 5435 531 5505 plica.
573 5424 670 5487 us.
697 5424 990 5487 admodum
1035 5428 1283 5483 vitiatum
1335 5439 1435 5496 pro
1481 5438 1638 5494 posse
1687 5424 1930 5479 correxi-

366 5520 637 5642 "125.1183.
667 5570 985 5642 colliguntur
1012 5569 1072 5642 in_
1089 5565 1183 5621 illa
1219 5573 1383 5642 parte.
1403 5561 1722 5642 “Particulze
1746 5604 1760 5627 ,
1811 5578 1930 5642 qum

368 5629 658 5700 remanent
684 5629 812 5713 poni
837 5642 1029 5697 debent
1060 5639 1115 5693 in
1156 5629 1342 5707 «primo
1387 5634 1492 5692 die.
1529 5634 1793 5690 Nimirum
1827 5629 1931 5690 Ἀι-

2032 4806 2224 4863 cuinus
2249 4804 2319 4859 ad
2344 4803 2618 4858 vitandam
2650 4799 2967 4857 fractionem
2996 4800 3064 4879 ξ,
3089 4817 3209 4871 quae
3238 4800 3462 4870 singulis
3489 4798 3599 4855 die-

2024 4881 2128 4937 bus
2176 4881 2492 4947 obveniret,
2534 4895 2759 4951 quaeque
2789 4880 3013 4952 singulis
3038 4881 3277 4950 quinque
3318 4879 3506 4934 diebus
3529 4879 3600 4956 3—,!

2026 4962 2132 5016 hoc
2156 4968 2268 5021 est,
2301 4958 2336 5012 4
2365 4966 2572 5014 atomos
2596 4957 2860 5022 elliceret,
2894 4960 2980 5012 via
3016 4959 3261 5014 faciliore
3301 4959 3401 5013 has
3423 4956 3457 5011 4
3482 4967 3601 5014 ato-

2026 5046 2146 5085 mos
2169 5029 2368 5099 elapsis
2385 5029 2609 5099 singulis
2635 5029 2873 5099 quinque
2895 5029 3087 5099 diebus
3108 5028 3277 5082 addit.

2095 5100 2124 5141 ά
2165 5093 2328 5153 Forte
2352 5093 2628 5169 leg.,'pogu'
2650 5093 2804 5152 debet
2825 5098 2991 5152 saltus
3012 5097 3159 5169 Iunce
3185 5093 3398 5169 xi_Kal.
3429 5095 3600 5169 April.

2026 5170 2319 5240 secundum
2335 5165 2552 5240 Grircos
2576 5166 2699 5240 [quo
2719 5168 2804 5240 die
2822 5170 3016 5240 epactis
3036 5165 3274 5240 additur]
3307 5183 3441 5240 unus
3470 5165 3606 5240 dies,

2031 5248 2135 5295 etc.
2167 5239 2465 5308 Alcuinurn
2503 5235 2781 5308 hic'ioqui
2804 5235 2870 5290 de
2897 5237 3103 5308 epactis
3140 5235 3273 5308 inde
3292 5235 3603 5308 conjicitur,

2032 5308 2175 5379 quod
2203 5309 2389 5379 dicati;
2420 5305 2567 5362 Unus
2595 5305 2866 5379 diesiplus,
2918 5305 3075 5378 quam
3117 5305 3238 5379 aliis
3286 5307 3458 5379 annis.
3491 5305 3607 5361 Hoc

2031 5375 2176 5434 enim
2200 5379 2266 5433 de
2290 5378 2421 5433 solis
2446 5375 2780 5448 epactisdi'ci
2808 5375 2984 5445 potest
3012 5384 3173 5448 atque
3202 5375 3453 5448 intelligi,
3480 5391 3607 5431 cum

2030 5448 2201 5504 saltus
2227 5449 2409 5518 potius
2438 5446 2603 5502 unum
2626 5446 2766 5518 diem
2788 5461 2936 5518 anno
2959 5446 3248 5518 detrahat];
3281 5446 3489 5518 epactis
3512 5460 3607 5500 au—

2031 5526 2139 5574 tem
2162 5514 2246 5573 ob—
2258 5517 2452 5573 saltum
2473 5532 2579 5571 non
2610 5516 2857 5571 undecim
2879 5514 2973 5571 sed
3005 5516 3286 5572 duodecim
3313 5514 3453 5572 "dies
3516 5529 3613 5569 ac-

2032 5588 2363 5645 commodari
2390 5588 2615 5654 soleant,
2654 5595 2714 5642 ut
2750 5587 3034 5658 Dionysius
3057 5587 3131 5643 ait
3158 5602 3318 5658 supra
3340 5587 3442 5643 col.
3473 5584 3608 5643 984.
