3934 6180
301 309 406 363 995

1005 300 1470 356 DlDASCAL’ICA.
1512 328 1581 336 —
1619 297 1708 350 DE
1745 292 1885 349 CUR

2017 290 2100 344 ET
2144 289 2368 344 SALTU
2409 287 2643 352 ιυΝΑξ,
2683 287 2834 342 ETC.

3444 292 3550 346 994

299 437 416 474 vun
445 418 589 480 dies,
619 417 711 486 qui
743 415 942 471 faciunt
967 413 1329 470 hebdomadas
1347 412 1501 477 duas,
1517 420 1572 464 et
1591 411 1870 464 remanent
1897 406 1945 462 Α
1975 399 2134 455 hodie
2159 407 2215 454 et
2237 407 2388 453 sexto
2415 399 2680 454 Kalendas
2703 414 2842 453 cras.
2873 398 2968 451 Vel
2995 407 3281 467 propterea
3329 399 3548 466 dicitur,

297 513 536 582 quinque
563 509 696 564 dies.
727 507 876 562 Adde
904 507 1002 560 has
1031 505 1164 559 duas
1191 505 1519 572 septimanas
1542 500 1610 553 ad
1637 497 1871 567 priorem

297 610 608 672 computum
637 613 685 665 α,
708 599 841 653 ﬁunt
884 597 1195 666 septimanae
1219 608 1487 655 accccxm,
1517 599 1572 645 et
1594 593 1875 643 remanent

298 695 404 750 duo
439 694 553 748 dies
574 701 630 745 et
673 692 819 744 hora:
852 705 1008 743 xvnt.
1065 687 1183 742 Una
1226 683 1562 740 hebdomada
1613 676 1875 734 accrescit

298 784 353 837 in
393 781 800 838 diminutionem
839 778 1028 842 saltus,
1074 775 1478 846 nongentesima
1528 769 1875 838 nonagesima

293 875 475 942 prima
519 887 644 940 pars
683 870 841 924 unius
889 868 1058 937 partis
1095 866 1285 921 solaris
1310 878 1524 927 cursus,
1553 863 1774 930 insuper
1821 865 1878 912 et

299 965 442 1019 trien
466 960 884 1031 nongentesimae
917 957 1276 1028 nonagesimaa
1305 955 1494 1025 primae
1518 951 1692 1022 partis
1722 965 1871 1018 pars.

372 1054 428 1107 Si
466 1068 593 1106 vero
617 1051 683 1104 ad
709 1050 824 1104 dies
850 1048 982 1102 velis
1007 1047 1310 1117 pervenire,
1349 1052 1404 1098 et
1439 1043 1578 1098 scire
1605 1041 1878 1095 desideras

302 1154 502 1216 quanta
531 1145 600 1198 sit
653 1159 751 1212 per
779 1141 1019 1210 singulos
1045 1140 1160 1192 dies
1190 1138 1348 1192 unius
1399 1132 1766 1189 diminutionis
1793 1145 1878 1184 ra-

300 1238 378 1292 tio
410 1277 424 1298 ,
498 1242 746 1304 computa
812 1234 926 1287 dies
982 1247 1134 1284 xvuu
1158 1241 1462 1289 annorum,
1520 1224 1610 1293 qui
1667 1219 1876 1277 suntVI

301 1333 744 1388 nccccxxxvu,et
773 1323 934 1392 hujus
961 1320 1169 1374 numeri
1194 1320 1402 1374 dierum
1433 1313 1880 1370 deeennovenalis

301 1417 442 1487 cyeli
491 1431 617 1486 pars
662 1414 887 1484 singulis
931 1413 1120 1466 diebus
1164 1410 1231 1464 ad
1278 1408 1685 1464 diminutionem
1738 1406 1880 1460 illius

303 1509 464 1563 unius
494 1509 662 1577 partis
699 1504 1027 1578 [accrescit].

373 1600 439 1655 Et
466 1601 510 1654 si
535 1599 603 1654 ad
627 1597 1089 1652 constellationem
1141 1593 1645 1650 mathematicorum
1689 1604 1880 1650 perve-

302 1693 423 1748 nire
452 1692 573 1760 quis
605 1698 776 1756 curet,
801 1697 1074 1759 computet
1093 1689 1257 1742 horas
1288 1704 1322 1740 x
1349 1694 1405 1740 et
1429 1701 1547 1740 VIIII
1573 1697 1837 1737 annorum
1863 1722 1877 1745 ,

301 1792 361 1839 et
388 1785 680 1838 secundum
706 1797 988 1837 numerum
1034 1781 1289 1834 horarum
1315 1777 1517 1833 dividat
1543 1775 1692 1829 illam
1717 1788 1880 1828 unam

301 1881 514 1944 partem
538 1875 725 1930 solaris
749 1888 940 1928 cursus
967 1872 1020 1926 in
1043 1886 1150 1926 uno
1172 1871 1280 1935 die,
1308 1878 1362 1924 et
1377 1869 1449 1924 ibi
1476 1869 1583 1923 erit
1602 1875 1732 1922 tunc
1754 1883 1882 1922 con-

301 1965 540 2020 stellatio
564 1963 943 2018 mathematica
974 1961 1127 2025 falsa,
1160 1961 1423 2030 siquidem
1451 1959 1660 2012 ratione
1690 1958 1880 2011 inven-

301 2069 384 2121 ta,
409 2058 500 2112 sed
528 2057 764 2125 diligenti
813 2053 1156 2123 inquisitione
1199 2059 1554 2122 perscrutata.
1573 2050 1641 2104 Et
1665 2058 1868 2113 tamen,

301 2159 366 2203 ut
385 2149 516 2212 dixi,
550 2148 637 2202 illa
667 2147 950 2201 diminutio
1002 2146 1141 2200 illius
1181 2144 1339 2199 unius
1381 2145 1547 2213 partis
1577 2143 1627 2196 in
1657 2156 1882 2196 numero

300 2243 560 2295 horarum
584 2239 872 2302 invenitur,
903 2239 954 2291 in
1002 2253 1108 2306 quo
1137 2238 1284 2291 hora:
1325 2243 1449 2289 sunt
1498 2250 1596 2305 per
1624 2251 1654 2287 x
1683 2242 1738 2286 et
1761 2249 1880 2287 vuu

302 2345 494 2384 annos.
530 2330 557 2369 ι)
588 2328 721 2383 Nam
755 2344 907 2382 xvmt
957 2327 1082 2382 anni
1126 2327 1326 2381 habent
1370 2326 1533 2380 horas
1577 2323 1777 2381 amr
1827 2331 1884 2379 et

300 2422 627 2493 quadragies
651 2421 1024 2491 quinquagies.
1057 2419 1259 2486 Quarta
1284 2435 1410 2489 pars
1441 2434 1653 2474 eccum
1677 2421 1884 2475 centies

301 2513 552 2584 sexagies
578 2513 764 2568 octies.
797 2511 1076 2565 Millesima
1121 2525 1248 2578 pars
1273 2510 1434 2564 unius
1476 2510 1646 2578 partis
1691 2511 1884 2564 solaris

298 2618 500 2660 cursus
546 2604 598 2657 in
638 2618 743 2657 una
774 2601 1074 2656 detrahitur
1102 2600 1190 2654 illa
1228 2600 1385 2654 unius
1431 2599 1624 2654 solaris
1680 2600 1880 2668 partis,

301 2702 364 2750 et
415 2710 603 2749 cursus
632 2710 729 2764 per
763 2695 904 2748 diem
962 2693 1013 2746 in
1057 2692 1278 2746 zodiaco
1322 2690 1548 2754 circulo,
1564 2690 1704 2743 sicut
1742 2703 1884 2758 Stepe

303 2787 563 2849 diximus,
595 2785 664 2838 ad
690 2783 1098 2838 diminutionem
1136 2779 1297 2836 uni'us
1331 2780 1435 2836 diei
1466 2780 1585 2847 plus
1611 2793 1708 2847 per
1731 2793 1883 2832 xvuu

302 2873 446 2928 solet
468 2872 736 2926 transilire
765 2870 818 2923 iu
847 2871 986 2924 luna:
1020 2884 1202 2933 cursu,
1231 2883 1391 2936 quem
1430 2868 1571 2922 diem
1600 2865 1886 2920 calculato-

303 2977 400 3016 res
429 2962 623 3017 saltum
648 2961 928 3016 nominare
955 2958 1256 3013 voluerunt.

1974 491 2026 544 id
2058 497 2142 546 est
2176 491 2260 546 bis
2299 500 2482 545 sextus
2521 491 2742 555 sexies;
2774 498 2954 544 sextas
2994 499 3172 545 autem
3217 491 3352 545 duas
3390 492 3558 549 horas

1974 577 2260 648 signiﬁcat.
2284 578 2410 631 Duae
2431 592 2559 647 ergo
2588 578 2736 632 hora:
2759 578 2861 642 bis,
2892 586 3122 646 quatuor
3140 588 3294 642 sunt;
3322 578 3449 633 item
3471 593 3554 633 tut

1974 670 2150 724 sexies
2193 670 2337 724 ducti
2365 685 2519 724 xxuu
2565 671 2710 723 horae
2739 676 2882 732 sunt,
2907 679 3187 740 propterea
3226 671 3424 725 dicitur
3446 670 3558 726 bis-

1975 767 2180 823 sextus,
2227 759 2351 827 quia
2405 760 2487 814 his
2540 767 2719 814 sextas
2767 761 2990 824 sexies;
3038 777 3162 814 nam
3207 769 3386 816 sextas
3434 763 3556 818 ideo

1976 848 2193 911 dicitur,
2221 850 2309 916 qui
2335 847 2448 920 [F.,
2482 847 2629 920 quia]
2668 859 2818 903 sexta
2860 865 2984 919 pars
3025 853 3164 906 assis
3187 860 3288 916 est,
3320 853 3423 906 hoc
3448 860 3555 916 est,

1978 937 2094 991 dua:
2114 937 2306 1000 uncim,
2336 938 2379 991 si
2417 938 2468 991 in
2499 939 2824 1008 ponderibus
2853 939 3289 1009 interpretantur,
3313 951 3404 996 aut
3423 941 3557 997 duas

1980 1027 2141 1082 horas
2168 1027 2452 1098 signiﬁcat.

2049 1119 2188 1186 Quid
2208 1135 2336 1190 ergo
2354 1118 2514 1174 eﬁicit
2534 1121 2869 1176 bissextum?
2894 1124 2996 1178 hoc
3017 1133 3098 1178 est
3119 1125 3342 1179 tarditas
3363 1141 3556 1181 cursus

1981 1212 2138 1274 solis;
2169 1212 2293 1266 inde
2319 1212 2698 1282 Augustinusd
2727 1214 2892 1269 dicit:
2945 1233 2964 1264 ‹
2995 1215 3250 1270 Breviore
3291 1225 3470 1272 autem
3502 1226 3556 1271 et

1979 1300 2187 1370 vulgari
2223 1301 2449 1366 ratione,
2489 1303 2784 1356 bissextum
2826 1305 3118 1358 retardatio
3151 1313 3372 1374 generat
3407 1305 3556 1370 solis,

1933 1395 1938 1400 “
1981 1406 2087 1444 non
2110 1391 2177 1444 ad
2201 1393 2446 1446 eamdem
2465 1392 2662 1446 lineam
2686 1393 2806 1448 εαξιὶ
2822 1407 2918 1462 per
2937 1408 3134 1448 cccrxv
3155 1395 3271 1448 dies
3287 1394 3441 1463 plene
3469 1411 3557 1450 re-

1981 1481 2215 1545 deuntis,
2259 1497 2289 1535 a
2317 1498 2422 1550 qua
2460 1483 2694 1536 recurrit
2721 1500 2734 1547 ;
2760 1484 2908 1538 verbi
2937 1485 3108 1552 gratia
3135 1485 3188 1537 in
3234 1486 3556 1553 aequinoctio

1981 1571 2204 1633 vernali,
2253 1572 2398 1640 quod
2429 1570 2584 1638 juxta
2635 1572 2917 1643 Aigyptios
2961 1589 3015 1626 xt
3066 1572 3254 1644 [Beda,
3284 1575 3384 1644 xu]
3442 1576 3558 1629 Kal.

1983 1660 2179 1728 Aprilis
2210 1661 2296 1714 die
2321 1662 2568 1730 pervenit
2597 1661 2783 1732 [Beda,
2816 1664 3086 1734 provenit]
3137 1665 3302 1718 solem
3336 1681 3563 1736 surgen—

1911 1733 1956 1792 3
1987 1759 2092 1806 tem
2123 1767 2152 1806 a
2177 1753 2355 1807 medio
2383 1753 2630 1819 orientis,
2653 1754 2695 1808 si
2725 1753 3006 1822 diligenter
3027 1733 3390 1822 adnotaveris,
3418 1733 3561 1812 hunc

1983 1858 2125 1897 anno
2161 1844 2430 1914 sequenti,
2481 1845 2566 1900 die
2613 1846 2864 1901 videlicet
2909 1848 3117 1911 eodem,
3166 1847 3556 1916 aliquantulum

1982 1933 2209 1989 inferius
2258 1936 2389 1990 oriri
2441 1937 2698 2005 reperies,
2751 1937 2853 1992 nisi
2903 1938 3258 2007 quadrantem
3313 1939 3557 2008 adjicias,

1981 2038 2037 2077 χι
2072 2022 2278 2095 [SuppL
2313 2025 2455 2097 Kal.]
2483 2025 2683 2096 Aprilis
2702 2027 3080 2095 atquinoctium
3111 2025 3372 2081 facturus.
3403 2028 3565 2082 Eam-

1981 2117 2104 2173 dem
2134 2119 2441 2173 tarditatem
2468 2120 2523 2173 in
2550 2120 2761 2174 caeteris
2783 2135 2998 2188 quoque
3031 2120 3185 2173 annis
3210 2129 3411 2173 servat.
3446 2140 3464 2170 ι

2055 2207 2206 2262 Unde
2225 2222 2355 2278 ergo
2374 2208 2646 2262 bissextus
2665 2207 2926 2263 efﬁcitur?
2949 2209 3063 2262 sine
3078 2208 3236 2262 dubio
3257 2223 3320 2262 ex
3335 2217 3567 2278 quatuor

1983 2298 2396 2366 quadrantibus,
2414 2298 2554 2352 sicut
2574 2298 2769 2368 legitur
2794 2311 2847 2352 οε
2872 2298 3150 2352 Bissextus
3162 2313 3228 2354 ex
3249 2299 3567 2367 quadrantis

1984 2388 2193 2442 ratione
2221 2403 2319 2458 per
2346 2389 2759 2458 quadriennium
2797 2389 3098 2454 conﬁcitur,
3131 2392 3258 2445 dum
3303 2391 3378 2445 sol
3414 2393 3480 2446 ad
3509 2391 3563 2446 id

1987 2477 2222 2546 signum,
2276 2493 2344 2532 ex
2373 2493 2480 2548 quo
2527 2494 2778 2549 egressus
2817 2487 2920 2543 est,
2958 2486 3082 2548 post
3127 2494 3328 2534 ccc.va
3356 2479 3471 2533 dies
3512 2484 3568 2532 et

1985 2576 2178 2637 quarta
2203 2577 2356 2638 parte
2390 2570 2497 2625 diei
2528 2585 2650 2626 sero
2680 2570 2890 2640 adjecta
2923 2571 3228 2626 revertitur.

2055 2679 2160 2736 Iste
2209 2695 2340 2752 ergo
2387 2681 2686 2738 bissextilis
2735 2683 2850 2738 dies
2893 2690 3021 2752 quot
3062 2684 3223 2739 horas
3264 2683 3469 2738 habet?
3513 2690 3569 2735 et

1985 2781 2167 2824 utrum
2195 2771 2248 2824 in
2275 2771 2362 2825 die
2383 2780 2593 2826 tantum
2615 2781 2718 2838 est,
2746 2789 2812 2828 an
2842 2774 2894 2827 in
2937 2775 3130 2829 nocte?
3158 2791 3224 2828 an
3252 2775 3414 2829 etiam
3441 2789 3569 2828 con-

1989 2861 2123 2914 tinet
2146 2861 2286 2915 diem
2311 2869 2366 2914 et
2403 2869 2614 2917 noctem
2639 2863 2662 2916 ?
2690 2870 2744 2918 et
2787 2863 2889 2918 illae
2918 2866 3205 2933 quadrans,
3247 2879 3309 2918 ex
3337 2880 3444 2935 quo
3475 2881 3568 2918 na—

1989 2952 2159 3005 scitur
2187 2953 2289 3006 iste
2310 2953 2604 3007 bissextilis
2633 2953 2766 3018 dies,
2792 2963 2973 3008 utrum
2999 2955 3294 3009 artiﬁcialis
3315 2970 3381 3008 an
3406 2964 3566 3009 natu-

382 3051 448 3105 Et
470 3066 537 3105 ne
577 3050 734 3105 alicui
766 3049 959 3104 falsum
986 3048 1156 3103 videri
1189 3047 1396 3110 debeat,
1429 3047 1571 3116 quod
1624 3046 1676 3100 in
1706 3053 1888 3100 tantas
1914 3077 1959 3139 C
1991 3041 2162 3096 ralis?
2187 3042 2290 3096 Alii
2320 3051 2534 3111 putant,
2562 3044 2705 3112 quod
2748 3045 2852 3099 iste
2885 3046 3000 3100 dies
3035 3045 3324 3100 bissextilis
3354 3061 3427 3098 xu
3475 3046 3571 3098 ho-

303 3140 602 3194 divisiones
628 3139 814 3210 partiri
843 3139 1014 3209 possit
1065 3152 1172 3192 una
1215 3153 1340 3207 pars
1388 3138 1635 3202 zodiaci,
1689 3138 1890 3207 cogitet

305 3231 734 3302 magnitudinem
764 3230 912 3295 solis,
945 3236 1004 3284 ut
1030 3228 1227 3294 ferunt,
1253 3230 1377 3298 quia
1405 3228 1576 3298 major
1598 3236 1683 3283 est
1709 3235 1884 3292 terra;

304 3338 376 3376 ex
411 3321 774 3390 magnitudine
813 3321 956 3374 enim
999 3320 1127 3375 solis
1170 3318 1533 3388 conjecturam
1576 3317 1738 3372 faciat
1769 3317 1891 3372 lati-

306 3413 556 3469 tudinum
583 3411 1002 3481 uniuscujusque
1022 3411 1192 3481 partis
1213 3426 1312 3480 per
1346 3411 1525 3465 sidera
1553 3409 1760 3479 singula
1782 3449 1796 3472 ,
1838 3416 1893 3462 et

313 3506 373 3558 in
401 3519 459 3558 se
489 3517 738 3557 reversus
789 3502 961 3572 magis
1006 3502 1231 3556 miretur
1255 3515 1390 3570 opus
1442 3501 1558 3566 Dei,
1585 3515 1746 3569 quam
1793 3514 1891 3554 suo

314 3597 579 3650 innitatur
603 3609 784 3650 sensu.

375 3746 536 3819 365
593 3759 989 3840 INCIPIT
1047 3759 1176 3835 DE
1234 3759 1725 3836 BISSEXTO
1782 3761 1832 3834 θ.

391 3940 467 3994 De
519 3940 760 3995 bissexto
807 3939 1041 4008 primum
1096 3937 1251 3992 nobis
1302 3937 1739 4006 interrogandum
1790 3946 1893 4001 est,

311 4047 488 4105 quare
513 4033 709 4088 dicitur
727 4031 1027 4088 bissextus?
1064 4038 1157 4084 aut
1197 4029 1327 4100 quid
1362 4027 1526 4083 efficit
1556 4030 1896 4083 Bissextum?

313 4135 415 4181 aut
432 4127 498 4181 de
519 4125 662 4196 quali
686 4126 908 4180 materia
930 4123 1190 4180 eﬁicitur?
1209 4132 1262 4177 et
1277 4123 1416 4177 unde
1439 4124 1671 4193 primum
1697 4125 1895 4194 etrapit?

310 4226 376 4272 ct
396 4224 655 4286 quantum
698 4217 765 4270 de
807 4215 897 4269 illo
921 4216 1118 4270 crescit
1165 4215 1219 4268 in
1268 4229 1586 4282 unoquoque
1632 4230 1792 4279 anno,
1843 4225 1899 4269 et

309 4314 578 4378 quantum
603 4307 655 4360 in
681 4319 1001 4374 unoquoque
1029 4305 1134 4368 die,
1159 4311 1214 4358 et
1244 4305 1297 4357 in
1323 4320 1649 4374 unoquoque
1677 4307 1895 4358 mense?

1993 3150 2083 3188 ras
2117 3135 2410 3199 habuisset,
2435 3143 2488 3189 at
2514 3136 2694 3191 caeteri
2721 3137 2837 3192 dies
2864 3136 3162 3192 artiﬁcialis
3192 3135 3284 3208 [F.
3314 3137 3413 3207 leg.
3442 3146 3565 3191 ut...

1991 3223 2348 3296 artiﬁciales],
2381 3226 2506 3281 inde
2528 3226 2726 3297 legitur
2753 3226 2773 3265 τ
2808 3246 2820 3280 :
2859 3246 2878 3277 ι
2897 3223 3191 3283 ’Βὶεεεχῑυε
3220 3236 3324 3293 est,
3355 3244 3452 3297 per
3477 3244 3571 3283 an-

1989 3332 2090 3372 nos
2115 3332 2196 3370 uu
2218 3332 2357 3371 unus
2379 3317 2498 3373 dies
2517 3318 2794 3388 adjectus;
2825 3319 3020 3374 crescit
3046 3319 3187 3374 enim
3213 3333 3310 3387 per
3334 3318 3573 3390 singulos

1992 3424 2161 3464 annos
2185 3416 2380 3476 quarta
2408 3425 2536 3480 pars
2578 3411 2734 3476 assis,
2773 3427 2838 3466 ac
2861 3411 2952 3466 ubi
2981 3420 3174 3481 quarto
3210 3427 3352 3466 anno
3397 3426 3570 3466 assem

1993 3497 2358 3568 compleverit,
2387 3499 2721 3555 bissextilem
2757 3516 2956 3555 annum
3005 3499 3152 3556 facit.
3205 3501 3390 3556 Dictus
3426 3501 3571 3555 enim

1993 3591 2284 3657 bissextus,
2323 3592 2447 3664 quia
2493 3593 2578 3647 bis
2624 3593 2800 3648 sexies
2827 3593 3021 3648 ductus
3044 3593 3207 3648 assim
3252 3592 3399 3656 facit,
3430 3592 3573 3663 quod

1995 3689 2078 3735 est
2103 3698 2242 3737 unus
2267 3683 2400 3738 dies.
2454 3682 2679 3749 Quando
2704 3698 2834 3751 ergo
2883 3683 3042 3744 dixit,
3071 3693 3318 3752 quartam
3365 3692 3572 3751 partem

1997 3771 2134 3824 assis
2155 3771 2208 3823 in
2228 3786 2336 3825 uno
2357 3784 2569 3839 quoque
2591 3784 2731 3823 anno
2753 3784 3015 3833 crescere,
3046 3779 3157 3824 tres
3196 3771 3355 3823 horas
3393 3755 3587 3824 osten:

1996 3860 2111 3925 dit;
2143 3861 2344 3916 scimus
2391 3861 2535 3914 enim
2573 3860 2696 3928 quia
2741 3859 2878 3912 assis
2906 3875 2982 3912 xu
3025 3859 3213 3913 uncias
3239 3860 3422 3918 habet.
3454 3875 3574 3930 quae

1997 3950 2301 4019 signiﬁcant
2332 3967 2407 4005 xu
2438 3951 2620 4013 horas,
2655 3957 2848 4018 quarta
2878 3956 3054 4002 autem
3092 3964 3218 4017 pars
3245 3959 3325 4004 est
3368 3967 3440 4005 xu
3478 3952 3572 4005 bo—

1996 4056 2178 4094 rarum
2203 4048 2312 4095 tres
2333 4040 2499 4103 horze,
2532 4049 2586 4095 et
2609 4039 2687 4093 sic
2725 4037 2953 4093 efﬁcitur
2979 4038 3267 4093 bissextilis
3307 4041 3418 4095 dies
3446 4042 3577 4096 arti-

1999 4131 2242 4186 ﬁcialiter
2263 4146 2330 4186 ex
2365 4132 2539 4186 tribus
2569 4131 2717 4186 horis
2751 4125 3172 4201 uniuscujusque
3211 4132 3335 4185 anni
3362 4147 3458 4202 per
3479 4148 3575 4186 an—

1999 4237 2097 4276 nos
2126 4228 2396 4289 quatuor;
2430 4228 2544 4275 tres
2573 4219 2718 4275 enim
2743 4226 2934 4288 quater
2969 4220 3128 4274 ducta
3175 4237 3249 4274 xu
3282 4221 3444 4276 horas
3466 4221 3578 4276 eﬁi-

1999 4313 2185 4376 eiunt;
2217 4319 2273 4366 et
2309 4311 2414 4367 hoc
2443 4296 2629 4367 volunt
2668 4312 2901 4380 probare
2936 4325 3034 4381 per
3069 4311 3230 4366 horas
3269 4312 3429 4381 totius
3453 4314 3578 4368 anni

311 4405 372 4454 et
403 4397 457 4450 in
487 4412 594 4466 quo
618 4395 734 4450 loco
755 4404 810 4450 et
837 4396 890 4449 in
917 4409 1023 4464 qua
1050 4395 1136 4449 die
1155 4395 1402 4448 datarum
1420 4395 1637 4464 ponitur
1662 4395 1763 4449 iste
1788 4396 1898 4450 bis-
1929 4433 1978 4492 Β
2002 4401 2203 4456 divisas
2238 4396 2436 4471 per‘vu
2480 4410 2683 4472 partes,
2733 4408 2787 4456 et
2813 4401 2956 4470 quod
2997 4401 3337 4470 superfuerit,
3373 4403 3576 4468 dicunt,

314 4487 540 4543 sextus?
563 4494 618 4540 et
635 4485 756 4555 quis
777 4486 980 4554 primus
994 4484 1196 4540 invenit
1215 4485 1505 4539 bissextqu
1523 4485 1548 4537 ?

389 4578 666 4632 Bissextus
685 4590 813 4645 ergo
845 4582 1126 4644 propterea
1152 4575 1350 4629 dicitur
1367 4585 1586 4645 propter
1609 4577 1692 4632 bis
1719 4587 1900 4632 sextas

317 4667 591 4724 Kalendas
612 4666 944 4730 nominatas;
975 4665 1055 4720 sic
1075 4665 1220 4720 enim
1245 4664 1443 4720 dicitur
1465 4675 1618 4721 sexto
1637 4667 1900 4722 Kalendas

317 4801 406 4855 rio
420 4798 570 4871 stylo
586 4797 797 4852 Alcuini
827 4796 1068 4852 nonnihil
1107 4798 1327 4853 recedit.
1355 4799 1624 4871 Fortassis
1665 4800 1902 4871 _alterius

318 4868 606 4939 scriptoris
635 4879 738 4939 est,
765 4883 923 4939 quem
963 4877 1138 4922 tamen
1185 4884 1308 4922 eum
1361 4868 1482 4924 aliis
1534 4870 1600 4922 ad
1650 4869 1901 4925 Carolnm

320 4938 546 5008 mittere
563 4938 748 4994 voluit.
778 4938 876 4993 Hic
901 4953 1030 4992 vero
1047 4939 1277 5008 scriptor
1304 4938 1399 5003 ait,
1414 4939 1770 5008 quantitatem
1796 4941 1901 4995 diei

321 5007 489 5064 unius
515 5025 620 5064 non
650 5010 810 5064 modo
837 5010 891 5062 in
928 5007 1173 5078 partibus
1220 5010 1508 5077 temporis,
1556 5010 1650 5064 sed
1697 5011 1860 5064 etiam
1887 5051 1900 5073 .

323 5079 439 5134 imo
461 5080 648 5151 magis,
675 5079 730 5132 in
753 5079 998 5151 partibus
1024 5077 1241 5151 zodiaci
1271 5087 1325 5133 et
1356 5079 1645 5151 eeeliptica:
1674 5079 1903 5151 (utrum-

324 5164 434 5218 que
458 5145 602 5204 enim
643 5145 986 5219 confundere]
1017 5145 1250 5219 videtur)
1288 5149 1515 5219 exprimi
1560 5145 1736 5217 posse.
1769 5149 1904 5205 Cum

327 5217 496 5288 igitur
513 5219 681 5273 saltus
710 5219 781 5274 sit
804 5235 910 5272 una
939 5217 1052 5273 dies
1081 5217 1136 5270 in
1171 5217 1418 5273 aetatibus
1458 5218 1596 5272 lunae
1617 5235 1906 5274 numeran-

329 5289 416 5341 dis
441 5289 756 5353 omittenda,
787 5303 906 5342 eam
946 5301 1043 5356 per
1076 5296 1257 5356 partes
1285 5288 1574 5356 eccliptica:
1603 5289 1906 5356 exprimere

327 5370 562 5412 conatur
581 5359 680 5412 hac
706 5375 836 5413 usus
882 5357 1167 5423 analogia:
1210 5358 1314 5412 Per
1364 5358 1628 5428 integrum
1661 5357 1774 5428 (qui
1825 5369 1908 5413 est

332 5437 447 5483 toto
496 5429 647 5498 cyclo
691 5427 1128 5496 decennovenali)
1183 5427 1775 5498 numerum’mensium
1823 5429 1907 5483 vel

330 5497 772 5566 septimanarum,
801 5499 879 5553 vel
920 5499 1148 5561 dierum,
1179 5498 1284 5552 imo
1303 5498 1465 5551 etiam
1507 5497 1760 5551 horarum
1786 5538 1802 5562 ,
1840 5499 1906 5553 ad

330 5569 774 5636 prrcparationem
804 5569 972 5622 saltus
999 5567 1274 5636 peragitur
1297 5567 1547 5636 spatium,
1578 5568 1732 5636 quale
1762 5577 1906 5622 motu

331 5639 554 5706 proprio
575 5639 650 5694 sol
670 5655 772 5692 una
793 5640 876 5692 die
891 5638 1178 5702 describit;
1214 5652 1342 5708 ergo
1371 5652 1476 5690 uno
1491 5652 1672 5691 mense
1692 5638 1775 5692 vel
1803 5653 1906 5692 una

331 5709 738 5777 septimana,vel
764 5709 872 5774 die,
891 5708 999 5764 imo
1027 5708 1190 5764 etiam
1215 5709 1345 5764 hora
1374 5716 1534 5777 quota
1564 5708 1721 5779 hujus
1750 5709 1904 5777 spatii

2005 4491 2148 4560 quod
2189 4499 2274 4546 est
2313 4492 2604 4560 quadrans,
2635 4492 2723 4560 qui
2764 4491 2926 4545 efﬁcit
2965 4491 3296 4546 bissextilem
3327 4493 3485 4556 diem,
3525 4501 3581 4548 et

2005 4582 2107 4636 hoc
2127 4581 2331 4645 dicunt,
2355 4581 2495 4650 quod
2521 4595 2586 4636 ex
2616 4581 2828 4634 ratione
2856 4579 3163 4635 Graecorum
3191 4583 3454 4650 provenit.
3488 4583 3580 4636 Di-

2003 4673 2249 4727 vidamus
2290 4687 2418 4742 ergo
2460 4671 2624 4726 horas
2670 4671 2834 4724 totius
2875 4670 3020 4735 anni,
3071 4679 3129 4724 ut
3157 4671 3412 4737 sciamus,
3452 4673 3579 4742 quid

2004 4821 2132 4875 pars
2149 4803 2482 4875 percurritur
2500 4804 2525 4858 ?
2541 4803 2693 4858 Unde
2706 4803 2772 4856 ad
2790 4810 2973 4875 partes
2986 4803 3579 4875 ecclipticaa‘admodum

2005 4873 2227 4944 exiguas
2247 4874 2666 4944 pervenit,quas
2704 4873 3141 4944 constellationes
3174 4873 3581 4929 mathematicas

2007 4942 2257 5013 appellat,
2288 4953 2342 4996 et
2369 4942 2532 5013 falsas
2558 4944 2785 5013 esseait,
2801 4943 2926 5010 quia
2945 4943 3150 4997 ratione
3175 4943 3403 4998 inventa:
3434 4951 3578 5008 sunt,

2008 5011 2215 5083 nempe,
2243 5011 2993 5084 utaitBedaJnezploraudis
3015 5013 3282 5067 hominum
3276 5013 3577 5137 ﬁgenituris.

2079 5095 2104 5123 ε·
2148 5084 2348 5137 Desunt
2374 5081 2550 5137 aliqua
2575 5122 2588 5137 .
2646 5081 2721 5137 ita
2748 5081 2887 5137 forte
2912 5082 3205 5137 sunnlenda
3229 5100 3242 5135 :
3317 5092 3408 5135 unt
3432 5083 3577 5137 senti-

2079 5095 2104 5123 α
2148 5095 2347 5124 Ιιρςιιιιῑ
2374 5095 2549 5124 ΩΙΙΠΠΩ
2576 5122 2585 5124 ᾼ
2647 5095 2718 5124 Ila
2751 5095 2886 5124 MIHI!
2913 5095 3202 5124 ennnlpnnn
3229 5100 3242 5124 3
3279 5095 3408 5124 ﬂﬂﬂl
3432 5095 3584 5124 ,υπη-

2079 5095 2104 5123 ε·
2148 5089 2348 5137 Desunt
2374 5089 2550 5151 aliqua
2575 5122 2588 5142 ,
2646 5089 2721 5137 ita
2748 5089 2887 5137 forte
2912 5089 3205 5153 supplenda
3229 5100 3242 5135 :
3274 5089 3408 5150 ﬁunt
3432 5089 3580 5153 septi-

2007 5151 2323 5290 23:35:12])
2348 5170 2360 5204 :
2388 5151 2521 5204 adde
2565 5160 2612 5204 et
2635 5151 2743 5206 dies
2769 5153 2804 5206 4
2833 5151 3118 5207 bissexti!“
3141 5160 3192 5206 et
3230 5168 3362 5207 xvm
3400 5152 3580 5220 horas,

2053 5232 2168 5277 αηι.
2198 5232 2302 5277 etc.

2080 5293 2108 5332 ι’
2147 5263 2322 5348 Locus
2342 5300 2647 5361 corruptus.

2083 5373 2104 5400 ο
2145 5360 2532 5432 Argumentum
2580 5362 2740 5431 hujus
2789 5368 3051 5432 tractatus
3095 5360 3148 5415 in
3193 5360 3309 5429 ejus
3360 5361 3582 5417 exordio

2010 5432 2352 5502 perspicuum
2376 5441 2494 5495 est;
2528 5432 2718 5502 modus
2749 5431 3012 5502 tractandi
3043 5432 3185 5486 idem
3211 5447 3369 5502 quem
3397 5432 3584 5489 obser-

2009 5509 2100 5553 vat
2127 5499 2386 5554 Alcuinus
2408 5516 2566 5568 supra
2598 5500 2663 5554 de
2687 5499 2837 5554 Saltu
2859 5500 3018 5554 lunae.

2083 5569 2109 5608 ἀ
2140 5570 2324 5624 Potius
2355 5569 2493 5623 Beda
2519 5570 2583 5622 de
2611 5569 2934 5638 Temporum
2958 5570 3184 5625 ratione.

2086 5652 2110 5710 ἒ
2134 5639 2288 5710 Apud
2309 5639 2505 5710 Bedam
2531 5639 2658 5693 ibid.

2087 5709 2106 5747 ί
2138 5708 2289 5779 Apud
2311 5708 2505 5765 Bedam
2534 5710 2599 5765 de
2625 5709 2969 5782 Argumentis
2993 5711 3148 5780 lume,
3177 5719 3299 5768 ante
3326 5713 3578 5767 medium.
