3934 6180
358 363 469 421 995

1174 354 1237 411 Β.
1274 351 1339 408 F.
1370 348 1595 408 ALBlNl
1634 345 1765 402 SEU
1805 341 1951 398 ALCl

2056 340 2080 396 Ι
2116 336 2396 397 OPERUM
2434 335 2614 392 PARS
2651 333 2762 393 ιιι.
3514 333 3621 387 993

362 480 646 532 remaneat
668 486 828 542 super
864 478 1068 540 septem
1102 475 1324 538 partes;
1370 462 1571 519 scimus
1598 458 1767 523 enim,
1794 456 1939 526 quod
1964 455 2015 516 Α
2041 453 2237 508 item“!
2279 449 2335 503 in
2371 446 2596 503 θιοΐάίο
2774 445 2937 542 5013“
2979 444 3096 500 ιοεο
3119 444 3315 542 φάοξη
3354 453 3523 542 Ml“?
3563 446 3619 542 in

366 567 423 622 in
447 575 560 622 toto
590 580 732 619 anno
772 565 921 619 horae
965 569 1091 616 sunt
1124 558 1228 614 ﬁt?
1273 572 1462 620 ncces,
1508 553 1611 607 has
1649 565 1779 622 ergo
1807 548 1945 603 divi—

366 660 560 713 damus
584 671 682 725 per
726 671 800 709 vu
832 663 1033 723 partes,
1077 650 1233 721 quasi
1272 663 1371 719 per
1416 659 1701 702 numerum
1737 649 1945 710 septem

368 746 600 808 dierum,
646 743 739 812 qui
768 741 1188 810 multiplicantur
1212 753 1310 807 per
1353 745 1523 791 totum
1571 749 1790 794 annum,
1840 731 1945 785 hoc

370 845 457 892 est
492 852 567 891 Ltl
595 834 926 904 septimanae,
957 839 1013 887 et
1053 844 1194 884 unus
1222 829 1375 888 dies;
1421 827 1630 883 dimitte
1673 842 1802 896 ergo
1822 838 1941 890 vu;

370 928 499 998 quia
530 942 605 982 vn
633 933 816 995 partes
860 928 1009 986 sunt,
1052 919 1157 974 hoc
1191 927 1277 973 est
1300 934 1371 972 vu
1404 917 1615 981 millies,
1663 921 1946 971 remanent

372 1018 468 1073 tibi
499 1017 553 1072 iu
587 1032 758 1072 ut:ch
783 1013 930 1087 [Leg.
958 1013 981 1067 ῑ
1012 1010 1227 1081 acetx],
1257 1009 1465 1065 dimitte
1510 1024 1627 1070 nec,
1656 1009 1783 1077 quia
1823 1022 1946 1079 scp-

372 1115 480 1162 tem
507 1113 687 1176 partes
722 1112 864 1164 sunt;
896 1105 1000 1158 hoc
1038 1108 1121 1156 est
1157 1100 1361 1156 centies
1406 1107 1633 1167 septem,
1666 1105 1947 1153 remanent

372 1215 484 1254 1.x:
536 1196 745 1251 dimitte
774 1210 838 1249 nc
887 1192 973 1265 [L.
1022 1197 1303 1247 remanent
1335 1207 1353 1246 ι
1387 1206 1494 1245 1.x:
1544 1190 1752 1244 dimitte
1799 1187 1944 1259 nec],

369 1288 514 1343 sicut
571 1294 729 1341 antea
796 1284 1047 1347 diximus,
1108 1293 1388 1337 remanent
1444 1296 1608 1336 cccnx
1651 1297 1664 1332 :
1734 1278 1948 1332 dimitte

371 1393 618 1442 ccnxxx;
647 1376 771 1447 quia
796 1376 882 1430 bis
922 1382 1125 1444 septem
1156 1373 1331 1443 vigeni
1363 1380 1508 1435 sunt,
1540 1375 1823 1424 remanent
1851 1367 1947 1422 tibi

372 1485 555 1525 Lxxx:
591 1467 802 1522 dimitte
846 1465 1150 1534 inu,quia
1189 1480 1310 1517 vuu
1358 1462 1564 1531 septeni
1592 1467 1736 1523 sunt,
1780 1472 1952 1512 rema-

373 1565 506 1615 nent
530 1573 642 1612 xvu
668 1575 682 1610 :
711 1557 920 1610 dimitte
949 1571 1088 1618 xuu,
1111 1554 1235 1624 quia
1264 1553 1347 1608 bis
1372 1560 1576 1620 septem
1605 1558 1748 1612 sunt,
1774 1564 1951 1604 rema-

376 1655 610 1703 nentur.
663 1646 788 1701 Illas
815 1660 942 1714 ergo
971 1661 1031 1699 ιιι
1072 1644 1255 1707 horas,
1301 1657 1420 1711 quae
1465 1647 1747 1694 remanent
1790 1651 1952 1707 super

375 1738 665 1794 divisiones
688 1738 944 1791 horarum
968 1737 1133 1791 totius
1157 1735 1303 1799 anni,
1332 1734 1517 1788 dicunt
1533 1747 1654 1788 esse
1675 1732 1950 1801 quadran-

2042 545 2230 598 eodem
2276 541 2428 611 signo
2469 540 2768 609 apparebit.
2817 537 2906 593 Sic
2948 552 3079 610 ergo
3110 537 3213 593 fuit
3254 539 3311 593 in
3353 539 3625 610 principio

2042 634 2226 691 mundi
2257 634 2344 688 ille
2370 632 2641 702 quadrans
2668 647 2700 687 a
2728 632 2903 686 media
2938 641 3101 687 nocte
3142 631 3506 701 aequinoctiali
3532 647 3625 687 us-

2043 741 2149 797 que
2176 726 2245 781 ad
2279 737 2457 786 mane,
2499 721 2576 775 illi
2602 728 2782 776 autem
2829 738 2891 776 ιιι
2922 722 3036 776 dies
3081 728 3391 791 sequentes,
3437 721 3491 776 id
3516 729 3622 787 est,

2044 836 2098 876 ιιι
2125 818 2245 873 Kal.
2282 815 2505 887 Aprilis,
2541 831 2577 869 x
2608 814 2726 869 Kal.
2774 813 2967 884 April.,
2997 830 3117 870 vuu
3144 814 3261 870 Kal.
3293 812 3517 885 Aprilis,
3545 813 3624 870 di-

2040 916 2173 965 cunt
2196 907 2337 977 quod
2362 905 2597 976 aequales
2620 905 2841 971 fuerint,
2862 906 2955 960 sed
2977 907 3093 960 sine
3114 921 3338 960 numero
3363 905 3623 961 horarum

2042 1001 2187 1053 inter
2212 997 2327 1052 dies
2350 1004 2407 1050 et
2451 1003 2657 1060 noctes,
2702 996 2858 1066 quasi
2900 1013 2971 1051 ιιι
3002 994 3095 1068 [Γ.
3130 995 3214 1067 tu]
3241 995 3353 1050 dies
3398 994 3627 1053 fuissent

2044 1087 2466 1160 aequinoctiales,
2508 1094 2795 1158 antequam
2844 1087 2923 1141 sol
2971 1086 3161 1142 fuisset
3212 1094 3448 1152 creatus,
3498 1097 3625 1143 ante

2045 1183 2176 1237 solis
2202 1182 2345 1236 enim
2372 1181 2703 1236 creationem
2747 1180 3035 1251 primitivaa
3080 1179 3214 1235 lucis
3243 1180 3474 1234 circuitu
3502 1194 3625 1252 age-

2045 1273 2223 1336 batur,
2255 1273 2398 1341 quod
2422 1287 2566 1326 nunc
2586 1286 2686 1341 per
2710 1271 2875 1326 solem
2906 1271 3101 1341 agitur.
3128 1271 3154 1310 ά
3194 1289 3214 1321 ι
3260 1270 3393 1324 Nam
3423 1285 3627 1339 praece-

2044 1361 2180 1418 dens
2206 1363 2466 1427 triduum,
2498 1370 2559 1417 ut
2598 1362 2850 1417 omnibus
2891 1361 3066 1416 visum
3113 1367 3217 1425 est,
3249 1359 3456 1429 absque
3503 1359 3626 1414 ullis

2048 1454 2307 1509 horarum
2335 1453 2780 1517 dimensionibus,
2812 1458 2872 1505 ut
2907 1458 3035 1520 puta
3070 1466 3171 1505 nec
3209 1451 3334 1505 dum
3361 1449 3520 1505 factis
3550 1450 3624 1504 si-

2049 1543 2286 1607 deribus,
2314 1542 2508 1613 aequali
2533 1542 2687 1597 lance
2707 1541 2799 1596 lux
2824 1551 2908 1596 est
2938 1540 3119 1613 [Bed.,
3144 1541 3337 1610 aequali
3366 1540 3522 1596 lance
3546 1539 3626 1593 lu-

2050 1648 2176 1688 men
2210 1634 2568 1702 tenebrasque
2595 1632 2905 1705 pandebat],
2933 1630 3188 1702 pallidum
3228 1631 3369 1686 diem
3394 1639 3449 1686 et
3478 1638 3626 1685 tene

2051 1724 2179 1779 bras
2202 1722 2491 1794 pandebat.
2515 1722 2642 1778 Haec
2669 1732 2847 1778 autem
2874 1724 3011 1778 ratio
3038 1736 3104 1777 ex
3128 1722 3455 1777 auctoritate
3480 1719 3627 1776 Grat-

372 1838 483 1883 ιθηι
515 1826 869 1891 ωιηῆοίθιεηι,
899 1834 954 1882 et
980 1826 1058 1881 sic
1083 1840 1148 1880 ex
1171 1833 1405 1894 quamm-
1427 1823 1818 1894 quadmmibus
1850 1838 1948 1893 per
1983 1809 2024 1868 Β
2052 1830 2238 1870 eorum
2260 1812 2630 1869 conﬁrmatur.
2656 1814 2877 1886 Legitur
2894 1814 3041 1869 enim
3065 1813 3119 1867 in
3138 1812 3366 1883 epistola
3396 1811 3625 1867 Maurini

373 1932 458 1974 ιιιι
484 1930 653 1971 annos
677 1932 843 1971 unum
867 1917 1008 1971 diem
1034 1916 1381 1979 bissextilem,
1411 1916 1504 1984 qui
1536 1916 1699 1970 habet
1740 1931 1817 1970 xu
1848 1915 1947 1970 ho-

376 2022 506 2072 ras;
532 2014 646 2062 tres
672 2007 817 2062 enim
837 2014 1030 2077 quater
1063 2008 1233 2072 ducti,
1264 2023 1341 2060 xu
1373 2007 1535 2062 horas
1555 2006 1810 2062 efﬁciunt.
1840 2007 1950 2063 Sed

376 2104 558 2151 tamen
589 2101 703 2152 [nec
730 2098 872 2152 ratio
902 2099 1267 2168 suprascripta
1304 2100 1445 2167 apud
1486 2106 1735 2153 auctores
1765 2114 1951 2170 repro-

374 2189 550 2244 batur.
580 2189 637 2244 In
657 2189 957 2259 quadrante
982 2190 1127 2245 enim
1149 2205 1258 2245 non
1286 2190 1472 2246 dicunt
1493 2198 1603 2245 tres
1621 2191 1786 2246 horas
1807 2207 1948 2251 esse.

373 2280 470 2335 sed
496 2296 549 2336 vr
575 2288 630 2335 et
658 2281 807 2334 illum
851 2281 991 2335 diem
1020 2281 1352 2337 bissextilcm
1379 2297 1482 2337 non
1520 2283 1706 2337 dicunt
1731 2297 1851 2337 esse
1872 2300 1951 2338 xu

375 2371 654 2437 horarum,
680 2371 843 2442 366
861 2370 953 2425 sed
972 2387 1150 2436 xxuu,
1168 2373 1438 2441 quomodo
1458 2387 1587 2443 ergo
1608 2371 1700 2445 [F.
1724 2372 1949 2427 subaud.

378 2461 518 2535 ﬁeri]
546 2463 824 2533 potuisset,
856 2471 917 2517 ut
941 2462 1030 2517 ille
1064 2462 1180 2517 dies
1223 2463 1516 2518 bissextilis
1539 2480 1611 2517 xx
1642 2461 1736 2535 [F.
1768 2462 1950 2535 xxuu]

376 2554 634 2607 horarum
681 2561 826 2608 esset
873 2553 991 2608 sine
1039 2553 1243 2608 nocte?
1288 2553 1416 2607 Inde
1470 2551 1801 2623 Augustinus
1855 2553 1956 2623 (De

374 2638 582 2711 Temp.,
615 2658 669 2695 ιι.
704 2641 759 2713 8)
800 2641 930 2696 dicit
963 2642 1028 2696 de
1070 2642 1176 2705 hoc
1219 2641 1518 2710 quadrante
1550 2649 1606 2696 et
1642 2641 1709 2696 de
1737 2639 1826 2695 illa
1868 2641 1956 2697 die

379 2731 681 2787 bissextili:
727 2751 745 2783 ι
801 2749 884 2788 nu
936 2733 1265 2803 quadrantes
1312 2732 1520 2787 faciunt
1567 2748 1734 2788 unum
1787 2734 1953 2797 dicm,

382 2837 541 2892 quem
591 2837 812 2879 necesse
864 2831 957 2899 est.
996 2822 1304 2878 intercalari
1346 2838 1414 2878 ex
1461 2838 1623 2878 cursu
1675 2822 1857 2895 [Aug.,
1886 2838 1954 2878 ex

378 2912 565 2985 curso]
600 2913 975 2982 quadriennio,
1020 2928 1179 2983 quem
1202 2913 1344 2968 diem
1380 2914 1710 2969 bissextilem
1740 2921 1950 2975 vocant,

380 3017 448 3059 ne
483 3011 782 3074 temporum
810 3005 945 3060 ordo
976 3005 1241 3060 turbetur.
1269 3005 1386 3075 ipse
1408 3012 1587 3060 autem
1609 3005 1881 3075 quadrans
1899 3020 1953 3058 vr

377 3090 540 3146 horas
573 3092 773 3160 habet;
816 3100 961 3150 totus
1005 3094 1148 3153 enim
1177 3094 1291 3149 dies
1333 3093 1513 3166 [Aug.,
1544 3094 1694 3150 addit
1714 3108 1733 3146 :
1767 3094 1823 3149 id
1847 3094 1952 3167 est]

378 3198 503 3239 cum
533 3200 628 3239 sua
658 3192 811 3240 necte
837 3202 995 3240 xxuu
1023 3186 1171 3241 hora:
1196 3194 1345 3251 sunt,
1382 3201 1613 3255 quarum
1641 3200 1769 3255 pars
1789 3200 1956 3256 quar—
1984 3163 2029 3224 ε

377 3280 451 3336 ta,
478 3273 567 3342 qui
598 3283 682 3333 est
702 3276 973 3341 quadrans
1002 3275 1125 3335 diei,
1150 3289 1247 3329 sex
1269 3276 1417 3330 horae
1454 3276 1819 3331 inveniuntur.
1855 3295 1876 3327 ι

448 3363 547 3419 Hic
572 3378 703 3435 ergo
730 3367 1000 3435 quadrans
1020 3366 1161 3420 unde
1179 3366 1412 3435 primum
1434 3367 1713 3436 processit,
1741 3374 1794 3420 et
1817 3367 1957 3421 unde

376 3454 543 3508 habet
591 3456 988 3520 auctoritatem,
1037 3456 1478 3524 interrogandum
1525 3464 1627 3510 est.
1677 3456 1775 3510 Hic
1824 3472 1956 3527 ergo

376 3542 652 3612 quadrans
679 3543 778 3598 fuit
803 3561 831 3598 a
860 3544 1124 3614 principio
1161 3545 1360 3610 szeculi,
1388 3559 1456 3599 ex
1484 3560 1592 3614 quo
1635 3544 1792 3600 facta:
1832 3553 1959 3600 sunt

380 3640 663 3687 creatum.
716 3632 792 3687 De
829 3632 933 3687 hoc
962 3634 1259 3702 quadrante
1301 3632 1661 3704 Hieronymus
1707 3634 1959 3703 exposuit

378 3723 430 3776 iu
462 3731 691 3777 tractatu
717 3723 874 3794 primi
902 3724 1192 3778 testimonii
1222 3722 1468 3788 Genesis,
1510 3723 1601 3777 ubi
1628 3722 1859 3793 legitur:
1891 3722 1959 3776 In

375 3813 630 3885 principio
659 3811 785 3869 fecit
809 3813 949 3869 Deus
988 3814 1169 3868 cwlum
1192 3824 1237 3868 et
1260 3824 1453 3868 terram
1482 3812 1635 3886 (Gen.
1667 3832 1706 3878 ι,
1737 3815 1811 3887 1).
1839 3815 1960 3870 Hie-

377 3918 633 3974 ronymus
652 3917 780 3973 ergo
794 3903 927 3958 dixit
950 3945 963 3957 .
990 3915 1014 3943 ει
1040 3904 1111 3957 De
1128 3904 1231 3960 hoc
1252 3905 1515 3975 principio
1528 3905 1681 3959 multi
1695 3912 1960 3961 tractare.

381 4001 525 4057 runt,
557 3993 650 4048 sed
679 3994 781 4049 hoc
824 3995 1144 4064 principium
1173 4011 1274 4066 ego
1301 3996 1582 4065 exopinor,
1607 3996 1674 4051 dc
1699 4013 1806 4066 quo
1851 3997 1960 4051 An-

379 4069 706 4138 dromachus
726 4084 1192 4155 historiographus
1219 4085 1526 4142 Judzeorum
1554 4087 1675 4142 aliis
1700 4089 1958 4158 pervigile

378 4172 623 4228 scribens
652 4173 799 4229 illum
826 4175 1178 4243 quadrantem
1209 4175 1498 4230 mediatum
1524 4177 1699 4233 noctis
1728 4194 1805 4241 xi,
1829 4179 1956 4247 quia

380 4263 433 4317 in
459 4263 635 4318 media
665 4272 821 4319 nocte.
850 4262 1025 4319 factus
1052 4272 1136 4320 est
1163 4266 1411 4328 mundus,
1442 4274 1498 4320 et
1524 4266 1574 4320 in
1604 4268 1778 4323 media
1801 4276 1957 4323 nocte

380 4354 575 4409 iterum
604 4354 931 4412 destruetur.

452 4445 730 4513 Quomodo
758 4462 888 4515 ergo
924 4446 1013 4502 hic
1052 4447 1322 4518 quadrans
1368 4449 1733 4519 cognoscitur,
1772 4457 1955 4504 utrum

2052 1907 2290 1977 episcopi
2317 1905 2664 1960 Alexandrini
2692 1906 2759 1960 de
2798 1905 2884 1960 his
2912 1903 3087 1959 tribus
3114 1903 3306 1959 diebus
3330 1904 3385 1958 in
3427 1904 3629 1973 princi-

2052 1998 2143 2067 pio
2174 1997 2383 2062 mundi,
2434 2003 2725 2066 antequam
2765 2003 2948 2050 essent
2988 1993 3295 2050 luminaria.
3336 1993 3476 2048 Hinc
3518 1993 3630 2063 ipse

2053 2089 2209 2153 dixit,
2236 2088 2423 2144 eadem
2451 2087 2725 2158 longitudo
2753 2086 2893 2141 facta
2931 2094 3013 2142 est
3041 2101 3108 2140 ex
3134 2086 3376 2155 potentia
3406 2085 3503 2140 Dei
3534 2085 3632 2139 tri-

2052 2180 2156 2235 bus
2174 2180 2364 2249 primis
2385 2179 2594 2246 diebus,
2625 2177 2781 2234 factis
2815 2179 2868 2233 in
2899 2178 3161 2248 principio
3183 2177 3392 2242 mundi,
3422 2177 3519 2232 sed
3552 2176 3631 2232 sol

2055 2270 2260 2325 addidit
2296 2285 2517 2325 cursum
2559 2271 2793 2335 dierum,
2837 2270 3053 2340 quando
3090 2269 3266 2325 illuxit
3308 2269 3363 2324 in
3391 2271 3630 2325 mundo:

2053 2368 2251 2432 quarto
2300 2360 2389 2416 die
2436 2362 2560 2417 luna
2598 2377 2630 2417 e
2674 2362 2949 2417 contrario
2988 2362 3222 2432 dempsit
3260 2377 3481 2417 cursum
3533 2377 3631 2416 no-

2056 2455 2245 2519 ctium,
2268 2454 2346 2509 sic
2370 2470 2501 2523 ergo
2517 2456 2733 2511 tradunt
2749 2463 3016 2520 auctores,
3032 2456 3174 2510 sicut
3187 2455 3347 2509 etiam
3365 2455 3419 2508 in
3432 2453 3633 2510 Genesi

2052 2543 2269 2614 legitur,
2300 2545 2442 2613 quod
2473 2554 2664 2615 quarta
2692 2548 2777 2600 die
2805 2547 2884 2601 sol
2911 2554 2965 2600 et
3009 2547 3133 2600 luna
3174 2545 3314 2601 facta
3350 2553 3492 2605 sunt,
3527 2546 3635 2599 hoc

2055 2642 2160 2699 est,
2190 2634 2244 2688 in
2269 2649 2364 2688 vui
2411 2634 2530 2689 Kal.
2579 2636 2780 2704 Aprilis
2806 2637 2860 2690 in
2890 2637 3071 2692 medio
3114 2635 3339 2691 orientis
3366 2635 3444 2690 sol
3474 2642 3634 2689 ortus

2054 2734 2157 2781 est.
2190 2725 2283 2780 Ille
2323 2743 2453 2797 ergo
2490 2743 2665 2783 annus
2693 2729 2762 2783 ab
2798 2737 2923 2784 ortu
2963 2730 3092 2784 solis
3135 2741 3308 2799 usque
3344 2727 3411 2782 ad
3451 2735 3633 2781 ortum

2055 2818 2184 2873 solis
2206 2834 2427 2874 cursum
2456 2835 2613 2876 suum
2651 2821 2870 2892 plenum
2897 2837 3003 2876 non
3038 2821 3226 2876 habuit
3270 2836 3439 2891 usque
3484 2823 3553 2875 ad
3579 2837 3633 2875 vt

2055 2910 2219 2966 horas
2243 2911 2474 2976 additas,
2501 2913 2601 2969 hoc
2641 2921 2746 2981 est,
2790 2931 2955 2969 unum
2985 2917 3342 2987 quadrantem
3367 2932 3383 2980 ;
3415 2922 3470 2968 et
3500 2922 3628 2969 tunc

2055 3002 2244 3059 habuit
2264 3004 2425 3059 tinem
2450 3006 2538 3061 ille
2570 3007 2777 3076 primus
2810 3024 2983 3063 annus
3012 3010 3182 3064 media
3211 3009 3331 3075 die;
3384 3024 3527 3063 anno
3550 3022 3633 3064 se-

2055 3094 2242 3164 quenti
2272 3110 2517 3166 vespere,
2564 3097 2760 3154 additis
2795 3115 2847 3154 ri
2892 3100 3066 3165 horis,
3112 3100 3166 3155 id
3211 3109 3316 3165 est,
3369 3100 3634 3155 secundus

2059 3186 2330 3255 quadrans
2354 3203 2369 3252 ;
2397 3196 2453 3242 et
2480 3191 2558 3244 sic
2587 3190 2777 3245 tertius
2797 3191 2972 3245 media
3001 3200 3179 3256 nocte,
3200 3192 3319 3246 aliis
3338 3208 3392 3247 vi
3416 3192 3631 3257 additis,

2058 3275 2109 3329 id
2135 3285 2240 3342 est,
2278 3279 2436 3333 tertio
2465 3281 2808 3347 quadrante;
2852 3289 2909 3337 et
2935 3282 2986 3336 in
3035 3298 3115 3337 uu
3161 3298 3321 3348 anno,
3354 3283 3550 3337 iterum
3579 3298 3632 3336 vt

2056 3366 2207 3420 horis
2234 3367 2453 3433 additis,
2485 3369 2585 3425 hoc
2614 3378 2718 3435 est,
2749 3380 2944 3440 quarto
2972 3372 3273 3442 quadrante
3298 3389 3326 3427 a
3354 3373 3484 3429 solis
3513 3384 3633 3429 ortu

2056 3456 2245 3511 habuit
2287 3473 2506 3513 cursum
2536 3476 2694 3515 suum
2741 3462 2989 3529 ﬁnitum;
3036 3473 3091 3518 et
3119 3465 3196 3520 sic
3248 3466 3503 3520 discurrit
3540 3481 3638 3537 per

2057 3552 2231 3600 totum
2260 3554 2471 3617 tempus
2507 3549 2574 3603 ab
2604 3550 2757 3606 initio
2785 3567 2956 3622 usque
2998 3554 3064 3607 ad
3092 3553 3250 3610 ﬁnem
3278 3571 3292 3619 ;
3340 3554 3631 3624 aliquando

2056 3637 2198 3691 enim
2247 3636 2409 3692 ﬁnem
2442 3638 2608 3694 totius
2648 3642 2775 3695 anni
2804 3644 2981 3697 media
3011 3645 3096 3698 die
3132 3643 3299 3710 facit;
3346 3644 3637 3715 aliquando

2055 3739 2316 3796 vespere;
2350 3727 2634 3797 aliquando
2665 3731 2842 3785 media
2885 3741 3082 3799 nocte;
3113 3734 3402 3804 aliquando
3427 3735 3638 3791 oriente

2058 3815 2192 3871 sole.
2234 3837 2253 3869 ι

2129 3945 2187 4001 Si
2226 3955 2407 4004 autem
2440 3951 2582 4006 scire
2607 3952 2863 4019 volueris,
2895 3954 2951 4009 in
2977 3970 3085 4026 quo
3126 3956 3245 4011 loco
3272 3965 3358 4012 est
3379 3958 3483 4013 iste
3507 3972 3642 4029 qua-

2057 4040 2221 4095 drans
2249 4057 2394 4096 anno
2425 4045 2696 4113 praesenti,
2739 4046 2881 4101 scias
2918 4058 3053 4116 quot
3086 4050 3211 4104 anni
3249 4058 3373 4105 sunt
3421 4067 3452 4106 a
3484 4054 3640 4122 prin-

2056 4135 2198 4205 cipio
2240 4138 2446 4201 mundi,
2489 4138 2637 4199 verbi
2677 4140 2874 4209 gratia,
2896 4156 2950 4196 γι
2977 4158 3136 4197 xxm.
3171 4143 3281 4198 Hos
3319 4144 3501 4199 divide
3545 4161 3645 4216 per

2057 4234 2289 4297 quatuor
2313 4236 2513 4297 partes,
2541 4231 2665 4299 quia
2694 4241 2820 4300 post
2847 4249 2929 4288 uu
2956 4248 3128 4289 annos
3155 4248 3369 4304 semper
3392 4238 3644 4305 pervenit

2056 4318 2144 4373 ille
2171 4320 2441 4390 quadrans
2467 4320 2731 4377 naturalis
2777 4323 2830 4377 in
2878 4323 3027 4377 illum
3068 4323 3269 4390 locum,
3316 4323 3407 4378 ubi
3442 4323 3551 4381 fuit
3574 4327 3643 4382 ab

2055 4407 2231 4472 initio,
2260 4409 2363 4463 hoc
2383 4417 2468 4464 est
2505 4410 2557 4464 in
2584 4411 2762 4466 media
2798 4412 2924 4479 die;
2969 4412 3180 4468 dimitte
3201 4429 3333 4485 ergo
3360 4454 3377 4479 ,
3395 4414 3493 4471 ﬁ
3513 4417 3643 4486 quia

380 4535 435 4589 in
463 4501 551 4589 die
580 4536 672 4599 sit,
696 4501 774 4590 an
798 4501 1045 4590 ininocte
1063 4501 1763 4606 interroganduumestaaut
1982 4514 2034 4574 Ῐ)
2057 4506 2287 4606 (mixtu?
2311 4507 2494 4601 parte?
2521 4501 2755 4606 aquilis
2795 4512 2938 4563 sun“
2978 4514 3263 4606 ’θωῗηθῗί
3284 4509 3321 4560 ﬁ
3346 4522 3483 4606 “‘3'
3511 4524 3526 4572 ἶ
3560 4507 3646 4562 δί’

378 4629 504 4683 bilis
543 4627 635 4695 sit,
662 4635 716 4682 et
756 4644 852 4698 per
893 4628 1034 4682 diem
1062 4635 1118 4682 ct
1147 4643 1243 4698 per
1269 4628 1528 4682 noctem?
1558 4628 1587 4669 ιι
1624 4648 1642 4678 ι
1691 4626 1781 4682 Sol
1808 4628 1952 4682 enim

381 4717 501 4774 coeli
529 4718 790 4772 ambitum
843 4716 1011 4789 [Beda
1050 4717 1199 4771 addit
1243 4716 1503 4788 annuum]
1549 4731 1646 4786 per
1682 4733 1759 4771 xu
1800 4716 1954 4788 signa

379 4805 567 4860 circuli
598 4806 802 4860 zodiaci
823 4821 928 4860 non
954 4820 1155 4859 ccccxv
1193 4805 1380 4860 diebus
1407 4821 1624 4860 cursum
1650 4822 1807 4861 suum
1832 4821 1954 4877 per-

383 4893 517 4959 ﬁcit,
564 4895 655 4950 sed
705 4895 1065 4965 superadditis
1107 4910 1158 4949 vi
1208 4895 1357 4951 horis
1394 4896 1687 4966 adimplere
1734 4912 1953 4953 cursum

380 5001 540 5041 suum
566 4985 945 5055 cognoscitur;
973 4986 1114 5039 unde
1137 4984 1195 5041 fit
1221 4994 1282 5041 ut
1307 4987 1376 5050 si,
1402 4987 1552 5042 verbi
1582 4989 1777 5057 gratia,
1800 4998 1957 5044 nocte

384 5074 743 5147 aequinoctiali
775 5073 953 5146 [Bed.,
976 5090 1121 5131 nunc
1144 5075 1592 5150 aequinoctialem}
1622 5078 1742 5133 omli
1781 5078 1955 5134 locum

384 5178 544 5220 unane
569 5164 752 5223 oriens
776 5163 860 5218 sol
898 5164 1183 5219 intraverit
1207 5174 1230 5203 ε
1272 5184 1290 5216 ι
1324 5164 1377 5219 in
1417 5165 1682 5237 principio
1721 5168 1868 5231 anui,
1903 5167 1956 5223 in

382 5252 526 5308 hunc
548 5253 722 5309 locum
760 5252 1209 5322 aequinoctialem,
1228 5254 1375 5307 anno
1397 5256 1641 5325 sequenti
1667 5271 1773 5311 non
1802 5271 1959 5312 mane

383 5345 594 5401 oriente
626 5346 738 5402 sole
762 5346 910 5402 illum
933 5362 1133 5403 annum
1164 5348 1434 5411 terminat,
1466 5348 1561 5404 sed
1581 5349 1825 5418 sequenti
1853 5365 1962 5404 mc-

387 5434 541 5500 ridie,
565 5444 622 5490 et
648 5438 731 5494 sic
758 5437 1026 5493 secundus
1045 5444 1222 5493 annus
1242 5435 1401 5492 ﬁnem
1439 5452 1663 5508 vespere
1699 5438 1956 5506 habebit;

387 5525 442 5579 in
484 5530 645 5583 tertio
673 5538 853 5584 autem
880 5544 1022 5584 anno
1054 5530 1229 5586 media
1255 5536 1430 5593 nocte,
1479 5530 1533 5586 in
1580 5540 1775 5600 quarto
1816 5547 1960 5587 anno

459 5649 483 5709 ξι
513 5637 689 5709 μορυς
708 5650 1018 5709 corruptus.

462 5706 486 5743 ιι
520 5705 661 5757 Beda
690 5708 755 5759 de
776 5705 1099 5776 Temporum
1128 5709 1353 5777 ratione,
1377 5724 1497 5781 cap.
1525 5712 1613 5766 36.

2057 4589 2211 4643 mitte
2233 4589 2255 4641 ῑ
2279 4603 2363 4653 nc,
2387 4590 2510 4657 quia
2540 4606 2627 4644 xv:
2661 4590 2816 4662 [Ms.,
2840 4609 2932 4657 xv,
2952 4594 3217 4667 mendose]
3248 4598 3461 4651 centeni
3490 4605 3641 4657 sunt.

2059 4688 2340 4735 remanent
2365 4696 2650 4737 coccum.
2697 4684 2918 4740 Dimitte
2949 4700 3114 4741 cccxc
3137 4686 3222 4759 [L.
3252 4689 3472 4762 cccxx],
3512 4692 3641 4760 quia

2057 4778 2289 4839 quatuor
2315 4772 2557 4842 octogeni
2590 4781 2731 4837 sunt,
2763 4783 3042 4830 remanent
3062 4792 3190 4843 Clll;
3236 4776 3445 4833 dimitte
3471 4795 3642 4840 Lux.

2056 4859 2185 4929 quia
2210 4860 2376 4929 vigies
2402 4862 2680 4931 quaternis
2705 4872 2849 4929 sunt,
2897 4875 3180 4922 remanent
3218 4883 3355 4924 xum
3380 4885 3396 4935 ;
3425 4869 3642 4926 dimitte

2058 4965 2154 5016 xx,
2185 4949 2309 5022 quia
2336 4948 2547 5023 [SuppL
2578 4953 2884 5026 quinquies]
2909 4957 3157 5025 quaterni
3181 4966 3326 5022 sunt,
3357 4966 3641 5015 remanent

2061 5057 2120 5097 ιιι
2148 5059 2163 5109 ;
2198 5053 2325 5098 tunc
2351 5042 2407 5098 in
2439 5044 2615 5102 media
2646 5056 2805 5102 nocte
2834 5046 2921 5103 ille
2949 5063 3123 5106 annus
3148 5049 3350 5106 ﬁnitur.

2131 5171 2292 5243 367
2314 5173 2413 5230 llic
2455 5188 2586 5246 ergo
2610 5178 2907 5247 quadrans,
2948 5193 3108 5250 quem
3148 5180 3408 5249 diximus,
3445 5183 3501 5238 in
3532 5197 3640 5254 quo

2061 5261 2183 5318 loco
2223 5265 2278 5318 in
2319 5279 2486 5330 anno,
2514 5275 2570 5322 et
2608 5270 2662 5323 in
2701 5286 2806 5341 qua
2836 5269 2924 5325 die
2952 5272 3155 5331 mensis
3190 5274 3405 5344 positus
3432 5274 3641 5332 inveni-

2064 5354 2185 5406 tur?
2211 5351 2364 5411 Scire
2389 5371 2490 5411 nos
2516 5365 2750 5428 oportet,
2794 5361 3089 5416 secundum
3120 5361 3339 5419 Gnecos
3378 5365 3435 5420 in
3473 5364 3639 5431 aequi-

2065 5444 2247 5499 noctio
2292 5446 2517 5512 vernali,
2566 5449 2795 5517 hocest,
2821 5452 2875 5506 in
2910 5469 2986 5508 xu
3034 5452 3155 5508 Kal.
3195 5454 3417 5523 Aprilis,
3465 5456 3560 5511 sed
3581 5455 3633 5509 in

2067 5529 2174 5589 fine
2205 5533 2347 5589 illius
2375 5536 2481 5590 diei
2517 5539 2724 5607 positus
2753 5540 2980 5597 dicitur.
3013 5541 3119 5597 Sed
3150 5544 3422 5613 quomodo
3446 5543 3546 5599 fuit
3567 5542 3636 5599 ab

2138 5652 2161 5721 ῗ
2193 5643 2367 5721 Aliter
2384 5649 2630 5721 nonnihil
2657 5650 2797 5721 apud
2829 5652 3049 5709 Bedam,

2136 5714 2161 5753 ἀ
2193 5712 2338 5770 Beda
2366 5715 2432 5772 de
2459 5712 2781 5791 Temporiuu
2803 5725 3032 5790 ratione,
3060 5740 3176 5795 cap.
3209 5726 3263 5781 ι.
