3934 6180
294 345 398 405 997

1009 344 1478 402 DIDASCALICA.
1512 376 1584 387 —
1622 345 1709 400 DE
1746 343 1977 401 CURSU
2019 344 2108 401 ET
2149 344 2379 402 SALTU
2419 343 2650 410 LUNE,
2694 344 2845 401 ETC.

3448 346 3555 405 998

296 466 471 530 initio,
487 462 702 534 quando
726 463 929 526 dicunt,
952 466 1096 535 quod
1118 466 1172 519 in
1193 465 1282 519 illo
1305 465 1604 535 quadrante
1626 465 1864 527 noctis“,
1896 471 1945 526 Α
1974 464 2221 520 calarent
2252 465 2417 529 diem,
2441 479 2505 520 eo
2535 465 2741 521 scilicet
2785 479 2967 520 mense
3002 480 3063 520 ac
3086 464 3227 531 loco,
3260 482 3367 537 quo
3393 468 3558 531 etiam

295 557 513 631 quando
553 556 786 626 primum
832 557 1065 612 mundus
1103 556 1280 612 factus
1318 564 1423 623 est,
1466 567 1753 629 propterea
1783 557 1873 613 ille

295 647 592 720 quadrans,
636 646 702 701 de
730 662 838 715 quo
872 647 1116 702 nascitur
1160 647 1456 703 bissextilis
1497 648 1636 715 dies,
1684 648 1739 703 in
1784 648 1875 702 illo

293 737 416 792 loco
443 734 764 791 naturaliter
789 735 843 788 in
864 734 970 789 ﬁne
1003 737 1130 790 anni
1156 737 1285 806 poni
1314 738 1493 792 debet.
1540 737 1875 808 Principium

295 841 428 898 ergo
453 825 581 880 anni
603 825 898 881 secundum
926 824 1143 881 Graecos
1163 842 1217 882 xi
1248 826 1368 882 Kal.
1396 827 1599 898 Aprilis
1622 835 1724 893 est,
1753 828 1878 883 ﬁnis

294 927 482 974 autem
550 934 628 972 xu
690 917 807 971 KaL
864 917 1085 987 Aprilis.
1156 918 1463 976 Secundum
1526 920 1876 976 Anatbolium

296 1006 722 1064 Alexandrinum
769 1007 1080 1077 episcopum
1123 1008 1399 1062 Laudatiaa
1446 1006 1540 1079 [F.
1585 1008 1876 1081 Laodicia]

298 1098 405 1154 iste
423 1095 699 1166 quadrans
740 1096 793 1150 in
809 1113 906 1152 γιιι
942 1097 1061 1152 Kal.
1091 1097 1294 1168 Aprilis
1339 1098 1548 1169 ppsitus
1581 1100 1877 1167 invenitur,

300 1188 430 1261 quia
467 1186 557 1242 illa
582 1187 691 1251 die,
721 1194 782 1240 ut
826 1189 1050 1243 tradunt
1077 1196 1349 1253 auctores,
1391 1189 1472 1243 sol
1520 1198 1577 1244 et
1609 1189 1735 1244 luna
1774 1191 1881 1247 duo

299 1280 593 1337 luminaria
617 1279 759 1336 facta
778 1289 926 1346 sunt,
950 1290 1237 1352 propterea
1259 1298 1355 1337 γιιι
1386 1282 1502 1337 Kal.
1546 1283 1747 1353 Aprilis
1774 1285 1879 1339 ini-

295 1372 439 1427 tium
472 1372 617 1435 anni,
669 1379 725 1427 et
771 1371 983 1426 initium
1030 1373 1165 1444 cycli
1203 1374 1649 1430 decennovenalis
1685 1388 1880 1429 secun-

303 1465 431 1520 dum
490 1463 836 1519 Anatholium
888 1464 1176 1519 diciturb:
1229 1483 1250 1517 ι
1283 1466 1383 1522 Est
1424 1481 1553 1536 ergo
1604 1466 1657 1519 in
1704 1466 1883 1535 primo

304 1569 449 1617 anno
477 1553 690 1608 initium
716 1553 878 1624 primi
903 1555 1124 1620 mensis,
1153 1556 1296 1625 quod
1323 1564 1407 1610 est
1430 1570 1585 1610 xvuu
1616 1570 1881 1609 annorum

304 1646 496 1703 circuli
555 1644 880 1715 principium
905 1685 920 1711 ,
985 1646 1281 1701 secundum
1330 1644 1617 1717 Egyptios
1665 1645 1885 1715 quidem

302 1734 514 1791 mensis
558 1733 858 1789 Fameuoth
901 1750 1027 1789 xxvi
1072 1735 1178 1800 die,
1228 1735 1518 1790 secundum
1564 1735 1886 1790 Macedones

304 1840 439 1879 vero
465 1839 573 1879 xxv
594 1825 699 1889 die,
743 1825 798 1880 id
827 1833 942 1891 est,
977 1841 1073 1881 γιιι
1111 1825 1230 1880 Kal.
1266 1825 1503 1896 Aprilisc
1528 1865 1541 1891 ,
1571 1825 1627 1880 in
1659 1841 1766 1895 qua
1791 1824 1881 1881 die
1914 1816 1957 1874 Β

301 1915 582 1970 invenitur
608 1914 688 1970 sol
713 1929 823 1970 non
863 1915 1036 1971 solum
1064 1915 1441 1972 conscendisse
1481 1915 1716 1984 primam
1756 1931 1883 1986 par-

309 2014 446 2069 tem,
476 2019 663 2059 verum
707 2005 875 2060 etiam
911 2013 970 2061 et
995 2006 1349 2076 quadrantem
1377 2006 1430 2059 in
1457 2021 1520 2061 ea
1546 2006 1634 2060 die
1658 2004 1880 2070 habere,

311 2096 368 2151 id
411 2102 517 2161 est,
564 2095 617 2149 in
641 2094 818 2165 prima
862 2104 1021 2166 parte
1053 2111 1121 2151 ex
1152 2111 1226 2150 xu
1262 2095 1524 2165 partibus.
1557 2093 1682 2149 Haec
1709 2095 1885 2165 prima

308 2173 583 2254 particula.
612 2199 678 2239 ex
723 2200 798 2239 xu
827 2183 1071 2254 partibus
1100 2182 1317 2239 vernale
1358 2190 1443 2238 est
1478 2183 1884 2253 aequinoctium,

313 2285 369 2331 et
396 2276 511 2346 ipse
553 2272 646 2347 μ’.
693 2273 832 2347 ipsa]
865 2283 949 2330 est
979 2274 1190 2329 initium
1219 2273 1485 2331 mensium
1518 2281 1575 2327 et
1600 2282 1762 2342 caput
1783 2272 1889 2328 cir-

307 2367 445 2433 culi,
477 2375 531 2422 et
562 2365 825 2421 absolutio
853 2381 1043 2422 cursus
1080 2366 1376 2431 stellarum,
1409 2380 1529 2435 quae
1554 2364 1803 2434 planetae,
1835 2365 1892 2421 id

312 2470 419 2523 est,
451 2475 598 2530 vaga:
627 2460 898 2523 dicuntur,
947 2473 1012 2514 ac
1039 2458 1160 2513 linis
1201 2474 1280 2513 xu
1321 2457 1603 2529 particulae
1628 2466 1685 2512 et
1722 2457 1892 2513 totius

313 2552 503 2607 circuli
553 2551 833 2607 terminus.
886 2548 1168 2605 Manifesta
1217 2564 1348 2620 ergo
1399 2550 1610 2604 ratione
1654 2547 1893 2603 Auatbo—

315 2643 424 2698 lius
471 2644 806 2698 demonstrat
849 2642 1008 2696 istum
1038 2642 1390 2711 quadrantem
1432 2641 1486 2695 in
1511 2640 1893 2709 :equinoetium

313 2733 557 2798 vernale,
578 2733 721 2805 quod
740 2741 824 2788 est
849 2748 948 2787 γιιι
972 2732 1090 2786 Kal.
1113 2732 1311 2804 Aprilis
1332 2732 1627 2788 secundum
1650 2731 1891 2795 Latinos,

317 2826 415 2881 sed
464 2835 641 2880 tamen
666 2824 721 2879 in
760 2823 868 2879 line
896 2840 1012 2879 γιιιι
1041 2823 1161 2879 Kal.
1210 2823 1409 2893 Aprilis
1435 2824 1595 2879 debet
1623 2824 1760 2886 ﬁeri,
1792 2824 1896 2878 hoc

315 2926 425 2982 est,
462 2918 515 2972 in
548 2916 651 2972 ﬁne
683 2915 808 2971 anni
843 2916 1136 2971 secundum
1176 2915 1430 2980 Latinos,
1459 2916 1586 2985 quia
1610 2927 1896 2984 propterea

316 3010 497 3065 Latini
547 3008 759 3064 initium
787 3008 914 3077 anni
943 3008 1148 3063 faciunt
1174 3008 1243 3063 ab
1263 3024 1381 3063 γιιιι
1431 3008 1550 3062 Kal.
1582 3008 1801 3078 Aprilis,
1831 3021 1899 3062 eo

318 3101 469 3171 quod
498 3099 587 3155 illa
617 3099 702 3155 die
742 3098 1031 3153 luminaria
1057 3097 1199 3153 facta
1228 3106 1351 3154 sunt
1372 3098 1451 3154 sol
1484 3108 1540 3154 et
1567 3098 1709 3161 luna,
1738 3106 1793 3152 et
1815 3098 1899 3154 sic

1974 559 2115 628 apud
2146 567 2358 613 veteres
2384 573 2596 613 menses
2634 557 3094 612 intercalabantur
3127 556 3317 629 [Beda,
3353 560 3560 615 mensis

1975 645 2458 718 intercalabatur],
2491 647 2543 701 id
2588 655 2710 709 est,
2755 655 2878 701 ante
2930 646 3150 701 ultimos
3201 646 3390 719 [Beda,
3432 655 3559 704 ante

1974 738 2213 809 quinque
2240 736 2480 808 ultimos]
2521 738 2635 792 dies
2666 737 2944 792 Februarii
2987 738 3219 804 mensis,
3254 739 3413 809 idque
3448 739 3564 796 bis-

1977 834 2189 881 sextum
2218 825 2429 879 censuit
2455 824 2859 879 nominandum.
2897 845 2915 878 ι

2047 916 2105 969 ιιι
2127 916 2232 970 hoc
2265 915 2511 985 exemplo
2531 923 2756 985 apparet
2780 918 2923 985 quod
2951 916 3125 975 Julius
3150 918 3333 975 Cmsar
3352 917 3562 988 primus

1977 1008 2277 1065 bissextum
2309 1007 2449 1061 diem
2487 1008 2806 1071 nominavit,
2851 1018 2907 1063 et
2951 1019 3235 1079 propterea
3284 1010 3557 1065 bissextus

1980 1097 2108 1152 inv:
2147 1095 2267 1149 Kal.
2299 1094 2475 1148 Martii
2511 1096 2732 1164 ponitur
2760 1097 3055 1151 secundum
3084 1097 3386 1161 Romanos,
3434 1095 3563 1165 quia

1982 1188 2212 1244 Romani
2238 1194 2454 1242 veteres
2470 1188 2792 1258 principium
2826 1189 2950 1242 anni
2986 1189 3336 1244 Itabuerunta
3369 1188 3561 1241 Martio

1981 1296 2188 1346 mense,
2222 1279 2345 1334 ﬁnis
2371 1287 2551 1333 autem
2581 1280 2706 1333 anni
2734 1279 2890 1335 estin
2934 1279 3229 1335 Februario
3274 1294 3483 1342 mense,
3508 1277 3565 1332 id

1980 1379 2085 1437 est,
2114 1372 2169 1426 in
2188 1387 2241 1426 γι
2266 1370 2383 1425 Kal.
2404 1369 2601 1424 Martii.
2629 1370 2707 1425 illi
2738 1378 2918 1426 autem
2940 1387 2973 1423 γ
2994 1371 3110 1425 dies
3130 1371 3221 1441 qui
3249 1378 3563 1441 supersunt.

1983 1463 2336 1520 intercalares
2382 1462 2499 1518 dies
2539 1462 2676 1531 apud
2726 1463 2978 1531 antiquos
3021 1470 3198 1527 erant,
3235 1462 3375 1516 sicut
3405 1460 3567 1515 modo

1984 1557 2124 1626 apud
2156 1553 2441 1625 Egyptios
2476 1560 2603 1607 sunt
2634 1568 2663 1606 a
2692 1568 2810 1606 vuu
2856 1551 2970 1606 Kal.
3015 1549 3354 1622 Septembris
3394 1565 3568 1620 usque

1985 1649 2040 1703 in
2069 1664 2152 1703 uu
2181 1647 2450 1701 Kalendas
2498 1643 2853 1713 Septembris.
2890 1642 2967 1698 De
2996 1644 3099 1699 hoc
3124 1643 3290 1697 etiam
3339 1642 3426 1695 die
3467 1641 3573 1696 bis-

1988 1739 2165 1795 sextili
2205 1738 2417 1794 Chorus
2448 1734 2542 1809 [F.
2584 1734 2783 1805 [lorus]
2813 1733 3189 1805 Egyptiorum
3239 1731 3461 1788 tradidit
3490 1731 3573 1785 di-

1983 1844 2113 1884 cens
2140 1846 2154 1881 :
2187 1845 2208 1880 ι
2240 1825 2567 1881 lnsercndus
2594 1833 2676 1880 est
2725 1824 2813 1879 hic
2861 1825 2996 1889 dies,
3033 1833 3324 1894 antequam
3353 1822 3572 1891 quintus

1982 1933 2157 1975 annus
2202 1916 2444 1986 incipiat.
2481 1935 2500 1968 ι
2528 1914 2646 1983 Quo
2680 1914 2927 1983 exemplo
2970 1912 3255 1968 manifeste
3305 1911 3575 1981 colligitur

1984 2011 2128 2081 quod
2174 2011 2228 2065 in
2255 2009 2363 2063 ﬁne
2393 2008 2521 2063 anni
2559 2007 2852 2063 bissextilis
2903 2007 3019 2061 dies
3066 2005 3195 2077 poni
3225 2006 3404 2069 debet,
3449 2018 3574 2061 cum

1985 2101 2123 2158 dixit
2151 2119 2163 2154 :
2195 2109 2484 2169 antequam
2506 2100 2727 2168 quintus
2748 2098 2991 2166 incipiat.

2056 2190 2259 2245 Deinde
2296 2190 2439 2245 scire
2482 2203 2583 2244 nos
2625 2195 2838 2257 Oportet
2875 2196 3135 2257 quantum
3186 2188 3254 2242 de
3292 2188 3396 2243 hoc
3435 2202 3573 2257 qua-

1988 2281 2181 2337 drante
2215 2280 2270 2335 in
2299 2294 2625 2348 unaquaque
2648 2279 2735 2334 die
2755 2293 2851 2350 per
2877 2286 3049 2332 totum
3077 2293 3300 2343 annum,
3331 2287 3386 2332 et
3407 2293 3574 2347 quan-

1989 2382 2104 2429 tum
2134 2373 2193 2429 in
2218 2387 2543 2443 unoquoque
2586 2386 2773 2428 mense
2798 2371 3015 2426 crescit.
3056 2372 3113 2425 ln
3139 2386 3462 2441 unoquoque
3488 2371 3576 2426 die

1992 2471 2249 2519 crescunt
2269 2464 2387 2519 dua:
2405 2472 2591 2534 partes
2612 2463 2890 2527 momenti,
2917 2469 2972 2518 et
3000 2462 3080 2517 sic
3104 2462 3159 2517 in
3190 2463 3363 2518 tribus
3388 2462 3583 2518 diebus

1990 2557 2098 2613 duo
2126 2563 2399 2612 momenta
2415 2563 2687 2621 crescunt,
2706 2563 2760 2609 et
2784 2556 2835 2609 in
2860 2571 2913 2609 γι
2949 2554 3139 2609 diebus
3167 2570 3248 2609 uu
3277 2562 3577 2620 momenta,

1991 2650 2047 2706 in
2072 2665 2151 2704 xu
2175 2649 2367 2704 diebus
2390 2663 2489 2703 γιιι
2517 2655 2811 2711 momenta,
2843 2647 2894 2700 in
2922 2662 3041 2700 xuu
3072 2642 3164 2717 [F.
3201 2644 3351 2717 xxiv]
3380 2644 3571 2700 diebus

1993 2759 2084 2799 ιιγι
2126 2749 2436 2808 momenta,
2486 2748 2543 2795 et
2576 2741 2650 2795 ita
2690 2739 2744 2794 in
2789 2755 2898 2793 xxx
2942 2737 3130 2793 diebus
3156 2745 3212 2791 et
3255 2736 3309 2791 in
3354 2752 3389 2790 x
3428 2735 3588 2792 horis

1996 2841 2248 2891 crescunt
2293 2850 2361 2887 xx
2406 2840 2699 2895 momenta,
2729 2831 2832 2885 hoc
2853 2838 2956 2895 est,
2989 2828 3211 2884 dimidia
3236 2829 3392 2893 hora,
3422 2837 3478 2883 et
3503 2826 3585 2883 sic

1997 2927 2053 2982 in
2086 2926 2261 2981 tribus
2284 2923 2566 2980 mensibus
2610 2922 2854 2992 trigenis,
2882 2921 2987 2976 hoc
3010 2928 3115 2985 est,
3137 2921 3192 2973 in
3225 2935 3288 2974 xc
3317 2919 3507 2973 diebus
3533 2926 3591 2972 et

2000 3031 2109 3071 uno
2149 3015 2234 3071 die
2272 3022 2328 3069 et
2351 3030 2403 3068 γι
2440 3013 2592 3068 horis
2617 3012 2818 3068 crescit
2850 3012 2983 3066 hora
3019 3019 3076 3065 et
3108 3009 3352 3063 dimidia.
3394 3007 3454 3062 In
3489 3023 3586 3062 sex

2004 3113 2183 3161 autem
2229 3104 2506 3159 mensibus
2551 3102 2794 3173 trigenis,
2826 3101 2929 3156 hoc
2958 3108 3061 3165 est,
3096 3099 3150 3153 in
3177 3099 3318 3153 binis
3351 3112 3591 3169 nonage~

317 3159 446 3246 linis
484 3188 610 3244 anni
648 3196 730 3243 est
757 3204 874 3244 γιιιι
906 3187 1024 3243 Kal.
1069 3188 1297 3258 Aprilis;
1349 3198 1404 3243 et
1435 3159 1721 3259 propterea
1768 3203 1895 3243 con-

2004 3198 2109 3262 nis,
2132 3205 2187 3251 et
2208 3211 2248 3250 ιι
2276 3195 2467 3250 diebus
2489 3202 2545 3249 et
2572 3210 2648 3247 xu
2676 3193 2825 3247 horis
2853 3196 3107 3245 crescunt
3130 3205 3191 3243 ιιι
3214 3189 3383 3243 borre.
3419 3187 3585 3242 Simi-

316 3291 601 3341 currentes
625 3280 752 3336 solis
781 3289 835 3336 et
861 3281 1153 3337 bissextilis
1180 3281 1297 3337 dies
1321 3281 1376 3336 in
1406 3296 1524 3337 γιιιι
1557 3279 1675 3334 Kal.
1722 3278 1895 3348 April.

318 3373 483 3445 positi
509 3370 870 3426 inveniuntur.
885 3390 903 3422 ι

392 3462 834 3534 lnterrogandum
882 3468 967 3516 est
1010 3475 1163 3534 ergo,
1213 3462 1315 3517 iste
1358 3461 1653 3531 quadrans,
1696 3460 1765 3515 de
1792 3475 1901 3531 quo

320 3555 598 3609 bissextus
634 3551 892 3617 nascitur,
924 3550 979 3606 in
1009 3558 1139 3621 quot
1180 3552 1314 3608 locis
1357 3554 1483 3607 anni
1526 3552 1736 3622 positus
1762 3550 1902 3606 dici-

325 3646 450 3701 tur?
477 3645 532 3698 in
558 3659 594 3698 γ
618 3642 770 3705 locis,
794 3642 1089 3697 secundum
1108 3641 1327 3697 Grzecos
1350 3642 1405 3695 in
1431 3641 1775 3710 aequinoctio,
1799 3640 1904 3695 hoc

322 3743 434 3801 est,
477 3735 533 3788 in
576 3749 651 3788 xu
702 3732 818 3788 Kal.
856 3731 1083 3801 Aprilis;
1133 3732 1428 3786 secundum
1467 3731 1816 3787 Anatholium
1845 3727 1903 3782 in

322 3846 450 3885 vrut
474 3827 589 3882 Kal.
621 3826 842 3897 Aprilis.
872 3824 964 3881 sed
994 3825 1047 3880 in
1083 3824 1188 3879 line
1221 3822 1362 3877 illius
1390 3824 1526 3886 diei,
1560 3825 1664 3878 hoc.
1694 3831 1798 3888 est,
1823 3822 1906 3876 in-

327 3931 416 3974 ter
440 3934 558 3973 vuu
586 3926 749 3972 etviu
775 3913 893 3969 Kal.
910 3913 1130 3984 Aprilis,
1154 3915 1295 3968 sicut
1320 3913 1585 3977 diximus;
1610 3911 1907 3966 secundum

322 4012 592 4068 lsidorum
637 4008 909 4063 bissextus
950 4005 1067 4061 dies
1094 4005 1293 4061 dicitur
1332 4004 1384 4058 in
1407 4020 1461 4058 γι
1488 3995 1668 4059 Nonas
1704 4000 1904 4066 Martii,

324 4095 401 4159 ut'
416 4110 701 4174 propterea
718 4100 995 4154 Bissextus
1023 4098 1315 4162 diceretur,
1334 4096 1487 4167 quasi
1515 4095 1599 4150 bis
1620 4111 1672 4151 γι
1704 4093 1905 4157 Nonas,

327 4197 383 4250 ἰιι
415 4205 501 4250 est
523 4210 573 4248 γι
600 4192 779 4247 Nonas
794 4190 974 4255 hodie,
992 4197 1046 4245 et
1073 4206 1123 4244 γι
1143 4189 1322 4249 Nonas
1350 4203 1491 4243 cras.
1515 4187 1643 4242 lude
1674 4185 1912 4241 Isidorus

330 4287 470 4344 dicit
491 4286 518 4326 ἀ
553 4305 565 4339 :
598 4305 615 4336 ι
644 4283 945 4339 Bissextilis
971 4284 1087 4338 dies
1115 4299 1145 4337 a
1165 4298 1219 4336 γι
1243 4280 1422 4335 Nonas
1450 4278 1628 4332 Martii
1660 4292 1828 4347 usque
1858 4277 1912 4331 in

329 4383 481 4439 diem
515 4379 689 4450 pridie
725 4377 1086 4433 Kalendarum
1129 4373 1507 4429 Ianuariarum
1556 4371 1738 4427 cursui
1777 4370 1917 4424 luna:

329 4474 627 4547 opponitur
646 4470 834 4545 [Beda,
862 4469 916 4524 in
944 4468 1083 4522 luna:
1103 4483 1262 4522 cursu
1285 4464 1619 4537 apponitur].
1657 4484 1676 4516 ι
1711 4463 1913 4519 Secun-

335 4571 468 4625 dum
497 4565 780 4636 Egyptios
803 4572 982 4618 autem
1006 4561 1278 4615 bissextus
1301 4560 1352 4614 in
1381 4576 1461 4613 un
1485 4557 1752 4613 Kalendas
1776 4570 1917 4611 sem-

334 4677 440 4735 per
470 4654 851 4732 [Septembris]
893 4653 1133 4723 ponitur,
1179 4652 1281 4706 hoc
1309 4658 1413 4716 est,
1448 4650 1500 4704 in
1546 4648 1654 4704 line
1682 4646 1807 4703 anni
1834 4661 1917 4700 se-

2000 3286 2126 3341 liter
2148 3294 2206 3340 et
2231 3285 2289 3340 in
2315 3283 2437 3339 aliis
2463 3282 2740 3337 mensibus
2768 3278 3015 3351 trigenis,
3063 3279 3218 3348 quasi
3259 3277 3487 3333 fuissent
3509 3284 3590 3332 tot

2001 3377 2201 3447 trigeni
2226 3383 2283 3433 et
2317 3376 2526 3431 duobus
2553 3374 2742 3430 diebus
2769 3380 2822 3427 et
2848 3387 2922 3426 xu
2968 3372 3140 3437 horis,
3177 3378 3430 3426 crescunt
3472 3370 3591 3424 alite

2003 3479 2116 3527 tres
2144 3471 2314 3534 horze,
2346 3475 2402 3521 et
2425 3467 2504 3522 sic
2531 3472 2783 3521 crescunt
2822 3478 2917 3519 sex
2944 3463 3092 3519 hom
3113 3460 3450 3533 quadrantis,
3482 3461 3586 3515 hoc

2003 3570 2113 3627 est,
2142 3568 2337 3631 quarta
2379 3573 2507 3630 pars
2533 3557 2641 3613 diei
2677 3554 2940 3611 naturalis
2963 3554 3164 3610 crescit
3199 3567 3300 3622 per
3335 3567 3406 3606 xu
3438 3566 3591 3605 men-

2006 3669 2118 3720 ses,
2144 3655 2200 3709 id
2220 3662 2328 3719 est,
2367 3668 2468 3722 per
2502 3661 2941 3719 unumquemque
2966 3662 3168 3701 annum
3207 3645 3273 3699 de
3301 3660 3385 3699 uu
3415 3643 3590 3703 annis.

2005 3750 2061 3798 et
2098 3743 2180 3798 sic
2207 3749 2442 3811 quatuor
2462 3741 2618 3794 annis
2650 3737 2952 3807 completis,
2984 3744 3038 3789 et
3063 3742 3298 3804 quatuor
3325 3733 3595 3802 quadran-

2008 3832 2153 3888 tibus
2176 3831 2419 3888 collectis
2461 3830 2516 3883 in
2546 3828 2651 3881 ﬁne
2673 3826 2854 3895 quarti
2880 3823 3029 3887 anni,
3056 3830 3345 3889 antequam
3367 3818 3590 3887 quintus

2009 3924 2252 3992 incipiat,
2281 3920 2578 3978 bissextilis
2616 3918 2733 3973 dies
2767 3916 3033 3985 pervenit.
3078 3912 3365 3981 ﬂuensque
3396 3909 3462 3965 de
3484 3908 3594 3965 bis—

2010 4022 2185 4070 sexto.

2076 4153 2237 4211 ITEM
2273 4151 2483 4207 ALIUD
2517 4147 3006 4205 ARGUMENTUM
3044 4147 3134 4202 DE
3170 4144 3528 4202 BISSEXTO.

2088 4286 2143 4342 Si
2197 4299 2357 4341 nosse
2403 4283 2487 4337 vis
2540 4281 2813 4351 quomodo
2861 4280 2952 4335 ille
2998 4278 3273 4349 quadrans
3335 4276 3601 4331 naturalis

2019 4377 2230 4452 [SuppL
2263 4374 2339 4447 γι]
2371 4375 2651 4437 horarum,
2679 4372 2772 4442 qui
2802 4386 2898 4441 per
2928 4379 3097 4426 totum
3148 4384 3348 4424 annum
3382 4366 3602 4431 crescit,

2021 4475 2281 4538 quantum
2302 4467 2367 4520 de
2381 4478 2446 4518 eo
2467 4464 2521 4518 in
2540 4475 2866 4532 unoquoque
2888 4461 2972 4515 die
2987 4469 3041 4515 et
3062 4470 3175 4513 tum
3199 4457 3253 4511 in
3280 4471 3606 4526 unoquoque

2022 4575 2207 4618 mense
2258 4572 2504 4614 crescere
2554 4554 2891 4624 intelligitur,
2943 4552 3015 4605 ita
3053 4550 3501 4613 animadvertere,
3552 4555 3607 4602 et

2020 4654 2342 4721 investigare
2380 4650 2664 4720 diligenter
2687 4646 2871 4699 debes.
2904 4642 2961 4695 Si
3001 4641 3143 4696 enim
3177 4641 3361 4696 dicunt
3385 4638 3478 4711 [F.
3510 4637 3606 4693 Sic

336 4749 577 4805 cundum
607 4745 905 4816 Egyptios.
925 4740 1164 4813 Egyptii
1187 4741 1329 4796 enim
1356 4739 1681 4811 principium
1709 4736 1834 4790 anni
1856 4751 1895 4790 ιι

2020 4747 2165 4803 enim
2221 4743 2519 4813 dicuntur]
2565 4748 2621 4795 et
2658 4739 3085 4808 investigantur,
3139 4736 3283 4806 quod
3337 4735 3455 4789 duae
3504 4740 3609 4786 ter-

338 4842 611 4898 Kalendas
662 4839 996 4910 Septembris
1042 4836 1270 4900 habent;
1310 4831 1607 4889 secundum
1647 4828 1923 4884 Romanos
2024 4837 2112 4893 tia:
2150 4843 2334 4905 partes
2368 4831 2628 4888 momenti
2666 4829 2722 4883 in
2763 4827 2911 4881 omni
2951 4826 3037 4881 die
3077 4825 3419 4896 colliguntur,
3453 4830 3506 4877 et
3533 4820 3608 4874 ita

341 4945 555 5000 autem,
583 4942 641 4988 et
666 4932 960 4988 secundum
990 4931 1370 4985 auctoritatem
1394 4924 1521 4981 Julii
1547 4923 1779 4980 Caesaris
1811 4922 1925 4977 bis—
2031 4930 2087 4985 in
2120 4928 2294 4983 tribus
2319 4925 2514 4980 diebus
2542 4938 2582 4977 ιι
2610 4925 2905 4983 momenta,
2940 4917 2995 4972 in
3021 4932 3073 4970 γι
3110 4916 3300 4971 diebus
3326 4928 3430 4975 ιιιι,
3454 4910 3509 4966 in
3530 4926 3608 4965 xu

340 5040 533 5088 sextus
578 5028 635 5083 in
662 5040 717 5082 γι
752 5008 873 5082 Kal.
905 5024 1084 5079 Martii
1119 5023 1371 5095 ponitur,
1416 5020 1539 5076 inde
1569 5019 1624 5073 in
1653 5014 1925 5072 Macrobio
2028 5035 2150 5084 γιιι,
2179 5018 2234 5072 in
2256 5030 2414 5070 xxuu
2460 5028 2573 5074 xvi,
2619 5011 2674 5065 in
2716 5023 2821 5063 xxx
2853 5014 3029 5063 autem
3058 5005 3264 5066 diebus,
3294 5010 3349 5058 et
3373 5001 3428 5055 in
3450 5016 3485 5054 x
3510 4998 3610 5095 Iro-

338 5123 549 5193 legitur
587 5132 610 5161 ε
639 5139 651 5175 :
683 5138 701 5172 ι
736 5118 908 5175 Julius
933 5087 1138 5173 Caesar—
1156 5114 1348 5170 statuit
1372 5121 1432 5168 ut
1460 5127 1542 5166 uu
1576 5123 1720 5165 anno
1747 5122 1929 5167 sacer-
2031 5109 2110 5165 ris
2139 5124 2211 5163 xx
2236 5112 2505 5162 momenta
2524 5100 2871 5171 colliguntur,
2896 5097 2951 5152 id
2976 5104 3080 5160 est,
3106 5093 3326 5193 dimidia
3355 5092 3508 5193 hora.
3538 5087 3609 5191 Et

530 5212 621 5283 qui
646 5210 907 5267 curabant
938 5206 1213 5263 mensibus
1239 5212 1295 5260 et
1323 5203 1532 5266 diebus,
1564 5214 1729 5255 unum
1760 5198 1931 5255 interr
2034 5199 2117 5255 sic
2141 5198 2197 5253 in
2224 5196 2400 5251 trilms
2421 5190 2702 5254 mensibus
2729 5187 2951 5258 trigenis
2974 5193 3032 5240 et
3055 5196 3164 5237 una
3184 5182 3271 5237 die
3301 5188 3358 5235 et
3374 5194 3431 5235 γι
3461 5177 3615 5233 horis

422 5424 452 5452 ι
472 5409 739 5465 Videntur
763 5407 939 5465 aliqua
968 5405 1187 5461 deesse.

427 5482 457 5522 δ
484 5461 977 5535 Vverbai‘natbolii
1017 5475 1137 5529 vide
1182 5470 1322 5541 apud
1362 5463 1759 5541 Eusebltliist.
1800 5461 1937 5517 libro

349 5569 455 5617 γιι,
483 5565 607 5621 cap.
639 5547 729 5621 τῇ,
744 5562 875 5621 pag.
907 5545 1031 5621 5_§i9,
1060 5535 1480 5621 edin-"Cantabr.
1505 5535 1665 5621 i720.

426 5609 452 5663 ἑ
488 5609 624 5676 Vén.
649 5609 794 5673 Beda
826 5609 886 5672 ἂι
911 5609 1035 5670 Kal.
1067 5611 1235 5685 April.
1256 5609 1691 5685 legendumfsse
1717 5609 1939 5685 conten;

353 5695 452 5748 dit.
488 5691 625 5814 ξιὶιε
655 5688 949 5754 Pctavium,
980 5676 1182 5749 tomfl,
1215 5676 1403 5746 libfvi,
1434 5678 1501 5734 de
1530 5676 1713 5732 Doctr.
1749 5683 1935 5743 temp.,

355 5777 481 5814 (Ἅι).
579 5799 593 5814 ι

355 5777 481 5834 cap.
506 5777 593 5814 ⁴ιι.

2104 5395 2133 5437 «ι
2160 5393 2482 5462 Discrepant
2502 5389 2675 5462 verba
2694 5383 2882 5462 Isidori
2913 5382 2968 5436 in
2986 5379 3223 5462 editione
3250 5372 3617 5462 D.§}LBreui,

2036 5466 2133 5522 ubi
2151 5447 2223 5519 ita
2240 5447 2498 5533 leguntur
2524 5459 2589 5515 de
2612 5458 2813 5533 Natura
2834 5453 3137 5533 licr.,_cap.
3170 5450 3223 5511 6,
3246 5447 3430 5533 p..2;£_8
3455 5462 3469 5501 :
3505 5447 3620 5531 liis—

2038 5516 2215 5592 iam}
2243 5516 2414 5587 αιῖἷεηι
2442 5547 2475 5584 a
2506 5538 2652 5583 sexto
2685 5524 2808 5581 Kal.
2841 5522 3022 5576 Martii
3054 5516 3219 5592 usque
3246 5516 3315 5571 ad
3340 5516 3480 5571 diem
3514 5518 3621 5586 pri-

2039 5590 2127 5662 die
2195 5600 2557 5656 Kalendarum
2611 5596 2898 5652 Juniarum
2946 5592 3002 5646 in
3049 5590 3189 5645 tum
3242 5603 3402 5642 cursu
3454 5602 3617 5657 appe-

2042 5677 2203 5732 nitur.

2118 5757 2140 5785 ε
2170 5742 2324 5814 Apud
2348 5739 2569 5796 Bedam.
