3934 6180
383 401 518 458 1003

1227 393 1286 446 Β.
1329 384 1388 447 F.
1425 386 1652 444 ALBlNl
1693 385 1821 442 SEU
1862 383 2133 440 ALCUINI
2171 383 2450 441 OPERUM
2487 384 2666 441 PARS
2698 383 2829 441 Vlll.

3484 375 3624 431 1004

380 515 663 569 Alcuinnm
694 509 866 579 magis
883 549 896 572 ,
930 505 1081 579 cujus
1107 506 1268 579 etiam
1295 518 1489 579 nomen
1514 498 1952 579 praferthquam
1979 521 2029 578 Δ
2056 513 2174 579 rum
2202 511 2266 551 ac
2288 496 2713 579 testimoniorum
2736 493 2971 579 pondere
2991 491 3225 579 libravit,
3250 500 3310 546 ut
3334 492 3528 572 mirum
3546 493 3628 579 _sit

381 585 448 637 ad
487 583 649 636 alium
688 569 918 648 aliqvuem
963 569 1109 631 illius
1148 575 1246 648 avi
1292 569 1945 648 scriptoiiempertinere;

383 652 688 718 nullamque
713 639 930 703 causam
969 664 1062 701 seu
1107 645 1366 718 rationem
1407 640 1632 718 proferri
1661 654 1835 708 posse,
1868 639 1950 718 ob

382 737 542 790 quam
571 707 780 773 ve:usto
807 717 1008 772 codicis
1038 713 1315 790 scriptori,
1339 707 1426 790 qui
1454 707 1705 790 Albinum
1731 707 1950 790 seunAl-

382 777 598 844 cuinum
645 796 923 842 auctorem
970 777 1237 845 nominat,
1289 777 1419 833 ﬁdes
1465 781 1775 846 denegetur.
1823 777 1951 842 Qua

384 861 488 913 duo
518 866 784 913 momenta
815 859 876 910 D.
908 854 1242 909 Mabillonius
1281 860 1389 903 tam
1419 849 1568 920 gravi
1605 856 1949 918 argumento-

2053 568 2230 621 virum
2259 567 2392 620 alias
2417 568 2633 620 doctum
2659 580 2723 619 ac
2738 561 3022 619 eruditum
3052 565 3113 617 D.
3143 562 3465 632 Basnagium
3487 561 3633 632 adeo

2091 639 2292 692 otuisse
2321 636 2553 702 partium
2591 635 2769 688 studio
2796 634 3001 702 abripi,
3040 641 3098 687 ut
3125 633 3213 686 illa
3241 629 3386 685 tonio
3414 631 3455 684 ll
3486 629 3627 684 Hist.

2091 654 2292 692 OIUISSC
2359 654 2553 689 artium
2591 654 2769 688 swuto
2796 654 2966 702 aDl'lpl
2987 675 3001 698 ,
3040 654 3098 687 υι
3126 654 3213 686 Illa
3242 654 3386 685 lUIIIU
3414 654 3455 684 u
3486 654 3626 684 mu.

2053 654 2286 769 Eccles,
2316 654 2412 758 lib.
2443 721 2532 767 xv,
2563 719 2683 774 cap.
2715 704 2768 768 7,
2801 703 3053 774 alleviare
3080 709 3368 774 conaretur
3401 714 3626 774 respon-

2055 767 2296 899 (siitlmibus
2321 781 2469 829 certe
2495 767 2700 828 levibus
2727 783 2886 842 atque
2915 773 3166 836 inﬁrmis,
3194 784 3330 840 quas
3357 770 3471 825 suis
3500 767 3634 823 locis

2093 863 2109 898 ι
2132 860 2337 899 nemus.

2093 860 2337 899 nuemus.

391 968 3586 1008 ΝΜ

1124 1094 1304 1204 DE
1387 1083 2350 1245 CONFESSIONE
2433 1081 2878 1226 FIDEI,

791 1331 898 1408 ID
976 1325 1163 1405 EST
1236 1324 1368 1399 DE
1441 1319 1684 1397 EJUS
1760 1310 2472 1404 ANTIQUITATE
2547 1311 2678 1385 ET
2753 1307 3223 1388 AUCTORE

944 1518 1329 1662 25mm.
1427 1499 1994 1656 malam!

2079 1496 2205 1636 lii
2291 1494 3066 1670 Bisquisitio.

458 1892 610 1932 anno
634 1871 768 1928 1656
790 1871 981 1925 Petrus
1018 1863 1341 1920 Franciscus
1368 1855 1667 1912 Cliiﬂletius
1706 1852 1763 1908 S.
1795 1851 1843 1906 J.
1877 1850 1963 1903 vir
1995 1853 2040 1912 Β
2067 1849 2278 1903 titulum
2329 1850 2616 1905 recentiori
2667 1867 2827 1906 manu
2875 1863 2928 1909 et
2967 1865 3268 1912 atramento
3300 1861 3639 1929 suppositum

389 1971 601 2030 doctus,
631 1964 853 2018 Divione
885 1958 1026 2029 typis
1059 1951 1331 2009 mandavit
1359 1948 1694 2018 Scriptorum
1722 1953 1964 1998 veterum

389 2065 456 2119 de
488 2061 618 2118 Fide
657 2054 919 2112 catholica
947 2047 1202 2120 opuscula
1242 2043 1500 2114 quinque,
1543 2040 1598 2093 in
1629 2035 1823 2106 quibus
1852 2031 1964 2103 pri-

392 2170 539 2210 mum
587 2153 762 2207 locum
807 2151 950 2200 tenet
990 2139 1197 2195 Alcuini
1237 2134 1505 2203 Confessio
1547 2128 1700 2182 Fidei
1738 2141 1866 2180 sua.
1907 2122 1965 2176 ln

389 2245 492 2301 hoc
520 2253 682 2312 opere
723 2244 911 2290 auctor
936 2229 1152 2300 scriptis
1194 2225 1358 2280 tradit
1384 2221 1510 2291 quid
1536 2218 1734 2273 sentiat
1765 2215 1830 2312 de
1856 2213 1966 2312 Deo

390 2349 496 2388 uno
525 2302 578 2386 et
603 2329 766 2391 trino,
798 2325 864 2380 de
891 2317 1265 2376 lncamatione
1287 2329 1350 2367 ac
1379 2313 1445 2366 de
1469 2305 1842 2367 sacramentis,
1873 2302 1967 2356 de-

389 2440 495 2496 que
519 2421 640 2478 aliis
661 2414 938 2488 religionis
961 2417 1160 2466 nostra
1190 2402 1490 2477 principiis,
1517 2407 1572 2453 et
1591 2396 1826 2496 maxime
1850 2391 1968 2496 qui-

391 2482 512 2572 dem
548 2512 615 2566 de
658 2482 1020 2566 Eucharistia,
1065 2498 1154 2554 ubi
1201 2495 1359 2550 ﬁdem
1399 2489 1652 2546 Ecclesia
1694 2482 1968 2541 catholica

307 2606 312 2613 ’
390 2601 694 2660 clarissime
719 2594 971 2665 explicat.

460 2696 538 2750 Ex
576 2695 676 2748 hoc
714 2700 876 2758 Opere
914 2683 1270 2752 fragmentum
1307 2673 1372 2728 de
1405 2667 1742 2758 Eucharistia
1775 2678 1965 2758 excer-

391 2784 520 2855 psit,
568 2780 660 2850 qui
698 2751 931 2832 cilicium
966 2763 1292 2826 sanctissimi
1329 2758 1651 2817 sacramenti
1689 2751 1970 2855 adornavit

392 2842 533 2929 anno
565 2842 720 2933 1-659,
759 2867 920 2935 idque
953 2859 1163 2916 Alcuini
1204 2855 1418 2911 nomine
1455 2847 1843 2922 pratitulavit:
1875 2842 1970 2900 sed

395 2976 571 3021 tamen
604 2963 656 3016 in
686 2958 829 3014 notis
859 2955 972 3011 suis
997 2951 1176 3006 varias
1205 2945 1426 3020 protulit
1450 2939 1810 3010 conjecturas,
1847 2935 1968 3005 qui-

393 3058 495 3113 bus
523 3056 734 3110 sincere
761 3048 1049 3104 conﬁtetur
1085 3039 1289 3098 moveri
1319 3053 1408 3103 se,
1454 3043 1515 3090 ut
1555 3048 1622 3088 ne
1658 3046 1792 3102 Opus
1829 3027 1974 3084 istud

391 3147 621 3204 Alcuino
649 3149 962 3199 constanter
987 3135 1244 3191 ascribat.

2063 1939 2230 1996 fuisse
2257 1941 2313 1994 in
2338 1941 2514 1997 locum
2555 1942 2798 2008 alterius,
2825 1946 2917 2015 qui
2956 1947 3123 2002 minio
3168 1949 3474 2019 descriptus
3497 1963 3640 2016 erat,

2063 2032 2143 2086 uti
2162 2032 2388 2104 vestigia
2417 2032 2603 2088 relicta
2629 2042 2914 2091 testantur.
2949 2037 3212 2105 Tertium,
3249 2039 3410 2108 hujus
3438 2042 3644 2097 codicis

2064 2120 2384 2189 scripturam
2425 2124 2682 2180 accedere
2721 2125 2788 2179 ad
2823 2141 2996 2181 avum
3025 2126 3199 2183 Caroli
3232 2128 3430 2200 Magni,
3457 2145 3640 2200 neque

2063 2212 2260 2266 saculo
2298 2229 2439 2268 nono
2463 2215 2814 2284 posteriorem
2849 2217 3050 2284 videri;
3078 2234 3304 2290 eamque
3339 2235 3440 2290 per
3465 2229 3643 2276 totum

2064 2318 2198 2374 opus
2219 2306 2481 2374 aqualem
2522 2322 2658 2372 esse,
2685 2317 2882 2379 prater
2909 2311 3187 2366 duodecim
3213 2320 3487 2368 extremos
3515 2328 3645 2368 ver-

2064 2409 2176 2455 sus,
2201 2395 2293 2464 qui
2321 2395 2559 2451 dilutiori
2588 2405 2890 2454 atramento
2917 2401 3125 2455 exarati
3166 2411 3310 2457 sunt.
3355 2401 3644 2470 Quartum.

2064 2484 2314 2540 Chiﬁletii
2332 2485 2620 2541 editionem
2642 2488 2843 2558 optime
2869 2505 2992 2545 cum
3011 2492 3306 2562 exemplari
3326 2493 3647 2557 convenire,

2065 2591 2110 2630 sn
2151 2577 2357 2630 minuta
2384 2577 2629 2646 quadam
2658 2588 2840 2634 errata
2866 2583 3128 2652 excipias,
3156 2599 3277 2653 qua
3305 2584 3359 2638 in
3390 2592 3652 2655 typogra-

2065 2665 2224 2735 phica
2246 2680 2409 2736 opera
2437 2668 2630 2723 cadere
2657 2685 2878 2727 necesse
2902 2680 3003 2728 est.
3032 2672 3130 2728 Hic
3161 2675 3291 2729 satis
3315 2674 3446 2728 mihi
3477 2673 3652 2730 fuerit

2067 2771 2226 2826 agere
2265 2759 2330 2814 de
2377 2759 2531 2814 titulo
2572 2775 2637 2816 ac
2675 2761 2741 2816 de
2782 2763 3103 2834 antiquitate
3142 2765 3350 2835 operis,
3378 2782 3500 2836 qua
3540 2767 3654 2822 duo

2066 2849 2406 2922 potissimum
2442 2852 2496 2905 in
2525 2854 2949 2909 controversiam
2975 2855 3217 2910 veniunt.
3246 2856 3652 2927 Antiquitatem

2067 2942 2304 3013 primum
2330 2943 2576 3014 expedio,
2605 2944 2672 3000 de
2703 2945 2942 3002 auctoris
2968 2947 3183 3003 nomine
3207 2948 3494 3019 posteriori
3524 2947 3653 3005 loco

2073 3025 2333 3089 dicturus.
2839 3104 2860 3159 1

466 3238 616 3294 Hanc
641 3232 1030 3290 dubitationem
1057 3241 1156 3298 pro
1183 3238 1311 3279 vera
1337 3229 1499 3292 atque
1521 3216 1818 3273 indubitata
1847 3227 1971 3270 sen-

2079 3285 2113 3298 n
2143 3195 2276 3298 Eam
2299 3196 2493 3298 probat
2519 3196 2786 3266 imprimis
2811 3197 3188 3255 characterum
3209 3200 3491 3270 elegantia,
3515 3215 3659 3272 qua-

395 3330 564 3386 tentia
603 3329 931 3396 exceperunt
975 3316 1285 3375 Calvinista
1328 3331 1341 3367 :
1385 3326 1522 3382 quos
1562 3309 1703 3364 inter
1743 3305 1978 3361 Joannes

398 3417 630 3472 Dallaus
655 3410 1043 3468 Dissertatione
1076 3403 1334 3475 singulari
1361 3401 1592 3471 probare
1621 3403 1845 3452 conatus
1872 3401 1976 3458 est,

398 3508 542 3562 hanc
583 3501 985 3560 Confessionem
1027 3510 1134 3550 non
1178 3507 1299 3548 esse
1343 3488 1573 3552 Alcuin‘,
1617 3485 1711 3541 sed
1758 3484 1979 3538 alterius

397 3591 636 3650 auctoris
661 3595 848 3645 sancto
876 3581 1131 3640 Anselmo
1154 3578 1488 3650 posterioris,
1517 3591 1636 3646 qua
1663 3572 1980 3628 Dissertatio

398 3686 686 3760 posthuma
712 3682 817 3736 hoc
836 3678 952 3748 ipso
975 3689 1116 3730 anno
1135 3669 1454 3740 Rothomagi
1478 3666 1679 3737 prodiit
1701 3665 1755 3719 in
1782 3664 1976 3719 lucem.

467 3774 648 3831 Lectis
675 3767 1007 3842 argumentis
1036 3778 1157 3835 qua
1198 3775 1320 3816 cum
1361 3760 1414 3812 in
1446 3756 1814 3812 natationibus
1844 3769 1981 3824 pra—

403 3863 584 3929 dictis,
621 3841 831 3916 tumiin
863 3853 1046 3910 Dallai
1085 3849 1498 3911 Dissertatione,
1527 3860 1591 3900 ca
1621 3845 1686 3900 de
1721 3858 1779 3897 re
1805 3841 1982 3914 profe-

400 3964 618 4019 runtur,
649 3951 828 4006 visum
854 3955 938 4002 est
963 3943 1094 4000 mihi
1118 3956 1182 3997 ea
1219 3939 1398 3996 omnia
1436 3936 1578 3991 facili
1609 3934 1826 4005 negotio
1852 3931 1980 3988 dilui

401 4064 467 4104 ac
505 4043 708 4102 revinci
748 4054 929 4113 posse,
971 4035 1227 4092 nimirum
1265 4031 1376 4086 sola
1421 4026 1748 4099 inspectione
1786 4022 1984 4079 veteris

403 4137 606 4196 codicis
643 4135 735 4205 qui
774 4129 1044 4188 Cliil‘ﬁetio
1083 4125 1205 4181 usui
1245 4123 1347 4177 fuit
1380 4139 1392 4173 :
1426 4119 1690 4189 siquidem
1729 4131 1850 4171 eum
1891 4113 1982 4166 Al-

402 4229 548 4287 cuini
573 4235 732 4283 atate
762 4223 845 4294 (ut
886 4222 1000 4293 ipse
1033 4215 1338 4274 Chifﬁetius
1374 4210 1576 4283 censet)
1605 4225 1766 4264 manu
1794 4222 1985 4262 exara-

404 4332 546 4387 tum,
585 4320 827 4388 adeoque
866 4313 1037 4384 ipsius
1072 4308 1287 4364 Alcuini
1325 4305 1541 4360 nomine
1570 4302 1822 4374 primitus
1855 4299 1985 4354 insi-

404 4413 614 4485 gnitum
659 4409 826 4464 fuisse
869 4409 1099 4461 constet.
1144 4401 1500 4468 Quapropter,
1541 4395 1668 4466 quia
1706 4391 1985 4448 Confessio

404 4483 508 4560 ista
536 4500 717 4574 magni
756 4493 1013 4553 momenti
1051 4500 1134 4549 est
1167 4491 1235 4546 ad
1263 4486 1606 4544 illustrandas
1632 4483 1985 4538 Eucharistia

405 4591 826 4655 controversias,
865 4587 989 4643 dedi
1027 4599 1246 4656 operam
1290 4591 1350 4638 ut
1387 4579 1702 4652 praedictum
1745 4577 1985 4632 codicem

408 4683 645 4740 nancisci
682 4690 737 4738 et
777 4679 1044 4750 inspicere
1085 4675 1214 4731 mihi
1246 4673 1432 4728 liceret
1465 4690 1478 4725 :
1520 4669 1842 4737 tandemque
1871 4665 1990 4721 dili-

408 4775 586 4848 gentia
615 4773 682 4827 R.
716 4771 777 4826 P.
810 4769 1013 4826 domini
1043 4765 1253 4822 Claudii
1283 4763 1566 4834 Bretagne,
1595 4761 1649 4815 in
1679 4757 1988 4814 Divionensi

409 4865 584 4922 sancti
624 4860 846 4932 Benigni
877 4858 1124 4914 canobio
1149 4856 1369 4927 prioris,
1413 4861 1661 4924 repertus
1687 4859 1770 4907 est
1811 4851 1865 4904 in
1910 4849 1988 4904 in-

408 4955 548 5025 signi
593 4951 920 5008 bibliotheca
969 4945 1320 5002 illustrissimi
1371 4944 1546 4999 Boerii
1572 4984 1585 5008 ,
1637 4943 1691 4996 in
1737 4955 1986 5011 supremo

409 5052 598 5101 senatu
625 5039 934 5097 Divionensi
973 5037 1239 5107 prasidis,
1269 5051 1388 5105 qua
1416 5033 1734 5104 praclarum
1761 5033 1865 5087 hoc
1893 5047 1988 5085 an-

410 5134 678 5206 tiquitatis
701 5131 954 5204 κειμήλιον
979 5128 1133 5183 nobis
1160 5126 1453 5182 liberaliter
1477 5123 1856 5180 commodavit.

478 5224 637 5296 371
685 5221 921 5290 Accepto
951 5219 1054 5273 hoc
1076 5215 1370 5284 exemplari
1399 5229 1463 5269 ac
1498 5213 1782 5284 diligenter
1807 5212 1988 5280 inspe—

412 5327 520 5383 cto,
545 5323 777 5386 quatuor
825 5309 1030 5366 adverti
1061 5307 1193 5362 mihi
1236 5306 1452 5378 penitus
1498 5303 1785 5372 conspicua
1829 5310 1991 5369 atque

411 5407 653 5476 probata.
680 5405 922 5460 Primum
947 5408 1052 5465 est,
1075 5401 1290 5453 titulum
1315 5412 1407 5452 seu
1433 5393 1838 5464 inscriptionem
1869 5405 1993 5460 ope-

414 5498 510 5563 ris,
539 5506 651 5552 tum
677 5496 733 5550 in
761 5493 938 5564 primo
964 5490 1092 5545 folio
1116 5503 1308 5549 vacuo,
1337 5493 1452 5540 tum
1481 5485 1534 5539 in
1565 5483 1741 5538 fronte
1761 5480 1888 5536 libri
1910 5480 1989 5534 sic

415 5602 475 5645 se
521 5586 957 5644 haberezAlbini
1000 5581 1274 5653 Confessio
1313 5579 1489 5635 Fidei.
1543 5578 1816 5648 Alterum,
1848 5577 1991 5630 hunc

488 5699 505 5716 ’
525 5695 640 5764 gHis
666 5697 1070 5764 adnotationum
1088 5694 1258 5764 signis
1279 5699 1565 5764 revocatur
1584 5691 1753 5764 lector
1778 5689 1844 5743 ad
1867 5687 1970 5764 Ani

422 5761 847 5820 madversionem
874 5762 1124 5817 Frobenii
1141 5757 1404 5815 adversus
1433 5762 1701 5816 Censuras
1721 5757 1992 5826 Basnagii,

2079 3285 2146 3341 lis
2185 3285 2359 3341 Caroli
2408 3285 2601 3358 Magni-
2630 3303 2746 3343 aevo
2784 3297 3002 3358 recepta
3037 3298 3194 3344 erat:
3221 3299 3333 3346 tum
3369 3291 3659 3362 scriptura

2076 3374 2248 3430 forma
2277 3375 2653 3446 scribendique
2683 3377 2890 3442 modus,
2915 3379 3058 3448 quod
3079 3389 3368 3451 utrumque
3393 3379 3660 3436 saeuiunt

2076 3480 2276 3521 nonum
2307 3465 2446 3534 sapit
2473 3465 2551 3538 (a)
2571 3468 2611 3519 '.
2650 3466 2764 3523 Hoc
2797 3479 3193 3540 argumentum,
3231 3471 3449 3526 tametsi
3481 3486 3656 3525 unum

2078 3554 2308 3610 sufﬁciat
2329 3556 2396 3611 ad
2438 3556 2911 3613 demonstrandam
2939 3560 3098 3616 istius
3135 3561 3315 3632 operis
3351 3561 3659 3630 antiquita-

2081 3657 2222 3714 tem;
2253 3648 2307 3703 id
2332 3655 2514 3703 tamen
2542 3647 2707 3703 habet
2731 3649 3079 3717 incommodi,
3113 3651 3256 3721 quod
3280 3666 3345 3706 eo
3367 3666 3476 3706 non
3501 3666 3662 3722 aque

2079 3746 2400 3796 moveantur
2419 3754 2626 3794 omnes.
2645 3738 2780 3795 Cum
2799 3740 2945 3795 enim
2967 3756 3072 3796 non
3093 3756 3160 3796 ex
3180 3741 3452 3796 communi
3470 3754 3662 3806 sensu,

2079 3841 2172 3888 aut
2201 3847 2268 3887 ex
2298 3832 2528 3898 ratione,
2558 3832 2649 3886 sed
2673 3847 2740 3887 ex
2768 3832 3049 3888 oculorum
3073 3833 3277 3904 judicio
3309 3841 3365 3887 et
3389 3832 3662 3888 librorum

2079 3923 2423 3993 antiquorum
2467 3937 2569 3977 usu
2609 3930 2770 3992 atque
2817 3923 3043 3978 scientia
3093 3923 3352 3993 pendeat;
3395 3922 3458 3976 ﬁt
3501 3929 3566 3975 ut
3613 3921 3664 3976 ei

2081 4015 2240 4071 ﬁdem
2263 4029 2406 4086 agre
2433 4014 2842 4070 accommodent
2883 4015 2997 4070 sive
3025 4016 3101 4069 rei
3130 4015 3449 4085 anziquaria
3476 4015 3661 4085 periti,

2081 4108 2126 4162 si
2157 4108 2398 4163 codicem
2443 4123 2548 4162 non
2574 4107 2838 4174 viderint;
2872 4107 2986 4162 sive
3012 4109 3102 4178 qui
3135 4107 3187 4162 in
3210 4107 3473 4178 ejusmodi
3499 4108 3664 4162 rebus

2081 4201 2280 4256 versati
2322 4216 2428 4256 non
2472 4209 2615 4266 sunt,
2647 4200 2859 4256 etiamsi
2901 4201 3152 4256 viderint.
3193 4199 3291 4255 Cui
3337 4199 3539 4270 duplici
3581 4199 3664 4254 in-

2083 4293 2364 4349 commodo
2411 4303 2469 4348 ut
2517 4309 2822 4358 occurram,
2853 4294 2975 4349 unis
3022 4293 3263 4350 codicem
3307 4291 3658 4356 Boerianum,

2082 4383 2176 4454 qui
2199 4384 2357 4439 modo
2382 4398 2548 4454 penes
2568 4399 2668 4439 nos
2693 4393 2795 4450 est,
2818 4384 3134 4440 intuendum
3157 4394 3213 4440 et
3239 4385 3658 4440 examinandum

2084 4473 2252 4530 offero
2276 4493 2290 4528 :
2312 4475 2498 4530 alteris
2541 4476 2770 4531 exhibeo
2801 4476 3096 4545 peritorum
3132 4476 3373 4529 virorum
3414 4476 3660 4529 testimo-

2012 4541 2062 4601 θ
2086 4567 2234 4622 nium
2280 4566 2371 4636 qui
2417 4564 2485 4620 de
2530 4566 2699 4636 ipsius
2738 4541 2939 4621 codicis
2987 4565 3305 4634 antiquitate
3345 4565 3660 4636 suifragium

2088 4659 2292 4714 tulere:
2317 4666 2584 4730 quatenus
2606 4659 2684 4714 illi
2709 4659 2929 4715 credant
2953 4659 3124 4714 oculis
3149 4659 3289 4725 suis;
3317 4659 3373 4714 hi
3400 4658 3660 4729 gravissi-

2088 4763 2301 4804 morum
2340 4750 2580 4806 virorum
2624 4749 2934 4806 auctoritati
2967 4750 3332 4820 acquiescant.
3382 4749 3520 4803 Nam
3545 4749 3660 4803 uni-

2086 4843 2281 4912 cuique
2322 4843 2376 4896 in
2419 4857 2513 4896 sua
2541 4849 2654 4896 arte
2681 4841 3004 4896 credendum
3032 4856 3151 4896 esse
3176 4839 3332 4896 facile
3367 4840 3658 4896 concedent

2086 4934 2224 5004 aqui
2267 4947 2448 4988 rerum
2491 4932 2866 4996 astimatores,
2895 4931 3091 5000 quibus
3133 4929 3262 4985 solis
3305 4930 3424 4985 hac
3464 4931 3654 4987 scribo.

2090 5024 2344 5095 Utrisque
2373 5038 2503 5078 vero
2525 5023 2743 5094 insuper
2761 5023 2851 5077 hic
2875 5037 3087 5092 appono
3109 5023 3371 5092 quasdam
3389 5024 3657 5094 conjectu-

2090 5129 2178 5170 ras
2223 5113 2637 5184 probabilesque
2684 5113 2953 5178 rationes,
2985 5113 3181 5184 quibus
3214 5095 3462 5181 eiusdem
3487 5112 3657 5184 operis

2088 5207 2384 5276 antiquitas
2412 5206 2587 5277 magis
2617 5204 2875 5260 illustrari
2905 5206 3095 5275 possit.

2159 5299 2424 5354 Nimirum
2468 5298 2626 5353 istius
2675 5295 2918 5368 opusculi
2971 5295 3202 5366 scriptor
3248 5295 3467 5351 vivebat
3513 5295 3656 5364 longe

2088 5396 2215 5444 ante
2263 5386 2706 5443 scholasticorum
2757 5392 2993 5452 atatem,
3038 5392 3098 5439 ut
3149 5385 3380 5454 probant
3421 5384 3656 5455 quadam

2092 5481 2251 5536 istius
2294 5479 2575 5536 sententia
2596 5494 2705 5533 non
2730 5478 2864 5534 satis
2895 5491 2996 5547 pro
3034 5477 3478 5534 scholasticorum
3506 5480 3656 5544 captu

2095 5582 2377 5630 accurata.
2424 5571 2614 5639 Qualis
2640 5579 2723 5626 est
2757 5571 2811 5626 in
2842 5570 3014 5641 partis
3039 5570 3227 5640 prima
3255 5585 3373 5640 cap.
3400 5569 3436 5622 2
3477 5568 3529 5622 in
3550 5567 3657 5620 hac

2133 5701 2257 5740 nam
2305 5686 2373 5742 ad
2420 5684 2620 5740 calcem
2670 5682 2830 5754 hujus
2876 5682 3276 5753 Disquisitionis
3327 5680 3654 5738 exhibemus.

2144 5772 2226 5811 Dl'l
2245 5794 2257 5806 ς
