3934 6180
318 325 455 384 1005

878 326 1030 386 ore.
1064 329 1292 390 unum.
1329 353 1399 374 ε-
1435 329 1522 390 DE
1559 329 1740 392 riunt
1777 321 2109 394 Conruss.
2151 324 2540 392 MABILLONII
2574 325 3003 404 DlSQUlSITlO.

3433 333 3568 396 1008

310 444 517 498 verba:
545 439 690 511 Rogo
735 436 950 497 Patrem
996 461 1089 514 per
1133 444 1182 498 F
1184 446 1354 514 ilium,
1399 465 1524 520 rogo
1559 447 1759 504 Filium
1798 467 1891 520 per
1917 465 1968 522 Α
1997 449 2181 515 velint,
2209 463 2331 503 cum
2369 447 2513 503 omni
2547 447 2906 502 detestatione
2933 445 3218 501 anathema
3245 446 3350 503 illis
3376 447 3515 505 dico.
3543 471 3560 503 ι

313 532 550 598 Patrem,
569 550 692 603 rogo
716 533 972 604 Spiritum
994 548 1230 593 sanctum
1249 557 1341 610 per
1358 538 1569 596 Patrem
1593 553 1640 596 et
1664 529 1886 607 Filium,

309 625 455 695 quod
480 639 638 678 nemo
659 623 1102 680 scholasticorum
1128 637 1286 684 aetate
1315 630 1556 684 dixisset.
1587 630 1722 684 Tum
1744 629 1889 700 quod

310 717 556 788 ὃμούσιος
598 715 763 769 vertit
810 717 1194 783 coessentialis;
1231 709 1534 774 scholastici
1584 721 1846 775 dixissent
1871 761 1885 785 ,

220 839 228 844 -
310 796 806 862 Consubstantialis.
1804 829 1836 876 ι,

380 897 585 951 Deinde
612 897 656 951 si
685 897 908 952 vixisset
944 897 1134 954 auctor
1159 905 1281 969 post
1302 911 1547 957 exortam
1579 891 1888 972 Berengarii

309 979 559 1052 lnercsin,
587 987 818 1043 cavisset
839 982 1026 1058 procul
1055 991 1217 1047 dubio
1246 993 1314 1047 ab
1338 995 1423 1048 his
1453 995 1730 1048 erroribus
1753 1007 1887 1063 quos

308 1079 696 1148 Berengariani
737 1082 1269 1150 propugnabant:ex
1308 1085 1504 1153 quibus
1535 1074 1775 1139 nonnulli
1802 1101 1889 1138 as-

307 1173 584 1234 serebant,
611 1159 766 1239 panis
794 1179 848 1226 et
873 1162 984 1226 vini
1009 1181 1218 1241 partem
1244 1174 1298 1228 in
1327 1189 1546 1230 carnem
1587 1182 1642 1229 et
1666 1167 1886 1244 sangui-

307 1276 430 1316 nem
457 1251 668 1314 Domini
708 1259 1059 1314 transmutari
1086 1271 1308 1332 propter
1333 1264 1524 1334 dignos
1551 1259 1649 1336 (b),
1677 1265 1885 1334 partem

304 1363 438 1407 vero
470 1360 690 1422 pr0pter
717 1341 966 1422 indignos
994 1343 1382 1410 immutabilem
1411 1348 1654 1421 retineri,
1682 1362 1884 1411 testan-

304 1435 451 1499 tibus
493 1437 824 1500 Guitmundo
869 1433 926 1499 in
961 1446 1056 1500 lib.
1085 1452 1144 1502 in
1190 1447 1256 1503 de
1302 1437 1652 1504 Eucharistiaa
1695 1439 1886 1504 Sacra-

306 1546 522 1603 mento,
550 1545 604 1592 et
627 1536 820 1607 Algero
848 1537 902 1591 in
932 1538 1024 1593 lib.
1056 1555 1096 1602 ι,
1129 1553 1251 1610 cap.
1293 1530 1382 1593 ‘21.
1427 1539 1562 1595 Cum
1587 1555 1716 1611 ergo
1745 1531 1886 1595 Con-

305 1627 557 1682 fessionis
597 1637 787 1682 auctor
813 1627 976 1698 (quod
1003 1629 1166 1684 etiam
1201 1619 1509 1686 Calvinisttc
1538 1631 1882 1701 conﬁtentur)

305 1735 430 1775 eam
456 1713 730 1788 professus
755 1711 823 1774 sit
853 1721 917 1774 de
951 1710 1292 1774 Eucharistia
1331 1711 1512 1784 fidem,
1538 1735 1698 1790 quam
1723 1710 1883 1774 hodie

1991 538 2161 609 Hujus
2195 538 2575 593 controversia:
2603 537 2842 591 fomitem
2875 529 3080 606 primus
3123 537 3381 592 excitavit
3426 539 3563 593 Min-

1990 630 2202 701 gentilis
2230 630 2448 699 quidam
2486 629 2538 682 in
2566 628 2854 698 llispania;
2893 636 3005 682 tum
3033 627 3182 696 Egila
3215 628 3383 698 ipsius
3407 629 3568 684 discis

1989 716 2167 790 pulus,
2220 721 2474 791 regnante
2528 718 2721 776 Carolo
2783 719 2972 789 Magno
2999 760 3014 784 ,
3061 719 3288 774 Alcuiuo
3332 720 3566 776 virente.

1991 811 2164 865 Testis
2184 809 2451 865 Adrianus
2469 816 2604 880 papa
2633 809 2686 864 in
2714 811 2919 864 duabus
2940 807 3201 879 epistolis,
3225 821 3329 864 una
3353 829 3371 860 ι
3401 810 3569 882 Egilia

1988 902 2263 971 episeopo,
2287 918 2379 954 seu
2400 900 2592 955 Juanni
2619 901 2950 969 presbytero.
2979 921 2994 951 ι
3012 898 3193 952 Altera
3214 890 3374 969 372
3402 919 3418 950 ι
3447 913 3566 954 oma

1989 991 2147 1046 nibus
2175 991 2488 1046 Orthodoxis
2526 989 2791 1062 cpisc0pis
2819 1008 2915 1062 per
2944 993 3197 1062 Spaniam
3228 1004 3565 1049 commorati»~

1988 1069 2134 1135 tibus
2161 1100 2179 1133 ι
2231 1075 2453 1135 directa.
2518 1073 2577 1134 lu
2623 1086 2853 1151 quarum
2897 1083 3062 1152 priori
3111 1083 3227 1138 haec
3269 1084 3560 1152 leguntur:

1993 1190 2011 1222 ι
2047 1168 2180 1226 illud
2211 1177 2388 1226 antein
2433 1173 2576 1241 quod
2609 1170 2699 1226 alii
2738 1189 2804 1227 ex
2834 1174 2965 1242 ipsis
2997 1174 3208 1241 dicunt,
3237 1175 3379 1246 quod
3425 1188 3566 1246 prte-

1987 1263 2276 1320 destinatio
2312 1264 2376 1317 ad
2427 1265 2614 1329 vitam,
2641 1263 2753 1319 sive
2795 1266 2861 1319 ad
2895 1273 3122 1319 mertcm
3153 1267 3205 1319 in
3231 1265 3328 1321 Dei
3357 1267 3426 1322 sit
3468 1279 3564 1338 po-

1987 1366 2199 1414 testate.
2246 1359 2349 1413 Alii
2380 1359 2576 1414 iterum
2605 1349 2790 1414 dicunt
2815 1374 2829 1413 z
2855 1369 2912 1414 ut
2939 1355 3067 1430 quid
3090 1371 3342 1433 rogamus
3370 1357 3563 1429 Deum,

1985 1463 2054 1503 ne
2075 1449 2354 1504 vincamur
2377 1438 2694 1514 tentationc,
2720 1451 2861 1519 quod
2883 1451 2935 1505 in
2959 1460 3141 1506 nostra
3171 1460 3253 1508 est
3275 1462 3560 1524 potestate,

1985 1532 2139 1607 quasi
2174 1528 2422 1593 libertate
2464 1537 2706 1593 arbitrii?
2737 1559 2755 1592 ι
2787 1532 2986 1595 Eadem
3017 1542 3180 1596 verba
3228 1541 3478 1614 leguntur
3509 1545 3562 1598 in

1984 1628 2267 1699 posteriori
2315 1630 2572 1699 epistola,
2604 1630 2698 1686 sed
2744 1641 2867 1686 eum
2911 1632 3274 1688 additamento
3319 1634 3374 1687 in
3419 1631 3564 1689 hunc

1984 1718 2238 1772 modum:
2269 1736 2286 1768 ‹
2319 1711 2452 1773 lllud
2475 1716 2619 1788 quod
2644 1709 2734 1774 alii
2758 1735 2825 1774 ex
2856 1721 2988 1790 ipsis
3017 1721 3224 1786 dicunt,
3254 1717 3396 1792 quod
3425 1733 3562 1792 prae-

301 1825 409 1864 nos
436 1800 681 1864 catholici
717 1805 1028 1892 sequimur;
1057 1809 1284 1892 multum
1333 1800 1704 1864 abhorruisset
1729 1811 1794 1862 ab
1820 1825 1883 1862 ea
1915 1807 1959 1869 Β
1987 1804 2273 1864 destinatio
2311 1805 2374 1864 ad
2415 1808 2580 1864 vitam
2623 1811 2736 1866 sive
2761 1813 2828 1866 ad
2857 1819 3083 1867 mortem
3123 1814 3179 1868 in
3224 1815 3318 1870 Dei
3356 1815 3428 1870 sit
3470 1832 3564 1886 ρο-

302 1891 554 1956 doctrina
592 1914 710 1969 qua!
750 1888 805 1953 in
859 1887 1270 1972 Bereiigariauis
1315 1889 1586 1955 nOnnullis
1629 1900 1881 1954 damnata

300 1993 394 2046 εει
417 2003 432 2044 :
456 2005 518 2045 ac
538 1989 757 2060 proinde
781 1997 1132 2059 temperasset
1155 1979 1271 2044 llch
1294 1980 1456 2044 verba
1478 2004 1599 2060 quae
1618 1983 1884 2044 habentur

301 2083 365 2136 in
393 2080 752 2138 Confessionis
784 2090 938 2150 parte
973 2097 1046 2146 Iv,
1077 2095 1197 2150 cap.
1228 2071 1298 2135 7:
1327 2099 1346 2132 ι
1380 2069 1554 2135 Tanta
1592 2089 1678 2137 est
1711 2083 1885 2137 virtus

301 2171 466 2240 hujus
493 2171 767 2237 sacriﬁcii,
800 2179 859 2226 ut
905 2170 1033 2226 solis
1069 2169 1255 2239 justis,
1300 2169 1454 2242 [non]
1485 2170 1880 2241 peccatoribus,

299 2278 501 2334 corpus
524 2252 596 2318 sit
623 2271 677 2317 et
699 2254 912 2332 sanguis
939 2252 1160 2317 Christi.
1185 2282 1204 2315 ο
1228 2257 1357 2329 Qua:
1383 2263 1547 2317 verba
1568 2260 1882 2332 argumento

301 2361 450 2417 sunt,
476 2360 753 2407 auctorem
769 2358 896 2406 ante
920 2353 1022 2408 hos
1051 2344 1362 2422 Berengarii
1378 2356 1592 2407 errores
1614 2343 1878 2416 ﬂoruisse,

301 2442 519 2498 tametsi
547 2442 652 2497 alio
679 2441 734 2496 in
763 2441 880 2497 loco
902 2450 1141 2497 mentem
1168 2457 1323 2496 suam
1353 2449 1497 2497 recte
1520 2429 1773 2512 explicat.

374 2532 457 2587 Ad
496 2533 632 2598 haec,
657 2521 891 2588 Joannes
937 2531 1104 2590 abbas
1133 2533 1188 2588 in
1217 2527 1398 2590 libello
1426 2542 1680 2604 precum,
1721 2547 1883 2604 quem

299 2623 360 2679 in
404 2625 633 2695 gratiam
679 2615 904 2694 Agnetis
950 2617 1236 2696 Augustae,
1273 2616 1486 2679 vivente
1534 2613 1882 2695 Berengario,

299 2714 565 2779 candidit,
594 2721 649 2767 et
684 2720 751 2769 e‘x
795 2712 1018 2769 Palmm
1050 2715 1334 2770 sententiis
1359 2707 1661 2781 delloravit,
1688 2731 1881 2786 quam-

297 2802 459 2873 plura
481 2799 771 2857 mullorum
789 2809 1041 2859 versuum
1069 2797 1369 2876 fragmenta
1397 2800 1565 2860 refert
1583 2821 1649 2860 ex
1671 2794 1884 2860 Chiﬂle-

299 2895 450 2972 tiana
498 2887 862 2951 ConfeSSione.
915 2884 1092 2951 Unum
1123 2890 1370 2966 superius
1407 2889 1610 2968 protuli
1636 2914 1704 2953 ex
1729 2913 1796 2954 eo
1821 2897 1886 2952 li-

297 2985 466 3050 b’ello,
493 2987 635 3056 quod
684 2979 1043 3058 fragmentum
1081 2987 1318 3044 Joannes
1355 3003 1425 3044 ex
1466 2983 1573 3046 line
1613 2983 1800 3061 primae
1830 2998 1886 3046 et

301 3077 462 3132 initio
504 3077 748 3134 secundae
776 3079 946 3148 partis
987 3079 1350 3137 Confessionis
1393 3071 1550 3138 istius
1583 3075 1882 3149 deﬂoravit,

1986 1905 2198 1963 testate,
2224 1907 2278 1952 et
2323 1906 2429 1953 non
2459 1899 2512 1953 in
2544 1909 2748 1955 nostra.
2789 1892 2884 1956 lsti
2912 1902 3096 1957 dicunt
3122 1921 3135 1957 :
3159 1913 3218 1958 ut
3247 1906 3376 1975 quid
3401 1916 3564 1961 cona-

1984 1992 2106 2040 mur
2129 1977 2333 2053 vivere,
2359 1989 2502 2057 quod
2549 1989 2604 2044 in
2633 1985 2730 2044 Dei
2757 1991 2829 2046 sit
2874 1993 3168 2060 potestate!
3215 1993 3321 2049 Alii
3363 1995 3562 2050 iterum

1983 2068 2170 2133 dicunt
2197 2096 2209 2132 :
2237 2088 2296 2133 ut
2324 2074 2453 2150 quid
2481 2096 2734 2152 rogamus
2763 2082 2957 2148 Deum,
2982 2099 3051 2139 ne
3074 2085 3359 2141 vincamur
3383 2091 3562 2144 tenta-

1983 2168 2150 2235 tione,
2178 2170 2321 2239 quod
2365 2171 2419 2224 in
2451 2179 2638 2226 nostra
2683 2181 2768 2228 est
2811 2183 3095 2244 potestate,
3127 2179 3281 2249 quasi
3310 2179 3570 2235 libertate

1982 2253 2226 2314 arbitrii?
2253 2280 2270 2310 ι
2305 2257 2440 2315 Hinc
2469 2269 2616 2331 patet
2639 2265 2779 2333 apud
2801 2262 3066 2336 Hispanos
3096 2275 3207 2321 tum
3229 2262 3396 2325 fuisse
3425 2265 3560 2327 duas

1984 2350 2276 2406 factionum
2313 2354 2517 2421 partes,
2558 2348 2679 2409 aliis
2718 2356 3081 2412 statuentibus
3124 2357 3388 2428 duplicem
3431 2369 3565 2430 pm

1983 2442 2420 2510 destinationem,
2452 2445 2772 2516 negantibus
2809 2444 2960 2502 aliis:
2985 2439 3108 2503 aliis
3148 2442 3275 2503 item
3300 2450 3471 2506 benos
3508 2461 3564 2506 et

1983 2533 2156 2589 malos
2182 2544 2359 2590 mores
2384 2535 2438 2590 in
2464 2536 2698 2592 humana
2735 2527 2983 2593 libertate
3009 2533 3144 2594 citra
3177 2533 3438 2596 auxilium
3466 2537 3560 2597 Dei

1984 2617 2396 2692 reponentibus;
2449 2616 2566 2680 aliis
2594 2641 2700 2681 non
2732 2625 2785 2681 in
2814 2636 3024 2695 uestra,
3052 2623 3147 2684 scd
3189 2630 3243 2684 in
3285 2624 3382 2685 Dei
3424 2644 3565 2702 pra:-

1984 2706 2305 2770 destinantis
2349 2718 2616 2785 potestate
2652 2735 2664 2772 :
2701 2715 2815 2774 sive
2860 2718 2935 2773 ita
2989 2719 3253 2774 sentirent
3294 2715 3561 2786 nonnulli,

1983 2805 2099 2862 sive
2123 2808 2196 2862 ita
2223 2805 2425 2864 Sentire
2449 2808 2820 2864 crederentur.
2843 2800 3002 2866 Certe
3025 2800 3265 2867 Adriano
3282 2823 3434 2882 papae
3461 2811 3563 2870 hoc

1984 2910 2299 2966 persuasum
2338 2890 2524 2963 fuisse,
2555 2889 2764 2955 scilicet
2808 2915 2931 2956 esse
2975 2895 3259 2958 nonnullos
3283 2902 3376 2972 qui
3419 2901 3558 2960 dice-

1985 2994 2109 3045 rem
2142 2990 2389 3046 homines
2421 3006 2451 3045 a
2478 2985 2589 3046 Deo
2617 2993 2988 3061 praedestinari
3019 2995 3073 3049 in
3101 2987 3326 3063 malum,
3349 3004 3456 3052 non
3478 3013 3557 3053 so»

1985 3075 2096 3132 lum
2125 3082 2193 3134 e'x
2216 3079 2584 3150 superioribus
2614 3080 2794 3136 verbis
2837 3078 3140 3149 conficitur,
3171 3082 3265 3140 scd
3303 3078 3469 3142 etiam
3496 3101 3562 3142 ex

301 3168 365 3222 ut
392 3169 444 3223 in
469 3171 919 3240 consequentibus
964 3170 1194 3243 amplius
1229 3169 1536 3230 declarabo.
1565 3173 1730 3246 Atqui
1773 3189 1881 3230 non
1907 3157 1956 3222 (ἶ
1985 3167 2225 3224 antidow
2251 3164 2394 3239 quod
2417 3169 2639 3238 opponit
2658 3162 2944 3235 Adrianus,
2973 3173 3202 3228 adducta
3233 3175 3405 3230 sancti
3432 3167 3561 3230 Ful-

301 3256 673 3319 Confessionis
701 3273 886 3320 auctor
909 3272 975 3320 ex
1005 3259 1230 3331 Joanne,
1255 3265 1350 3321 sed
1376 3265 1612 3322 Joannes
1639 3281 1707 3322 ex
1737 3264 1881 3321 Con-

302 3355 540 3411 fessione
567 3356 680 3412 haec
701 3366 975 3413 mutuatus
1001 3367 1089 3413 est
1113 3376 1126 3412 :
1154 3358 1267 3414 tum
1287 3359 1414 3428 quia
1437 3357 1672 3415 Joannes
1694 3372 1884 3415 omnes

304 3448 473 3502 libelli
500 3449 581 3503 sui
609 3439 902 3505 sententias
929 3442 1137 3505 derivat
1176 3465 1244 3505 ex
1272 3440 1546 3517 Patribus,
1588 3452 1730 3507 sicut
1769 3451 1885 3520 ipse

305 3537 620 3609 proﬁtetur;
648 3547 762 3594 tum
793 3540 915 3609 quia
946 3529 1243 3596 Bocrianus
1273 3539 1445 3597 codex
1471 3547 1692 3610 superat
1716 3531 1883 3596 Joan-

306 3623 393 3684 nis
417 3628 646 3695 aetatem,
680 3631 736 3684 et
754 3622 969 3697 quidem
996 3625 1152 3687 annis
1172 3622 1310 3687 bene
1333 3624 1599 3688 ducentis.

376 3711 618 3790 Denique
689 3721 1065 3792 antiquitatem
1153 3723 1428 3793 praedicta:
1518 3713 1886 3781 Cunfessiouis

307 3824 555 3872 Astruuut
583 3806 862 3871 sententia:
906 3831 999 3871 seu
1043 3816 1293 3886 dogmata
1339 3805 1604 3886 quaedam,
1633 3832 1752 3886 qua:
1776 3831 1882 3872 non

306 3900 413 3964 nisi
442 3908 638 3965 smeulo
661 3924 804 3964 nono
833 3909 1089 3964 ventilata
1121 3916 1248 3963 sunt
1272 3907 1366 3982 (ο).
1395 3908 1664 3964 Nimirum
1699 3916 1888 3964 auctor

307 4001 496 4055 censet
539 4000 593 4057 in
631 4007 774 4070 "part.
813 4008 893 4065 ni,
924 4015 1042 4070 cap.
1078 3989 1170 4065 28,
1211 4000 1650 4065 catechumenos,
1681 3999 1726 4054 si
1764 4007 1887 4052 ante

309 4087 634 4160 baptismum
655 4080 1005 4157 decesserint,
1029 4099 1137 4147 non
1158 4083 1443 4160 pervenire
1460 4091 1528 4146 ad
1549 4092 1717 4146 vitam
1737 4101 1889 4146 aeter-

310 4190 458 4236 nam.
523 4172 887 4237 Confessionis
920 4173 1279 4238 ‘Cliillletianaa
1329 4174 1446 4237 haec
1496 4184 1660 4238 verba
1715 4190 1884 4239 sunt:

317 4289 337 4323 ‹
371 4264 585 4326 Nullum
622 4264 840 4342 quidem
869 4264 1336 4339 catechumenum,
1363 4274 1612 4343 quamvis
1641 4274 1694 4328 in
1732 4274 1890 4330 bonis

309 4361 565 4432 operibus
591 4358 921 4426 defunctum,
943 4352 1108 4416 vitam
1131 4369 1390 4416 mternam
1411 4362 1612 4417 habere
1637 4351 1886 4427 dicimus,

308 4461 538 4524 excepto
555 4443 837 4522 martyrio,
859 4449 950 4507 ubi
973 4452 1085 4508 tota
1107 4453 1360 4523 baptismi
1382 4461 1723 4510 sacramenta
1747 4467 1890 4508 com-

307 4531 546 4613 pientur.
595 4533 867 4611 Sanguine
903 4541 1070 4606 enim,
1110 4533 1197 4597 vel
1219 4532 1371 4614 igne,
1415 4540 1502 4599 vel
1549 4542 1724 4614 pmnis
1768 4541 1891 4598 aliis

310 4636 658 4704 baptizantur
687 4626 1045 4690 confessores.
1071 4651 1090 4684 ι
1133 4625 1388 4686 Eamdem
1416 4646 1545 4688 vero
1569 4631 1889 4687 sententiam

313 4724 504 4779 iisdem
546 4714 767 4777 omnino
792 4720 973 4778 verbis
1000 4722 1233 4779 asseruit
1259 4711 1515 4777 Rabanhs
1540 4721 1592 4776 in
1619 4715 1714 4777 lib.
1748 4739 1802 4776 tv
1825 4723 1892 4777 de

315 4808 612 4880 Universo,
643 4821 763 4884 cap.
793 4811 882 4879 l0,
911 4822 1071 4883 quam
1093 4829 1160 4868 ex
1186 4806 1414 4869 Alcuino
1441 4821 1770 4884 praeceptore
1794 4829 1892 4870 suo

312 4910 588 4980 accepisse
613 4923 720 4962 non
747 4899 1018 4961 immerito
1038 4904 1209 4961 videri
1236 4905 1427 4976 possit.

387 4991 518 5050 Item
550 4990 617 5051 ad
652 5005 825 5051 aevum
856 4991 1032 5050 Caroli
1065 4989 1237 5066 Magni
1266 4994 1502 5063 pertinet
1528 4992 1892 5048 controversia

314 5085 386 5142 de
433 5081 628 5157 duplici
676 5078 1166 5157 przedestinatione,
1195 5097 1301 5139 una
1333 5084 1400 5139 ad
1450 5075 1700 5152 gloriam,
1724 5083 1891 5137 altera

315 5179 387 5233 ad
415 5184 661 5248 pinnam:
685 5185 793 5246 quo
818 5191 884 5230 ex
912 5176 1162 5246 dogmate
1205 5173 1501 5229 adversarii
1531 5174 1785 5242 consequi
1815 5174 1896 5228 af-

316 5265 632 5329 ﬁrmabant,
652 5273 714 5319 ut
738 5262 984 5320 homines
1004 5265 1072 5319 ad
1093 5261 1293 5318 malum
1319 5278 1410 5318 seu
1433 5268 1709 5332 peccatum
1732 5278 1762 5316 a
1787 5264 1895 5317 Deo

316 5354 835 5427 pmdesunarentur
859 5351 958 5425 (d).
989 5350 1306 5407 Nascentem
1347 5352 1508 5423 hujus
1546 5349 1749 5406 erroris
1782 5354 1896 5420 opi-

315 5446 538 5501 nionem
585 5444 868 5516 designare
899 5442 1116 5498 videtur
1155 5434 1491 5498 Chiilletia‘na
1533 5432 1810 5496 Confessio
1842 5442 1893 5495 in

316 5535 441 5593 loco
466 5549 590 5591 mox
616 5536 780 5590 citato
805 5535 892 5590 his
919 5533 1101 5588 verbis
1129 5552 1140 5585 :
1166 5551 1184 5582 ε
1212 5531 1435 5601 Aliquos
1459 5539 1586 5584 vero
1608 5531 1675 5584 ad
1697 5527 1892 5585 malum

318 5629 504 5685 divina
549 5635 812 5698 potestate
838 5625 1248 5697 praedestinatos
1287 5638 1425 5686 esse,
1455 5637 1558 5676 non
1587 5621 1756 5675 solum
1789 5637 1894 5675 non

321 5718 516 5787 credo,
546 5718 642 5773 sed
669 5717 853 5782 etiam,
897 5716 942 5770 si
969 5722 1112 5780 sunt,
1145 5713 1234 5783 qui
1264 5721 1470 5767 tantum
1510 5711 1633 5765 mali
1678 5711 1896 5765 credere

1983 3259 2149 3329 gentii
2197 3259 2520 3316 ancteritate
2557 3259 2611 3316 in
2642 3256 2758 3317 haec
2803 3259 2965 3317 verba
2993 3281 3005 3316 ε
3038 3281 3057 3314 ι
3083 3255 3341 3331 Adverte,
3366 3265 3564 3336 quibus

1984 3342 2272 3423 impietatis
2298 3368 2357 3409 se
2381 3345 2606 3410 nexibus
2637 3346 2822 3427 ligant,
2853 3357 2898 3411 si
2928 3356 2996 3411 ad
3039 3357 3240 3412 bonum
3275 3351 3559 3429 praedesti-

1981 3453 2140 3501 natus
2158 3461 2297 3511 sum,
2321 3455 2507 3502 contra
2537 3447 2738 3503 malum
2763 3440 3016 3504 resistere
3045 3458 3267 3506 necesse
3291 3442 3424 3506 mihi
3452 3467 3560 3506 non

1982 3537 2088 3592 erit
2120 3532 2140 3590 τ’
2157 3537 2204 3592 si
2229 3552 2358 3593 vero
2379 3538 2448 3594 ad
2476 3538 2676 3592 malum
2698 3549 2881 3603 natus,
2911 3539 3112 3594 bonum
3144 3538 3276 3595 mihi
3305 3553 3562 3596 exercere

1981 3620 2117 3684 nihil
2155 3618 2414 3700 proderit.
2447 3647 2466 3680 ι
2500 3618 2700 3683 Eadem
2746 3625 2858 3683 fere
2881 3622 3253 3684 controversia
3295 3629 3564 3700 quinqua-

1981 3709 2129 3790 ginta
2157 3725 2278 3789 post
2298 3711 2454 3773 annis
2479 3709 2755 3773 recruduit
2772 3714 3054 3777 occasione
3074 3708 3410 3776 Cothescalci
3430 3737 3444 3772 :
3469 3715 3564 3775 sed

1983 3807 2052 3862 ab
2079 3822 2144 3862 eo
2176 3817 2415 3878 tempore
2439 3807 2655 3875 penitus
2680 3807 2943 3864 exstincta
2972 3813 3075 3862 est.
3097 3798 3241 3878 Ergo
3261 3801 3566 3863 Confessio-

1983 3888 2068 3950 nis
2095 3888 2446 3951 Chillletianae
2466 3894 2697 3966 scriptor
2720 3895 2935 3950 vivebat
2963 3904 3204 3964 tempore
3228 3895 3314 3950 vel
3338 3890 3562 3951 Adriani

1984 3995 2157 4056 papm,
2205 3986 2290 4041 vel
2337 3993 2486 4041 certe
2531 3980 2891 4050 'Gothescalci,
2932 3992 3063 4040 sane
3106 3984 3287 4054 potius
3323 3988 3564 4055 tempore

1985 4069 2207 4132 Adriani
2232 4087 2244 4130 :
2269 4084 2390 4132 eum
2411 4076 2708 4131 Bocrianus
2729 4074 2916 4139 codex,
2943 4072 3034 4146 qui
3059 4077 3428 4146 autographus
3454 4090 3561 4132 non

1986 4168 2092 4232 est,
2121 4168 2189 4222 ad
2213 4162 2390 4223 Caroli
2415 4163 2588 4239 Magni
2616 4175 2826 4236 tempus
2851 4166 3095 4238 proxime
3120 4167 3362 4223 accedat.

2056 4258 2187 4326 Quae
2230 4258 2494 4313 hactenus
2537 4257 2687 4322 dixi,
2728 4253 3012 4312 manifeste
3037 4299 3052 4324 ,
3089 4257 3145 4314 ni
3183 4251 3362 4325 fallor,
3405 4252 3563 4312 istius

1986 4349 2166 4421 operis
2183 4349 2561 4419 antiquitatem
2585 4341 2983 4407 demonstrant-
3015 4348 3290 4422 nunciam
3311 4345 3377 4406 de
3406 4343 3564 4405 titulo

1992 4442 2258 4514 agendum
2283 4443 2388 4498 est.
3457 4430 3463 4437 ’

2064 4616 2267 4681 Nomen
2294 4623 2530 4680 auctoris
2557 4631 2714 4680 vetus
2739 4623 2906 4678 codex
2930 4621 3227 4677 Bocrianus
3251 4616 3469 4693 praifcrt
3497 4617 3558 4678 in

1994 4716 2140 4771 hunc
2184 4715 2402 4771 modum
2430 4732 2442 4766 :
2468 4708 2645 4766 Albini
2685 4706 2952 4782 Confessio
3000 4707 3176 4767 Fidei.
3219 4711 3320 4779 Qui
3371 4712 3559 4767 titulus

1996 4816 2110 4862 tum
2133 4807 2286 4862 initio
2313 4805 2513 4860 codicis
2536 4805 2587 4858 in
2613 4795 2740 4857 folio
2765 4818 2954 4868 vacuo,
2980 4806 3090 4859 tum
3115 4804 3166 4858 in
3191 4801 3366 4858 fronte
3384 4798 3564 4873 operis

1993 4897 2245 4967 praznxus
2271 4904 2374 4950 est.
2414 4886 2773 4949 Posteriorem
2805 4904 3011 4950 tantum
3036 4896 3296 4967 expende,
3324 4911 3390 4950 eo
3416 4892 3562 4965 quod

1993 4986 2142 5057 prius
2185 4981 2356 5040 altero
2395 4986 2631 5055 scriptus
2675 4983 2941 5049 videatur,
2973 4985 3107 5060 alter
3137 5001 3265 5042 vero
3292 4987 3357 5040 ad
3387 4993 3564 5055 poste-

1995 5071 2154 5136 rioris
2201 5071 2552 5134 imitationem
2583 5087 2636 5134 et
2664 5076 2821 5134 [idem
2855 5078 3184 5134 ell'ormatus.
3216 5077 3314 5132 llic
3343 5092 3472 5147 ergo
3498 5075 3571 5132 ti-

1996 5171 2139 5226 tulus
2165 5168 2217 5224 in
2248 5165 2423 5240 fronte
2449 5159 2628 5238 operis
2655 5169 2942 5224 recentiori
2969 5181 3132 5224 manu
3158 5178 3213 5222 et
3237 5176 3560 5228 atramento.

1996 5271 2052 5318 ut
2091 5250 2201 5330 iam
2231 5251 2364 5323 dixi,
2389 5259 2710 5315 substitutus
2751 5268 2834 5314 est
2880 5260 2933 5314 in
2978 5259 3154 5315 locum
3205 5258 3445 5322 alterius,
3472 5261 3564 5326 qui

2000 5342 2167 5405 minio
2215 5343 2445 5418 scriptus
2474 5356 2610 5402 erat.
2647 5343 2716 5401 At
2757 5348 2878 5418 quis
2907 5338 3023 5417 ejus
3051 5349 3127 5402 rei
3155 5354 3366 5410 auctor,
3394 5359 3568 5415 quove

2000 5449 2240 5510 tempore
2269 5436 2320 5493 id
2349 5431 2548 5495 factum
2579 5439 2675 5504 sit,
2706 5454 2812 5494 non
2837 5431 2994 5493 facile
3022 5445 3107 5493 est
3128 5439 3387 5492 divinare.

2069 5519 2180 5584 liae
2208 5528 2275 5582 de
2307 5543 2363 5582 re
2396 5525 2589 5582 litteris
2615 5527 2856 5598 pulsatus
2881 5543 2911 5582 a
2937 5537 3023 5582 me
3051 5521 3368 5590 Chiillctius,
3395 5525 3484 5595 qui
3511 5526 3568 5579 in

1999 5618 2284 5672 editionem
2333 5632 2485 5670 suam
2529 5617 2631 5671 hoc
2672 5617 2965 5686 exemplari
3000 5632 3130 5672 usus
3157 5625 3256 5678 est,
3295 5614 3570 5684 respondit

2000 5724 2058 5763 se
2110 5717 2234 5763 ante
2280 5723 2446 5763 annos
2493 5707 2877 5779 quinquaginta
2929 5707 3202 5763 inventum
3252 5706 3488 5761 codicem
3537 5717 3568 5754 a
