3934 6180
373 366 393 417 1
406 363 505 415 0οἾ

1187 358 1245 411 n.
1284 357 1345 412 π.
1384 355 1606 411 ALBINI
1648 331 2089 411 sesamum
2121 350 2403 408 operum
2438 316 2617 408 pass
2652 312 2784 408 vtu.

3480 305 3643 408 nios

367 477 707 549 Lugdunensi
754 474 1037 544 bibliopola
1081 485 1441 542 comparasse,
1477 485 1542 523 ac
1569 468 1709 527 bona
1755 466 1857 520 fide
1892 473 1945 520 et
1974 468 2017 525 Α
2044 464 2198 532 quasi
2246 463 2538 533 naufragus
2585 465 2694 518 Deo
2731 464 3022 518 miserante
3048 462 3113 516 ad
3139 470 3354 531 portum
3385 459 3624 528 dejectus

371 571 581 624 titulum
609 577 661 622 et
690 575 996 621 contextum
1026 564 1224 634 operis,
1255 570 1413 633 prout
1454 578 1505 614 In
1533 576 1597 614 co
1621 559 1804 614 codice
1849 557 1945 610 ha-

367 661 672 723 bebantur,
704 662 756 713 in
807 659 978 713 editos
1024 658 1190 711 libros
1235 654 1500 708 retulisse.
1550 652 1690 706 Sane
1731 665 1944 705 onmem

372 749 477 805 doli
526 740 652 803 mali
701 756 794 802 aut
838 746 1040 800 fraudis
1087 742 1441 813 suspicionem
1470 757 1498 794 a
1528 740 1778 809 religioso
1806 738 1942 801 viro,

370 842 572 913 optime
615 840 682 895 de
725 838 997 903 republica
1046 834 1303 889 litteraria
1355 832 1567 894 merito,
1611 828 1819 883 amoliri
1848 844 1947 897 par

369 942 474 988 est.
520 931 656 987 Nam
699 930 840 1001 quod
886 944 985 999 pro
1026 925 1201 979 Albini
1248 922 1525 977 substituit
1558 919 1784 984 Alcuini,
1815 916 1946 972 nihil

371 1024 598 1080 interest
623 1022 687 1077 ad
719 1033 1035 1092 personam,
1064 1031 1183 1087 qua:
1206 1013 1496 1070 binominis
1522 1012 1638 1066 fuit.
1671 1011 1945 1080 Siquidem

371 1118 547 1186 patrio
572 1115 786 1170 nomine
811 1110 1141 1174 Alchwinus,
1166 1108 1355 1162 Latino
1377 1114 1431 1160 et
1465 1105 1699 1160 aseititio
1723 1104 1949 1158 Albinus
1971 1096 1979 1104 ’

371 1207 598 1261 Flaccus
640 1204 816 1258 dictus
843 1208 944 1256 est.
992 1200 1105 1254 lmo
1135 1214 1260 1253 vero
1290 1199 1394 1252 hoc
1422 1197 1551 1251 facit
1576 1196 1640 1250 ad
1669 1209 1948 1250 removen-

372 1296 493 1350 dam
523 1292 904 1364 suspicionem.
940 1288 996 1343 Si
1028 1289 1172 1342 enim
1201 1288 1377 1342 editor
1405 1285 1614 1339 titulum
1642 1283 1950 1354 supposuis-

371 1390 472 1452 set,
496 1383 738 1439 eamdem
782 1379 1070 1449 utrobique
1108 1378 1480 1448 supposuisset
1521 1374 1945 1444 inscriptionem.

369 1475 558 1531 Fuerit
583 1487 710 1545 ergo
741 1472 936 1542 aliquis
963 1470 1119 1533 alius,
1145 1470 1236 1539 qui
1265 1470 1469 1522 incerto
1500 1477 1741 1537 tempore
1766 1480 1951 1520 recen-

372 1567 562 1619 tiorem
590 1562 803 1618 titulum
829 1563 999 1617 reteri
1032 1561 1171 1615 libro
1205 1558 1458 1629 praafix-it,
1488 1559 1628 1627 quod
1673 1573 1776 1611 non
1814 1556 1949 1610 mala

372 1654 497 1719 fide,
523 1650 615 1709 sed
646 1668 710 1708 ex
747 1667 900 1721 aequo
939 1653 1184 1720 bonoque
1222 1648 1420 1703 factum
1452 1647 1762 1701 existimare
1802 1645 1947 1698 licet.

373 1727 506 1799 Nam
531 1756 628 1799 cur
650 1743 704 1797 in
725 1744 825 1798 bac
839 1757 895 1796 re
908 1742 1165 1795 mentitus
1196 1741 1265 1794 sit
1291 1739 1599 1808 quisquam,
1625 1736 1767 1789 nulla
1791 1750 1951 1789 causa

2045 552 2208 623 (sum)
2234 554 2450 621 quietis.

2114 644 2167 697 5.
2202 643 2484 697 Postremo
2512 642 2725 695 easdem
2750 641 2947 711 passim
2983 643 3297 706 sententias,
3329 644 3625 710 eademque,

2044 734 2206 787 verba
2247 733 2484 802 reperias
2518 732 2569 785 in
2599 731 2701 785 hac
2743 730 3115 795 Confessione,
3147 747 3265 800 qme
3306 732 3360 785 in
3390 731 3625 802 genuino

2046 824 2213 893 ipsius
2255 823 2468 877 Alcuini
2516 822 2663 877 libro'
2694 823 2759 877 de
2801 822 2931 875 Fide
2960 831 3161 876 sancte
3202 822 3484 875 Trinitatis
3524 821 3621 892 (ε).

2045 912 2449 969 Confessionem
2478 924 2881 967 controversam
2913 914 3124 967 orditur
3148 912 3306 983 373
3333 922 3521 967 auctor
3556 913 3626 965 ab

2046 1005 2132 1060 his
2152 1005 2331 1059 verbis
2357 1023 2368 1058 :
2397 1022 2415 1055 ‹
2451 1004 2652 1058 Adesto
2670 1005 2824 1069 mihi,
2851 1020 3035 1058 verum
3068 1006 3267 1065 lumen,
3295 1005 3434 1058 Deus
3465 1003 3628 1058 Pater

2047 1098 2416 1167 omnipotens,
2445 1099 2631 1152 adesto
2673 1098 2821 1159 mihi,
2856 1102 3041 1152 verum
3083 1098 3259 1152 lumen
3289 1098 3352 1152 de
3383 1097 3587 1151 lumine
3609 1136 3625 1158 ,

2049 1182 2184 1243 etc.»
2218 1189 2414 1244 Eadem
2441 1190 2660 1243 omnino
2686 1188 2846 1242 verba
2864 1190 3024 1243 habet
3050 1190 3309 1244 Alcuinus
3336 1191 3390 1244 in
3419 1190 3629 1244 invoca-

2050 1281 2194 1335 tione
2215 1279 2280 1333 ad
2309 1280 2702 1333 sanctissimam
2730 1280 3047 1333 Trinitatem
3071 1280 3123 1333 in
3146 1280 3377 1350 Operum
3402 1296 3627 1334 suorum

2050 1372 2294 1427 columna
2342 1370 2443 1424 756
2483 1370 2823 1443 (Patrologia?
2864 1380 3009 1425 tomo
3046 1371 3131 1433 Cl,
3179 1371 3279 1426 col.
3311 1371 3421 1439 δι).
3474 1371 3631 1426 Mitto

1976 1466 1981 1473 ’
2050 1458 2154 1518 alia
2179 1462 2437 1531 ejusmodi
2468 1462 2803 1533 quamplura.
2856 1470 2861 1474 ‘

2121 1551 2215 1606 llis
2244 1553 2378 1607 adde
2404 1553 2779 1620 antiquitatem
2814 1552 2993 1623 operis
3032 1554 3279 1624 superius
3319 1556 3581 1607 as‘scrtam
3612 1571 3626 1604 :

2054 1642 2194 1711 quod
2220 1658 2341 1696 cum
2367 1642 2541 1697 Caroli
2572 1641 2745 1713 Magni
2783 1653 3023 1714 tempore
3058 1646 3331 1699 conditum
3360 1646 3461 1709 sit,
3496 1646 3629 1699 nulli

2053 1734 2231 1803 potius
2261 1749 2419 1803 quam
2448 1734 2674 1789 Alcuino
2693 1776 2707 1798 ,
2733 1744 2791 1789 ut
2824 1737 2936 1806 jam
2968 1737 3108 1794 dixi.
3136 1737 3396 1808 assignari
3428 1746 3629 1806 potest.

374 1834 501 1905 fingi
540 1842 736 1905 potest.
785 1832 926 1903 Ergo
951 1831 1003 1886 id
1033 1831 1225 1885 fecisse
1266 1829 1506 1891 videtur,
1534 1828 1840 1897 quicunque
1870 1832 1949 1878 est
1984 1840 2029 1900 Β
2054 1822 2268 1877 ld-vero
2305 1823 2533 1893 amplius
2569 1825 2837 1880 elucescet
2863 1843 2927 1879 cx
2973 1827 3236 1883 solutione
3279 1838 3631 1899 argumento-

375 1926 482 1992 ille,
501 1925 567 1980 ad
593 1925 750 1980 ﬁdem
774 1925 1001 1995 alicujus
1028 1923 1224 1978 veteris
1246 1922 1459 1981 codicis,
1480 1928 1572 1974 aut
1599 1919 1736 1973 forte
1759 1910 1961 1988 ipsius:

374 2024 485 2070 met
525 2013 868 2086 exemplaris,
897 2012 1050 2084 cujus
1089 2013 1354 2083 fugientes
1391 2010 1600 2065 litteras
1627 2024 1765 2063 novo
1809 2016 1953 2063 atra-

373 2115 555 2163 mento
581 2106 895 2163 restituerit.
925 2103 995 2159 At
1021 2105 1133 2160 sive
1154 2105 1278 2169 hoc,
1294 2104 1407 2158 sive
1429 2103 1533 2157 alio
1555 2102 1712 2157 modo
1734 2097 1786 2155 id
1807 2116 1952 2155 com-

374 2198 599 2254 missum
628 2199 699 2253 sit
730 2194 894 2268 (quod
932 2203 1081 2251 certe
1129 2195 1476 2250 commissum
1519 2189 1736 2264 nollem)
1786 2190 1953 2245 multa

374 2296 499 2344 sunt
527 2288 579 2342 in
608 2303 669 2343 ea
695 2285 1042 2341 Confessione
1063 2300 1182 2354 quze
1205 2283 1269 2338 ad
1297 2299 1431 2352 opus
1458 2282 1601 2338 istud
1623 2280 1849 2337 Alcuiuo
1868 2281 1954 2335 tri-

374 2376 645 2431 buendum
673 2375 947 2429 inducant.
994 2371 1370 2443 Supponamus
1391 2372 1534 2425 enim
1581 2370 1782 2425 nullum
1805 2369 1954 2438 operi

371 2465 652 2540 przeftxum
699 2466 943 2531 titulum;
993 2480 1122 2520 sane
1174 2465 1396 2535 probata
1453 2460 1568 2531 ejus
1609 2463 1950 2532 antiquitate,

374 2557 579 2612 nullum
594 2555 771 2612 Caroli
788 2554 962 2624 Magni
984 2563 1226 2623 tempore
1247 2563 1521 2607 auctorem
1538 2552 1775 2617 invenio,
1791 2569 1951 2622 quam

375 2647 680 2713 Alcuinum,
698 2646 782 2701 cui
808 2647 922 2701 haec
944 2644 1223 2700 Confessio
1247 2643 1438 2698 merito
1458 2643 1653 2698 ascribi
1681 2645 1869 2715 possit.
1897 2643 1951 2698 ln

375 2752 499 2790 eum
520 2735 781 2804 siquidem
807 2734 1048 2805 apprime
1072 2734 1395 2789 conveniunt
1416 2734 1611 2790 indicia
1635 2734 1813 2789 omnia
1835 2750 1954 2804 quae

376 2826 444 2881 de
468 2832 686 2881 auctore
707 2825 761 2878 in
786 2824 899 2895 ipsa
927 2823 1278 2878 Confessione
1309 2824 1576 2895 leguntur.

448 2918 500 2971 1.
529 2914 589 2971 ιη
612 2916 801 2988 primis
824 2924 1013 2972 auctor
1030 2916 1198 2972 Deum
1219 2925 1492 2987 precatur,
1512 2926 1571 2972 ut
1596 2936 1615 2969 ‹
1637 2919 1957 2974 necessariis

2055 1930 2203 1979 rum,
2238 1930 2357 1983 quae
2402 1922 2511 1968 tum
2559 1915 2818 1971 adversus
2860 1919 3039 1987 operis
3074 1919 3484 1988 antiquitatem,
3516 1930 3632 1976 tum

2053 2005 2315 2060 adversus
2342 2005 2625 2061 Aleuinum
2662 2006 3019 2062 adducuntur.
3660 1994 3665 2005 ’

2800 2099 2888 2154 111.

2123 2187 2360 2243 Primum
2393 2197 2767 2260 argumentum
2798 2191 2849 2245 in
2878 2190 3029 2246 Notis
3058 2192 3125 2247 ad
3146 2192 3375 2248 ofﬁcium
3403 2196 3637 2251 sanctis—

2053 2278 2173 2332 simi
2204 2279 2557 2345 sacramenti,
2602 2295 2749 2334 num.
2778 2267 3215 2352 70,'proponitur
3242 2284 3296 2338 in
3344 2286 3487 2341 hunc
3519 2286 3637 2341 fere

2054 2370 2268 2424 modum
2296 2390 2305 2421 :
2340 2388 2357 2420 ‹
2385 2366 2510 2426 Haec
2531 2368 2808 2428 Confessio
2832 2375 3063 2428 maxima
3086 2391 3149 2429 ex
3174 2385 3328 2448 parte
3349 2379 3634 2449 desumpta

2051 2467 2135 2513 est
2162 2475 2227 2513 ex
2252 2458 2451 2528 Pelagii
2478 2457 2826 2517 Confessione
2857 2462 3001 2530 fidei,
3028 2474 3081 2519 et
3102 2482 3165 2520 ex
3197 2464 3336 2522 libro
3362 2466 3636 2526 Cennadii

2054 2551 2117 2605 de
2145 2550 2489 2621 Dogmatibus
2515 2553 2934 2621 ecclesiasticis,
2968 2558 3180 2612 tametsi
3225 2560 3341 2614 loca
3383 2562 3471 2616 illa
3506 2579 3637 2632 qua:

2052 2638 2393 2709 Pelagianam
2421 2649 2514 2695 aut
2537 2641 3023 2716 Semipelagia’nam
3052 2644 3353 2704 doctrinam
3392 2653 3636 2722 sapiunt.

2053 2738 2294 2784 correcta
2322 2730 2816 2800 deprehenduntur.
2850 2737 3049 2793 Deinde
3073 2741 3281 2809 priores
3302 2743 3421 2798 dua:
3444 2756 3640 2814 partes

2051 2823 2325 2893 praeclarae
2370 2834 2495 2878 sunt
2536 2834 2591 2880 et
2624 2825 2756 2894 pice;
2789 2836 2844 2881 at
2876 2829 3034 2884 tertia
3082 2847 3209 2901 pars
3244 2850 3348 2889 non
3395 2838 3639 2893 cobazret

2054 2928 2175 2966 cum
2205 2914 2410 2969 duabus
2437 2914 2734 2986 prioribus,
2780 2934 2847 2972 ex
2898 2919 3092 2989 quibus
3134 2923 3301 2979 multa
3333 2929 3527 2996 repetit
3566 2931 3641 2985 ad

376 3006 750 3063 famulantium
779 3005 1051 3076 obsequiis
1070 3048 1084 3069 ,
1117 3016 1172 3061 et
1198 3006 1437 3076 impensa
1465 3024 1497 3062 a
1524 3005 1782 3062 fratribus
1807 3024 1957 3063 reve—
2054 3003 2294 3067 Verbum,
2324 3006 2468 3074 quod
2494 3006 2549 3060 in
2586 3024 2692 3062 uno
2721 3008 3020 3080 eodemque
3048 3029 3208 3083 opere
3238 3014 3416 3071 nullus
3444 3030 3641 3075 auctor

377 3098 549 3154 rentia
578 3104 598 3150 δ
627 3112 898 3167 nunquam
929 3096 1240 3152 extollatur.
1290 3095 1443 3164 Quod
1474 3096 1688 3167 quidem
1714 3098 1956 3170 apprime
2055 3091 2266 3147 fecerit.
2305 3113 2323 3146 ι
2357 3094 2471 3151 Huc
2507 3094 2619 3150 fere
2655 3098 2980 3169 conjecturae
3011 3102 3151 3158 illius
3192 3109 3444 3178 anonymi
3485 3111 3636 3165 redi—

375 3186 892 3260 competitAlcuino,
924 3187 1010 3243 cui
1036 3186 1327 3257 Elipandus
1356 3185 1646 3242 Toletanus
1671 3188 1952 3256 episcopus
1980 3193 2024 3255 ο
2054 3191 2269 3251 guntur,
2300 3183 2388 3253 qui
2421 3184 2767 3241 nihilominus
2808 3187 3024 3257 fatetur,
3074 3194 3270 3264 stylum
3308 3196 3465 3253 istius
3487 3200 3639 3255 Con-

376 3276 722 3346 exprobravit
741 3276 881 3345 quod
907 3277 1085 3346 viginti
1116 3275 1282 3330 millia
1306 3293 1568 3330 servorum
1592 3278 1816 3332 haberet
1844 3277 1949 3350 (e):

376 3385 476 3425 nec
499 3370 758 3425 Alcuinus
783 3370 897 3439 ipse
919 3371 1173 3424 di‘l'tetur
1201 3370 1252 3424 in
1284 3370 1633 3440 responsione
1654 3371 1720 3425 ad
1737 3371 1953 3441 Elipan-

385 3463 534 3519 dum.
583 3508 591 3516 .

447 3552 502 3606 2.
543 3550 774 3616 Deinde,
818 3566 939 3621 pag.
990 3548 1128 3614 150,
1176 3550 1476 3620 ingemiscit
1519 3551 1662 3619 quod
1711 3552 1956 3607 amiserit

384 3661 402 3693 ι
436 3641 611 3698 locum
639 3640 844 3695 dilecte
865 3639 1187 3705 solitudinis,
1206 3639 1439 3695 amicum
1470 3640 1742 3705 mceroris,
1759 3643 1955 3711 quietis

378 3740 434 3788 et
461 3729 869 3802 paenitudinis,»
901 3745 1060 3800 quem
1091 3726 1158 3782 ab
1185 3728 1401 3784 ineunte
1436 3735 1593 3785 aetate
1637 3745 1848 3801 semper
1881 3731 1956 3785 di-

378 3824 604 3879 lexerat.
636 3842 654 3874 ι
689 3820 912 3884 Idcirco,
964 3822 1165 3893 inquit,
1213 3823 1265 3877 in
1317 3823 1563 3895 angustia
1620 3832 1673 3879 et
1722 3841 1955 3881 maerore

378 3914 548 3968 multo
574 3913 746 3984 posita
768 3923 850 3968 est
878 3913 1054 3967 anima
1088 3930 1223 3979 mea,
1251 3923 1401 3969 tuum
1428 3931 1588 3987 super
1613 3933 1671 3973 se
1702 3917 1952 3989 ignorans

373 4003 632 4074 judicium
659 4022 672 4058 :
701 4002 827 4074 quia
852 4011 1119 4067 secretum
1143 4004 1313 4060 solita:
1339 4005 1536 4075 quietis
1562 4016 1617 4063 et
1642 4014 1955 4078 opportuna:

380 4094 446 4148 ad
475 4101 527 4148 te
556 4093 870 4157 vacationis,
902 4094 1046 4163 quod
1086 4092 1249 4150 semel
1292 4094 1543 4151 incautus
1571 4098 1748 4163 amisi,
1780 4098 1955 4154 denuo

378 4184 620 4239 invenire
660 4199 765 4238 non
797 4183 965 4253 potui.
998 4183 1113 4240 Hoc
1154 4190 1334 4240 autem
1356 4195 1485 4256 opto
1514 4186 1709 4253 adhuc,
1742 4176 1975 4260 suspiro’

379 4282 434 4331 et
453 4290 663 4347 quzero;
695 4276 789 4331 sed
818 4276 1268 4347 prrepedientibus
1291 4279 1532 4348 peccatis
1560 4281 1695 4336 meis
1717 4283 1955 4351 reperire

378 4381 485 4421 non
527 4365 680 4421 valeo
707 4363 790 4437 (Γ).
823 4385 841 4418 ι
868 4364 1124 4420 Eamdem
1172 4368 1336 4421 animi
1382 4368 1463 4424 sui
1494 4370 1841 4439 agitationem
1868 4388 1956 4427 ex-

376 4456 564 4528 primit
611 4455 871 4511 Alcuinus
906 4455 1148 4526 pluribus
1184 4457 1239 4513 in
1285 4458 1440 4524 locis,
1472 4460 1706 4516 maxime
1745 4477 1873 4518 vero
1899 4465 1951 4518 in

376 4545 601 4617 epistola
654 4546 776 4621 {29,
805 4546 857 4599 in
900 4561 1004 4617 qua
1049 4546 1163 4602 haec
1212 4547 1415 4602 verba:
1444 4568 1463 4598 ‹
1501 4549 1638 4607 Fere
1676 4560 1801 4607 ante
1850 4554 1950 4610 hoc

376 4637 800 4709 quinquennium
835 4639 1246 4706 occupationes,
1271 4638 1439 4696 Deum
1470 4648 1650 4704 testor,
1679 4657 1784 4697 non
1824 4643 1949 4701 ficto

375 4730 538 4805 corde
566 4729 835 4785 declinare
864 4731 1114 4803 cogitavi,
1140 4733 1232 4788 sed
1263 4742 1453 4788 vestrre
1475 4735 1575 4805 piae
1602 4736 1949 4805 providentia:

377 4819 599 4874 consilio
627 4820 919 4875 translatus
951 4837 1068 4876 sum
1102 4822 1154 4877 in
1185 4823 1462 4878 servitium
1504 4827 1672 4881 sancti
1705 4824 1945 4895 Martini,

378 4905 500 4962 ﬁdei
547 4907 822 4963 catholica:
866 4918 921 4963 et
965 4911 1345 4969 ecclesiasticae
1391 4916 1655 4971 sanctioni
1716 4918 1948 4975 donante

376 4995 504 5058 Deo,
538 4995 854 5066 proficuum.
906 4998 1022 5053 Non
1069 5002 1295 5056 recessit
1337 5011 1513 5058 tamen
1542 5007 1608 5060 de
1636 5007 1798 5062 corde
1828 5024 1947 5064 meo

373 5085 571 5154 prioris
598 5085 890 5143 voluntatis
918 5087 1175 5157 affectus,
1204 5091 1339 5147 sicut
1373 5099 1648 5150 transacto
1675 5112 1817 5153 anno
1858 5114 1948 5153 ve-

375 5182 504 5230 strte
544 5174 730 5245 pietati
771 5175 885 5246 jam
930 5178 1174 5247 praedixi.
1209 5200 1229 5233 ι
1264 5180 1387 5237 Haec
1429 5183 1497 5238 ad
1546 5182 1796 5241 Carolum
1825 5189 1947 5243 :cui

376 5265 538 5321 aliam
579 5268 795 5341 scripsit
841 5270 1152 5342 epistolam,
1185 5273 1440 5329 nimirum
1482 5274 1604 5340 {32,
1651 5278 1717 5332 de
1758 5279 1945 5335 eodem

375 5365 711 5431 argumento.
761 5359 885 5415 Voti
912 5374 1131 5433 compos
1175 5361 1377 5428 factus,
1410 5363 1542 5420 alias
1570 5366 1715 5422 misit
1742 5366 1949 5424 litteras

374 5445 443 5500 ad
469 5443 664 5503 fratres
692 5447 745 5503 in
771 5446 978 5506 Gothiae
1013 5453 1258 5521 partibus
1287 5454 1398 5509 Deo
1430 5455 1726 5511 servientes
1753 5455 1945 5526 (Epist.

376 5534 501 5607 155)
528 5554 541 5590 :
570 5555 590 5587 ι
619 5536 733 5609 Ego
751 5554 898 5606 vero,
921 5541 1018 5608 ait,
1041 5543 1223 5599 steculi
1245 5544 1655 5615 tempestatibus
1676 5547 1946 5614 turbatus,

378 5637 536 5677 casso
571 5626 756 5681 multis
801 5628 857 5683 in
902 5630 1037 5687 locis
1072 5631 1257 5688 labore
1298 5633 1555 5689 desudavi
1593 5652 1607 5689 :
1644 5633 1741 5690 sed
1788 5638 1947 5693 modo

2052 3272 2299 3330 fessionis
2341 3278 2603 3362 accedere
2650 3281 2717 3334 ad
2769 3282 2968 3353 stylum
3019 3284 3263 3354 Alcuini,
3309 3298 3473 3360 atque
3516 3291 3644 3360 ejus

2052 3367 2380 3423 conditorem
2410 3370 2607 3426 vixisse
2633 3378 2757 3428 ante
2804 3376 3252 3434 scholasticorum
3280 3392 3535 3451 aetatem,
3573 3403 3642 3441 ac

2052 3460 2273 3527 proinde
2303 3461 2435 3516 nihil
2464 3464 2595 3517 certi
2632 3482 2697 3520 ex
2728 3467 2812 3521 his
2852 3470 3179 3539 eonjecturis
3212 3474 3407 3530 confici
3448 3492 3636 3546 posse.

2122 3549 2235 3604 Etsi
2265 3552 2379 3606 haec
2404 3551 2672 3626 Anonymi
2704 3556 2984 3614 Confessio
3021 3560 3133 3617 fere
3158 3562 3386 3620 sulliciat
3421 3567 3491 3622 ad
3526 3570 3641 3623 sol-

2052 3641 2252 3695 vendas
2297 3641 2637 3710 conjecturas
2687 3666 2822 3718 quas
2863 3637 3109 3719 adduxit,
3162 3656 3415 3711 nonnulla
3452 3666 3641 3716 tamen

2054 3746 2315 3802 reponere
2359 3735 2513 3805 juvat
2560 3741 2626 3793 ad
2674 3742 2990 3810 ampliorem
3043 3747 3288 3803 veritatis
3338 3752 3638 3809 confirma-

2055 3824 2277 3881 tionem.

2126 3916 2174 3970 t.
2204 3915 2394 3974 Nullus
2431 3922 2634 3977 moveri
2667 3923 2824 3979 debet
2868 3928 3013 3997 quod
3041 3926 3408 3985 Confessionis
3443 3943 3639 3987 auctor

2053 4018 2182 4059 usus
2209 4006 2281 4061 sit
2307 4007 2656 4066 Confessione
2683 4011 2885 4083 Pelagii
2922 4015 3021 4088 (b).
3069 4016 3346 4086 Siquidem
3387 4026 3638 4090 tempore

2051 4095 2263 4152 Alcuini
2290 4114 2389 4169 pro
2414 4114 2542 4155 vero
2565 4103 2736 4158 sancti
2779 4103 3092 4178 Hieronymi
3144 4107 3250 4164 fetu
3298 4114 3637 4181 agnosceba-

2053 4193 2159 4238 tur.
2188 4184 2244 4239 ld
2272 4196 2441 4256 patet,
2479 4197 2591 4244 tum
2616 4204 2681 4245 ex
2710 4192 2830 4248 libri
2861 4196 3007 4250 tertii
3037 4196 3273 4253 Caroliui
3299 4216 3419 4269 cap.
3455 4200 3508 4267 1,
3537 4202 3631 4257 ubi

2053 4276 2168 4331 ham
2206 4277 2488 4337 Confessio
2540 4286 2638 4339 sub
2684 4286 2899 4342 nomine
2948 4284 3259 4360 Hieronymi
3305 4292 3628 4356 adducitur;

2053 4377 2167 4424 tum
2194 4384 2258 4425 ex
2285 4384 2384 4427 ms.
2415 4374 2611 4431 Codice
2640 4377 2899 4433 Caesareae
2942 4381 3306 4448 bibliothecae,
3335 4384 3427 4452 qui
3458 4384 3631 4439 codex

2052 4461 2287 4529 psalmos
2316 4470 2369 4515 et
2399 4465 2636 4531 cantica,
2664 4469 2953 4538 variasque
2997 4472 3367 4527 confessiones
3391 4475 3631 4543 comple-

2053 4556 2226 4614 ctens,
2248 4547 2401 4617 jussu
2430 4553 2607 4609 Caroli
2636 4555 2809 4628 Magni
2838 4577 2867 4612 a
2890 4559 3114 4631 Dagulfo
3137 4563 3350 4617 notario
3373 4564 3625 4635 scriptus.

2053 4648 2214 4708 atque
2238 4642 2475 4697 Adriano
2503 4661 2653 4716 papa:
2678 4647 2890 4704 oblatus
2915 4660 2998 4705 est
3023 4691 3038 4715 ,
3073 4660 3301 4709 testante
3336 4651 3627 4710 Lambecio

2052 4730 2105 4783 in
2131 4730 2390 4786 Caesareae
2405 4734 2740 4793 bibliothecm
2767 4746 2895 4793 tom.
2913 4740 3335 4815 ll,continetque
3359 4746 3503 4800 inter
3524 4745 3625 4800 alia

2051 4821 2375 4891 ipsissimam
2425 4823 2624 4896 Pelagii
2673 4828 3075 4885 Confessionem
3114 4849 3236 4888 cum
3287 4835 3391 4889 hoc
3430 4836 3622 4889 titulo:

2052 4908 2320 4981 Confessio
2345 4914 2469 4983 ﬁdei
2496 4916 2764 4972 catholica:
2791 4924 2959 4974 sancti
2986 4922 3313 4994 Hieronymi.
3337 4925 3475 4980 Tum
3501 4927 3623 4982 sub-

2056 5004 2301 5072 sequitur
2321 5004 2601 5063 Con:fessio
2629 5008 2681 5063 in
2705 5011 2818 5066 lucc
2840 5013 3002 5067 verba
3028 5033 3041 5069 :
3075 5010 3348 5071 Credimus
3374 5018 3429 5072 in
3464 5019 3622 5074 Deum

2055 5090 2268 5148 Putrem
2299 5099 2695 5168 omnipotentem
2720 5115 3024 5161 cunctorum
3056 5108 3335 5163 visibilium
3361 5120 3411 5164 et
3447 5113 3623 5167 invisi-

2053 5186 2233 5274 bilium
2280 5190 2627 5255 conditorem,
2660 5204 2791 5260 etc.,
2830 5213 2950 5268 qua:
2989 5200 3259 5272 ipsissima
3304 5210 3389 5257 est
3426 5202 3622 5274 Pelagii

2054 5273 2331 5333 Confessio
2356 5292 2402 5333 ιι.
2428 5280 2637 5337 Nemini
2667 5285 2845 5356 itaque
2874 5290 3072 5345 mirum
3099 5307 3219 5347 esse
3245 5290 3406 5348 debet
3443 5296 3492 5350 si
3521 5273 3619 5349 Pe-

2053 5366 2179 5439 lagii
2209 5369 2614 5431 Confessionem
2644 5381 3046 5451 transeripserit
3070 5384 3121 5437 in
3154 5400 3307 5439 suam
3330 5384 3617 5450 Alcuiuus.

2052 5460 2143 5529 qui
2165 5475 2284 5515 eam
2308 5466 2591 5533 reputabat
2611 5483 2731 5524 esse
2745 5468 3077 5544 Hieronymi,
3104 5489 3266 5545 quem
3286 5477 3342 5531 in
3357 5476 3474 5531 suis
3493 5473 3620 5531 scri-

2051 5552 2158 5621 ptis
2185 5554 2383 5621 passim
2414 5559 2776 5617 transcribere
2800 5563 2957 5620 solet.

2121 5638 2306 5711 Neque
2327 5644 2526 5700 mirum
2553 5648 2697 5718 quod
2718 5652 2881 5710 etiam
2907 5671 3039 5713 usus
3058 5664 3144 5713 est
3169 5658 3476 5717 testimonio
3501 5652 3620 5713 libri

456 5743 482 5773 ι
512 5731 634 5787 Vid.
662 5743 803 5802 part.
830 5752 916 5803 ru,
937 5754 993 5793 ιι.
1016 5740 1105 5806 32,
1133 5756 1253 5810 quae
1274 5760 1403 5800 sane
1424 5744 1709 5814 Pelagiana
1741 5746 1820 5803 vel
1851 5746 2279 5822 Semipelagiana
2304 5769 2409 5809 non
2434 5767 2577 5813 sunt.
