3934 6180
349 265 494 332 ,ιτυοο

921 262 1069 318 ΟΡΡ.
1112 263 1334 324 DUBIA.
1371 295 1439 306 -—
1474 264 1563 318 DE
1600 263 1778 318 FIDE!
1816 262 2146 319 CONFESS.
2194 266 2584 325 MABILLONII
2623 269 3050 337 DlSQUlSlTlO.

3462 282 3600 339 “HO

356 383 420 435 de
449 380 798 446 Dogmatibus
827 382 1230 444 ecclesiasticis,
1257 399 1414 451 quem
1441 381 1702 437 Gennadii
1734 383 1920 438 Massi—
1951 379 1990 434 Α
2022 378 2254 443 attinet,
2284 381 2326 433 si
2357 383 2478 450 quis
2505 398 2616 437 rem
2647 387 2865 455 propius
2895 387 3201 444 consideret
3226 432 3240 454 ,
3282 409 3342 447 ex
3383 395 3598 452 Cbiﬂle-

353 468 555 532 liensis,
607 469 841 523 hominis
887 469 1338 542 Semipelagiani,
1391 471 1557 526 fetum
1602 487 1724 526 esse
1779 490 1922 528 nutic

352 569 565 616 constat
609 561 749 628 apud
793 563 1064 628 eruditos;
1124 573 1266 627 tum,
1316 565 1440 632 quia
1490 565 1626 618 liber
1661 565 1762 619 iste
1791 565 1918 618 olim

350 659 538 708 sancto
562 651 864 721 Augustino
891 655 1196 723 suppositus
1225 662 1322 711 est,
1354 654 1659 721 relatusque
1685 669 1714 707 a
1743 661 1922 722 poste—

337 743 428 798 ris
456 743 510 796 in
537 740 654 809 ejus
680 740 911 811 Operum
936 744 1295 812 Appendicem
1321 762 1332 796 :
1369 753 1500 806 tum,
1527 744 1650 812 quia
1673 753 1795 798 ante
1827 760 1920 798 an-

350 849 448 887 nos
477 835 815 902 octingentos
851 849 973 887 cum
1001 834 1294 888 honorifica
1334 836 1571 890 auctoris
1606 835 1921 904 praefatione

347 926 595 981 laudatus
621 934 725 990 est,
751 926 914 980 etiam
937 927 1003 979 ab
1031 926 1113 978 bis
1143 926 1234 994 qui
1263 926 1384 994 ejus
1403 934 1680 994 parentem
1704 926 1918 980 Genna-

347 1021 493 1076 dium
537 1020 916 1087 agnoscebant.
963 1018 1133 1087 Hujus
1181 1020 1255 1072 rei
1291 1019 1590 1073 luculentus
1640 1019 1794 1072 testis
1837 1026 1920 1071 est

341 1113 616 1170 Adrianus
641 1126 778 1180 papa
811 1110 1049 1178 primus,
1085 1110 1295 1165 Alcuini
1324 1111 1567 1178 mqualis,
1603 1111 1654 1164 in
1695 1107 1919 1176 cpistola

342 1203 412 1257 ad
433 1201 686 1257 Carolum
712 1200 958 1269 Magnum
984 1201 1048 1254 de
1074 1202 1228 1256 Cultu
1257 1212 1563 1255 sanctarum
1589 1202 1878 1269 imaginum
1903 1219 1914 1254 :

341 1291 430 1345 cui
457 1290 734 1360 probando
765 1291 908 1344 inter
937 1293 1070 1346 alias
1106 1294 1324 1346 Patrum
1371 1293 1722 1346 auctoritates
1757 1293 1918 1345 etiam

340 1381 608 1437 Gennadii
636 1382 958 1436 sententiam
990 1384 1206 1438 adducit
1235 1385 1318 1438 bis
1345 1385 1520 1438 verbis
1549 1403 1559 1436 :
1602 1403 1618 1432 ‹
1656 1385 1710 1436 In
1749 1384 1921 1437 sacris

340 1473 618 1541 praedictis
644 1473 887 1528 conciliis
919 1476 1374 1543 praedecessorum
1407 1492 1648 1531 meorum
1687 1475 1916 1529 sanctis—

339 1566 606 1619 simorum
631 1563 946 1631 pontificmn
984 1565 1097 1618 haec
1137 1565 1312 1619 oblata
1350 1574 1476 1619 sunt
1509 1564 1838 1626 testimonia,
1866 1563 1919 1615 id

337 1657 425 1702 est
453 1669 465 1704 :
496 1653 668 1712 sancti
697 1652 958 1708 Gennadii
1002 1655 1350 1710 Massiliensis
1384 1657 1652 1725 episcopi,
1682 1655 1919 1724 qualiter

338 1742 645 1795 veneranda
673 1742 781 1796 sint
809 1759 1036 1812 corpora
1076 1746 1157 1799 vel
1201 1748 1440 1816 reliquias
1472 1755 1779 1801 sanctorum
1826 1762 1917 1799 ca-

337 1832 511 1899 pitulo
535 1833 602 1887 40
633 1852 644 1887 :
679 1834 964 1890 Sacrorum
991 1856 1243 1907 corpora,
1277 1852 1322 1893 et
1353 1843 1612 1910 prarcip-ue
1643 1841 1910 1894 beatorum

337 1933 629 1992 martyrum
654 1925 914 1997 reliquias.
937 1947 998 1983 ac
1016 1932 1060 1982 si
1079 1931 1270 1985 Christi
1293 1934 1543 1996 membra,
1563 1933 1911 1987 sincerissime

332 2012 666 2079 honoranda,
682 2025 786 2072 etc.
812 2017 940 2084 Quae
962 2021 1222 2076 Genuadii
1251 2023 1411 2077 verba
1437 2025 1702 2077 habentur
1723 2023 1776 2076 in
1798 2022 1912 2091 ejus

334 2102 555 2173 vulgato
582 2104 718 2161 libro
746 2108 812 2162 de.
844 2109 1192 2179 Dogmatibus
1227 2113 1638 2176 ecclesiasticis,
1671 2129 1789 2182 cap.
1821 2113 1907 2167 7'5.

337 2188 440 2243 Ubi
489 2191 637 2248 vides
685 2211 789 2250 non
826 2204 1032 2252 tantmn
1073 2199 1441 2266 Gumadium,
1485 2203 1578 2257 sed
1603 2203 1765 2256 etiam
1795 2201 1913 2270 ejus

333 2278 532 2335 librum
559 2283 625 2338 de
653 2284 1002 2356 Dogmatibus
1032 2292 1409 2347 ecclesiasticis
1439 2294 1505 2347 ab
1531 2292 1770 2347 Adriano
1799 2293 1914 2346 lau-

333 2370 521 2426 datum
551 2391 565 2427 :
599 2389 700 2430 nec
718 2379 942 2447 proinde
971 2371 1164 2437 mirum
1193 2400 1312 2437 esse
1340 2387 1480 2454 quod
1509 2385 1578 2438 ab
1603 2385 1831 2440 Alcuino
1859 2386 1912 2439 in

332 2459 685 2520 Confessione
704 2482 799 2522 sua
831 2478 884 2523 et
920 2471 1053 2526 liber
1081 2482 1137 2527 et
1169 2484 1357 2528 auctor
1395 2475 1579 2530 itidem
1627 2476 1910 2540 laudetur;

333 2556 510 2621 neque
541 2556 661 2611 inde
691 2561 827 2614 sumi
859 2577 1015 2630 posse
1044 2575 1417 2634 argumentum
1461 2577 1518 2621 ut
1547 2570 1661 2622 inec
1691 2567 1915 2625 Confes—

331 2645 418 2711 sio
443 2646 757 2704 detrahatur
776 2652 1024 2718 Alcuino,
1055 2657 1160 2710 imo
1187 2659 1368 2726 potius
1389 2667 1448 2712 ut
1476 2660 1574 2727 ipsi
1607 2670 1906 2715 asseratur.

330 2733 469 2788 Nam
498 2746 618 2805 post
643 2745 1036 2799 controversias
1066 2745 1403 2803 Gothescalci
1446 2753 1729 2806 occasione
1756 2769 1913 2808 exor-

331 2833 436 2885 tas,
461 2823 574 2891 jam
599 2837 712 2882 tum
736 2831 949 2886 demum
971 2848 1253 2905 suspectus
1275 2855 1339 2893 ac
1356 2839 1908 2912 Semipelagianorum

325 2931 518 2971 errore
544 2918 773 2974 infectus
795 2923 1050 2990 probatus
1073 2935 1155 2980 est
1185 2929 1284 2982 iste
1307 2928 1569 2985 Gennadii
1599 2933 1826 2996 libellus,
1853 2943 1911 2990 ut

328 3015 482 3072 patet
506 3024 572 3061 ex
598 3007 741 3063 Flori
785 3022 838 3066 et
873 3013 1126 3070 Ecclesia:
1176 3018 1542 3088 Lugiunrusis
1591 3024 1809 3091 scriptis
1857 3025 1909 3077 in

325 3115 495 3152 ctuosa
534 3102 1040 3168 prazdestinatiouis.
1067 3108 1200 3163 Cum
1244 3127 1372 3181 ergo
1411 3122 1520 3167 tam
1555 3115 1818 3171 Gennadii
1851 3117 1911 3172 li-

328 3189 532 3242 bellum
560 3207 719 3260 quam
745 3192 1078 3250 Gennadium
1125 3199 1296 3267 ipsum
1348 3204 1524 3272 magni
1566 3204 1730 3260 faciat
1765 3207 1908 3260 Con-

326 3278 584 3335 fessionis
611 3281 956 3349 Chililetiana:
996 3289 1246 3358 scriptor,
1288 3291 1412 3346 inde
1449 3309 1784 3364 consequens
1825 3306 1908 3351 est

326 3381 391 3425 ut
416 3374 462 3426 is
482 3383 606 3429 ante
635 3375 970 3433 Gothcscalci
999 3385 1398 3436 controversias
1426 3386 1642 3440 vixerit.

337 3527 340 3534 η
406 3463 588 3534 Neque
614 3467 791 3522 obstat
820 3470 962 3536 quod
992 3473 1147 3525 tertia
1199 3491 1322 3542 pars
1365 3475 1522 3530 istius
1547 3477 1909 3536 Confessionis

328 3570 455 3611 cum
483 3557 688 3612 duabus
713 3560 980 3627 prioribus
1016 3579 1120 3616 non
1143 3565 1273 3618 satis
1302 3567 1575 3620 colum-ere
1599 3571 1828 3635 dicatur,
1854 3580 1910 3626 et

324 3661 397 3702 ex
427 3646 532 3700 illis
555 3650 807 3706 nonnulla
830 3661 1054 3719 repetat.
1079 3653 1209 3707 Nam
1236 3655 1285 3707 in
1311 3657 1494 3710 codice
1511 3659 1770 3714 Boeriano
1791 3663 1909 3716 dure

327 3738 660 3807 posteriores
688 3750 870 3809 partes
899 3746 1086 3800 eadem
1123 3761 1304 3807 manu,
1347 3763 1454 3814 qua
1499 3748 1706 3814 priores
1757 3752 1903 3814 dum,

327 3828 613 3896 descriptae
637 3840 762 3884 sunt
791 3849 801 3884 :
831 3840 883 3886 et
909 3833 1158 3902 repetitio
1188 3836 1302 3889 haec
1332 3851 1436 3890 non
1466 3837 1566 3890 nisi
1594 3841 1908 3908 recapitula-

329 3920 408 3972 tin
435 3921 833 3988 przemissorum
869 3932 969 3977 est.

401 4013 455 4061 '2.
487 4009 727 4064 Alterura
757 4011 1048 4079 objectum,
1077 4017 1218 4084 quod
1244 4033 1310 4070 ex
1349 4020 1630 4074 l)all;canis
1672 4021 1902 4088 primum

323 4111 433 4162 est,
490 4101 610 4156 inde
658 4104 857 4172 petitur
898 4108 1038 4174 quod
1078 4108 1129 4161 in
1175 4109 1510 4164 Cbililetiana
1555 4111 1904 4168 Confessione

323 4193 496 4245 urdta
525 4193 587 4246 de
611 4196 773 4248 verbo
801 4207 1166 4266 excerpuntur
1189 4210 1296 4253 tum
1319 4217 1382 4254 ex
1412 4212 1644 4257 tractatu
1672 4206 1737 4259 de
1770 4207 1906 4273 Spe-

321 4284 473 4345 cuin,
501 4284 590 4351 qui
625 4285 764 4337 inter
797 4287 958 4340 notha
986 4287 1271 4358 Augustini
1320 4308 1482 4360 opera
1534 4295 1735 4350 relatus
1784 4308 1899 4360 est,

326 4383 444 4426 tum
470 4388 536 4427 ex
565 4375 702 4429 libro
729 4376 1130 4433 Meditationum
1166 4382 1340 4435 eidem
1371 4383 1670 4455 Augustino
1707 4404 1901 4459 perpe-
1929 4415 1980 4474 ο

325 4482 445 4532 ram
471 4467 708 4535 ascripto
733 4487 744 4520 :
775 4470 915 4538 quod
947 4478 1231 4541 utrumque
1250 4489 1383 4542 opus
1406 4479 1764 4533 recentiorum
1782 4496 1902 4537 cssc

326 4567 632 4621 temporum
689 4557 915 4612 Dall;eus
964 4563 1257 4616 contendit.
1308 4565 1371 4617 Et
1427 4565 1638 4635 Speculi
1685 4571 1901 4638 quidem

325 4652 618 4698 tractatum
648 4644 1078 4703 Meditationibus
1105 4653 1460 4718 posteriorem
1487 4671 1635 4724 esse;
1676 4660 1898 4716 Medita-

321 4732 535 4785 tionum
560 4749 686 4787 vero
713 4734 906 4790 librum
923 4741 1353 4794 consarcinatum
1375 4759 1494 4798 esse
1516 4756 1635 4815 post
1655 4759 1900 4805 sanctum

323 4821 671 4888 Anselmum,
718 4839 785 4879 ex
826 4824 979 4894 cujus
1025 4830 1187 4883 variis
1220 4837 1494 4900 opusculis
1545 4837 1657 4892 fere
1701 4841 1902 4895 conﬂa-

326 4920 416 4964 tus
447 4920 550 4965 est.

396 5002 646 5058 Concedo
672 5005 830 5059 hosce
860 5007 996 5062 duos
1023 5010 1209 5074 libros,
1241 5015 1291 5067 id
1320 5027 1401 5069 est
1449 5017 1659 5087 Speculi
1696 5031 1751 5074 et
1796 5023 1901 5076 Me-

323 5091 672 5157 ditationum,
702 5107 892 5151 sancto
914 5097 1167 5156 Anselmo
1189 5107 1513 5171 posteriores
1534 5125 1670 5165 esse.
1689 5111 1754 5165 At
1780 5115 1901 5168 inde

324 5184 668 5252 antiquitatis
723 5191 1130 5257 praerogativam
1185 5195 1282 5249 sibi
1340 5198 1574 5253 vindicat
1625 5200 1902 5259 Confessio

323 5275 683 5340 (Lbiﬂletiaua,
713 5294 833 5331 cum
876 5281 1042 5334 codex
1073 5282 1368 5339 Boerianns
1411 5290 1568 5343 annis
1619 5292 1899 5348 minimum

324 5367 578 5421 ducentis
615 5377 739 5423 ante
775 5370 1088 5427 Anselmum
1129 5387 1381 5432 exaratos
1414 5381 1511 5442 sit,
1547 5382 1622 5435 uti
1655 5385 1902 5452 superius

325 5459 690 5518 demonstravi
742 5463 824 5532 (i).
867 5464 1029 5537 374
1063 5466 1128 5519 Ει
1166 5470 1379 5536 quidem
1407 5471 1809 5530 Mcditationum
1842 5477 1902 5531 li-

327 5548 483 5603 brum
523 5566 590 5606 ex
635 5551 858 5609 Joannis
885 5556 1097 5614 abbatis
1133 5561 1403 5628 opusculis
1437 5562 1548 5616 fere
1577 5573 1746 5620 totum
1773 5584 1902 5621 con-

324 5648 473 5714 stare
499 5643 662 5712 paulo
687 5653 810 5701 ante
837 5647 1121 5714 probatura
1161 5660 1259 5704 est.
1299 5651 1376 5706 Ad
1424 5652 1706 5723 Speculum
1761 5667 1899 5732 quod

2027 469 2168 523 tiana
2195 469 2542 526 Coufessione
2571 477 2906 546 desumptum
2955 481 3071 534 sine
3111 482 3272 536 dubio
3312 485 3598 542 videbitur.

2023 556 2156 611 Cum
2178 560 2320 613 enim
2342 560 2428 615 hic
2456 572 2718 619 tractatus
2742 568 3108 625 Confessionis
3131 571 3450 629 Christiana:
3479 592 3600 646 spc-

2024 646 2196 700 cimen
2228 651 2528 716 promittat,
2560 653 2835 723 solamque
2856 657 2921 709 de
2947 657 3209 713 Trinitate
3229 660 3416 718 Fidem
3448 679 3597 718 com-

2022 735 2320 804 plectatur;
2357 740 2731 809 imperfectum
2761 761 2890 799 sane
2915 762 3050 814 opus
3081 745 3193 812 cat,
3226 749 3269 803 si
3297 766 3326 803 a
3371 751 3598 806 Confes-

2021 829 2189 883 sionis
2237 834 2470 886 secunda
2525 843 2696 902 parte,
2751 852 2871 906 qua:
2923 839 2988 892 de
3035 839 3408 898 lucarnatione
3446 845 3596 914 agit‘,

2021 919 2323 973 divellatur.
2353 921 2487 976 Ilinc
2531 939 2864 994 consequens
2893 935 2976 981 cst
3011 937 3069 981 ut
3097 931 3274 997 potius
3309 932 3597 1000 Speculum

2020 1026 2085 1064 ex
2117 1010 2486 1077 Confessioue,
2517 1024 2768 1083 tanquam
2799 1018 3168 1088 imperfectum
3206 1037 3341 1090 opus
3368 1038 3432 1076 ex
3474 1039 3599 1092 pcr-

2019 1099 2181 1164 fecto,
2214 1118 2375 1170 quam
2405 1102 2683 1161 Confessio
2710 1124 2774 1161 ex
2807 1108 3069 1178 Speculo,
3111 1112 3408 1166 derivatum
3453 1114 3598 1167 dica-

2021 1197 2125 1242 tur.
2163 1189 2243 1244 Ad
2275 1192 2388 1246 lucc
2417 1192 2650 1250 Joannes
2678 1197 2843 1253 abbas
2873 1198 3109 1253 libellum
3137 1215 3353 1268 precum
3390 1203 3600 1258 orditur

2020 1297 2049 1334 a
2079 1281 2273 1350 duplici
2304 1282 2621 1354 fragmento,
2647 1303 2874 1356 quorum
2903 1307 3068 1344 unum
3101 1301 3180 1345 est
3213 1293 3266 1346 in
3293 1294 3397 1347 fine
3428 1295 3599 1364 partis

2019 1371 2204 1440 prima)
2231 1372 2598 1431 Confessionis
2643 1376 2958 1448 (itidemque
3004 1380 3058 1434 in
3097 1380 3202 1436 fine
3247 1381 3461 1452 Speculi
3491 1384 3599 1437 An-

2019 1463 2351 1535 gustiniani),
2388 1466 2616 1522 alterum
2661 1470 2817 1524 initio
2862 1472 3131 1536 secundm,
3178 1473 3477 1543 iterumque
3523 1475 3600 1528 fu-

2019 1551 2206 1606 sinsin
2234 1569 2352 1622 cap.
2381 1555 2447 1607 10
2484 1566 2689 1625 quartae
2714 1559 2902 1626 partis.
2932 1559 3207 1615 Posterius
3237 1561 3597 1632 fragmentum

2017 1641 2288 1712 decerpsit
2313 1658 2377 1698 ex
2405 1645 2786 1714 Confessione,
2815 1665 2878 1704 ac
2907 1651 3130 1720 proinde
3177 1653 3328 1721 prius
3347 1693 3362 1717 ,
3391 1669 3498 1708 non
3527 1670 3595 1710 ex

1951 1707 1992 1766 Β
2021 1707 2267 1800 Speculo.
2300 1736 2535 1804 Denique
2566 1739 2657 1807 qui
2690 1740 2756 1793 de
2774 1707 2995 1810 'Speculi
3033 1707 3261 1796 tractatu
3306 1707 3598 1814 supersunt

2017 1823 2232 1877 codices
2259 1839 2389 1878 mss.
2440 1828 2772 1882 recentiores
2813 1838 2938 1884 sunt
2980 1845 3185 1886 omnes.
3228 1833 3335 1888 Nec
3377 1835 3595 1900 mirum,

2017 1930 2138 1967 cum
2184 1923 2308 1983 post
2354 1915 2666 1972 Anselmum
2718 1921 2945 1974 scorsim
2995 1923 3172 1978 editus
3215 1927 3284 1979 sit
3336 1935 3598 1984 tractatus

2016 2004 2151 2073 ipse,
2179 2006 2256 2059 uti
2297 2007 2458 2061 etiam
2492 2008 2720 2065 Dallaaus
2759 2012 3066 2067 confitetur.
3116 2014 3186 2089 At
3229 2014 3597 2074 Coufessionis

2016 2091 2336 2147 Bocrianum
2366 2096 2641 2165 exemplar
2673 2096 2849 2152 Caroli
2879 2099 3052 2170 Magni
3087 2111 3327 2172 tempore
3351 2105 3404 2159 in
3430 2121 3599 2161 mem-

2017 2183 2200 2239 branis
2228 2184 2578 2254 descriptum,
2612 2187 2815 2244 fontem
2841 2191 3042 2246 indicat
3060 2208 3126 2247 ex
3154 2209 3261 2264 quo
3285 2194 3595 2264 Speculum,

2018 2280 2271 2341 tanquam
2300 2274 2468 2340 rivus,
2494 2277 2749 2332 manavit.

2085 2365 2138 2417 3.
2166 2365 2326 2419 Aliud
2351 2368 2573 2437 opponit
2600 2369 2850 2436 Dallzeus,
2875 2373 3128 2428 nimirum
3159 2375 3212 2428 in
3239 2375 3470 2446 vulgatis
3501 2377 3595 2431 Al-

2015 2460 2158 2514 cuiui
2189 2459 2423 2530 Operum
2455 2462 2721 2518 indicibus
2765 2465 2966 2519 nullam
3012 2467 3128 2521 fieri
3163 2469 3490 2524 mentionem
3529 2470 3599 2525 do

2016 2550 2351 2606 Chililetiana
2381 2552 2748 2609 Confessione.
2777 2555 3020 2626 Namque
3047 2574 3185 2628 quos
3213 2558 3418 2615 indices
3441 2559 3596 2615 Chif-

2016 2643 2199 2698 lletins-
2223 2646 2327 2700 huc
2355 2645 2594 2710 adducit,
2629 2647 2694 2702 de
2724 2648 2830 2702 alia
2855 2649 3204 2706 Confessione
3237 2651 3449 2707 Alcuini
3476 2667 3600 2708 esse

2017 2735 2480 2804 irderpretandos,
2533 2753 2650 2806 quze
2689 2740 2757 2794 ab
2801 2740 2994 2795 iisdem
3035 2743 3218 2798 verbis
3260 2743 3484 2814 incipiat
3532 2761 3598 2799 ac

2014 2826 2353 2880 Cbillletiana
2379 2827 2478 2898 (k).

2084 2916 2162 2970 ita
2193 2917 2262 2971 sit
2291 2933 2422 2972 vero
2448 2936 2460 2970 :
2495 2918 2589 2972 sed
2617 2936 2740 2990 quis
2769 2923 2977 2976 nesciat
3006 2940 3167 2994 quam
3193 2927 3370 2982 manci
3393 2936 3450 2984 et
3474 2946 3593 2983 mu-

2019 3005 2093 3059 tili
2143 3007 2249 3061 sint
2290 3017 2530 3062 veterum
2579 3010 2902 3080 scriptorum
2949 3014 3211 3085 catalogi,
3240 3018 3489 3084 quamvis
3528 3020 3594 3073 ab

2017 3097 2327 3152 auctoribus
2353 3100 2648 3168 :equalibus
2689 3102 2943 3156 ordinati.
2976 3102 3153 3173 Opera
3203 3107 3375 3160 sancti
3418 3105 3600 3179 Augu—'

2014 3191 2136 3244 stini
2166 3190 2217 3242 iu
2251 3206 2534 3244 numerum
2583 3191 2766 3245 retulit
2810 3192 3120 3259 Possidius;
3164 3193 3402 3251 Anselmi
3449 3197 3596 3252 Ead‘

2012 3295 2228 3343 merus;
2260 3279 2520 3334 Bernardi
2561 3280 2773 3335 abbatis
2815 3281 3229 3338 Clarevallensis
3269 3282 3590 3349 Gaufridus;

2010 3384 2197 3423 omnes
2224 3368 2535 3423 auctoribus
2558 3378 2713 3422 :etate
2742 3386 2920 3439 pares.
2947 3371 3014 3426 Et
3042 3380 3220 3426 tmnen
3251 3374 3456 3429 indices
3479 3375 3590 3439 isti,

2010 3473 2171 3525 quam
2204 3457 2256 3510 in
2285 3457 2467 3512 inultis
2497 3459 2780 3524 deﬁciant,
2817 3459 2928 3528 jam
2955 3461 3153 3516 dudum
3201 3463 3430 3519 eruditis
3459 3465 3592 3520 viris

2009 3564 2325 3617 persuasum
2347 3559 2452 3605 est.

2079 3640 2130 3693 4.
2166 3640 2263 3704 At,
2293 3641 2494 3709 inquit,
2526 3642 2752 3696 Dallaeus
2774 3684 2787 3707 ,
2822 3644 3056 3712 scriptor
3100 3646 3470 3700 (.Ilnllletianns
3498 3646 3590 3700 Al-

2008 3730 2226 3784 cuinum
2278 3732 2473 3799 saapius
2515 3731 2746 3799 expilat,
2777 3736 2916 3800 quod
2965 3749 3069 3786 non
3101 3738 3463 3791 connnisissct
3498 3737 3599 3790 Al-

2009 3820 2217 3873 cuinus.
2251 3819 2365 3873 Non
2396 3821 2539 3874 enim
2575 3821 2749 3875 solent
2792 3824 3011 3894 llorilcgi
3035 3865 3048 3887 ,
3080 3826 3160 3877 vel
3201 3826 3586 3894 delloratores,

2007 3925 2072 3961 ex
2105 3910 2218 3962 suis
2247 3909 2345 3978 ipsi
2377 3909 2550 3974 libris,
2577 3912 2670 3965 sed
2698 3927 2761 3965 ex
2796 3915 3004 3978 alienis,
3049 3931 3112 3968 ea
3152 3917 3443 3987 decerpere
3468 3935 3588 3988 quae

2008 4000 2202 4053 litteris
2232 4001 2504 4054 mandant.

2077 4093 2188 4145 lmo
2214 4107 2340 4145 vero
2368 4092 2468 4146 hoc
2493 4093 2726 4146 maxime
2748 4095 2922 4163 arguit
2950 4113 3051 4148 non
3076 4096 3238 4152 alium
3262 4115 3379 4154 esse
3402 4112 3586 4156 aucto-

2008 4201 2118 4236 rem
2151 4185 2476 4251 bnncquam
2501 4184 2820 4248 Alcuinum,
2866 4195 2924 4238 ut
2969 4189 3060 4256 qui
3107 4191 3348 4258 pressius
3379 4202 3434 4246 et
3472 4209 3586 4250 suns

2007 4273 2174 4341 ipsius
2203 4275 2382 4328 verbis
2420 4283 2471 4329 et
2507 4277 2790 4332 sententiis
2839 4278 3081 4333 inluerat.
3137 4280 3270 4335 Nam
3316 4285 3358 4338 si
3402 4283 3584 4339 Dallmi

2005 4366 2402 4434 argumentatio
2425 4366 2647 4432 valeret,
2676 4367 3006 4425 Tertulliano
3028 4371 3418 4440 abjudicandus
3440 4384 3585 4429 esset

2005 4454 2140 4509 liber
2168 4459 2234 4511 ad
2264 4456 2518 4513 Nationes
2542 4459 2623 4529 (ι),
2655 4460 2746 4529 qui
2775 4469 2917 4515 totus
2951 4478 3015 4515 ex
3045 4464 3284 4531 ejusdem
3315 4464 3584 4535 Apologia:

2005 4548 2069 4618 (si
2104 4558 2281 4604 tamen
2308 4550 2465 4622 alius)
2498 4553 2678 4607 verbis
2725 4561 2780 4606 et
2826 4554 3124 4608 rationibus
3164 4565 3395 4610 constat.
3427 4560 3581 4625 Quod

2003 4643 2166 4697 etiam
2194 4644 2260 4698 de
2285 4644 2565 4715 Augustini
2596 4645 2863 4699 nonnullis
2894 4646 3117 4716 aliisque
3137 4649 3366 4704 aliorum
3395 4660 3583 4706 aucto-

2003 4750 2121 4788 rum
2152 4735 2407 4804 operibus
2427 4737 2709 4790 dicendum
2739 4747 2843 4791 cst.

2074 4842 2179 4896 Sed
2206 4844 2362 4895 video
2389 4843 2642 4897 Dallzeum
2684 4845 2993 4900 incumbere
3030 4848 3080 4900 in
3114 4866 3306 4903 nomen
3356 4849 3576 4923 llorilegi

2003 4950 2095 4987 seu
2129 4933 2480 4988 deﬂoraloris.
2518 4935 2714 4988 Verum
2743 4953 2878 5007 nego
2908 4937 3283 4996 Coufcssorem
3315 4941 3412 5012 (sic
3432 4943 3576 5010 loqui
3621 4933 3626 4939 ’

2005 5025 2132 5078 mihi
2161 5024 2337 5095 liceat)
2362 5040 2566 5078 merum
2595 5041 2711 5079 esse
2736 5025 3030 5097 llorilegnm
3058 5046 3147 5082 seu
3177 5030 3574 5095 deﬂoratorem,

2002 5137 2122 5173 cum
2178 5119 2396 5189 propria
2444 5121 2605 5173 verba
2664 5123 3015 5190 propriasque
3061 5127 3355 5179 sententias
3404 5127 3576 5181 fusius

2003 5209 2192 5262 alienis
2219 5209 2430 5261 intermi
2464 5217 2601 5262 ccat.
2636 5211 2781 5279 (llius
2806 5213 3020 5279 quidem
3046 5230 3198 5266 suum
3224 5215 3576 5284 Deﬂoratiun-

2000 5301 2174 5352 culum
2201 5306 2387 5362 vocat;
2418 5307 2474 5350 at
2498 5299 2597 5351 hoc
2620 5301 2880 5353 vocabulo
2900 5318 3007 5370 pt'tl’.
3028 5304 3287 5356 modestia
3319 5320 3446 5358 usus
3470 5316 3571 5370 est,

2005 5391 2263 5445 rationem
2294 5392 2495 5445 habens
2514 5407 2615 5444 non
2647 5401 2756 5445 tam
2785 5409 2993 5454 eorum,
3014 5411 3148 5462 quos
3168 5397 3365 5467 seligit.
3394 5407 3575 5451 aucto-

2003 5497 2143 5542 rum,
2173 5496 2329 5548 quam
2353 5481 2650 5550 argumenti
2675 5481 2812 5549 quod
2839 5483 3062 5548 delibat;
3089 5487 3175 5553 qui
3205 5503 3332 5540 sane
3361 5488 3572 5557 loqucn~

2004 5573 2053 5625 di
2085 5572 2270 5623 modus
2299 5573 2397 5625 hoc
2428 5574 2478 5625 in
2516 5588 2674 5625 sensu
2700 5574 2962 5627 hactenus
2993 5575 3270 5630 familiaris
3294 5587 3394 5631 est.

2075 5663 2123 5714 .‘i.
2156 5663 2308 5726 Quod
2341 5663 2518 5718 subdit
2551 5663 2800 5723 DIIHJBUS.
2829 5665 3044 5722 levioris
3074 5677 3152 5721 est
3189 5669 3464 5733 momenti,
3497 5669 3570 5720 uti
