3934 6180
381 355 509 412 1011

1188 351 1248 404 Β.
1289 345 1354 404 ιιέ.
1378 346 1602 405 ΑιΒιΝι
1640 346 1773 403 SEU
1811 344 2085 402 ALCUINI
2123 344 2406 403 OPERUM
2444 342 2626 400 PARS
2663 339 2794 397 Vill.

3485 337 3633 398 10ιῖ

373 466 488 534 ipse
516 463 740 527 fatetur,
767 460 1024 516 nimirum
1059 475 1180 530 qua:
1219 459 1384 517 habet
1423 458 1634 530 vulgata
1672 457 1951 514 Confessio
1979 461 2022 517 Α
2053 455 2269 521 stantia,
2297 453 2542 510 refellere
2581 453 2814 509 otiosum
2850 458 2956 517 est,
2993 465 3117 506 cum
3148 450 3270 506 istic
3299 457 3419 522 agat
3451 448 3635 506 Alcui-

378 556 431 617 in
459 564 604 626 part.
634 571 711 618 iv,
737 570 855 624 cap.
902 553 932 606 7
952 595 967 619 ,
1008 554 1175 617 initio,
1219 554 1284 608 de
1309 553 1464 622 panis
1508 561 1562 607 et
1593 552 1778 608 calicis
1805 552 1952 606 obla—

379 647 548 712 tione,
579 645 860 715 desumpta
884 660 1003 701 esse
1025 659 1091 700 ex
1116 645 1256 699 libro
1297 643 1369 697 de
1407 643 1602 697 divinis
1637 641 1838 697 Olliciis
1862 641 1954 694 Al-

379 739 539 793 cuino
581 751 867 806 perperam
901 735 1156 805 ascripto.
1199 733 1310 789 Cur
1354 734 1497 786 enim
1545 734 1723 802 potius
1771 733 1885 786 haec
1923 747 1950 784 a

379 828 638 898 praedicto
659 827 796 885 libro
831 823 1162 894 deeerpsisse
1199 824 1410 877 dicatur
1432 820 1798 884 Confessionis
1822 821 1954 876 seris

379 926 526 988 pter,
549 931 718 986 quam
740 915 865 975 libri
888 913 1298 973 consarcinator
1318 929 1386 967 ex
1411 911 1783 978 Coufessionc,
1809 910 1954 969 nulla

382 1025 546 1071 causa
575 1007 870 1079 probabilis
891 1005 1080 1060 adduci
1109 1013 1310 1074 potest.

453 1105 506 1161 ἃ.
537 1103 803 1159 Przeterea
829 1100 1144 1170 praedictam
1165 1096 1569 1153 Confessionem
1597 1105 1758 1152 vexat
1783 1097 1958 1153 disce-

381 1204 564 1267 ptator
595 1197 703 1250 hoc
724 1199 1062 1264 argumento,
1093 1191 1235 1260 quod
1259 1189 1401 1260 apud
1425 1187 1820 1244 Chililet’anum
1861 1186 1956 1240 Al-

383 1288 604 1344 cuinum
645 1293 936 1341 occurrant
961 1283 1218 1338 nonnulla
1259 1297 1378 1351 qum
1403 1298 1434 1335 a
1457 1281 1568 1336 veri
1594 1280 1807 1336 Aleuini
1836 1296 1959 1335 sen-

382 1377 571 1433 tentiis
594 1376 894 1431 discedant.
919 1374 1131 1444 Quippe
1149 1373 1258 1437 ille,
1289 1373 1381 1427 ubi
1411 1373 1480 1427 do
1514 1387 1579 1427 eo
1616 1371 1755 1427 coelo
1789 1371 1962 1442 philo-

379 1466 642 1536 sophatur
665 1462 1040 1536 (Confessienis
1061 1479 1114 1532 p.
1138 1478 1223 1526 tu,
1248 1479 1300 1514 η.
1323 1462 1394 1516 57
1411 1459 1566 1530 seq.),
1583 1461 1726 1529 quod
1752 1460 1963 1530 Moyses

383 1559 443 1613 in
466 1556 732 1628 principio
757 1563 1001 1611 creatum
1027 1569 1059 1608 a
1087 1555 1197 1608 Deo
1227 1553 1393 1608 fuisse
1437 1568 1558 1607 cum
1605 1561 1749 1606 terra
1797 1552 1958 1616 dicit;

383 1648 520 1702 duas
539 1646 757 1716 quidem
788 1643 994 1714 profert
1019 1644 1334 1706 sententias,
1357 1658 1492 1711 quas
1516 1657 1678 1696 verus
1704 1642 1964 1697 Alcuinus

385 1737 575 1793 itidem
600 1733 820 1790 adducit
847 1732 1129 1803 (lnterrog.
1154 1731 1223 1786 28
1248 1731 1302 1784 in
1329 1729 1485 1800 Gen.)
1512 1744 1527 1782 :-
1560 1729 1654 1784 sed
1681 1745 1800 1784 eam
1829 1744 1960 1798 prte-

2051 563 2157 602 nus
2178 547 2246 602 de
2280 547 2512 601 naturali
2536 561 2720 600 rerum
2751 552 2916 610 statu,
2947 542 3128 600 omnia
3154 557 3287 598 vero
3327 543 3383 597 in
3423 541 3637 598 Eucha-

2053 637 2203 690 ristia
2228 645 2425 705 praeter
2452 645 2702 690 naturam
2731 635 2860 691 sint.

2120 728 2173 782 8.
2202 727 2283 782 Ad
2310 728 2426 781 haec
2467 725 2724 779 minutias
2751 723 3060 794 complures
3083 731 3338 792 congeret
3382 721 3633 778 Dallazus.

2051 816 2318 886 imprimis
2344 815 2484 884 quod
2511 815 2881 869 Confessiouis
2908 814 3140 884 scriptor
3169 813 3387 868 Patrem
3412 815 3640 868 Ambro-

2053 911 2212 974 sium,
2231 905 2445 961 [Murem
2467 905 2786 978 Gregorium
2812 907 2976 970 dicat,
3004 921 3139 975 quos
3159 906 3638 962 Alcuinussanctos

2055 1011 2148 1056 aut
2184 1001 2378 1065 beatos,
2415 1014 2566 1053 more
2596 1007 2860 1064 veterum,
2899 999 3064 1065 dicit;
3093 1008 3148 1055 et
3185 999 3290 1054 alia
3321 999 3482 1070 hujus
3526 1015 3642 1057 mo-

2055 1089 2221 1144 menti
2251 1086 2532 1151 nonnulla,
2564 1087 2763 1156 quibus
2791 1086 2836 1142 si
2869 1086 3146 1151 immorer,
3179 1087 3380 1141 nimius
3407 1087 3533 1142 sim.

2128 1181 2292 1236 Miror
2313 1195 2442 1234 vero
2467 1181 2609 1249 quod
2643 1195 2709 1233 ex
2740 1188 2849 1234 tam
2892 1179 3000 1234 levi
3030 1195 3192 1234 causa
3223 1179 3306 1233 vir
3330 1180 3524 1234 doctus
3551 1193 3639 1234 ar-

2057 1278 2369 1341 gumentum
2397 1269 2666 1324 desumat.
2714 1267 2771 1322 Si
2805 1268 2947 1322 enim
2976 1283 3043 1323 ex
3078 1283 3142 1322 eo
3169 1269 3312 1337 quod
3341 1265 3646 1322 Confessio-

2059 1362 2143 1416 nis
2186 1367 2374 1414 auctor
2420 1357 2633 1412 Patrem
2683 1358 3048 1421 Ambrosium,
3077 1357 3298 1438 'Patrem
3327 1356 3645 1428 Gregorium

2059 1464 2236 1519 vocet,
2269 1455 2412 1509 aliud
2447 1453 2708 1508 dicendus
2736 1463 2819 1507 est
2849 1455 2916 1508 ab
2953 1453 3198 1515 Alcuino,
3227 1455 3318 1522 qui
3358 1455 3534 1508 beatos
3557 1470 3647 1525 ap-

2060 1543 2258 1613 pellat;
2283 1542 2534 1598 conﬁciat
2559 1543 2723 1596 etiam
2755 1556 2978 1596 necesse
3002 1551 3088 1596 est
3112 1551 3389 1597 auctorem
3415 1558 3446 1597 a
3471 1543 3647 1612 seipse

2062 1635 2331 1690 diversum
2352 1647 2494 1698 esse,
2526 1647 2648 1687 cum
2677 1633 2832 1688 initio
2859 1635 3032 1702 partis
3052 1640 3260 1701 quarue
3283 1635 3491 1686 beatum
3519 1631 3646 1687 Gre—

2063 1723 2275 1795 gorium
2299 1730 2703 1778 commemoret.
2733 1721 2841 1776 Sed
2869 1723 2984 1776 haec
3004 1721 3188 1791 jejuna
3212 1731 3268 1777 et
3293 1722 3459 1776 exilia
3484 1730 3643 1776 sunt:

384 1827 492 1884 fert
523 1841 683 1896 quam
729 1823 987 1879 Aleuinus
1020 1823 1134 1892 ipse
1176 1820 1412 1877 secundo
1455 1828 1663 1875 tantum
1689 1819 1826 1884 loco,
1859 1835 1966 1874 uno
1999 1804 2042 1864 Β
2069 1823 2124 1868 at
2149 1814 2298 1881 illud,
2327 1813 2471 1884 quod
2509 1814 2663 1886 longe
2695 1814 3074 1885 gravissimum
3097 1822 3254 1884 putat
3280 1814 3535 1882 Dalheus,
3574 1814 3648 1870 vi-

386 1927 551 1991 atque
575 1918 750 1973 altero
772 1916 938 1971 verbo
965 1915 1206 1969 indicare
1235 1913 1368 1968 satis
1411 1911 1632 1966 habuit.
1666 1911 1770 1964 alia
1798 1909 1969 1966 fusius

385 2007 651 2078 exposita.

455 2097 660 2155 Verum
695 2105 753 2154 et
797 2097 852 2153 id
899 2103 1219 2165 argumento
1267 2100 1350 2147 est
1392 2100 1681 2162 utrumque
1707 2107 1874 2146 unum
1915 2100 1972 2146 et

386 2187 635 2244 currulem
658 2203 778 2243 esse
808 2195 1112 2250 auctorem,
1141 2183 1284 2256 quod
1306 2184 1519 2240 easdem
1549 2193 1773 2254 uterque
1802 2182 1968 2238 refert

387 2278 702 2339 Sententias.
729 2275 882 2344 Quod
909 2291 1038 2332 vero
1085 2283 1275 2330 auctor
1316 2274 1369 2328 in
1415 2272 1764 2330 Confessione
1803 2287 1967 2326 unam

386 2367 540 2422 alteri
569 2366 807 2436 prmfert,
833 2381 956 2421 cum
983 2365 1244 2421 Alcuinus
1267 2377 1552 2436 utramque
1581 2366 1883 2437 reliquisset
1916 2367 1969 2421 in

387 2457 585 2520 medio,
618 2455 672 2510 id
702 2455 804 2526 ipsi
829 2455 1054 2526 contigit
1077 2456 1221 2526 quod
1244 2456 1366 2510 aliis
1396 2457 1707 2511 auctoribus
1729 2471 1970 2526 saepenu-

387 2564 546 2611 mero
562 2549 880 2620 contingere
909 2549 1172 2611 videmus,
1203 2564 1325 2603 cum
1351 2546 1565 2617 aliquod
1593 2555 1968 2618 argumentum

387 2646 705 2697 retractant.
735 2637 825 2693 Fit
845 2637 993 2694 enim
1021 2645 1082 2691 ut
1109 2652 1230 2692 cum
1255 2645 1380 2691 ante
1404 2643 1715 2690 accuratum
1751 2636 1828 2690 rei
1851 2651 1971 2705 pro-

384 2729 575 2798 positae
594 2743 825 2783 examen
846 2728 900 2781 in
920 2726 1164 2782 diversas
1190 2725 1541 2782 fluctuassent
1556 2734 1756 2796 partes,
1779 2734 1968 2796 postea

387 2833 448 2879 rc
476 2818 738 2879 maturius
777 2832 1012 2887 expensa
1039 2857 1054 2882 ,
1083 2831 1246 2874 unam
1283 2831 1399 2887 prze
1434 2815 1604 2871 altera
1644 2816 1968 2871 sententiam

388 2909 800 2980 amplectantur,
834 2909 942 2964 imo
969 2908 1258 2979 aliquando
1290 2907 1640 2963 contrariam.
1684 2906 1848 2976 Atqui
1878 2906 1972 2960 Al-

386 2998 581 3057 euinus
626 2999 682 3054 in
732 2998 1244 3070 interrogationibus
1288 3012 1450 3067 super
1495 2996 1731 3053 Genesin
1780 2997 1971 3052 leviter

388 3097 599 3156 tantum
647 3089 954 3161 propositas
997 3087 1340 3145 difﬁcultates
1383 3089 1616 3153 enodat,
1646 3096 1702 3143 et
1732 3088 1968 3142 maxime

2068 1907 2311 1962 dcamus.

2138 1997 2190 2052 9.
2225 1995 2431 2066 Quippe
2454 1994 2638 2064 objicit
2666 1994 2921 2050 nonnulla
2943 1995 2998 2050 in
3017 1995 3273 2065 praedicta
3299 1994 3650 2051 Confessione

2067 2089 2352 2153 contineri,
2384 2105 2505 2158 qum
2543 2089 2611 2143 ab
2653 2088 2868 2143 Alcuini
2903 2089 3240 2157 temporibus
3275 2087 3451 2142 aliena
3482 2097 3649 2143 sunt:

2068 2180 2226 2250 quale
2251 2187 2334 2234 est
2362 2179 2491 2234 illud
2520 2178 2661 2248 quod
2687 2178 2805 2248 ejus
2831 2189 3024 2233 auctor
3052 2179 3117 2233 de
3140 2193 3238 2233 suo
3264 2178 3483 2243 saeculo,
3511 2178 3651 2232 velut

2069 2271 2459 2334 infelicissimo,
2502 2270 2752 2326 flebiliter
2777 2271 3149 2340 conqueritur,
3181 2287 3247 2327 ac
3283 2287 3422 2341 pene
3447 2273 3652 2342 tragice

2068 2362 2336 2417 exclamat
2361 2361 2542 2446 (Parte
2570 2377 2650 2425 ιιι,
2684 2377 2737 2414 n.
2767 2360 2858 2432 56)
2885 2379 2898 2415 :
2937 2379 2955 2412 ι
2980 2359 3272 2416 Oinfelicia
3293 2370 3538 2432 tempora
3564 2376 3653 2416 non

2067 2464 2202 2519 stra,
2225 2453 2417 2524 inquit,
2436 2469 2555 2524 qua:
2583 2470 2681 2508 nec
2702 2454 2867 2508 Deum
2892 2455 3104 2518 timent,
3123 2470 3221 2510 nec
3242 2454 3349 2509 vim
3369 2471 3651 2510 sacrorum

2067 2561 2330 2602 canonum
2378 2547 2722 2602 reverentur!
2775 2545 2965 2603 Nullus
3014 2549 3176 2603 modo
3223 2548 3521 2619 sacrilegus
3569 2549 3654 2604 vel

2067 2638 2409 2703 criminosus,
2435 2654 2502 2693 ne
2530 2640 2596 2695 ad
2629 2640 2772 2695 sacri
2802 2639 3009 2695 ordinis
3035 2640 3268 2696 officium
3297 2641 3542 2707 accedat,
3579 2642 3655 2696 ἰηφ

2068 2729 2306 2786 hibetur.
2348 2750 2366 2782 ι
2393 2729 2531 2785 Tum
2559 2746 2681 2785 mox
2715 2748 2728 2784 :
2765 2749 2784 2781 ι
2824 2729 2936 2786 llou
2967 2731 3134 2786 miser
3154 2734 3282 2803 ego!
3313 2732 3492 2803 qualia
3516 2741 3654 2788 teme

2067 2836 2200 2891 pora
2236 2821 2367 2876 mihi
2394 2821 2621 2892 contigit
2647 2820 2872 2876 videre?
2904 2841 2922 2874 ι
2960 2821 3104 2887 Haec,
3135 2821 3309 2892 inquit
3344 2821 3598 2885 Dallzeus,
3625 2837 3658 2876 a

2068 2911 2444 2969 Carolinorum
2483 2921 2786 2982 temporum
2825 2911 3083 2968 felicitate
3112 2914 3429 2974 abhorrent.
3463 2914 3660 2982 quibus

2069 3019 2126 3058 se
2151 3011 2338 3058 natum
2368 3017 2476 3057 non
2501 3001 2688 3058 dubito
2724 3002 2853 3072 quin
2896 3001 3156 3057 Alcuiuus
3206 3002 3308 3058 sibi
3355 3003 3657 3071 gratulatus

2070 3093 2159 3158 sit,
2198 3093 2396 3148 nedum
2437 3100 2499 3147 ut
2527 3093 2790 3162 ingratus,
2834 3101 3052 3162 tamque
3089 3093 3293 3162 Optimo
3329 3076 3564 3162 principi
3592 3109 3657 3149 ac

386 3180 603 3250 quidem
635 3179 815 3246 ἱειαω,
847 3193 1010 3249 quam
1041 3177 1410 3236 Confessionis
1442 3186 1634 3233 auctor
1661 3179 1968 3234 accuratius
1996 3167 2042 3229 C
2073 3182 2351 3239 Mecmnati
2389 3197 2487 3237 suo
2526 3181 2818 3237 invidiosas
2845 3197 3007 3241 voces
3033 3181 3234 3237 chartis
3276 3198 3389 3238 suis
3417 3199 3653 3252 unquam

386 3268 694 3339 perpendit.

458 3362 510 3424 ἶ.
544 3361 895 3430 Subsequens
920 3363 1226 3432 oppositum
1250 3364 1492 3418 continet
1513 3376 1856 3418 communem
1890 3359 1969 3414 lo-

389 3465 510 3502 cum
540 3465 571 3502 a
594 3449 902 3504 Calvinistis
923 3451 1127 3504 centies
1150 3460 1510 3504 rccantatum.
1535 3450 1759 3504 Fatetur
1777 3463 1970 3517 nempe

391 3539 628 3598 Dallzcus
645 3539 876 3610 vulgata:
903 3539 1260 3596 confessionis
1290 3541 1453 3594 verba
1471 3581 1486 3604 ,
1516 3539 1608 3594 ubi
1648 3541 1716 3595 de
1759 3540 1970 3595 Eucha-

389 3632 542 3686 ristia
577 3639 792 3696 tractat,
826 3631 979 3686 valde
1016 3632 1082 3685 ad
1113 3632 1430 3686 catholicam
1475 3632 1632 3687 fidem
1678 3633 1966 3699 accedere;

388 3725 494 3778 imo
523 3723 606 3778 tria:
626 3739 775 3794 posse
803 3720 945 3793 (qum
983 3722 1164 3778 Dalkei
1193 3723 1462 3793 ipsissima
1488 3723 1651 3778 verba
1681 3724 1826 3796 sunt)
1856 3742 1970 3780 vere

386 3815 599 3884 quidem.
622 3831 685 3869 ac
708 3813 909 3870 sincere
934 3813 1090 3868 aliter
1117 3815 1217 3867 nisi
1247 3831 1312 3868 ex
1333 3831 1394 3867 ea
1419 3815 1688 3884 explicari.
1712 3813 1818 3870 Sed
1842 3816 1968 3871 hinc

389 3905 626 3968 validum
671 3912 1048 3976 argumentum
1099 3919 1314 3960 sumere
1366 3905 1468 3959 sibi
1520 3905 1770 3970 videtur,
1823 3906 1968 3962 hunc

391 3994 784 4059 Cliillletianum
813 3995 1084 4056 hominem
1112 3995 1270 4065 plane
1306 3995 1469 4069 alium
1495 4009 1619 4050 esse
1661 4011 1691 4050 a
1718 4011 1846 4051 vero
1871 3996 1966 4050 Al-

389 4088 571 4151 cuino,
619 4085 711 4156 qui
752 4084 954 4142 Christi
993 4101 1190 4156 corpus
1232 4086 1284 4139 in
1319 4086 1479 4140 terris
1511 4093 1624 4141 toto
1655 4087 1791 4152 hoc,
1823 4087 1967 4156 quod

390 4177 649 4242 decurrit,
680 4176 883 4233 sreculo.
918 4191 1156 4246 praesens
1179 4175 1366 4230 haberi
1399 4185 1578 4247 negat.
1607 4176 1724 4232 Huc
1755 4177 1966 4232 Alcuini

390 4269 552 4325 verba
585 4275 798 4338 torquet
835 4283 901 4326 ex
926 4267 1326 4325 Commentario
1371 4266 1424 4320 in
1453 4265 1715 4322 Joannem
1743 4308 1758 4332 ,
1785 4267 1877 4322 lib.
1909 4284 1962 4332 v,

391 4381 516 4436 capt
544 4365 636 4430 '28,
669 4365 761 4420 ubi
788 4363 1047 4420 Alcuinus
1075 4378 1348 4432 exponens
1381 4363 1495 4418 hmc
1521 4362 1683 4416 verba
1712 4380 1725 4415 :
1759 4361 1968 4430 Paupe-

393 4472 474 4517 res
499 4471 699 4525 semper
725 4454 924 4518 habetis
950 4453 1242 4518 uobiscum,
1282 4469 1363 4506 me
1402 4463 1577 4506 autem
1623 4469 1728 4506 non
1769 4467 1969 4520 semper

2073 3273 2323 3327 illevcrit.

2143 3363 2221 3416 En
2245 3361 2625 3432 gravissimum
2655 3361 2785 3416 illud
2812 3370 3210 3431 argumentum,
3240 3363 3398 3432 cujus
3419 3363 3664 3433 pondere

2069 3469 2289 3524 pressus
2321 3453 2580 3507 Alcuinus
2605 3451 2728 3523 jure
2756 3469 2854 3508 suo
2883 3454 3040 3508 cadat
3068 3467 3290 3508 necesse
3315 3462 3418 3519 est,
3461 3454 3507 3508 si
3539 3452 3661 3507 Dal-

2069 3543 2170 3598 1ωο
2214 3542 2504 3598 credimus.
2556 3543 2758 3598 Verum
2807 3544 2911 3598 hoc
2943 3543 3272 3598 levissimum
3315 3558 3436 3598 esse
3479 3544 3661 3613 quivis

2071 3632 2228 3688 facile
2255 3631 2536 3697 concedet,
2564 3633 2655 3701 qui
2691 3640 2899 3687 natura:
2931 3634 3180 3688 humanm
3207 3639 3523 3701 corruptum
3549 3642 3662 3686 sm.

2072 3730 2183 3777 tum
2210 3723 2522 3777 attenderit.
2553 3722 2906 3790 Quantumvis
2948 3724 3093 3778 enim
3123 3739 3284 3778 aurea
3331 3723 3510 3779 Caroli
3542 3723 3659 3777 Ma-

2069 3815 2159 3886 gni
2202 3823 2443 3886 tempora
2480 3814 2702 3880 fuerint,
2742 3831 2902 3885 quam
2933 3815 3102 3870 multa
3144 3815 3496 3870 nihilominus
3524 3815 3661 3876 vitia

2069 3916 2311 3980 grassata
2339 3915 2488 3969 sunt,
2509 3921 2629 3977 qua:
2652 3907 2742 3976 pio
2770 3907 2967 3976 cuique
2985 3904 3118 3974 justi
3142 3905 3342 3960 doloris
3367 3905 3655 3960 materiam

2069 4000 2309 4070 praebere
2329 3999 2554 4067 possint.
2587 3997 2719 4064 Quis
2747 3998 2890 4052 enim
2932 3996 3138 4052 felicior
3165 4011 3405 4065 unquam
3439 4011 3657 4050 morum

2069 4097 2243 4144 status
2284 4087 2385 4142 fuit
2427 4102 2589 4156 quam
2633 4087 2686 4141 in
2741 4086 3014 4157 primitiva
3057 4085 3336 4140 Ecclesia?
3383 4084 3450 4138 Et
3473 4094 3658 4139 tamen

2069 4189 2266 4250 quanta
2284 4179 2481 4248 ﬂagitia
2500 4175 2551 4233 in
2571 4178 2758 4249 primis
2777 4177 2881 4232 illis
2895 4177 3222 4232 Christianis
3235 4177 3409 4247 carpit
3424 4175 3625 4231 Paulus
3637 4176 3664 4228 ?

2069 4271 2279 4337 Quanta
2308 4270 2397 4324 alii
2434 4270 2590 4324 istius
2618 4269 2718 4323 aevi
2747 4269 3033 4324 auctores?
3053 4267 3165 4338 Age
3197 4282 3348 4332 vero,
3372 4267 3659 4321 videamus

2070 4377 2137 4414 au
2163 4359 2465 4418 Germanus
2503 4357 2762 4412 Alcuinus
2795 4358 2848 4411 in
2879 4357 3110 4412 sinceris
3140 4357 3358 4426 scriptis
3401 4356 3514 4411 suis
3556 4355 3659 4410 Ca-

2072 4451 2171 4513 roli
2208 4466 2380 4505 arvum
2411 4451 2477 4504 ab
2508 4450 2654 4504 omni
2701 4449 2819 4503 labe
2862 4449 3100 4503 immune
3139 4447 3309 4502 fuisse
3337 4448 3654 4504 crediderit.

394 4520 666 4611 Ittbcbitis,
697 4545 1028 4602 demonstrat
1055 4559 1160 4599 non
1185 4558 1306 4598 esse
1333 4543 1630 4612 culpandos
1670 4556 1764 4596 eos
1797 4541 1887 4610 qui
1917 4541 1967 4595 ei
1995 4520 2047 4582 υ
2069 4543 2182 4598 lmo
2221 4558 2352 4597 vero
2388 4534 2544 4610 loni‘ge
2573 4542 2903 4596 contrarium
2953 4541 3108 4595 docet
3155 4541 3208 4594 in
3254 4541 3483 4610 epistola
3527 4539 3652 4604 ιϐἓ,

391 4639 536 4702 inter
565 4635 810 4697 homines
838 4633 1180 4691 conversanti
1206 4634 1274 4689 de
1301 4631 1645 4687 facultatibus
1669 4631 1784 4685 suis
1807 4631 1968 4684 mini-

390 4739 665 4786 strarent:
701 4747 722 4784 (
745 4728 876 4784 Cum
900 4737 1008 4782 tam
1030 4741 1197 4798 parvo
1225 4735 1467 4796 tempore
1487 4725 1601 4794 ipse
1624 4724 1762 4794 apud
1783 4723 1970 4778 Eccle-

389 4823 526 4877 siam
555 4819 898 4891 corporaliter
921 4833 1234 4882 mansurus;
1261 4832 1522 4888 pauperes
1544 4824 1745 4879 autem,
1772 4815 1967 4884 quibus

385 4912 732 4983 elecmosyna
759 4909 875 4965 ﬁeri
903 4917 1117 4980 posset,
1151 4899 1204 4963 in
1234 4921 1297 4961 ea
1321 4920 1535 4976 semper
1559 4914 1739 4962 essent
1766 4905 1969 4970 haben-

391 5004 464 5069 di.
491 5023 510 5056 ι
535 5002 636 5068 llic
664 5001 773 5060 vim
800 4999 928 5064 facit
944 4999 1178 5065 Dallacus.
1198 4998 1250 5057 in
1275 5013 1406 5059 voce
1425 4995 1786 5067 corporaliter,
1807 5010 1968 5064 quam

389 5094 685 5167 majoribus
711 5090 904 5155 litteris
937 5089 1172 5155 exhibet.
1200 5086 1366 5158 Quasi
1412 5100 1540 5140 vero
1582 5101 1680 5146 nos
1723 5085 1838 5154 jam
1875 5100 1968 5138 ca-

385 5186 574 5253 tholici
615 5196 804 5238 omnes
839 5181 892 5236 id
924 5179 1097 5250 ipsum
1133 5175 1339 5257 profert
1361 5176 1625 5241 Alcuinus.
1657 5176 1832 5246 palam
1861 5191 1966 5228 non

387 5277 762 5346 proﬁteamur,
806 5272 1128 5332 confitentes.
1167 5269 1444 5334 Christum
1485 5267 1769 5322 Dominum
1802 5267 1964 5337 375

385 5367 686 5433 secundum
709 5373 994 5420 externam
1029 5361 1261 5434 speciem
1303 5367 1359 5422 et
1396 5359 1860 5422 conversationem
1909 5358 1962 5412 in

387 5460 553 5518 terris.
574 5473 696 5516 esse
726 5457 947 5516 desiisse
967 5496 987 5522 ,
1017 5452 1233 5514 tametsi
1260 5467 1385 5510 vere
1421 5451 1474 5517 in
1502 5451 1840 5518 Eucharistia
1862 5450 1963 5505 sub

385 5551 540 5615 panis
567 5559 623 5604 et
648 5549 759 5610 vini
787 5548 966 5616 specie
994 5547 1230 5602 residere
1265 5545 1566 5601 credamus.

459 5636 609 5700 Quod
639 5639 705 5690 de
731 5637 1100 5691 accidentibus
1128 5635 1308 5691 subdit
1339 5634 1587 5698 Dallzcus,
1623 5633 1874 5688 nimirum
1895 5649 1962 5688 ex

389 5726 504 5791 veri
537 5723 749 5792 Alcuiui
779 5734 955 5789 mente
992 5741 1057 5781 ea
1083 5741 1305 5793 necesse
1332 5741 1453 5782 esse
1481 5726 1534 5781 in
1561 5726 1801 5803 qualibet
1839 5728 1964 5789 sub-

2072 4634 2139 4690 ad
2169 4634 2342 4703 ipsum
2371 4631 2624 4688 Carolum
2673 4632 2875 4700 scripta
2905 4649 2918 4684 :
2957 4649 2976 4682 ‹
3024 4631 3288 4695 Vidimus,
3323 4631 3517 4700 inquit,
3560 4630 3660 4685 ali-

2071 4725 2342 4796 quibusin
2370 4724 2502 4782 locis
2530 4724 2723 4778 altaria
2755 4723 2844 4776 Dei
2886 4723 3090 4793 absque
3115 4731 3274 4788 tecto,
3309 4723 3490 4776 avium
3521 4732 3658 4778 ster-

2073 4818 2314 4881 coribus,
2345 4816 2430 4871 vel
2456 4831 2652 4871 canum
2680 4816 2844 4870 mictu
2871 4813 3088 4888 fmdata.
3115 4813 3268 4880 Quod
3294 4814 3454 4869 facile
3477 4823 3654 4868 vestra

2073 4911 2379 4967 veneranda
2401 4909 2455 4962 in
2476 4909 2643 4962 Deum
2671 4907 2919 4962 voluntas
2939 4921 3038 4976 per
3059 4907 3339 4977 episcopos
3364 4906 3658 4960 emendare

2072 5000 2236 5064 valet,
2264 5008 2323 5054 ut
2365 5015 2487 5054 cum
2516 4999 2720 5053 honore
2757 4998 3023 5068 condigna
3065 5006 3280 5052 maneat
3322 5015 3510 5052 mensa
3555 4998 3654 5052 Do-

2073 5092 2206 5147 mini
2233 5091 2286 5144 in
2308 5091 2426 5146 loco
2452 5106 2571 5155 suo,
2593 5090 2678 5144 vel
2701 5098 2947 5160 portetur
2973 5091 3027 5145 in
3056 5090 3339 5146 ecclesiam
3365 5089 3654 5160 majorem,

2069 5182 2364 5236 secundum
2408 5188 2647 5234 sanctam
2703 5179 3043 5237 sacerdotum
3095 5181 3189 5236 Dei
3233 5181 3646 5251 providentiam.

2069 5273 2136 5326 Et
2165 5272 2458 5327 honorifice
2485 5281 2751 5327 tractetur
2778 5286 2870 5326 seu
2915 5272 3087 5327 altare
3127 5273 3347 5335 Christi,
3388 5287 3482 5327 seu
3523 5288 3649 5327 con-

2069 5365 2295 5420 secratio
2323 5365 2565 5433 corporis
2594 5372 2649 5419 et
2692 5364 2969 5434 sanguinis
3015 5365 3177 5430 illius,
3222 5373 3276 5420 et
3320 5365 3648 5434 pnecipuum

2070 5462 2269 5508 nostra:
2298 5453 2490 5508 salutis
2527 5463 2921 5509 sacramentum
2963 5455 3110 5509 omni
3142 5454 3493 5510 veneratione
3523 5468 3649 5507 cou-

2068 5554 2335 5609 secretur,
2381 5545 2646 5599 habeatur
2698 5553 2754 5599 et
2799 5546 3150 5600 custodiatur.
3200 5564 3219 5597 s
3257 5543 3396 5611 Quid
3439 5557 3645 5604 censes,

2069 5638 2296 5693 Dallaee?
2328 5638 2621 5709 negabisne
2649 5639 2765 5694 haec
2807 5654 2838 5692 a
2887 5654 3016 5694 vero
3058 5638 3283 5694 Alcuino
3313 5637 3494 5692 dicta?
3531 5635 3644 5689 Non

2070 5727 2144 5792 ita
2173 5737 2518 5805 comparatus
2546 5745 2629 5797 es,
2659 5738 2720 5790 ut
2747 5727 2801 5784 id
2830 5731 3155 5786 committas.
3190 5729 3269 5784 An
3301 5729 3418 5784 haec
3446 5727 3647 5785 leviora
