3934 6180
333 271 477 333 1015

899 272 1051 330 ΟΡΡ.
1092 272 1321 332 DUBIA.
1349 305 1415 316 —
1441 274 1532 331 DE
1568 272 1752 331 FIDE!
1788 271 2118 332 CONFESS.
2162 274 2553 336 MABlLLONll
2589 279 3019 372 DlSQUlSl'l‘lO.

3449 286 3551 341 1⁸οΐ
3552 287 3585 341 ι

326 386 527 459 putas?
542 384 726 456 Neque
749 384 804 441 id
821 386 917 442 tibi
938 386 1120 444 veniet
1142 387 1198 443 in
1216 396 1473 445 mentem.
1504 387 1743 444 Tametsi
1763 386 1909 442 enim
1934 390 1983 447 Δ
2012 387 2067 442 in
2094 388 2433 448 Eucharistia
2455 394 2732 464 corporeis
2750 395 2925 453 oculis
2945 397 3211 454 viderent.
3235 397 3388 467 Quod
3406 418 3589 476 neque

323 477 397 530 de
428 476 771 533 Eucharistia
798 492 907 533 non
947 480 1214 536 catholice
1239 479 1460 544 sentias,
1492 487 1675 535 tamen
1713 477 1907 532 altaria

322 570 381 620 et
407 566 607 637 templa
639 566 890 639 religiose
918 570 1199 625 tractanda
1225 584 1348 626 esse
1372 569 1515 625 ultro
1541 570 1657 640 ipse
1702 568 1909 623 fatebe-

324 656 430 722 ris;
461 664 517 712 et
540 657 633 726 qui
663 673 735 715 eo
757 674 928 729 usque
954 662 1301 731 processerit,
1330 668 1392 715 ut
1427 675 1491 717 ea
1523 660 1800 732 impluvio,
1839 674 1908 714 ne

320 746 498 803 dicam
532 748 711 803 avium
746 751 1080 808 stercoribus
1114 753 1202 807 vel
1228 767 1427 808 canum
1456 752 1645 808 mictui
1671 751 1904 808 obnoxia

319 839 625 909 reliquerit,
644 842 858 897 violata:
880 844 1153 916 religionis
1178 859 1334 900 reum
1354 859 1493 900 esse.
1517 842 1681 914 Atqui
1704 845 1757 900 id
1784 859 1906 916 per-

318 930 635 1002 petrabatur
657 947 766 987 non
788 948 895 988 uno
915 934 970 988 in
990 934 1109 991 loco
1137 935 1359 1006 impune
1380 949 1547 990 aureo
1567 934 1659 991 illo
1683 934 1900 1001 saeculo,

318 1033 585 1097 regnante
611 1026 820 1082 scilicet
838 1025 1035 1084 Carolo
1054 1027 1267 1100 Magno.

389 1115 500 1173 Sed
523 1132 592 1173 ne
629 1116 769 1173 forte
806 1118 862 1173 id
899 1135 1067 1175 unum
1094 1119 1261 1176 fuisse
1284 1134 1517 1190 reponas
1545 1119 1689 1190 quod
1721 1133 1904 1190 repre-

314 1205 583 1261 henderet
606 1206 890 1274 Alcuinus,
911 1208 1034 1265 audi
1054 1224 1163 1264 non
1180 1207 1297 1278 jam
1321 1224 1513 1276 unum,
1536 1209 1631 1265 sed
1647 1208 1899 1280 plurima,

312 1309 437 1364 qua:
464 1311 631 1353 aureo
658 1297 750 1352 illo
779 1298 979 1353 saeculo
1007 1299 1347 1355 emendanda
1381 1300 1558 1355 eidem
1586 1299 1899 1368 imperatori

309 1386 588 1459 signiﬁcat
617 1388 670 1442 in
696 1388 943 1444 carmine
965 1388 1094 1455 2'52,
1124 1390 1202 1445 ita
1225 1388 1480 1446 Carolum
1514 1389 1743 1445 affatus:

444 1520 872 1600 “primamempe
896 1525 983 1600 tibi
1000 1533 1113 1600 sunt
1140 1526 1441 1600 emendanda
1452 1540 1557 1600 per
1578 1530 1773 1591 orbem,

498 1583 540 1635 0
565 1586 684 1635 rex!
707 1598 738 1634 ο
760 1583 951 1638 rector!
970 1601 1001 1637 ο
1020 1588 1178 1639 decus
1200 1589 1466 1640 Ecclesia!

440 1645 713 1713 Simoniaca
737 1648 939 1713 quidem
963 1648 1147 1711 putulat
1167 1650 1294 1713 male
1315 1652 1469 1713 pestis
1494 1650 1543 1700 in
1568 1651 1711 1713 orbe,

500 1706 786 1772 Muneribus
806 1706 983 1758 dantui-
1006 1713 1207 1772 mystica
1230 1706 1355 1760 dona
1378 1710 1489 1760 Dei.

436 1766 559 1835 Qum
585 1767 719 1819 Deus
741 1775 965 1835 ater-nus
980 1766 1168 1835 cunctis
1190 1774 1477 1835 impendere
1501 1774 1655 1833 gratis

496 1827 742 1901 Jusserat,
766 1838 821 1901 ut
839 1833 996 1901 gratis
1009 1834 1187 1901 accipit
1206 1827 1311 1901 ipse
1343 1834 1501 1883 dator.

438 1889 545 1954 Stat
562 1889 758 1954 quoque
780 1889 1010 1954 judicium
1031 1889 1190 1944 catﬁa
1212 1889 1304 1943 sub
1327 1906 1537 1945 munere
1554 1895 1721 1946 dantis

497 1905 545 1940 at
562 1905 595 1953 q
695 1905 758 1939 ne
780 1905 1010 1954 ιιιαιειιιιιι
1031 1907 1190 1944 εδει-ω
1212 1905 1304 1943 sun
1327 1906 1537 1945 munere
1554 1905 1678 1946 dant!

497 1905 724 2014 Spuma
742 1953 978 2013 justitiam
1006 1956 1157 2004 vertit
1177 1957 1225 2005 in
1246 1968 1336 2005 ore
1356 1958 1505 2005 senis.
1675 1965 1678 1969 '

438 2011 821 2078 luntribusque
844 2016 971 2064 datis
994 2017 1197 2078 veniunt
1220 2019 1281 2068 ad
1303 2016 1470 2078 pocula
1499 2023 1676 2077 testes,

503 2074 653 2138 Impia
674 2074 775 2124 tum
792 2082 969 2138 purgat
987 2074 1316 2138 ebrletasque'
1328 2090 1486 2127 reum.

434 2133 679 2201 Oppritnit
703 2141 757 2184 et
780 2133 986 2185 miseros
1004 2133 1322 2201 quorumdam
1345 2150 1473 2187 sava
1500 2143 1737 2201 potestas,

495 2193 700 2257 impleat
723 2201 777 2245 ut
793 2208 965 2246 saccos
985 2193 1124 2247 dives
1144 2200 1208 2248 ab
1225 2213 1314 2249 ore
1337 2211 1472 2249 suos.

432 2254 642 2322 Impune
660 2256 939 2322 discurrunt
956 2257 1193 2310 facientes
1211 2260 1335 2310 furta
1362 2260 1593 2322 latrones,

499 2272 506 2304 ι
541 2270 642 2306 une
660 2270 939 2307 discurrunt
956 2270 1193 2310 lactentes
1211 2270 1335 2310 furta
1362 2270 1437 2309 tau

499 2270 698 2368 Eltores
722 2317 964 2368 scelerum
987 2328 1102 2369 sunt
1124 2323 1273 2370 etiam
1294 2322 1437 2372 socii.

439 2378 568 2446 ralia
591 2388 876 2440 compescat
896 2386 999 2446 tua,
1017 2392 1135 2446 rex,
1162 2381 1443 2446 veneranda
1469 2386 1706 2446 potestas,

493 2438 756 2492 Rectorem
774 2443 923 2502 regni
944 2451 994 2492 te
1013 2438 1152 2494 Deus
1172 2443 1403 2497 instituit.

373 2563 398 2621 1
423 2580 585 2632 nunc,
608 2572 665 2622 et
688 2566 962 2637 ingratum
982 2568 1267 2625 Alcuinum
1295 2586 1499 2639 assere,
1524 2574 1568 2629 si
1598 2583 1772 2644 potes,
1801 2575 1895 2645 qui

301 2657 503 2729 optimo
529 2673 628 2713 auo
653 2658 880 2730 principi
917 2668 967 2714 et
1009 2659 1286 2717 Maecenati
1306 2671 1415 2717 tam
1438 2663 1723 2721 invidiosus
1748 2682 1896 2723 voces

300 2751 555 2825 ingerere
601 2767 710 2809 non
746 2752 954 2809 veritus
1002 2753 1094 2819 sit,
1147 2755 1347 2811 nedum
1398 2757 1596 2812 chartis
1637 2759 1748 2814 suis
1790 2758 1897 2813 illi-

303 2846 453 2910 nire;
479 2853 578 2900 aut
600 2845 648 2901 si
678 2859 785 2900 non
809 2844 998 2912 audes,
1027 2846 1199 2902 fatere
1227 2849 1443 2905 tandem
1473 2849 1763 2921 aliquando
1787 2866 1896 2907 non

303 2950 428 2991 esse
455 2935 692 2991 alienum
719 2952 750 2992 a
790 2950 921 2991 vero
942 2935 1193 3003 Alcuino,
1229 2938 1375 3008 quod
1415 2947 1730 2995 memorata:
1756 2938 1898 2996 Con-

2006 480 2297 547 anteriori,
2343 495 2516 552 neque
2541 483 2753 539 Alcuini
2781 493 3025 557 tempore
3050 488 3314 546 accidisse
3357 477 3583 551 Dallteus

2006 580 2280 626 asseverat
2306 589 2320 626 :
2352 573 2446 628 sed
2475 572 2636 645 hujus
2667 577 2880 646 generis
2923 579 3165 651 prodigia
3194 596 3337 637 nono
3367 582 3578 638 demum

2007 659 2191 714 adulto
2211 662 2425 728 saeculo,
2449 664 2515 719 ad
2540 663 2911 733 Paschasiani,
2935 676 2994 722 ut
3018 676 3191 740 putat,
3215 672 3418 729 erroris
3443 688 3587 728 eom-

2007 751 2399 807 mendationem
2425 755 2605 826 spargi
2635 767 2830 827 coepta.

2077 842 2133 897 Si
2171 843 2465 902 altercandi
2507 840 2845 906 occasionem
2888 868 3132 923 quaerere
3163 867 3309 913 esset
3346 860 3576 923 animus,

2004 933 2095 990 hic
2138 937 2351 992 causari
2386 953 2620 1008 possem,
2665 958 2771 996 non
2815 953 3068 1001 constare
3110 963 3178 1001 an
3217 947 3583 1006 Confessionis

2002 1027 2238 1097 scriptor
2261 1030 2365 1088 hoc
2390 1030 2509 1087 loco
2533 1032 2600 1088 de
2628 1035 2868 1089 sensibili
2895 1039 3139 1107 corporis
3163 1039 3365 1096 Christi
3393 1042 3448 1097 in
3474 1043 3582 1099 Ευ-

2002 1118 2259 1174 charistia
2286 1120 2492 1177 visione
2515 1132 2659 1194 agat,
2692 1139 2760 1179 an
2791 1125 2857 1181 de
2884 1127 3149 1195 spirituali
3173 1130 3352 1202 aliqua
3375 1135 3582 1189 revela-

2001 1209 2168 1276 tione,
2191 1226 2295 1282 qua
2319 1227 2451 1268 vera
2475 1211 2674 1270 Christi
2700 1216 2753 1270 in
2777 1228 3117 1275 sacramento
3145 1225 3431 1291 przesentia
3452 1240 3581 1279 con-

2000 1300 2284 1357 firmetur:
2326 1303 2512 1373 quales
2558 1320 2689 1361 sane
2740 1307 3097 1364 revelationes
3145 1309 3216 1364 ab
3267 1313 3582 1369 auctoribus

1998 1390 2226 1448 Alcuino
2250 1395 2621 1463 superioribus
2647 1398 2755 1452 huc
2781 1398 3053 1455 adducere
3082 1416 3189 1456 non
3217 1411 3363 1458 esset
3386 1418 3580 1476 opero-

1999 1494 2140 1535 sum.
2165 1482 2363 1538 Verum
2401 1483 2585 1540 Dallaai
2610 1490 3059 1544 commentarium
3097 1491 3287 1549 lubens
3313 1493 3578 1549 admitto:

1998 1576 2056 1623 at
2078 1569 2194 1640 ejus
2226 1587 2360 1641 pace
2400 1574 2650 1641 dixerim,
2679 1575 2943 1646 ejusmodi
2974 1580 3219 1651 prodigia
3265 1581 3424 1654 longe
3455 1591 3583 1640 ante

2000 1656 2276 1717 Paschasii
2319 1671 2527 1735 tempus
2553 1666 2889 1738 legebantur,
2921 1684 3113 1740 nempe
3155 1671 3286 1727 illud
3327 1674 3471 1743 quod
3515 1675 3583 1733 de

1992 1753 2226 1825 Plegislo
2260 1756 2514 1828 religioso
2552 1761 2834 1816 sacerdote
2865 1771 3131 1818 memorat
3161 1764 3302 1819 idem
3345 1763 3584 1823 Pascha-

1992 1849 2136 1915 sius;
2168 1848 2313 1920 quod
2346 1861 2496 1907 certe
2529 1868 2635 1908 non
2678 1867 3015 1914 commentus
3048 1866 3131 1914 est
3159 1858 3243 1914 vir
3277 1859 3581 1931 religiosus,

1993 1941 2089 1997 sed
2119 1956 2186 1998 ex
2226 1942 2453 2014 antiquo
2488 1954 2710 2004 auctore
2746 1950 2976 2020 accepit.
3005 1950 3165 2008 Aliud
3194 1954 3323 2009 item
3367 1953 3582 2011 Alcuini

1993 2041 2236 2105 tempore
2268 2034 2468 2093 Paulus
2491 2036 2772 2104 diaconus,
2799 2039 3114 2101 Casinensis
3150 2047 3466 2114 monachus,
3496 2049 3583 2103 lit-

1992 2124 2126 2180 teris
2155 2126 2430 2181 mandavit
2455 2128 2509 2182 in
2536 2129 2657 2185 Vita
2688 2128 2937 2203 Gregorii
2969 2132 3163 2205 Magni,
3190 2136 3333 2206 quod
3361 2139 3410 2194 ei
3439 2139 3583 2194 acci-

1991 2211 2073 2268 dit
2115 2213 2170 2268 in
2197 2214 2342 2271 facto
2369 2225 2631 2274 matronae
2665 2219 2942 2277 Romamn.
2987 2221 3094 2279 Sed
3124 2235 3250 2280 ante
3292 2227 3395 2283 hoc
3435 2228 3582 2285 aliud

1995 2303 2125 2359 item
2153 2304 2209 2359 in
2231 2306 2353 2361 Vita
2383 2307 2556 2361 sancti
2581 2308 2763 2364 Basilii
2790 2309 3054 2367 Caesarea:
3073 2313 3333 2385 episcopi,
3358 2315 3581 2388 Amphi-

1996 2392 2172 2450 lochio
2198 2394 2364 2451 lconii
2389 2396 2643 2468 episcopo
2664 2400 2919 2471 ascripta,
2950 2402 3229 2476 legebatur
3255 2405 3323 2462 de
3355 2405 3583 2464 Hebraeo

1994 2485 2250 2556 quodam,
2272 2486 2358 2541 cui
2390 2489 2910 2547 eommunieantibus
2935 2489 3259 2550 Christianis
3287 2497 3581 2568 infantulus

1994 2573 2321 2629 membratim
2349 2576 2513 2631 incidi
2539 2593 2594 2632 in
2626 2578 2876 2634 manibus
2910 2580 3094 2637 Basilii
3124 2582 3272 2641 visus
3297 2593 3399 2641 est.
3430 2586 3580 2655 Ilmc,

1996 2665 2237 2735 inquam,
2276 2666 2596 2738 legebantur
2622 2678 2749 2724 ante
2777 2669 2986 2728 Aleuini
3024 2681 3262 2742 aetatem,
3292 2691 3413 2747 qua:
3454 2693 3583 2748 pro-

1995 2755 2121 2812 inde
2142 2772 2254 2827 pra:
2274 2757 2466 2825 oculis,
2494 2773 2617 2814 cum
2644 2758 3047 2819 Confessionem
3072 2766 3358 2833 scriberet,
3381 2768 3582 2827 habere

2068 2850 2189 2902 tuit.

2068 2861 2189 2902 iuit.

1994 2861 2271 3003 poBasilii,
2303 2936 2500 3007 inquis,
2533 2937 2658 2995 Vita
2684 2938 2894 2997 Latinis
2921 2942 3145 3000 auribus
3181 2946 3453 3018 incognita
3477 2947 3579 3005 fuit

303 3024 559 3083 fessionis
593 3027 830 3098 scriptor
857 3028 912 3083 in
937 3029 1117 3086 surculi
1145 3032 1227 3086 sui
1256 3032 1387 3088 vitia
1432 3032 1788 3091 exclamando
1814 3035 1896 3090 in-
1919 3072 1967 3136 c
1996 3035 2127 3136 int:
2147 3027 2353 3136 Ni'eolai
2374 3029 2534 3136 primi
2560 3030 2952 3136 pontificatum,
2976 3050 3107 3136 cuin
3123 3037 3328 3094 scilicet
3349 3041 3417 3096 ab
3441 3041 3583 3099 Urse

299 3115 540 3172 vehitur.
582 3117 743 3174 Plura
789 3119 891 3175 hac
931 3117 1000 3176 de
1037 3135 1095 3175 re
1121 3121 1317 3192 legesis
1363 3124 1505 3193 apud
1535 3124 1892 3182 Theodulfum

298 3204 750 3263 Aurelianensem
779 3210 1092 3281 episcopum
1126 3212 1179 3266 in
1206 3211 1475 3269 Paraenesi
1496 3214 1563 3269 ad
1585 3212 1818 3283 judices.

370 3296 538 3369 376
575 3298 661 3353 l0.
707 3299 866 3356 Aliud
897 3316 965 3357 ex
1008 3303 1223 3375 vulgata
1272 3304 1625 3364 Confessione
1670 3309 1894 3380 opponit

299 3388 557 3455 Dallreus,
583 3391 728 3460 quod
756 3391 969 3449 Alcuini
1007 3396 1206 3451 smeulo
1248 3411 1551 3470 repugnare
1574 3402 1888 3457 contendit:

298 3494 497 3550 nempe
529 3482 633 3537 hoc
655 3483 800 3552 quod
832 3484 899 3539 de
922 3483 1124 3543 Iudaeis
1167 3487 1365 3560 legitur
1397 3490 1453 3544 in
1498 3499 1653 3561 parte
1676 3508 1737 3557 ιι,
1766 3507 1886 3562 cap.

296 3568 377 3626 ὃς
410 3589 429 3622 ι
461 3571 670 3640 Quibus
695 3574 857 3629 etiam
906 3590 1008 3632 nec
1051 3577 1379 3633 advenarum
1401 3578 1527 3649 jure
1569 3588 1772 3637 terram
1798 3597 1892 3653 pa-

299 3660 463 3716 triam
516 3661 709 3718 saltem
757 3665 986 3736 vestigio
1034 3668 1272 3724 salutare
1318 3671 1653 3725 conceditur.
1694 3691 1713 3725 »
1760 3672 1891 3739 Quae

296 3750 465 3806 verba
502 3752 581 3806 sic
607 3762 1005 3810 commentatur
1031 3756 1261 3812 Dallaius
1301 3776 1314 3810 :
1355 3776 1373 3809 ι
1403 3757 1463 3813 Si
1502 3759 1588 3814 vel
1629 3759 1888 3827 Adriani,

296 3841 384 3897 vel
431 3840 798 3909 Constantini,
842 3853 898 3901 et
953 3842 1388 3903 Christianorum
1431 3849 1738 3920 principum
1796 3852 1890 3921 qui

295 3933 348 3988 ei
375 3934 447 3988 ‘in
507 3932 728 3991 Oriente
789 3938 960 3993 tribus
1005 3947 1305 4007 quatuorve
1352 3940 1564 3995 saiculis
1611 3956 1891 3998 successe-

297 4030 460 4087 runt,
504 4023 589 4078 vel
646 4024 959 4082 Latinorum
1009 4028 1271 4098 denique,
1317 4029 1410 4099 qui
1453 4027 1695 4086 Judxeam
1745 4046 1890 4088 anno

299 4114 442 4169 1100
466 4115 634 4171 armis
650 4117 931 4185 quaesitam
952 4118 1264 4189 aliquandiu
1286 4127 1595 4187 tenuerunt,
1625 4123 1887 4192 tempori-

296 4206 405 4262 bus
430 4205 584 4273 vixit,
612 4208 725 4261 veri
753 4208 985 4278 speciem
1010 4209 1173 4264 habet
1192 4211 1309 4265 hzee
1335 4212 1513 4267 oratio
1537 4229 1550 4264 :
1580 4212 1648 4267 ab
1673 4211 1886 4267 Alcuini

297 4313 433 4353 vero
461 4298 659 4354 sarculo
687 4300 862 4355 aliena
887 4309 991 4367 est,
1021 4315 1130 4372 quo
1155 4300 1414 4358 Saraceni
1446 4302 1498 4358 in
1520 4303 1670 4360 omni
1703 4301 1886 4359 Iudaea

298 4388 709 4459 imperitabant.
741 4411 760 4443 ι

369 4480 514 4547 Quid
563 4481 664 4537 sibi
711 4482 844 4538 velit
893 4484 997 4540 hoc
1045 4486 1440 4541 commentario
1483 4484 1734 4553 Dallmus,
1775 4502 1883 4543 non

296 4568 477 4639 capio.
507 4568 564 4624 Si
590 4571 735 4625 enim
776 4571 1056 4628 Confessio
1083 4588 1181 4643 per
1206 4574 1422 4629 modum
1467 4576 1883 4648 improperantis

297 4668 356 4714 et
364 4658 712 4730 rorripientis
724 4661 842 4716 haec
854 4662 1142 4733 ingereret,
1159 4664 1396 4732 speciem
1407 4664 1643 4734 aliquam
1658 4664 1884 4723 haberet

300 4750 489 4805 Dalluti
528 4760 927 4820 argumentum.
973 4752 1126 4808 Nunc
1152 4769 1283 4808 vero
1319 4754 1385 4809 de
1420 4756 1598 4823 poenis
1627 4756 1883 4811 divinitus

295 4839 504 4896 Judreis
541 4840 760 4898 inflictis
804 4858 925 4898 cum
969 4852 1093 4916 agat
1133 4845 1247 4900 hoc.
1278 4845 1416 4911 loco,
1463 4845 1598 4900 nihil
1642 4847 1893 4902 continet

299 4934 449 5003 quod
503 4950 611 4989 non
662 4949 926 5004 usurpare
978 4937 1250 5006 possimus
1304 4938 1407 4992 hoc
1460 4945 1722 5007 tempore,
1775 4954 1883 5008 quo

300 5024 469 5079 etiam
505 5023 744 5079 infideles
779 5025 949 5081 sacris
974 5026 1105 5081 locis
1131 5027 1494 5082 dominantur.

376 5114 464 5168 ll.
513 5113 683 5169 Alline
727 5123 813 5171 est
845 5116 971 5172 huic
1015 5127 1333 5188 argumento
1370 5120 1884 5189 quod‘disceptator

301 5203 473 5263 sumit
495 5218 565 5260 ex
593 5204 959 5263 Confessionis
982 5217 1136 5278 parte
1162 5226 1233 5272 Iv,
1258 5225 1375 5280 cap.
1394 5210 1446 5275 4,
1475 5211 1566 5266 ubi
1594 5213 1878 5268 scribitur:

308 5313 326 5344 ι
358 5294 716 5353 Eucharistici
744 5300 985 5369 mysterii
1009 5300 1310 5365 veritatem,
1344 5302 1398 5357 id
1423 5312 1507 5357 est
1536 5304 1734 5358 realcm
1764 5320 1883 5359 cor-

303 5385 454 5456 poris
481 5385 743 5443 Dominiei
776 5392 1139 5459 prtesentiam,
1174 5407 1555 5461 nonnunquam
1585 5393 1762 5447 divina
1801 5409 1885 5449 re-

302 5477 578 5534 velatione
618 5481 887 5550 aliquibus
941 5483 1342 5540 manifestatam
1388 5499 1528 5540 esse.
1560 5505 1578 5538 ι
1629 5485 1889 5559 intelligit

303 5574 511 5633 autem,
537 5569 710 5640 inquit
740 5572 984 5638 Dallaaus,
1012 5574 1335 5645 quibusdam
1359 5573 1619 5631 divinitus
1657 5593 1881 5637 conces-

305 5668 432 5717 sum
457 5654 644 5728 fuisse,
672 5668 729 5718 ut
752 5676 970 5721 carnem
992 5673 1046 5722 et
1066 5666 1382 5737 sanguinem
1402 5680 1505 5738 pro
1525 5681 1663 5739 pane
1684 5672 1891 5730 et'vino‘

1996 3117 2055 3175 S.
2086 3118 2153 3174 Β.
2198 3119 2261 3174 Ε.
2313 3121 2696 3178 archidiacono
2738 3123 3032 3182 Latinitate
3076 3128 3272 3184 donata
3318 3141 3420 3189 est.
3467 3135 3581 3192 lmo

1992 3227 2122 3268 vero
2147 3220 2273 3268 ante
2295 3213 2420 3270 Ursi
2441 3215 2743 3272 versionem
2770 3217 2875 3272 alia
2894 3217 3194 3291 legebatur,
3216 3237 3337 3294 quae
3363 3223 3419 3279 in
3441 3224 3582 3282 Vitis

1990 3300 2209 3357 Patrum
2231 3303 2374 3359 edita
2396 3312 2483 3360 est
2504 3320 2534 3359 a
2556 3303 2716 3362 Surio
2736 3308 2968 3376 politiori
2995 3310 3133 3382 ston
3163 3312 3389 3367 reddita.
3413 3313 3579 3385 Cujus

1990 3394 2071 3449 rei
2118 3396 2481 3452 certissimum
2511 3413 2667 3453 sumo
2695 3410 3071 3470 argumentum
3101 3419 3168 3459 ex
3198 3403 3387 3461 Encas
3416 3406 3570 3463 Pari-

1989 3484 2184 3542 siensis
2207 3487 2442 3558 episcopi
2466 3488 2604 3546 libro
2632 3492 2893 3548 adversus
2912 3493 3150 3562 Graecos,
3175 3506 3366 3567 quaest.
3395 3498 3453 3565 2,
3476 3499 3572 3556 ubi

1990 3574 2113 3631 Vita
2152 3578 2327 3633 sancti
2360 3576 2545 3635 Basilii
2583 3581 2648 3636 de
2676 3579 2866 3639 Graeco
2900 3583 2957 3639 in
2994 3585 3246 3642 Latinum
3274 3606 3307 3643 a
3346 3590 3577 3661 quodam.

1989 3665 2196 3733 (inero,
2220 3669 2469 3724 vocabulo
2485 3671 2742 3738 Eveimio,
2766 3675 2831 3729 de
2856 3676 3006 3731 verba
3021 3678 3279 3733 translata
3305 3679 3573 3737 laudatur.

1989 3758 2133 3830 Ergo
2152 3768 2410 3831 regnante
2429 3761 2625 3817 Carolo
2642 3763 2824 3827 Calvo,
2850 3766 2952 3820 hoc
2973 3770 3255 3828 estmedio
3274 3771 3473 3825 smculo
3493 3788 3582 3837 ιιι,⁸

1990 3849 2131 3917 apud
2155 3848 2335 3906 Gallos
2369 3850 2852 3907 circumferebatur
2877 3855 2994 3910 haec
3032 3857 3168 3923 Vita,
3197 3874 3360 3929 quam
3392 3859 3575 3918 Alcui-

1990 3955 2094 3995 nus
2121 3941 2316 4012 legisse
2345 3941 2540 4011 potuit.

2059 4031 2140 4086 Ad
2187 4034 2303 4089 haee
2345 4033 2574 4089 Alcuino
2620 4036 2947 4107 suppetebat
2984 4039 3192 4110 insigne
3240 4045 3579 4113 exemplum,

1989 4123 2134 4194 quod
2162 4123 2395 4180 refertur
2421 4125 2475 4180 in
2506 4125 2600 4182 lib.
2624 4143 2657 4181 v
2679 4129 2746 4184 de
2772 4129 2909 4185 Vitis
2953 4130 3198 4200 Patrum,
3225 4150 3342 4206 cap.
3368 4137 3455 4204 18,
3479 4140 3572 4196 ubi

1990 4213 2188 4286 legitur
2210 4215 2422 4269 Arsenii
2452 4215 2652 4271 dictum
2683 4218 2749 4274 de
2787 4220 3020 4289 quodam
3049 4237 3177 4278 sene
3206 4224 3261 4278 in
3301 4223 3437 4282 Sciti
3476 4228 3573 4283 ba-

1989 4304 2210 4365 bitante.
2242 4315 2304 4361 ut
2347 4306 2511 4361 habet
2545 4323 2646 4363 ms.
2689 4310 2859 4365 codex
2901 4310 3273 4380 Corbeiensis;
3316 4317 3407 4385 qui
3446 4333 3568 4372 cum

1918 4424 1967 4484 υ
1989 4414 2144 4454 secus
2172 4415 2334 4469 quam
2363 4400 2603 4457 Ecclesia
2630 4404 2896 4459 catholica
2929 4407 3111 4473 tradit,
3139 4409 3206 4463 de
3227 4408 3428 4466 Christi
3451 4424 3575 4465 cor-

1988 4504 2120 4559 pore
2143 4489 2197 4543 in
2229 4490 2566 4547 Eucharistia
2594 4495 2850 4560 sentiret;
2878 4496 3037 4566 idque
3063 4515 3165 4553 non
3192 4499 3434 4555 naturale
3454 4516 3574 4555 cor-

1987 4597 2085 4651 rus
2114 4580 2328 4648 Christi,
2360 4584 2454 4640 sed
2485 4592 2690 4642 tantum
2722 4587 2951 4658 ﬁguram
2986 4591 3101 4660 ejus
3140 4607 3261 4648 esse
3285 4594 3565 4660 crederet;

1988 4672 2163 4727 tribus
2209 4672 2459 4729 Patribus
2485 4675 2555 4728 ob
2593 4690 2712 4730 eam
2754 4691 2971 4732 causam
3017 4681 3348 4748 convocatis,
3374 4691 3431 4738 et
3469 4699 3585 4752 pro,

1988 4764 2134 4818 senis
2162 4764 2512 4819 conversione
2539 4766 2840 4831 orantibus,
2872 4766 3014 4823 facta
3046 4785 3103 4825 re
3134 4787 3311 4839 sacra,
3350 4775 3579 4830 tandem

1989 4857 2056 4911 ad
2101 4866 2304 4913 rectam
2334 4858 2495 4913 fidem
2534 4862 2787 4915 reductus
2816 4870 2916 4917 est.
2952 4882 2970 4915 ι
3001 4865 3133 4921 Nam
3162 4871 3377 4937 quando
3404 4873 3566 4942 positi

1987 4957 2110 5003 sunt
2138 4966 2301 5019 panes
2347 4951 2398 5005 in
2425 4952 2601 5014 altari,
2630 4953 2912 5011 videbatur
2936 4958 3040 5015 illis
3071 4965 3569 5021 tantummodontri-

1986 5037 2089 5092 bus
2133 5046 2387 5110 tanquam
2413 5043 2670 5111 puerulus
2691 5042 2881 5113 jaccns
2924 5066 3086 5122 super
3112 5053 3301 5110 altare.
3346 5057 3415 5112 Et
3440 5075 3564 5114 eum

1985 5129 2313 5185 extemlisset
2352 5132 2633 5204 presbyter
2663 5153 2878 5194 manum
2923 5151 2982 5196 ut
3030 5142 3305 5216 frangeret
3339 5163 3556 5218 panem,

1952 5255 1958 5260 -
1988 5221 2265 5276 descendit
2302 5223 2524 5294 angelus
2553 5225 2764 5283 Domini
2809 5230 2876 5285 de
2907 5232 3044 5288 emlo
3079 5236 3286 5293 habens
3323 5239 3563 5297 cultrum

1984 5311 2040 5366 in
2066 5329 2249 5377 manu,
2273 5322 2327 5369 et
2347 5316 2548 5370 seeavit
2572 5319 2854 5386 puerulum
2878 5322 3057 5387 illum;
3089 5330 3405 5398 sanguinem
3428 5348 3560 5391 vero

1984 5400 2128 5458 illius
2152 5404 2453 5475 excipiebat
2481 5407 2533 5460 in
2560 5408 2780 5464 calicea
2809 5411 2943 5468 Tum
2967 5418 3256 5475 accedente
3282 5436 3431 5488 sene,
3459 5434 3561 5480 cut

1982 5492 2256 5564 acciperet
2287 5504 2529 5551 sanetam
2558 5503 2991 5560 communionem
3009 5548 3022 5570 ,
3050 5509 3172 5565 data
3201 5522 3285 5567 est
3329 5514 3428 5584 ipsi
3458 5517 3561 5574 soli

1983 5598 2112 5639 caro
2140 5586 2403 5657 sanguine
2445 5599 2757 5659 cruentata;
2794 5597 2937 5664 quod
2963 5613 3086 5655 cum
3116 5601 3370 5669 vidisset,
3384 5608 3553 5675 perti-

1981 5677 2119 5733 muit
2140 5687 2197 5736 ct
2223 5678 2475 5738 clamavit
2503 5682 2725 5742 dicens:
2753 5684 2942 5756 Credo,
2974 5691 3220 5764 Domine,
3245 5696 3369 5768 quia
3398 5701 3554 5770 panis
