3934 6180
277 279 414 339 1οη

847 283 998 341 ΟΡΡ.
1038 283 1263 341 DUBIA.
1304 314 1377 326 —-
1411 284 1500 341 DE
1536 285 1714 341 FlDEl
1754 282 2082 340 CONFESS.
2128 285 2517 342 MARILLONII
2557 286 2984 358 DlSQUlSlTlO.

3379 295 3529 352 ίθίῧι

269 400 507 471 aliisque
526 396 771 457 revocari
795 396 1119 468 potuissent,
1149 396 1373 467 iubente
1413 412 1539 468 rege
1562 406 1716 455 extra
1744 414 1835 453 ur—
1866 400 1913 459 At
1939 400 2126 457 chasio
2163 397 2364 456 diserte
2411 401 2703 470 impactum
2746 411 2833 458 est
2873 412 3001 459 ante
3036 403 3347 475 Berengsrii
3385 420 3519 463 eeo-

266 494 395 549 bem
424 491 655 547 cremati
696 498 837 545 sunt.
868 488 968 545 Hic
1013 490 1191 545 nullus
1234 505 1409 544 canon
1451 489 1725 544 nullumve
1747 488 1845 545 de-

264 589 476 639 cretum
500 580 776 637 conditum
808 577 1021 648 legitur,
1052 579 1145 634 sed
1177 587 1380 633 tantum
1402 593 1556 647 ptena
1582 578 1850 635 haereticis

266 671 504 729 inﬂicta:
548 671 621 725 ob
664 685 785 727 eam
831 668 1082 725 videlicet
1129 684 1347 723 causam
1396 669 1539 732 quod
1578 670 1850 724 communi

268 765 528 824 Ecclesiae
555 764 834 821 catholicae
872 761 1183 834 pneiudicio
1208 761 1546 832 proscriptus
1577 768 1721 816 esset
1752 775 1848 816 εο-

268 872 390 913 rum
420 874 597 921 error,
636 855 728 925 qui
755 857 1040 910 veritatem
1080 853 1324 923 corporis
1349 861 1403 907 et
1433 854 1710 924 sanguinis
1752 854 1861 917 Do-,

271 949 411 1009 mini
440 950 493 1003 in
517 946 857 1003 Eucharistia
889 953 1196 1015 negassent,
1225 954 1387 1016 atque
1428 944 1732 1014 huiusmodi
1761 946 1853 1000 ho-

265 1042 448 1095 mines
474 1039 528 1092 in
568 1036 946 1092 haereticorum
974 1036 1202 1091 classem
1246 1036 1544 1090 amandati.
1574 1034 1690 1102 Qua
1728 1050 1852 1104 peis

270 1130 527 1184 suasione
561 1128 816 1183 commoti
842 1128 1083 1201 praedicti
1126 1127 1388 1192 bteretici,
1423 1140 1664 1183 errorem
1694 1142 1857 1193 suum

270 1220 501 1291 publicis
557 1218 908 1275 concionibus
965 1219 1303 1274 committere
1365 1234 1472 1273 non
1539 1217 1846 1273 audebant:

271 1311 370 1369 sed
404 1310 630 1366 occultis
671 1310 934 1366 cuniculis
977 1308 1297 1379 furtivisque
1326 1309 1607 1379 colloquiis
1632 1309 1685 1363 in
1715 1309 1853 1364 ﬁdos

270 1401 637 1470 probatosque
675 1400 1029 1470 quorumdam
1078 1400 1286 1455 animos
1328 1416 1448 1454 eum
1494 1400 1846 1468 inspirabant.

272 1493 507 1547 Tantum
553 1491 696 1560 apud
724 1504 818 1546 eos
845 1489 1172 1559 praevalebat
1213 1490 1414 1545 erroris
1443 1489 1525 1543 sui
1550 1504 1859 1560 praecones:

269 1594 368 1655 pta
397 1583 692 1639 damnatio.

348 1677 528 1732 Mitius
555 1691 679 1730 eum
706 1673 826 1730 aliis
865 1672 1107 1743 ejusdem
1144 1671 1333 1729 farina:
1382 1673 1688 1729 hominibus
1736 1674 1851 1744 egit

271 1777 495 1833 sanctus
522 1765 635 1824 Odo
664 1764 1069 1821 Cantuariensis
1097 1764 1380 1833 episcopus
1401 1765 1618 1820 circiter
1646 1780 1846 1819 annum
1881 1734 1925 1797 Β

270 1860 402 1923 950,
432 1873 539 1930 quo
564 1864 802 1926 tempore.
834 1874 851 1906 ι
897 1855 1115 1924 quidam
1151 1854 1355 1918 clerici,
1399 1854 1636 1924 maligno
1664 1868 1850 1909 errore

271 1949 512 2015 seducti,
538 1960 850 2007 asseverare
872 1944 1209 2027 conabantur
1232 1959 1423 2014 panem
1452 1952 1506 2000 et
1527 1945 1708 1999 vinum
1730 1958 1854 2014 quae

273 2038 336 2097 in
367 2037 525 2094 altari
572 2045 864 2108 ponuntur,
913 2044 1035 2107 post
1074 2035 1533 2090 consecrationem
1580 2036 1634 2090 in
1683 2035 1853 2104 priori

271 2130 575 2187 SubStantia
622 2142 955 2198 permanere,
997 2134 1050 2181 et
1077 2126 1302 2194 ﬁguram
1334 2126 1702 2179 tantummodo
1730 2140 1853 2180 esse

273 2219 521 2297 corppris
578 2226 632 2273 et
680 2216 959 2287 sanguinis
1011 2215 1234 2281 Christi,
1283 2231 1388 2270 non
1430 2230 1615 2269 verum
1653 2212 1853 2269 Christi

272 2324 476 2379 corpus
524 2316 579 2362 et
614 2306 948 2377 sanguinem.
998 2304 1237 2372 Quorum
1276 2321 1539 2359 enormem
1578 2304 1853 2375 perﬁdiam

270 2399 467 2455 beatus
491 2396 604 2453 010
638 2397 918 2452 destruere
953 2395 1198 2463 cupiens,
1242 2395 1368 2450 dum
1404 2395 1639 2466 quadam
1670 2395 1755 2450 die
1799 2394 1855 2451 in

272 2496 565 2571 conspectu
585 2488 748 2544 totius
766 2486 946 2556 populi
968 2486 1329 2541 sacrosanctis
1349 2486 1638 2542 missarum
1659 2474 1858 2541 solem.-

272 2582 384 2639 niis
410 2581 637 2637 devotus
677 2581 1002 2646 intenderet,
1030 2582 1304 2651 expressis
1327 2581 1581 2652 lacrymis
1606 2581 1702 2636 Dei
1740 2596 1858 2637 om-

271 2677 570 2751 nipotentis
609 2676 950 2732 clementiam
984 2677 1037 2731 in
1082 2692 1181 2735 suo
1225 2676 1524 2732 ministerio
1550 2675 1859 2744 adforepo:

270 2768 517 2832 stillavit,
543 2781 665 2837 qua)
692 2766 762 2822 ad
809 2765 1151 2836 depellendos
1182 2767 1457 2822 hominum
1500 2782 1704 2821 errores
1732 2765 1860 2821 sub-

272 2860 572 2923 stantivam
620 2857 923 2913 divinorum
964 2858 1348 2927 mysteriorum
1394 2856 1696 2911 declararet
1732 2870 1859 2924 pro-

268 2952 582 3022 prietatem.
620 2949 862 3020 Cumque
903 2950 972 3004 ad
1015 2947 1441 3004 confractionem
1468 2946 1669 3002 vivifici
1704 2946 1859 3016 panis

270 3058 497 3097 ventum
543 3040 762 3106 fuisset,
805 3039 1092 3096 confestim
1140 3041 1281 3095 inter
1330 3055 1521 3094 manus
1564 3039 1859 3109 pontiﬁcis,

274 3133 581 3206 fragmenta
628 3135 873 3206 corporis
910 3133 1111 3189 Christi
1141 3135 1392 3198 tenentis,
1432 3135 1647 3204 sanguis
1674 3142 1857 3204 gutta-

276 3224 379 3301 tim
407 3223 640 3278 deﬂuere
685 3223 869 3294 coepit.
906 3242 927 3275 ι
959 3221 1124 3291 Cuius
1166 3222 1244 3277 rei
1273 3222 1706 3278 consideratione
1732 3237 1863 3291 per-.

274 3315 420 3372 culsi
467 3329 674 3379 omnes,
717 3314 882 3385 378
933 3315 1170 3369 maxime
1215 3330 1344 3370 vero
1390 3315 1573 3371 clerici
1620 3316 1857 3381 sectarii,

274 3388 522 3461 errorem
567 3417 724 3457 suum
778 3402 1156 3457 incunctanter
1209 3402 1474 3472 abiecere.
1509 3404 1626 3474 Ipse
1678 3412 1865 3461 autem

274 3494 519 3566 pontifex
542 3509 664 3550 cum
701 3494 812 3549 suis
854 3493 908 3549 in
946 3510 1139 3566 magna
1161 3496 1457 3565 gratiarum
1488 3496 1700 3553 actione
1726 3496 1863 3551 lzeti~

279 3588 414 3641 liam
441 3586 570 3657 egit,
614 3603 633 3637 ι
667 3593 950 3655 propterea
980 3586 1125 3655 quod
1148 3587 1326 3641 omnis
1366 3601 1520 3640 error
1561 3584 1629 3641 de
1675 3585 1859 3640 Domi-

278 3678 402 3733 nico
424 3692 648 3748 corpore
682 3676 736 3731 in
758 3683 977 3746 pectore
1004 3691 1223 3730 suorum
1247 3675 1477 3730 abolitus
1504 3674 1724 3739 fuisset,
1762 3690 1865 3731 nee

276 3768 420 3823 ultra
451 3782 647 3835 panem
691 3767 746 3821 in
776 3766 931 3820 altari
956 3766 1190 3835 positum
1218 3780 1404 3820 verum
1430 3765 1629 3821 Christi
1662 3779 1862 3833 corpus

277 3871 402 3915 esse
428 3854 744 3920 ditiiderent,
790 3853 883 3925 qui
914 3867 1101 3907 verum
1137 3852 1452 3929 sanguinem
1486 3851 1609 3905 inde
1637 3864 1863 3909 manare

277 3946 712 4014 conspexissent.
750 3963 768 3997 ι
800 3944 926 3999 llmc
948 3943 1109 3998 verba
1133 3951 1258 3997 sunt
1282 3941 1729 4012 pervetustissimi
1766 3957 1862 3996 au-

276 4037 472 4113 ctoris,
501 4036 592 4106 qui
620 4035 859 4095 libellum
902 4035 968 4088 de
1013 4033 1181 4105 ipsius
1218 4032 1418 4088 Odonis
1460 4032 1580 4086 Vita
1624 4031 1860 4089 nondum

276 4130 484 4185 editum
513 4128 812 4198 composuit
838 4146 849 4179 :
877 4142 1037 4196 quem
1072 4127 1245 4180 locum
1273 4124 1592 4179 Wilhelmus
1617 4122 1866 4185 Malines-

281 4222 554 4285 bnriensis
613 4221 911 4275 monachus
970 4216 1289 4287 compendio
1344 4216 1547 4271 retulit.
1604 4215 1746 4285 Ergo
1798 4230 1863 4267 eo

282 4327 551 4384 tempore,
575 4314 627 4367 id
649 4320 732 4367 est
765 4311 941 4367 medio
967 4326 1090 4366 saec.
1117 4327 1170 4375 χ,
1199 4310 1425 4365 enormis
1450 4308 1671 4379 perﬁdia
1695 4324 1869 4361 error-

1948 508 2006 547 δυ
2015 508 2126 546 ram
2135 532 2148 546 .

2016 582 2150 638 Cum
2186 583 2479 643 Paschasio
2517 587 2788 643 consentit
2826 586 3148 643 Hincmarus
3188 587 3520 647 Rhemorum

1946 675 2381 745 archiepiscopus
2410 677 2464 732 in
2506 677 2702 745 prioris
2749 676 2991 747 opusculi
3036 677 3104 733 de
3157 677 3519 735 Praedestina-

1949 764 2093 818 tione
2123 780 2241 833 cap.
2283 765 2375 830 5i,
2399 766 2490 821 ubi
2515 767 2751 835 loquitur
2776 768 2830 823 in
2862 767 3005 822 hunc
3031 768 3251 823 modum
3277 787 3289 821 :
3334 786 3352 819 ι
3382 765 3522 826 Sunt

1947 863 2002 913 et
2027 854 2129 911 alia
2163 870 2281 925 quae
2302 871 2492 911 vocum
2518 858 2846 915 novitatibus
2869 857 3214 922 delectantes,
3250 858 3391 913 unde
3417 858 3523 913 sibi

1948 946 2135 999 inanes
2156 954 2468 1013 comparent
2503 947 2857 1012 rumusculos,
2885 957 3073 1003 contra
3099 948 3221 1003 ﬁdei
3244 947 3524 1004 catholica

1948 1035 2231 1090 veritatem
2270 1035 2476 1101 dicunt,
2515 1037 2803 1093 videlicet:
2836 1039 2979 1107 quod
3010 1040 3146 1094 trina
3188 1039 3259 1093 sit
3296 1038 3519 1093 Deitas:

1948 1128 2089 1197 quod
2134 1136 2469 1183 sacramenta
2511 1128 2699 1185 altaris
2739 1146 2845 1186 non
2882 1146 3069 1186 verum
3109 1147 3306 1200 corpus
3347 1138 3405 1184 et
3423 1144 3523 1184 νε·-

1950 1234 2042 1273 rus
2074 1219 2295 1288 sanguis
2324 1220 2394 1273 sit
2443 1219 2677 1285 Domini,
2719 1221 2813 1276 sed
2859 1229 3066 1276 tantum
3113 1220 3373 1275 memoria
3408 1218 3526 1273 veri

1947 1309 2190 1378 corporis
2221 1317 2276 1364 et
2311 1310 2588 1381 sanguinis
2621 1310 2758 1380 eius.
2798 1331 2817 1363 ι
2854 1311 3037 1380 Itaque
3078 1311 3326 1365 censebat
3360 1310 3531 1363 Hinc.

1952 1416 2132 1455 murus
2156 1400 2458 1470 huiusmodi
2498 1401 2745 1456 homines
2773 1415 3013 1470 pugnare
3047 1410 3230 1457 contra
3265 1398 3391 1467 ﬁdei
3436 1415 3529 1452 ca—

1948 1491 2153 1545 tholica:
2185 1491 2475 1555 veritatem,
2513 1505 2577 1545 ac
2607 1491 2831 1560 proinde
2855 1490 3135 1545 haereticos
3168 1503 3315 1544 esse.

2019 1581 2391 1637 Eumdemmet
2419 1594 2659 1637 errorem
2692 1580 2771 1651 (ut
2804 1581 2855 1635 id
2886 1581 3060 1636 obiter
3093 1577 3394 1647 observem)
3427 1591 3528 1631 ηος

1952 1680 2094 1727 tasse
2133 1671 2262 1727 mihi
2304 1671 2514 1726 videtur
2540 1671 2858 1727 Anastasius
2899 1667 3369 1729 Bibliothecarius,
3404 1680 3535 1721 cum

1954 1764 2029 1818 ait
2062 1763 2336 1818 Nicolaum
2368 1777 2559 1831 papam
2588 1762 2819 1831 primum
2846 1760 3038 1816 fecisse
3068 1761 3123 1815 in
3152 1759 3376 1814 basilica
3411 1757 3532 1812 5³1-

1952 1854 2173 1917 vatoris,
2201 1868 2321 1921 qua:
2351 1852 2611 1907 Cassarum
2641 1850 2806 1917 dicta,
2852 1865 3044 1906 cruces
3080 1848 3149 1904 de
3178 1857 3403 1920 argento
3432 1862 3537 1916 pth

1952 1946 2196 2009 rissiuio,
2254 1964 2272 1996 ι
2315 1959 2436 2014 quae
2472 1944 2713 2017 pendent
2762 1952 2886 1999 ante
2931 1942 3195 2013 ﬁguram,
3244 1941 3358 1995 sive
3412 1937 3543 2009 (uti

1952 2039 2092 2106 apud
2126 2037 2413 2092 Baronium
2443 2037 2513 2091 ad
2549 2050 2748 2090 annum
2780 2033 2886 2089 858
2928 2033 3147 2103 legitur)
3194 2042 3318 2088 ante
3351 2045 3536 2085 sacra-

1953 2138 2191 2184 mentum
2238 2130 2555 2184 substantia:
2591 2132 2770 2185 carnis
2815 2130 3055 2201 ejusdem
3102 2128 3315 2185 Domini
3360 2129 3536 2185 nostri

1953 2226 2079 2283 Jesu
2102 2227 2322 2282 Christi.
2358 2248 2377 2278 ι
2417 2226 2580 2293 Quasi
2608 2226 2829 2291 diceret,
2867 2233 2994 2279 ante
3026 2225 3254 2295 ﬁguram
3278 2225 3534 2281 substan—

1955 2319 2138 2373 tialeni
2178 2318 2356 2373 carnis
2399 2317 2611 2372 Domini
2648 2317 2817 2371 nostri
2869 2315 2998 2371 Jesu
3039 2315 3260 2379 Christi,
3305 2318 3428 2369 eum
3466 2315 3543 2371 ad

1956 2409 2173 2464 modum
2199 2423 2308 2478 quo
2332 2407 2579 2463 Christus
2608 2409 2662 2462 in
2698 2407 2922 2477 epistola
2940 2408 3015 2462 ad
3044 2406 3208 2463 Hebr.
3240 2406 3437 2461 dicitur
3472 2405 3539 2460 ti-

1956 2517 2089 2574 gura
2116 2501 2428 2556 substantia:
2451 2500 2629 2556 Patris
2662 2519 2675 2555 :
2716 2500 2785 2555 ad
2815 2515 2975 2570 quem
3014 2498 3196 2556 locum
3218 2499 3541 2554 Anastasius

1959 2594 2046 2647 hic
2074 2592 2319 2647 allusisse
2346 2592 2576 2646 videtur.
2618 2590 2675 2645 Si
2706 2606 2835 2647 vero
2876 2587 3092 2644 Baronli
3133 2589 3418 2645 lectionem
3453 2605 3540 2645 se-

1958 2682 2297 2753 quare,’alia,
2325 2696 2485 2751 quam
2519 2678 2905 2751 praeferendam
2929 2680 3201 2744 existimo,
3234 2674 3541 2735 inconsulta

1958 2788 2064 2828 non
2108 2773 2286 2827 minus
2327 2770 2604 2827 catholica:
2630 2769 2752 2825 ﬁdei
2790 2768 2953 2824 favet.
2986 2768 3097 2823 Cur
3134 2768 3297 2833 enim,
3330 2770 3547 2838 quaeso;

1959 2864 2163 2919 addidit
2208 2862 2515 2918 substantia:
2562 2876 2769 2925 vocem,
2812 2858 2915 2915 nisi
2962 2867 3024 2913 ut
3079 2870 3199 2912 eam
3242 2864 3543 2927 opponeret

1960 2954 2145 3025 ﬁgura:
2171 2952 2451 3018 vocabulo,
2486 2966 2595 3021 quo
2635 2950 2874 3006 haeretici
2908 2959 3037 3003 tunc
3067 2949 3326 3019 temporis
3352 2948 3543 3002 abute-

1962 3046 2189 3102 bantur?
2216 3044 2481 3100 Nimirum
2505 3044 2620 3098 base
2643 3042 2803 3097 verba
2827 3050 3209 3095 sacramentum
3235 3032 3544 3095 substantiai

1911 3125 1935 3149 ⁸
1961 3137 2133 3191 carnis
2159 3134 2372 3200 Christi,
2398 3142 2743 3205 opponuntur
2764 3133 2917 3187 istis:
2948 3141 3332 3186 sacramentum
3356 3131 3547 3200 ﬁgura

1961 3226 2136 3280 carnis
2173 3224 2406 3289 Christi;
2445 3222 2885 3292 tantumdemque
2914 3230 3126 3286 sonant,
3156 3235 3220 3275 ac
3245 3220 3290 3275 si
3318 3220 3544 3274 dixisset

1960 3314 2294 3378 Anastasius,
2332 3322 2717 3367 sacramentum
2759 3311 3025 3365 continens
3047 3310 3395 3363 substantiam
3419 3325 3548 3362 cara

1964 3406 2042 3465 uis
2091 3403 2308 3469 Christi,
2361 3421 2467 3458 non
2515 3403 2764 3473 ﬁguram.
2812 3400 2960 3455 Alias
2998 3400 3177 3455 inanis
3214 3409 3270 3454 et
3308 3399 3542 3454 absurda

1961 3505 2104 3552 esset
2128 3496 2388 3565 ejusmodi
2422 3495 2800 3553 vocabulorum
2836 3493 3148 3565 geminatio.

2033 3592 2109 3645 Ex
2144 3592 2229 3646 his
2253 3589 2502 3645 omnibus
2529 3588 2730 3658 liquido
2769 3586 3054 3642 conﬁcitur
3105 3595 3345 3655 tempore
3382 3583 3543 3639 Hinc-

1963 3682 2099 3736 mari
2128 3697 2193 3735 ac
2220 3680 2493 3735 Paschasii
2510 3678 2788 3743 Radberti,
2806 3678 2859 3732 id
2882 3685 2964 3731 est
2985 3675 3147 3745 paulo
3171 3683 3293 3744 post
3308 3683 3539 3728 mortem

1968 3771 2199 3835 Alcuini,
2231 3770 2515 3824 haereticos
2550 3768 2724 3822 dictos
2766 3765 2932 3820 fuisse
2966 3781 3060 3820 eos
3102 3764 3193 3834 qui
3218 3764 3284 3818 de
3317 3762 3546 3816 veritate

1963 3862 2203 3931 corporis
2253 3859 2453 3915 Christi
2515 3858 2568 3917 in
2626 3852 2965 3911 Eucharistia
3034 3853 3413 3910 dubitassent:
3479 3864 3545 3904 ac

1962 3952 2187 4022 proinde
2209 3950 2482 4004 immerito
2508 3947 2765 4002 Joannem
2798 3947 3054 4001 Dallaaum
3078 3946 3306 3999 Alcuino
3337 3940 3549 4011 adiudi-

1963 4058 2090 4099 care
2139 4040 2544 4099 Confessionem
2589 4040 2982 4096 Chiﬂletianam
3032 4054 3096 4094 ea
3150 4039 3356 4096 ratione
3401 4037 3547 4107 quod

1963 4137 2208 4191 ha-retico
2226 4136 2414 4205 spiritu
2437 4134 2672 4205 deceptos
2695 4131 2999 4200 huiusmodi
3026 4131 3272 4187 homines
3293 4127 3544 4200 appellet.

2036 4224 2240 4293 Duplici
2274 4238 2404 4278 vero
2436 4237 2502 4277 ex
2531 4237 2691 4277 causa
2737 4237 2831 4276 eos
2865 4220 2933 4275 ab
2976 4219 3216 4291 antiquis
3258 4217 3545 4273 hzereticos

1965 4316 2137 4368 dictos
2174 4314 2445 4379 existimo,
2484 4313 2739 4367 nimirum
2792 4312 2934 4383 quod
2986 4327 3050 4367 eo
3092 4310 3310 4365 nomine
3359 4307 3551 4377 dignos

279 4425 382 4479 que
406 4406 744 4470 censebatur,
784 4404 828 4459 si
872 4404 993 4473 quis
1038 4404 1104 4458 de
1149 4401 1390 4471 corporis
1422 4399 1621 4455 Christi
1652 4399 1859 4453 Domini
1894 4440 1941 4499 Β
1966 4406 2293 4459 :x-stimarent
2318 4419 2411 4457 eos
2436 4404 2526 4473 qui
2558 4419 2586 4457 a
2612 4412 2828 4471 recepta
2852 4401 3238 4457 catholicorum
3263 4399 3366 4453 (ide
3396 4410 3549 4451 rece-

281 4497 338 4563 in
365 4496 706 4551 Eucharistia
728 4496 956 4551 veritate
985 4494 1301 4548 dubitasset.

356 4595 566 4653 Szeculo
595 4595 913 4666 praecedenti
957 4594 1146 4647 eadem
1192 4591 1292 4645 fuit
1322 4591 1710 4647 catholicorum
1743 4603 1865 4645 sen-

278 4688 474 4750 tentia,
505 4686 599 4756 qui
644 4686 924 4740 hzereticos
964 4682 1303 4753 appellabant
1357 4682 1618 4751 eiusmodi
1666 4682 1869 4735 erroris

278 4786 601 4837 sectatores.
635 4776 814 4830 Testis
846 4774 1108 4843 imprimis
1133 4773 1450 4827 Paschasius
1483 4772 1785 4826 Radbertus
1812 4772 1867 4825 in

282 4870 425 4925 libro
446 4867 516 4923 de
542 4866 894 4922 Sacrumento
932 4865 1139 4927 altaris,
1165 4879 1284 4932 cap.
1318 4864 1379 4916 2|
1414 4881 1427 4916 :
1481 4881 1498 4914 ι
1543 4862 1650 4915 Nos
1686 4871 1867 4915 autem

282 4959 556 5016 catholico
613 4972 832 5013 sensum
881 4956 1046 5024 ipsius
1094 4954 1302 5009 Domini
1356 4953 1711 5021 requirentes,
1760 4966 1866 5005 non

282 5051 652 5106 hereticorum
703 5048 907 5105 manias
955 5062 1276 5116 sequamur,
1319 5046 1414 5099 sed
1451 5042 1567 5111 eius
1610 5043 1702 5112 qui
1742 5043 1817 5096 ait
1852 5061 1865 5095 :

282 5140 528 5209 Accipite
554 5147 612 5195 et
639 5138 905 5195 comedite
935 5152 1002 5191 ex
1030 5152 1094 5191 eo
1121 5150 1328 5189 omnes.
1359 5154 1377 5185 ι
1414 5135 1485 5189 At
1509 5140 1735 5186 novator
1754 5140 1873 5185 erat

283 5235 644 5292 Paschasius?
656 5235 767 5290 lmo
779 5249 909 5290 vero
921 5233 1040 5287 tidei
1053 5230 1330 5286 catholica).
1342 5236 1603 5283 assertor:
1624 5237 1735 5281 tum
1745 5227 1872 5296 quia

285 5328 392 5384 hoc
410 5328 627 5383 nomine
642 5341 766 5381 eum
789 5338 1004 5394 semper
1019 5321 1305 5378 honoravit
1319 5318 1580 5375 catholica
1599 5316 1837 5372 Ecclesia
1857 5333 1872 5381 ;

286 5426 405 5473 tum
427 5416 555 5486 quia
573 5430 680 5470 non
692 5414 867 5469 solent
888 5419 1283 5468 novatoreseos
1306 5408 1397 5479 qui
1425 5424 1455 5462 a
1473 5421 1533 5462 se
1552 5405 1877 5461 dissentiunt

286 5508 575 5565 haereticos
592 5506 881 5577 appellare,
901 5505 997 5561 sed
1016 5504 1209 5576 priscae
1230 5502 1355 5557 ﬁdei
1376 5508 1739 5570 corruptores.
1770 5498 1875 5553 Ve-

289 5614 411 5655 rum
432 5598 524 5654 hic
554 5613 661 5652 nm
683 5597 894 5666 agimus
913 5596 981 5651 de
1007 5610 1065 5650 re
1087 5595 1221 5665 ipsa,
1253 5592 1348 5653 sed
1362 5593 1429 5649 de
1454 5590 1669 5645 nomine
1694 5589 1868 5643 haere-

291 5690 429 5753 tica,
455 5690 604 5760 quod
624 5686 1000 5745 eucharistica:
1029 5684 1274 5741 veritatis
1292 5677 1869 5745 inficiatoribusal’as-

1968 4500 2173 4560 tierent,
2198 4504 2251 4550 et
2274 4495 2417 4563 quod
2441 4494 2784 4563 antiquorum
2807 4494 3027 4547 Patrum
3055 4490 3285 4546 decretis
3311 4486 3549 4543 damnati

1968 4585 2337 4638 crederentur.
2381 4582 2600 4637 Scilicet
2627 4584 2743 4637 haec
2780 4570 3150 4635 fuitveterum
3194 4576 3552 4648 quorumdam

1969 4674 2358 4729 catholicorum
2379 4673 2679 4742 persuasio,
2710 4672 2762 4724 in
2787 4669 3016 4724 concilio
3037 4668 3307 4738 Ephesino
3328 4664 3407 4737 (η)
3427 4680 3553 4720 san-

1969 4765 2131 4817 citam
2186 4764 2350 4818 fuisse
2383 4765 2449 4817 de
2506 4762 2843 4817 Eucharistia
2888 4760 3046 4814 ﬁdem
3094 4767 3355 4824 nostram,
3390 4765 3553 4827 atque

1970 4857 2099 4909 diris
2128 4856 2367 4909 addictos
2409 4854 2500 4922 qui
2545 4853 2877 4907 contrarium
2912 4852 3103 4921 dogma
3156 4849 3327 4905 secuti
3349 4854 3551 4902 essent.

1969 4950 2025 5002 ln
2058 4948 2159 5001 hac
2196 4945 2459 5000 sententia
2507 4943 2607 4998 fuit
2655 4943 3007 5009 Lanfrancus,
3040 4951 3100 4997 ut
3146 4949 3292 5014 patet
3325 4956 3390 4995 ex
3422 4940 3550 4994 Dia-

1972 5041 2091 5109 Iugo
2116 5040 2381 5092 adversus
2405 5035 2785 5105 Berengarium
2826 5034 2991 5097 edito,
3021 5033 3109 5087 ubi
3135 5040 3285 5086 notat
3320 5028 3553 5084 hmreses

1972 5130 2106 5184 duas
2136 5128 2372 5197 antiquis
2399 5125 2729 5195 temporibus
2764 5132 2913 5177 ortas
2958 5120 3142 5185 fuisse,
3185 5114 3436 5172 omnibus
3466 5124 3545 5170 ta-

1974 5237 2094 5277 men
2161 5230 2273 5274 tum
2326 5217 2827 5279 consentientibus,
2898 5232 2915 5262 ι
2971 5212 3113 5282 quod
3160 5209 3314 5281 panis
3367 5216 3421 5263 et
3474 5205 3528 5263 vi

1982 5327 2108 5366 num
2140 5310 2192 5363 in
2223 5324 2406 5363 veram
2445 5307 2538 5361 ﬁlii
2576 5306 2806 5360 hominis
2851 5317 3090 5367 carnem,
3117 5313 3409 5368 verumque
3434 5297 3553 5369 eius

1980 5401 2291 5472 sanguinem
2347 5404 2823 5457 converterentur;
2878 5413 2898 5446 ι
2952 5393 3048 5446 sed
3102 5391 3224 5460 quis
3274 5397 3418 5443 esset
3467 5386 3557 5444 ille

1979 5495 2120 5549 filius
2158 5490 2410 5554 hominis,
2435 5489 2556 5543 aliis
2585 5489 2638 5542 in
2672 5486 2812 5542 alios
2850 5484 3233 5556 pugnantibus.
3271 5501 3290 5533 ι
3325 5481 3558 5548 Quidam

1976 5586 2139 5649 enim,
2189 5583 2381 5653 inquit,
2418 5579 2663 5636 arbitrati
2698 5586 2826 5633 sunt
2873 5577 3016 5631 hunc
3044 5583 3293 5646 oportere
3332 5567 3559 5645 intellig!

1976 5676 2263 5759 quemlibet
2296 5673 2586 5729 hominem.
2636 5670 2752 5725 sive
2785 5666 2989 5738 iustum
3035 5668 3149 5725 sive
3187 5674 3552 5740 peccatorcut.
