3934 6180
481 306 620 363 1019

1264 298 1326 354 Β.
1366 295 1430 352 F.
1467 296 1692 353 ALBlNl
1730 293 1860 352 SEU
1899 291 2081 352 ALCU

2213 288 2500 350 OPERUM
2535 287 2716 346 PARS
2751 286 2886 345 Vlll.
3553 293 3663 350 1090

479 416 585 472 Alii
605 427 712 468 non
742 425 882 466 nunc
908 425 1028 466 esse
1054 409 1120 466 de
1145 410 1302 464 turba
1325 408 1618 479 quemlibet
1641 406 1938 470 hominem,
1962 404 2058 458 sed
2082 407 2133 463 Α
2160 404 2473 469 sertionem,
2503 410 2689 458 contra
2726 399 2992 469 majorum
3027 399 3381 466 traditionem,
3409 418 3467 459 ac
3487 404 3665 464 demum

481 507 658 560 virum
692 500 918 571 justum,
951 499 1362 562 sanctificatum,
1407 513 1439 551 a
1475 495 1746 551 communi
1783 495 2058 548 hominum

481 597 594 650 vita
631 608 727 662 per
766 607 878 646 suae
919 591 1041 644 vitae
1063 589 1435 644 celsitudinem
1475 593 1831 656 segregatum.
1867 604 1884 634 ι
1923 583 2060 637 Tum

483 684 665 740 subdit
689 680 1022 735 Lanfrancus
1044 681 1323 734 damnatas
1349 678 1401 730 in
1426 691 1488 730 ea
1516 675 1719 746 synodo
1751 692 1768 723 ι
1804 682 2061 742 utrasque

470 769 584 831 'bas
619 773 846 829 lethales
883 782 1080 843 pestes,
1118 791 1136 821 ι
1177 771 1560 836 decretumque
1589 765 1836 820 Nestorio
1863 765 1915 817 in
1946 765 2062 818 haec

484 863 648 918 verba
693 863 1107 917 transmissum:
1162 877 1180 909 ‹
1231 859 1312 912 Ad
1365 857 1765 912 benedictiones
1809 855 2064 926 mysticas

485 953 791 1008 accedimus
821 959 876 1006 et
906 949 1325 1012 sanctiﬁcamur,
1355 947 1644 1016 participes
1673 945 1842 1000 sancti
1869 959 2062 1014 corpo-

487 1044 566 1097 ris
602 1051 656 1098 et
704 1041 925 1112 pretiosi
979 1037 1258 1106 sanguinis
1302 1037 1499 1092 Christi
1548 1036 1785 1091 omnium
1821 1043 2064 1089 nostrum

2157 505 2347 550 contra
2383 505 2656 564 receptam
2681 494 2763 548 sui
2795 493 3052 562 temporis
3077 492 3236 549 fidem
3274 495 3496 564 corporis
3519 497 3668 554 Domi-

2157 585 2266 640 nici
2314 599 2496 638 veram
2545 584 2600 637 in
2652 582 2988 637 Eucharistia
3040 584 3369 652 prmsentiam
3421 589 3672 656 negarent?

2158 673 2317 730 Certe
2347 674 2437 743 qui
2481 673 2742 727 adversus
2785 671 3066 726 Claudium
3108 672 3474 728 Taurinensem
3498 676 3672 746 episco-

2159 781 2287 835 pum
2312 765 2379 819 de
2404 763 2547 819 cultu
2573 778 2850 817 sacrarum
2875 763 3164 831 imaginum
3185 763 3439 832 scripsere
3461 766 3571 820 noui
3594 782 3673 822 sa-

2161 853 2268 909 culi
2297 861 2547 908 auctores
2589 850 2888 915 Gallicani,
2925 866 3048 905 eum
3090 851 3323 906 haeretici
3367 853 3557 906 nomine
3585 853 3673 908 am-

2164 945 2331 1008 ciunt,
2347 943 2593 1014 quamvis
2614 944 2755 996 hunc
2770 941 2972 996 cultum
2999 942 3140 995 nulla
3157 943 3458 1012 synoduseo
3481 953 3674 1014 tempore

2165 1035 2466 1090 statuisset.
2519 1033 2653 1087 Nam
2683 1034 2825 1102 quod
2856 1033 2958 1087 hac
2987 1031 3053 1087 de
3086 1047 3143 1086 re
3167 1033 3400 1088 habitum
3423 1043 3501 1088 est
3533 1036 3676 1092 conci-

487 1133 865 1201 Redemptoris
911 1129 1087 1183 effecti
1127 1147 1139 1181 :
1193 1144 1300 1182 non
1352 1137 1411 1182 ut
1455 1142 1794 1182 communem
1846 1142 2065 1180 carnem
2167 1127 2296 1181 lium
2326 1125 2600 1180 Nicaenum
2637 1141 2698 1188 ll,
2740 1124 2902 1179 veluti
2952 1123 3236 1194 profanum
3282 1133 3388 1178 tum
3417 1126 3677 1194 repudiabat

484 1222 864 1293 percipientes,
892 1219 1036 1290 quod
1072 1220 1234 1283 absit,
1267 1235 1366 1274 nec
1394 1228 1454 1272 ut
1485 1219 1584 1272 viri
1627 1217 1972 1282 sanctiﬁcati,
2013 1223 2068 1272 et
2167 1215 2443 1295 Gallicana
2473 1215 2732 1270 Ecclesia.
2773 1213 2865 1269 Sic
2891 1214 3212 1268 Batramnus
3232 1229 3322 1268 eos
3343 1214 3427 1282 qui
3454 1214 3674 1270 Christum

487 1311 652 1366 verbo
703 1309 974 1378 conjuncti
1019 1311 1314 1364 secundum
1347 1309 1620 1378 dignitatis
1650 1309 1931 1372 unitatem,
1976 1315 2070 1362 aut
2167 1308 2452 1363 Dominum
2481 1306 2753 1362 communi
2779 1305 2866 1358 via
2894 1320 2961 1359 ex
2977 1305 3302 1359 beatissima:
3329 1303 3540 1374 Virginis
3559 1314 3676 1360 utero

485 1403 626 1457 sicut
663 1402 896 1457 divinam
946 1400 1270 1470 possidentis
1311 1399 1742 1454 habitationem:
1800 1399 1894 1454 sed
1942 1413 2068 1454 vere
2168 1397 2433 1469 prodiisse
2482 1396 2774 1467 negabant,
2828 1402 2888 1449 ut
2933 1411 3078 1448 nova:
3103 1403 3152 1448 et
3189 1394 3432 1448 inaudita:
3477 1395 3676 1448 increscat

487 1489 912 1554 viviﬁcatricem,
963 1498 1019 1543 et
1059 1489 1228 1558 ipsius
1263 1489 1421 1543 Verbi
1468 1489 1740 1558 propriam
1786 1489 2006 1543 factam.
2044 1508 2062 1541 ι
2170 1498 2422 1546 auctores
2449 1505 2555 1542 non
2581 1487 2750 1542 semel
2779 1487 3047 1559 suggillat,
3079 1486 3226 1541 nullo
3260 1485 3557 1556 suffragante
3579 1503 3674 1542 con-

489 1581 627 1636 Tum
653 1582 799 1636 addit
837 1581 1173 1636 Lanfrancus
1207 1581 1417 1634 concilii
1446 1597 1706 1635 canonem
1755 1581 1821 1635 iis
1846 1581 2071 1635 anathe-
2170 1585 2416 1639 ciliorum
2436 1584 2674 1648 decreto,
2696 1591 2978 1654 propterea
3001 1582 3143 1652 quod
3169 1582 3572 1636 adversariorum
3585 1595 3676 1635 sen-

492 1687 578 1726 ma
606 1673 832 1726 dicentis
857 1673 946 1741 qui
985 1687 1141 1726 secus
1165 1673 1447 1726 sentirent.
1499 1672 1578 1726 Ex
1628 1673 1823 1741 quibus
1868 1672 2068 1726 nemini
2101 1741 2138 1745 _
2173 1677 2398 1732 tentiam
2423 1691 2454 1729 a
2485 1674 2777 1745 Scriptura:
2825 1689 2996 1730 sacrze
3050 1682 3105 1727 et
3137 1672 3354 1727 Patrum
3417 1672 3674 1728 auctoritate

491 1762 711 1817 dubium
741 1778 860 1817 esse
887 1764 1043 1818 debet
1079 1763 1440 1817 Lanfrancum
1483 1765 1534 1817 in
1564 1779 1629 1818 ea
1656 1763 1820 1819 fuisse
1856 1779 2074 1834 ρει-ειη.
2100 1741 2148 1802 Β
2175 1768 2458 1824 deﬂectere
2506 1741 2880 1823 arbitraretur.
2931 1765 3125 1832 Quidni
3155 1765 3347 1834 potiori
3387 1762 3493 1833 jure
3515 1762 3676 1817 hereti-

495 1854 668 1916 sione,
711 1853 1008 1922 Ephesinos
1057 1851 1246 1906 Patres
1277 1852 1342 1906 de
1380 1852 1730 1906 Eucharistia:
1759 1852 1860 1906 fide
1890 1853 2077 1907 adver—
2173 1873 2266 1914 cos
2294 1855 2630 1913 Chimetian'a
2651 1854 2934 1911 Confessio
2961 1855 3159 1908 dixerit
3198 1868 3308 1917 eos,
3335 1854 3418 1922 qui
3439 1854 3500 1907 ab
3520 1852 3676 1907 much:-

494 1957 588 1997 sus
620 1941 946 1995 Novatianos
987 1941 1272 2005 statuisse,
1319 1955 1520 2010 eosque
1559 1957 1658 2011 pro
1687 1941 1954 1996 btereticis
1978 1941 2077 1994 ha-

2181 1951 2339 2005 ristia:
2365 1957 2512 2003 recta
2540 1947 2644 2002 ﬁde
2675 1946 3042 2009 recessissent,
3081 1944 3404 2000 reclamante
3434 1958 3528 1997 non
3550 1943 3679 1997 solu

493 2027 674 2084 buisse
717 2029 808 2098 qui
858 2029 926 2082 ab
971 2044 1036 2083 ea
1081 2029 1391 2083 definitione
1445 2031 1775 2083 recederent.
1821 2028 1918 2084 Hic
1961 2025 2075 2096 jam

2181 2053 2330 2094 sacra
2383 2037 2662 2108 Scriptura
2710 2043 2765 2090 et
2794 2035 3016 2090 Patrum
3067 2033 3394 2099 Traditione,
3443 2033 3525 2088 sed
3557 2033 3680 2087 etiam

495 2132 603 2173 non
631 2119 842 2186 inquiro
880 2133 947 2171 an
978 2116 1317 2171 Lanfrancus
1349 2117 1563 2171 concilii
1602 2131 1820 2171 sensum
1867 2132 2080 2171 assecu-
2175 2127 2444 2182 communi
2493 2125 2882 2182 catholicorum
2934 2125 3248 2179 consensu?
3299 2123 3468 2187 Adde,
3524 2124 3569 2176 in
3606 2122 3682 2175 ista

497 2214 583 2261 tus
610 2207 700 2260 sit.
736 2207 894 2260 Certe
927 2205 1180 2275 Ephesini
1219 2206 1406 2259 Patres
1441 2206 1542 2260 hoc
1573 2204 1690 2260 loco
1720 2221 1901 2259 veram
1923 2204 2078 2259 Chri-

495 2294 563 2350 sti
618 2294 862 2363 corporis
916 2293 969 2347 in
1040 2293 1381 2348 Eucharistia
1434 2294 1775 2363 pnesentiam
1803 2334 1816 2358 ,
1872 2293 1917 2348 si
1970 2311 2078 2348 non

497 2383 780 2449 definiunt,
825 2384 1012 2439 saltem
1056 2385 1340 2440 manifeste
1371 2393 1695 2456 supponunt.
1730 2386 1800 2440 At
1827 2387 2078 2455 permitto

495 2470 860 2530 Lanfrancum
911 2474 963 2528 in
1009 2475 1327 2544 explicando
1375 2475 1591 2530 concilii
1635 2477 1852 2530 decreto
1883 2476 2077 2530 falsum

495 2576 638 2628 esse,
679 2563 836 2633 eique
867 2564 989 2632 plus
1034 2579 1195 2634 quam
1225 2565 1390 2618 verba
1419 2564 1769 2632 przcseferant
1801 2565 2072 2619 tribuisse.

498 2651 599 2708 Hic
628 2659 834 2705 tantum
861 2651 1104 2720 expende
1129 2653 1254 2720 quid
1287 2653 1520 2706 senserit
1545 2651 1611 2706 de
1641 2662 1820 2707 mente
1845 2653 2077 2718 concilii,

499 2735 653 2806 cujus
692 2740 909 2794 decreto
941 2739 1498 2794 Sacramentariorum
1541 2755 1782 2796 errorem
1823 2741 1940 2796 sine
1981 2741 2080 2796 du—

499 2829 590 2883 bio
615 2831 922 2885 damnatum
956 2831 1121 2886 fuisse
1146 2848 1463 2903 persuasum
1493 2833 1700 2887 habuit.

570 2942 732 3014 Atqui
765 2944 816 2998 in
847 2944 1030 2998 eadem
1073 2946 1238 2999 etiam
1274 2945 1623 3015 persuasione
1653 2945 1753 3000 fuit
1793 2945 2082 3016 llerigerus

2175 2217 2522 2273 Confessione
2549 2215 2851 2285 hujusmodi
2881 2216 3130 2270 homines
3172 2231 3279 2270 non
3304 2214 3403 2269 dici
3442 2213 3681 2273 haereticos,

2177 2310 2272 2365 sed
2301 2318 2510 2364 tantum
2537 2309 2779 2363 lueretico
2799 2307 3006 2378 spiritu,
3041 2307 3092 2362 id
3116 2316 3228 2372 est,
3259 2307 3443 2362 diaboli
3464 2307 3684 2360 haereseos

2178 2400 2427 2456 Auctoris
2451 2401 2703 2455 instinctu
2725 2399 2983 2470 deceptos.
3015 2398 3134 2466 Quo
3160 2399 3371 2454 nomine
3399 2408 3562 2453 notare
3577 2396 3688 2451 vide-

2180 2499 2288 2556 tur,
2321 2507 2425 2545 non
2453 2491 2669 2560 quidem
2694 2491 2977 2547 haereticos
3016 2489 3177 2554 ullos,
3205 2491 3294 2560 qui
3337 2504 3544 2545 errorem
3567 2500 3690 2541 suum

2181 2581 2234 2635 in
2269 2580 2457 2650 vulgus
2479 2589 2814 2651 spargerent,
2857 2580 2950 2634 sed
2978 2579 3268 2635 nonnullos
3311 2579 3471 2634 dubia:
3487 2576 3590 2632 ﬁdei
3621 2589 3692 2630 cae

2184 2671 2412 2726 tholicos
2461 2673 2572 2740 qui,
2619 2671 2870 2726 humanis
2907 2671 3233 2726 ratiuncnlis
3270 2679 3323 2726 et
3348 2669 3564 2724 sensibus
3599 2665 3693 2736 plus

2183 2778 2340 2832 aequo
2369 2762 2588 2827 addicti,
2634 2763 2700 2817 de
2743 2763 2845 2816 hoc
2891 2761 3071 2816 divino
3099 2769 3432 2816 sacramento
3473 2763 3696 2812 nonrecte

2182 2854 2463 2908 sentirent.
2504 2851 2587 2907 Sit
2608 2867 2738 2923 ergo
2765 2852 2880 2907 haec
2913 2860 3109 2906 nostra:
3148 2851 3494 2920 responsionis
3512 2861 3698 2908 summa;

2185 2960 2376 3014 nempe
2421 2953 2546 2998 ante
2583 2945 2893 2998 damnatum
2946 2944 3330 3014 Berengarium
3373 2943 3531 3006 realis,
3556 2949 3605 2994 ut
3627 2954 3699 2994 vo-

500 3030 820 3088 Laubiensis
844 3033 1010 3089 abbas
1037 3035 1089 3088 in
1118 3034 1298 3090 libello
1337 3035 1402 3088 de
1431 3036 1790 3102 Eucharistia,
1832 3037 1924 3106 qui
1969 3038 2084 3092 sine
2109 3075 2158 3139 ο
2187 3051 2393 3101 eamus,
2420 3036 2472 3090 in
2495 3036 2828 3090 Eucharistia
2852 3035 3151 3106 praesentiae
3177 3035 3551 3106 impugnatores
3565 3034 3698 3087 haere-

503 3123 743 3177 auctoris
783 3124 997 3178 nomine
1032 3139 1061 3177 a
1090 3123 1316 3178 Cellotio
1344 3124 1520 3179 editus
1549 3133 1633 3180 est
1678 3126 1733 3179 in
1777 3125 2083 3195 Appendice

507 3211 576 3265 ad
639 3213 920 3267 historiam
965 3212 1323 3268 Gothescalci.
1379 3213 1542 3282 Cujus
1592 3214 1755 3269 libelli
1809 3225 2084 3270 auctorem

503 3317 625 3357 esse
683 3304 999 3374 Herigerum
1047 3304 1295 3359 abbatem
1363 3303 1740 3368 Laubiensem,
1795 3305 1886 3373 qui
1940 3320 2083 3360 anno

506 3392 644 3448 100⁸7
687 3400 930 3446 mortuus
983 3400 1089 3456 est,
1135 3393 1300 3447 certis
1336 3392 1499 3462 379
1549 3393 1682 3446 alias
1728 3393 2085 3459 documentis,

507 3481 618 3536 Deo
645 3481 823 3544 dante,
853 3482 1252 3536 demonstrabo.
1285 3483 1334 3536 ιε
1357 3483 1572 3551 quippe,
1598 3484 1739 3537 inter
1763 3492 2086 3552 argumenta

507 3584 626 3638 quae
653 3568 867 3623 adducit
892 3569 958 3622 ad
985 3569 1312 3637 probandam
1343 3571 1694 3625 Eucharistia:
1719 3571 1899 3637 fidem,
1923 3574 2086 3627 etiam

507 3661 651 3716 hunc
675 3661 847 3715 locum
877 3677 907 3714 a
940 3656 1242 3715 Lanfranco
1265 3661 1491 3715 relatum
1517 3662 1720 3731 profert
1752 3679 1818 3717 ex
1858 3665 2086 3720 concilio

508 3751 776 3821 Epltcsino
802 3752 901 3806 sub
929 3750 1110 3822 Cyrilli
1159 3752 1397 3817 nomine,
1431 3752 1682 3806 nimirum
1715 3752 2083 3820 Alexandrini,

507 3841 660 3910 cujus
693 3842 914 3911 epistola
939 3842 1006 3896 ad
1035 3841 1360 3906 Nestorium,
1393 3858 1458 3898 ex
1491 3858 1594 3912 qua
1621 3843 1910 3914 Herigerus
1936 3845 2088 3897 testi-

509 3934 750 3989 monium
814 3934 1081 3998 adducit,
1160 3935 1300 3988 inter
1361 3942 1481 3989 acta
1551 3935 1764 3990 concilii
1832 3934 2086 4003 Ephesini

508 4023 678 4076 relata
724 4031 824 4078 est.
881 4023 1019 4090 Quid
1067 4025 1112 4078 si
1158 4023 1505 4078 Cltillletiante
1549 4024 1918 4080 Confessionis
1955 4025 2089 4079 scri-

506 4121 646 4183 ptor,
679 4113 864 4168 eodem
895 4112 1205 4183 prmjudicio
1230 4113 1473 4178 affectus,
1511 4115 1700 4168 eodem
1729 4115 1886 4169 modo
1913 4114 2090 4184 Ephe-

507 4203 612 4256 sini
634 4202 845 4257 concilii
871 4203 1147 4257 decretura
1181 4204 1566 4273 interpretatus
1588 4212 1701 4268 est;
1746 4213 1908 4271 atque
1933 4202 2004 4256 ob
2035 4201 2087 4256 id

506 4293 746 4348 Itwretico
771 4294 956 4363 spiritu
985 4295 1220 4363 deceptos
1261 4296 1548 4364 appellavit
1586 4311 1678 4349 eos
1702 4296 1793 4364 qui
1837 4295 1901 4348 de
1929 4293 2090 4360 hujus

2186 3141 2308 3181 seos
2334 3135 2457 3180 nota
2481 3127 2760 3195 ptenisque
2778 3125 2998 3181 allectos
3024 3126 3194 3183 fuisse
3219 3129 3270 3182 in
3299 3127 3520 3182 conciliis
3545 3124 3697 3179 Came-

2185 3215 2396 3270 racensi
2448 3224 2500 3269 et
2530 3214 2926 3279 Aurelianensi,
2973 3216 3303 3286 eosdemque
3352 3232 3442 3287 pro
3485 3211 3703 3270 barreticis

2186 3319 2312 3360 szec.
2341 3321 2374 3357 ι
2406 3305 2619 3359 habitos
2652 3305 2720 3358 ab
2749 3304 2932 3360 Odone
2959 3304 3338 3363 Cantuariensi
3362 3325 3375 3372 ;
3408 3316 3510 3361 tum
3533 3319 3632 3359 sne.
3659 3318 3700 3356 ιι

2185 3396 2253 3448 ab
2289 3394 2577 3448 Hincmaro
2622 3394 2913 3450 Rhemensi
2961 3397 3416 3467 archiepiscopis;
3465 3391 3700 3450 aPascha-

2188 3487 2269 3541 sio
2298 3486 2571 3540 Radberto
2592 3493 2646 3540 et
2668 3487 2808 3540 aliis.
2831 3486 2912 3540 Ad
2935 3487 3049 3542 ha:c
3068 3489 3249 3544 visum
3263 3489 3419 3543 fuisse
3431 3485 3697 3543 Lanfranco.

2185 3577 2466 3648 Herigero,
2499 3586 2555 3631 et
2600 3577 2968 3634 Confessionis
2999 3579 3350 3636 Chitllctianze
3395 3578 3596 3641 auctori,
3629 3588 3702 3628 eos

2186 3668 2372 3722 itidem
2399 3668 2453 3722 in
2475 3669 2704 3725 concilio
2730 3669 2999 3738 Ephesino
3026 3671 3162 3725 diris
3216 3673 3483 3734 addictos;
3511 3684 3565 3723 ac
3589 3664 3703 3721 (lenio

2187 3772 2291 3826 que
2317 3758 2510 3812 merito
2548 3759 2601 3813 in
2630 3773 2692 3813 ea
2718 3758 3064 3814 Confessione
3111 3761 3360 3815 hrrretico
3397 3761 3565 3830 spiritu
3592 3756 3706 3809 dere-

2185 3855 2298 3914 ptos
2346 3846 2475 3911 dici,
2521 3845 2718 3916 quippe
2748 3846 2838 3915 qui
2871 3846 2926 3900 in
2972 3847 3078 3901 fide
3125 3848 3474 3904 Eucharistite
3497 3863 3523 3900 a
3546 3851 3704 3900 sancta

2190 3933 2489 4005 Scriptum
2511 3935 2840 4005 Patrumque
2888 3939 3214 3994 auctoritate
3245 3939 3582 3998 deﬂecterent,
3606 3931 3705 4001 quin

2188 4027 2350 4081 etiam
2376 4041 2407 4080 a
2463 4034 2680 4096 recepta
2727 4026 2967 4080 omnium
3017 4035 3148 4082 tunc
3178 4028 3430 4100 temporis
3465 4022 3707 4080 catholico

2191 4133 2309 4171 rum
2335 4117 2693 4172 confessione.

2261 4209 2348 4262 15.
2387 4209 2498 4263 ltno
2524 4223 2672 4273 vero,
2713 4209 2916 4278 inquis,
2961 4209 3159 4274 nullus,
3193 4227 3301 4266 non
3355 4218 3546 4264 tantum
3588 4215 3708 4271 supe-

2189 4299 2396 4354 riorum
2422 4308 2720 4368 temporum
2754 4309 2960 4365 auctor,
3000 4302 3093 4356 sed
3121 4318 3221 4358 nec
3261 4301 3464 4358 Alcuini
3491 4307 3703 4366 tempore.

506 4383 829 4436 sacramenti
859 4382 1446 4436 veritatednbitarent?
1470 4382 1626 4437 Certe
1649 4384 1712 4437 ad
1739 4384 1880 4436 hunc
1911 4383 2087 4436 locum
2120 4419 2169 4480 υ
2193 4390 2333 4445 hanc
2363 4390 2428 4444 de
2460 4390 2809 4445 Eucharistia;
2840 4392 3066 4447 veritate
3113 4392 3274 4448 ﬁdem
3307 4393 3468 4448 tenuit
3491 4387 3708 4445 docuitre,

508 4470 793 4526 manifeste
839 4471 1075 4526 alludere
1104 4472 1316 4526 videtur
1354 4472 1408 4525 in
1448 4473 1565 4526 haec
1612 4473 1775 4526 verba
1808 4471 1976 4542 (Part.
2013 4487 2085 4536 tv,

514 4577 664 4616 num.
695 4563 750 4633 5)
779 4583 791 4617 :
847 4581 866 4614 ι
913 4563 1146 4618 Adverte
1165 4561 1278 4630 jam
1318 4563 1552 4625 tandem,
1584 4578 1618 4615 o
1646 4563 2089 4632 pravissimarum

509 4654 768 4707 mentium
811 4669 1063 4724 perversa
1091 4653 1356 4718 doctrina,
1399 4661 1454 4706 et
1481 4653 1583 4706 noli
1613 4651 1773 4706 surda
1804 4666 1955 4715 aure,
2002 4652 2087 4705 in-

506 4744 746 4799 cumciso
775 4746 937 4799 corde
963 4745 1260 4814 przetcrire,
1283 4744 1426 4814 quod
1455 4744 1652 4797 dicitur
1685 4761 1696 4796 :
1733 4742 1838 4807 Qui
1859 4743 2087 4796 mandu-

506 4843 591 4888 σαι
615 4851 714 4899 me,
738 4851 889 4888 suam
913 4835 1190 4898 nimirttnt,
1219 4842 1272 4889 et
1297 4851 1403 4889 non
1430 4835 1591 4888 aliam
1617 4849 1836 4890 carnem
1867 4835 2086 4889 demon-

509 4930 668 4976 strat.
702 4943 721 4976 ι
764 4924 873 4978 Cur
900 4923 1040 4976 enim
1071 4923 1224 4987 dixit,
1261 4940 1413 4977 surm
1453 4933 1500 4976 et
1533 4940 1633 4976 non
1660 4922 1821 4975 aliam
1853 4939 2088 4986 carnem,

509 5009 610 5065 nisi
637 5018 696 5064 ut
725 5010 1036 5065 excluderet
1063 5024 1304 5063 errorem
1345 5010 1493 5063 illum
1521 5025 1680 5079 quem
1710 5009 1778 5062 ab
1802 5010 2090 5078 Ephesinis

506 5097 759 5153 Patribus
784 5099 1096 5152 damnatum
1139 5114 1258 5152 esse
1281 5097 1552 5166 putabat?
1601 5097 1725 5153 Ha‘c
1757 5113 1887 5168 ergo
1927 5114 2089 5152 causa

507 5197 593 5244 est
619 5205 718 5244 cur
747 5190 990 5244 hwretico
1018 5189 1206 5260 spiritu
1247 5188 1482 5258 deceptos
1515 5188 1748 5257 appellet
1786 5189 2089 5258 hujusmodi

507 5281 714 5336 erroris
743 5289 1062 5335 sectatores.

583 5394 780 5448 Verum
815 5393 897 5449 fac
948 5394 1265 5464 scriptorem
1323 5391 1672 5449 Chilllctianae
1726 5390 2092 5446 Confessionis

512 5499 618 5538 non
657 5487 958 5554 respexisse
983 5485 1047 5539 ad
1069 5485 1398 5555 Ephesinum
1426 5483 1637 5538 aliudve
1666 5482 1971 5547 concilium,
1993 5498 2092 5537 cur

514 5587 622 5626 non
677 5575 850 5641 potuit
903 5574 1187 5632 bmreticos
1236 5572 1508 5644 appellare
1537 5588 1632 5626 eos
1679 5570 1754 5641 (ο)
1783 5571 1873 5640 qui
1901 5579 2088 5626 contra

516 5658 810 5730 Scriptura:
835 5678 1002 5737 sacra:
1029 5679 1123 5720 seu
1147 5662 1348 5723 Christi
1379 5661 1590 5719 Domini
1634 5659 1976 5719 manifestam
2006 5675 2094 5720 as.

2191 4478 2403 4546 qualem
2429 4477 2543 4546 ipsa
2570 4477 2850 4533 Confessio
2875 4480 3178 4549 profitetur.

2259 4568 2326 4622 At
2360 4570 2499 4622 hanc
2529 4567 2883 4636 objectionem
2911 4571 3195 4626 manifeste
3211 4570 3409 4626 refellit
3429 4567 3600 4623 Paulus
3619 4560 3708 4614 dia-

2191 4674 2359 4714 conus
2385 4659 2437 4712 in
2470 4657 2589 4712 Vita
2614 4658 2859 4726 Gregorii
2906 4660 3104 4730 Magni,
3131 4662 3222 4730 qui
3276 4659 3578 4715 catholicam
3598 4648 3709 4702 veri-

2196 4760 2362 4806 tatem
2413 4760 2520 4805 tam
2570 4751 2768 4805 diserte
2821 4753 3058 4820 exponit,
3110 4762 3168 4806 ut
3221 4767 3378 4807 nemo
3416 4749 3590 4804 clarius
3631 4743 3710 4794 hoc

2197 4853 2435 4912 tempore
2463 4843 2730 4912 explicare
2762 4845 2948 4913 possit.
2999 4843 3090 4898 Sic
3137 4845 3283 4899 enim
3328 4841 3590 4898 occasione
3611 4828 3707 4886 facti

2193 4934 2334 5001 quod
2364 4942 2608 4986 matrona
2647 4933 2886 4987 Romana
2911 4934 2964 4987 in
2989 4933 3380 4988 Eucharistiam
3417 4920 3709 5000 ρει-ρειηνίιο

2195 5023 2394 5077 Paulus
2435 5022 2757 5092 Gregorium
2789 5022 3095 5091 loquentem
3148 5023 3354 5077 inducit
3383 5040 3395 5074 :
3431 5038 3448 5070 ‹
3477 5019 3628 5075 Disce,
3649 5009 3708 5062 iu-

2195 5130 2380 5182 quam,
2405 5114 2620 5168 veritati
2643 5113 2756 5181 jam
2778 5113 2936 5167 modo
2962 5113 3181 5167 credere
3205 5107 3520 5166 contestanti
3543 5122 3554 5156 :
3584 5095 3708 5154 Panis

2194 5221 2344 5278 quem
2372 5221 2462 5274 ego
2490 5203 2577 5262 do,
2599 5220 2721 5257 caro
2751 5220 2864 5256 mea
2911 5213 2986 5257 est
3011 5217 3028 5254 :
3057 5213 3105 5258 et
3136 5202 3348 5271 sanguis
3377 5214 3512 5252 meus
3537 5207 3634 5247 rere
3652 5192 3708 5239 αι

2193 5306 2365 5366 potus.
2409 5295 2514 5349 Sed
2539 5293 2792 5363 praescius
2811 5292 3070 5348 Conditor
3096 5301 3280 5347 noster
3305 5282 3610 5344 infirmitatis
3632 5289 3708 5328 n0-

2191 5395 2340 5452 strte,
2369 5401 2430 5440 ea
2464 5393 2729 5456 potestate
2751 5399 2856 5454 qua
2886 5393 3080 5440 cuncta
3105 5383 3231 5438 fecit
3254 5397 3322 5436 ex
3350 5376 3528 5438 nihilo,
3551 5380 3600 5428 et
3617 5379 3711 5422 eor.

2189 5493 2291 5548 pus
2335 5478 2437 5532 sibi
2473 5494 2539 5532 ex
2581 5492 2744 5532 carne
2777 5491 2992 5546 semper
3039 5474 3262 5547 virginis
3284 5477 3530 5543 operante
3560 5463 3712 5516 sancto

2147 5581 2158 5594 '
2192 5569 2396 5640 Spiritu
2426 5569 2727 5632 fabricavit,
2778 5583 2970 5637 panem
3001 5577 3056 5624 et
3086 5569 3264 5622 viuum
3321 5576 3455 5633 aqua
3499 5555 3710 5610 mixtum.

2193 5668 2443 5718 manente
2489 5660 2705 5732 propria
2762 5660 2960 5732 specie,
3012 5662 3063 5716 in
3106 5672 3322 5717 carnem
3349 5663 3402 5709 et
3440 5644 3714 5719 sanguineIn
