3934 6180
293 283 428 341 1021

859 281 1012 341 OPP.
1052 282 1280 342 DUBIA.
1305 315 1378 330 -—
1400 285 1490 342 DE
1528 285 1706 342 FIDE]
1741 285 2070 343 CONFESS.
2113 286 2504 347 MABILLONII
2541 287 2967 356 DlSQUlSlTlO.

3399 297 3539 356 10‘2‘2

287 411 464 460 suum,
489 396 557 452 ad
583 394 903 451 catholicam
939 410 1174 467 precem,
1203 399 1274 453 ob
1325 399 1725 467 reparationem
1761 415 1859 481 no-
1886 405 1934 464 Α
1962 399 2299 456 Eucharistia
2331 401 2479 465 ﬁdes,
2506 401 2717 475 qualem
2741 401 3016 476 professus
3035 412 3118 461 est
3145 405 3404 464 Alcuinus
3427 411 3539 481 ipse
3581 455 3592 465 .

284 495 458 539 stram
505 485 678 540 sancti
732 483 964 555 Spiritus
1035 485 1456 542 sanctiﬁcatione
1513 489 1796 544 convertit.
1837 508 1856 541 ι

285 576 424 630 Tum
448 577 629 631 subdit
654 576 851 638 Paulus
878 591 892 629 :
929 595 946 628 ι
982 577 1212 648 Indeque
1238 580 1518 634 universos
1538 578 1698 648 jussit
1727 579 1863 633 divi.

286 682 412 720 nam
443 665 654 735 precari
678 667 993 735 potentiam,
1026 678 1086 720 ut
1109 668 1162 721 in
1191 667 1420 723 formam
1465 669 1746 738 pristinam
1779 684 1864 723 sa-

287 761 627 811 crosanctum
657 753 973 810 reformaret
999 758 1337 826 mysterium,
1362 766 1631 828 quatenus
1653 757 1865 814 mulieri

285 848 354 905 ad
380 846 699 909 sumendum
725 845 919 904 fuisset
939 848 1192 917 possibile
1216 865 1230 913 ;
1264 849 1409 916 quod
1454 856 1509 902 et
1535 847 1737 902 factum
1763 853 1864 902 est.

289 937 442 993 Unde
462 951 604 1006 saepe
626 934 737 995 fata
762 936 953 992 mulier
973 935 1261 1005 plurimum
1293 936 1347 990 in
1395 943 1578 990 sancta
1609 934 1868 1005 religione

287 1035 344 1084 et
365 1027 472 1083 ﬁde
490 1026 801 1096 proﬁciens,
821 1025 1232 1097 participatione
1255 1025 1520 1080 Dominici
1543 1024 1869 1079 sacramenti

286 1129 608 1180 consecrata
660 1128 766 1186 est,
815 1128 871 1176 et
905 1135 1095 1174 omnes
1141 1118 1233 1188 qui
1294 1119 1558 1179 viderant,
1611 1117 1664 1171 in
1688 1117 1870 1172 divino

287 1231 476 1272 amore
503 1223 557 1269 et
579 1213 881 1270 orthodoxa
931 1210 1249 1266 credulitate
1299 1217 1676 1265 excreverunt.
1712 1227 1730 1260 ›
1767 1207 1873 1261 lla-

284 1317 478 1366 ctenus
499 1305 696 1361 Paulus
719 1306 772 1359 iu
801 1304 920 1359 Vita
949 1303 1119 1361 sancti
1165 1302 1412 1373 Gregorii
1443 1303 1642 1373 Magni,
1671 1317 1790 1373 qua:
1817 1301 1870 1354 in

285 1399 488 1457 mulo
515 1416 532 1454 ι
562 1397 909 1457 Benedictino
961 1396 1103 1470 typis
1136 1394 1280 1450 edita
1332 1403 1457 1451 est:
1495 1410 1652 1465 quem
1698 1395 1871 1450 locum

285 1490 513 1546 adduxit
527 1488 798 1546 Gerardus
820 1487 874 1542 in
894 1487 1226 1558 praelaudata
1247 1487 1451 1557 synodo
1471 1485 1870 1542 Cameracensi.

286 1581 369 1635 Ex
395 1593 503 1650 quo
543 1576 888 1649 intelligimus
939 1593 1060 1633 eam
1091 1577 1254 1634 fuisse
1279 1585 1392 1632 tum
1436 1577 1504 1632 de
1532 1575 1873 1631 Eucharistia

286 1679 563 1741 receptam
610 1667 792 1734 ﬁdem,
841 1685 1034 1740 panem
1061 1671 1266 1726 scilicet
1293 1677 1350 1724 et
1375 1669 1583 1726 vinum.
1633 1675 1874 1722 manente

1963 494 2016 548 in
2038 493 2386 552 Confessione
2414 502 2780 549 controversa.

2041 590 2121 643 l4.
2157 587 2269 646 Cur
2289 604 2441 658 ergo,
2465 589 2662 659 inquis,
2694 589 3014 647 Paschasius
3049 591 3101 645 in
3131 591 3353 647 Patrum
3387 596 3540 654 testi-

1966 679 2184 744 moniis,
2216 693 2336 752 quae
2360 679 2428 732 ad
2455 679 2776 734 sententiam
2798 694 2948 734 suam
2987 681 3414 736 constituendam
3447 684 3540 737 ad-

1967 770 2132 832 ducit,
2164 767 2445 823 Alcuinum
2477 769 2738 823 indictum
2766 777 2820 823 et
2840 769 3149 824 illaudatum
3172 773 3540 840 praetermisit,

1969 861 2236 932 siquidem
2266 859 2381 914 lucc
2406 857 2685 913 Confessio
2709 858 2918 916 Alcuini
2946 858 3085 913 fetus
3113 859 3221 914 sit?

2038 946 2238 1021 Nempe
2260 949 2400 1017 quod
2417 948 2738 1004 Paschasius
2754 949 2821 1002 ab
2837 950 3071 1021 antiquis
3094 951 3350 1004 duntaxat
3363 949 3541 1004 Patri-

1969 1037 2069 1092 bus
2107 1038 2482 1092 auctoritatem
2520 1040 2717 1095 sumit:
2771 1039 3030 1095 Alcuinus
3078 1054 3206 1094 vero
3237 1049 3368 1105 tum,
3417 1056 3541 1094 cum

1971 1127 2162 1182 librum
2193 1144 2346 1183 suum
2360 1129 2616 1184 conderet
2634 1129 2979 1194 Paschasius,
3002 1137 3126 1184 ante
3145 1145 3344 1202 paucos
3371 1146 3544 1184 annos

1969 1218 2254 1274 defunctus
2280 1227 2417 1273 erat.
2469 1218 2671 1274 Deinde
2699 1219 2862 1274 multa
2892 1219 2996 1273 alia
3031 1227 3271 1276 veterum
3299 1222 3543 1276 testimo-

1971 1311 2056 1362 nia
2101 1311 2285 1365 omisit
2309 1310 2655 1381 Paschasius,
2695 1323 2762 1366 ex
2813 1311 3041 1366 sinceris
3069 1326 3257 1367 eorum
3294 1311 3546 1382 operibus

1971 1398 2127 1455 facile
2154 1401 2470 1471 repetenda:
2510 1417 2630 1471 quae
2658 1401 2873 1472 quidem
2905 1417 3067 1471 opera
3110 1401 3298 1458 eadem
3334 1403 3545 1460 ratione

1971 1506 2169 1560 negare
2192 1499 2374 1561 posset
2406 1490 2654 1555 Dallmus,
2711 1492 2755 1546 si
2796 1491 2963 1560 ipsius
2995 1493 3392 1560 argumentatio
3415 1493 3546 1561 quid

1972 1580 2222 1636 efﬁceret.
2303 1581 2544 1650 Denique
2570 1579 3204 1635 AlcuiniConfessionem
3249 1581 3547 1650 praetermi-

1973 1673 2064 1737 sit,
2116 1670 2346 1728 fortasse
2373 1670 2592 1742 quodin
2635 1670 2803 1740 ipsius
2829 1668 3074 1726 notitiam
3104 1667 3244 1740 (quae
3284 1669 3545 1727 librorum

281 1764 502 1834 ρτορνία
529 1762 720 1833 spec“.
748 1760 801 1814 in
829 1775 1045 1816 carnem
1075 1771 1129 1815 et
1159 1762 1476 1838 sanguinem
1510 1759 1721 1815 Domini
1747 1773 1872 1814 con-
1903 1754 1946 1815 Β
1975 1772 2085 1818 tum
2112 1763 2290 1834 inopia
2315 1770 2372 1818 et
2413 1760 2643 1818 difficilis
2663 1761 3080 1818 communicatio
3111 1761 3249 1832 erat)
3298 1776 3404 1816 non
3457 1775 3549 1816 ve~

284 1852 450 1916 verti,
481 1859 640 1920 atque
666 1849 721 1904 in
742 1864 805 1905 ea
833 1850 1180 1920 persuasione
1209 1851 1554 1906 orthodoxam
1589 1848 1873 1905 credulita-

285 1954 396 2004 tcm
428 1943 592 2006 fuisse
612 1942 952 2003 collocatam.

363 2122 616 2178 Eamdem
643 2121 839 2177 astruit
861 2121 1054 2175 llaimo
1068 2119 1538 2175 Halberstadensis
1565 2118 1871 2189 episcopus,

288 2213 440 2267 Pauli
471 2223 526 2268 et
547 2214 758 2268 Alcuini
807 2228 1029 2282 suppar,
1081 2212 1136 2266 in
1167 2211 1421 2266 'l‘ractatu
1470 2213 1536 2266 de
1565 2225 1791 2279 corpore
1819 2215 1876 2264 et

289 2302 553 2372 sanguine
582 2302 818 2367 Domini,
855 2317 1016 2372 quem
1046 2315 1234 2357 recens
1272 2301 1440 2357 edidit
1479 2297 1670 2356 noster'
1705 2299 1877 2354 Ache-

292 2395 409 2454 rius
447 2393 502 2448 in
546 2394 821 2465 Spicilegii
872 2402 1017 2449 tomo
1063 2393 1155 2448 Xll
1201 2393 1343 2448 :llic
1371 2393 1515 2447 enim
1552 2407 1724 2456 suam,
1766 2391 1878 2446 imo

289 2495 348 2540 et
372 2484 774 2540 Catholicorum
799 2486 881 2540 sui
906 2486 1162 2555 temporis
1196 2485 1435 2539 omnium
1465 2483 1622 2539 ﬁdem
1644 2482 1877 2553 explicat

291 2573 347 2628 in
379 2575 524 2629 hunc
553 2573 776 2628 modum
807 2592 820 2626 :
854 2592 872 2626 ι
908 2574 1192 2630 Credimus
1214 2575 1396 2644 itaque
1420 2582 1476 2628 et
1497 2573 1727 2629 ﬁdeliter
1747 2588 1879 2628 con-

292 2663 512 2719 ﬁtemur
536 2671 593 2719 et
622 2671 887 2730 tenemus,
922 2664 1064 2734 quod
1089 2665 1392 2721 substantia
1422 2664 1532 2730 illa,
1589 2665 1744 2734 panis
1768 2663 1877 2719 sci-

288 2756 420 2811 licet
445 2763 500 2812 et
527 2756 656 2822 vini,
686 2771 786 2827 per
811 2756 1181 2827 operationem
1208 2755 1401 2811 divina:
1423 2754 1661 2820 virtutis,
1686 2763 1744 2808 ut
1761 2754 1878 2825 jam

287 2847 496 2900 dictum
521 2855 626 2914 est,
641 2847 694 2900 id
708 2853 793 2900 est
814 2855 1002 2901 natura
1031 2846 1188 2916 panis
1211 2854 1266 2901 et
1291 2846 1420 2910 vini,
1449 2844 1879 2899 substantialiter

289 2945 644 2994 convertatur
665 2938 719 2991 in
737 2937 897 2998 aliam
927 2936 1309 3001 substantiam,
1342 2937 1393 2990 id
1409 2936 1562 2990 estin
1591 2950 1808 2991 carnem
1824 2945 1880 2989 et

290 3029 632 3099 sanguinem.
672 3048 690 3081 ι
729 3029 795 3088 Et
824 3028 964 3083 infra
995 3047 1008 3083 :
1045 3047 1063 3078 ι
1101 3029 1408 3083 Commutat
1435 3043 1566 3098 ergo
1591 3028 1874 3082 invisibilis

289 3121 548 3175 sacerdos
568 3136 696 3176 suas
721 3120 961 3176 visibiles
988 3127 1263 3175 creaturas
1299 3121 1354 3174 in
1387 3119 1743 3176 substantiam
1765 3135 1874 3175 sute

289 3212 477 3276 carnis
498 3220 552 3266 et
581 3213 858 3282 sanguinis
907 3220 1116 3267 secreta
1136 3219 1419 3282 potestate.
1449 3210 1508 3267 In
1533 3226 1638 3280 quo
1657 3212 1872 3281 quidem

290 3302 497 3366 Christi
536 3318 763 3373 corpore
787 3311 842 3358 et
869 3302 1128 3373 sanguine
1153 3309 1370 3371 propter
1399 3302 1726 3356 sumentium
1749 3303 1874 3356 hor-

293 3410 477 3450 rorem
512 3409 670 3464 sapor
723 3395 880 3465 panis
906 3403 962 3449 et
996 3394 1108 3449 vini
1157 3402 1400 3448 remanet
1453 3402 1506 3448 et
1533 3393 1723 3465 figura,
1749 3394 1876 3448 sub-

293 3488 620 3547 stantiarum
653 3495 842 3544 natura
898 3486 953 3539 in
1008 3501 1200 3556 corpus
1228 3484 1429 3540 Christi
1455 3493 1510 3540 et
1559 3486 1872 3556 sanguinem

295 3578 520 3641 omnino
553 3592 810 3632 conversa
839 3595 851 3630 :
887 3576 980 3632 sed
1018 3577 1160 3631 aliud
1189 3577 1498 3631 renuntiant
1540 3591 1731 3632 sensus
1757 3592 1877 3631 car-

297 3670 406 3735 nis,
436 3667 582 3725 aliud
610 3669 886 3723 renuntiat
913 3667 1046 3721 ﬁdes
1091 3667 1255 3736 380
1284 3667 1498 3729 mentis,
1539 3687 1557 3718 ›
1589 3676 1692 3722 etc.
1726 3668 1878 3722 Mitto

296 3763 454 3833 plura
484 3763 624 3816 hanc
655 3761 708 3815 in
747 3775 860 3815 rem
889 3759 1199 3828 hujusmodi
1249 3757 1579 3822 testimonia,
1611 3772 1731 3826 qua:
1761 3757 1875 3826 jam

296 3853 572 3908 adduxere
617 3850 799 3905 eximii
828 3860 1088 3920 perpetuae
1114 3846 1178 3902 de
1229 3846 1566 3900 Eucharistia
1613 3845 1768 3901 Fidei
1793 3848 1882 3900 de-

295 3947 564 4002 fensores.
617 3942 772 3998 Hunc
811 3956 940 3996 vero
972 3939 1250 3994 Haimonis
1276 3939 1452 3992 locum
1498 3938 1762 4008 insignem
1791 3937 1880 3993 hic

293 4035 475 4098 visum
506 4041 589 4088 est
609 4040 870 4094 attexere,
921 4038 980 4084 ut
1008 4037 1132 4100 pote
1160 4045 1189 4082 a
1221 4029 1436 4086 nemine
1482 4029 1741 4086 hactenus
1764 4043 1884 4098 pro-

297 4127 470 4192 latum
497 4145 510 4180 :
544 4141 651 4198 quo
677 4123 1086 4185 luculentiorem
1113 4120 1316 4181 nullum
1341 4120 1409 4174 ad
1429 4119 1760 4189 probandam
1787 4119 1883 4174 Ec-

298 4216 480 4272 clesiae
503 4215 664 4271 ﬁdem
700 4213 937 4284 reperire
981 4213 1062 4268 fas
1085 4219 1187 4265 est.
1244 4209 1564 4264 Praedictum
1590 4225 1717 4265 vero
1757 4209 1885 4264 llai-

297 4306 481 4361 monis
509 4314 797 4361 tractatum
821 4303 1000 4359 inveni
1033 4303 1086 4356 in
1117 4300 1452 4356 bibliotheca:
1486 4307 1684 4356 nostrae
1709 4300 1883 4356 sancti

299 4396 559 4452 Germani
587 4397 936 4455 membraneo
960 4393 1144 4454 codice
1185 4400 1564 4447 sexcentorum
1592 4407 1876 4456 annorum,

299 4486 397 4556 qui
424 4483 660 4552 ejusdem
699 4483 974 4546 Haimonis
998 4483 1388 4553 expositionem
1422 4482 1475 4536 in
1498 4481 1764 4552 Epistolas
1788 4496 1884 4550 per

302 4585 478 4631 totum
502 4590 700 4629 annum
729 4576 784 4629 in
810 4576 974 4638 missa
1017 4569 1230 4630 recitari
1275 4575 1464 4629 solitas
1489 4574 1881 4644 complectitur.

302 4669 545 4730 Insertus
566 4682 728 4737 porro
756 4675 841 4731 est
869 4667 922 4720 in
947 4681 1011 4722 eo
1033 4666 1217 4722 codice
1249 4673 1506 4720 tractatus
1529 4665 1628 4719 iste
1646 4673 1766 4735 post
1788 4679 1886 4719 ex-

301 4761 626 4832 positionem
656 4759 712 4813 in
757 4758 1049 4828 Epistulam
1095 4756 1276 4813 Ctenae
1318 4757 1554 4822 Domini,
1603 4772 1723 4826 quae
1762 4756 1888 4824 Epi-

302 4852 444 4908 stola
469 4852 536 4907 de
560 4851 914 4906 Encharistiae
952 4850 1214 4920 mysterio
1256 4858 1370 4904 tota
1427 4857 1545 4903 est:
1590 4847 1741 4915 cujus
1764 4847 1891 4916 Epi-

303 4943 461 4999 stelte
514 4941 905 5009 expositionem
950 4941 1296 5008 subsequitur
1337 4939 1441 4993 iste
1471 4946 1734 5001 tractatus
1762 4951 1888 4996 cum

303 5037 410 5091 hoc
439 5033 635 5089 titulo:
669 5033 859 5103 Incipit
897 5042 1153 5090 tractatus
1196 5033 1433 5094 Aimonis
1479 5031 1544 5085 de
1593 5047 1808 5100 corpore
1839 5040 1888 5086 et

301 5126 562 5196 sanguine
589 5125 819 5180 Domini.
850 5123 987 5178 Tum
1034 5132 1224 5178 auctor
1265 5131 1553 5177 tractatum
1583 5138 1739 5176 suum
1765 5137 1887 5176 cum

305 5219 566 5290 Epistolae
591 5219 860 5291 prtedictte
887 5217 1221 5294 expositione
1268 5215 1634 5280 continuando
1657 5214 1711 5269 in
1745 5215 1889 5268 hunc

305 5311 528 5368 modum
556 5311 767 5366 orditur
809 5327 822 5364 :
857 5308 962 5364 Sed
1013 5309 1260 5380 quoniam
1306 5307 1463 5377 hujus
1501 5305 1752 5376 Epistolw
1797 5323 1889 5375 ορ-

303 5400 604 5473 portunitas
629 5400 780 5470 oﬂ'crt
811 5409 866 5452 ut
889 5397 1090 5470 aliquid
1124 5398 1188 5451 de
1213 5405 1359 5450 tanta
1384 5405 1710 5450 sacramento
1733 5395 1892 5450 latius

306 5492 539 5556 dicatur,
585 5501 691 5546 etc.
755 5489 908 5558 Quod
952 5489 1168 5558 quidem
1211 5487 1313 5541 hoc
1340 5485 1458 5541 loco
1496 5485 1768 5541 monuisse
1814 5487 1894 5541 vi-

308 5599 430 5638 sum
453 5590 536 5639 est
563 5597 742 5652 opera:
767 5582 1022 5653 pretium.
1083 5579 1291 5650 Itaque,
1337 5586 1399 5633 ut
1424 5578 1582 5632 modo
1626 5577 1888 5642 dicebam,

313 5683 555 5755 tempore
581 5675 792 5741 Alcuini
806 5682 1018 5745 recepta
1038 5681 1156 5738 erat
1176 5687 1261 5741 ea,
1284 5686 1445 5742 quam
1465 5669 1804 5747 proﬁtemur.
1828 5669 1895 5732 de

1916 4438 1963 4498 D

1975 1857 2165 1911 nisset.

2045 1946 2171 2002 Haec
2198 1944 2311 2001 fere
2335 1953 2460 2000 sunt
2481 1950 2793 2014 argumenta
2821 1957 2940 2012 quae
2952 1941 3181 1997 Dallaeus
3193 1941 3430 2014 congerit
3455 1940 3549 1994 ad-

1977 2050 2161 2090 versus
2179 2034 2544 2090 Confessionis
2560 2043 2834 2089 auctorem
2856 2040 2910 2089 et
2923 2033 3323 2103 antiquitatem.
3346 2031 3392 2086 si
3417 2047 3552 2086 nouo

1976 2125 2149 2180 nullas
2169 2124 2448 2194 exceperis
2470 2124 2748 2188 minutias,
2775 2138 2911 2193 quas
2934 2121 3180 2178 consulto
3197 2119 3548 2190 praetermisi;

1975 2211 2152 2284 qualia
2171 2218 2297 2267 sunt
2325 2225 2443 2281 qua:
2468 2210 2675 2280 profert
2695 2212 2761 2266 de
2779 2210 2904 2281 styli
2945 2208 3380 2266 dissimilitudine
3409 2223 3440 2262 a
3466 2223 3552 2263 ve-

1977 2307 2054 2363 ris
2104 2305 2318 2361 Alcuini
2365 2304 2646 2374 operibus:
2701 2318 2825 2358 cum
2855 2301 2945 2356 alii
2972 2301 3115 2357 docti
3141 2300 3243 2356 viri
3280 2301 3549 2368 eamdem,

1975 2411 2097 2451 cum
2121 2396 2174 2449 in
2202 2395 2314 2465 ipsa
2338 2392 2705 2457 Confessione,
2735 2399 2849 2446 tum
2875 2392 2927 2446 in
2951 2391 3177 2446 sinceris
3197 2390 3410 2446 Alcuini
3431 2406 3554 2460 ope-

1976 2485 2145 2549 ribus,
2184 2483 2448 2539 orationis
2485 2481 2848 2552 aequalitatem
2892 2489 3206 2553 agnoscant.
3281 2475 3442 2547 Haec,
3473 2481 3554 2535 in-

1975 2594 2158 2649 quam,
2190 2592 2308 2648 quae
2325 2578 2545 2642 minuta,
2573 2593 2734 2648 neque
2761 2577 2888 2631 satis
2926 2585 3068 2632 certa
3093 2575 3194 2647 ipsi
3213 2574 3412 2630 Dallzeo
3438 2573 3554 2629 visa

1976 2677 2122 2733 sunt,
2142 2667 2379 2738 prudens
2399 2665 2753 2733 dissimulavi,
2779 2680 2847 2721 ne
2867 2665 3080 2737 longius
3104 2665 3555 2737 progrederemur

1977 2768 2177 2816 nostrae
2204 2758 2654 2816 concertationes.

2048 2851 2174 2908 ll:ec
2197 2867 2297 2920 pro
2323 2852 2538 2907 modulo
2565 2851 2708 2906 dicta
2728 2850 2838 2907 sint
2863 2850 2930 2907 de
2951 2850 3111 2922 hujus
3127 2849 3308 2919 operis
3332 2854 3556 2903 auctore

1977 2951 2032 2999 et
2059 2945 2409 3015 antiquitate;
2433 2958 2663 3013 quorum
2683 2958 2851 2998 unum
2872 2944 2946 2998 ita
2971 2939 3415 3012 propugnantium
3441 2953 3554 2992 sus“

1979 3036 2119 3106 cepi,
2150 3045 2210 3092 ut
2238 3036 2469 3092 alterum
2498 3043 2756 3104 tanquam
2795 3033 3157 3090 certissimum
3195 3028 3552 3086 demonstrari

1975 3143 2133 3198 posse
2164 3127 2450 3183 conﬁdam.
2502 3124 2655 3193 Quod
2682 3125 2728 3180 si
2755 3139 2860 3179 non
2889 3123 3103 3194 penitus
3123 3128 3401 3177 assecutus
3425 3119 3557 3181 sim,

1974 3221 2057 3276 vel
2093 3221 2146 3275 id
2177 3219 2309 3274 mihi
2337 3218 2471 3273 satis
2519 3218 2624 3272 erit
2647 3231 2744 3288 pro
2773 3213 2953 3272 fructu
2991 3213 3190 3285 operis,
3245 3209 3388 3281 quod
3415 3209 3556 3263 hanc

1974 3311 2308 3382 provinciam
2337 3309 2591 3365 studiosis
2621 3309 2949 3377 aperuerim,
2976 3311 3192 3375 reperto
3231 3299 3550 3370 exemplari,

1975 3405 2128 3474 cujus
2153 3402 2264 3457 sola
2289 3401 2550 3471 inspectio
2595 3399 2776 3469 operis
2807 3397 3182 3467 antiquitatem
3226 3390 3554 3463 persuadere

1975 3500 2173 3564 potest.
2228 3491 2344 3546 Huc
2369 3490 2702 3545 eruditorum
2727 3489 2966 3543 omnium
2991 3485 3176 3543 oculos
3196 3491 3250 3540 et
3291 3481 3554 3554 judicium

1978 3586 2208 3656 appello,
2247 3583 2440 3653 quibus
2468 3582 2708 3636 codicem
2732 3580 3053 3635 Boerianum
3101 3575 3366 3646 inspicere
3406 3573 3554 3636 licet,

1977 3678 2090 3732 sive
2115 3677 2169 3730 in
2208 3673 2535 3731 monasterio
2563 3672 2735 3727 sancti
2780 3670 3054 3732 Germani,
3104 3666 3342 3736 quandiu
3390 3679 3558 3733 penes

1977 3783 2077 3822 nos
2121 3765 2255 3829 erit;
2285 3765 2398 3818 sive
2435 3763 2657 3817 Divionc
2689 3761 2743 3814 in
2772 3760 3097 3815 bibliotheca
3130 3755 3417 3816 Boeriana,
3449 3766 3557 3820 quo

1978 3858 2129 3912 brevi
2153 3853 2508 3910 remittendus
2536 3861 2636 3906 est.

2051 3947 2181 4012 Quae
2208 3946 2273 3999 de
2298 3950 2518 3997 auctore
2538 3936 2734 4008 protuli
2763 3942 3105 4007 argumenta,
3133 3933 3178 3987 si
3197 3945 3310 3986 rem
3337 3929 3558 4000 penitus

1979 4053 2088 4093 non
2131 4036 2405 4097 evincunt,
2438 4029 2627 4084 saltem
2657 4027 2891 4082 maxime
2917 4023 3252 4097 probabilem
3293 4020 3566 4078 eiliciunt.,

1983 4127 2110 4182 Haec
2131 4125 2179 4180 si
2209 4123 2328 4193 quis
2346 4119 2586 4177 refutare
2605 4118 2755 4183 velit,
2778 4132 2883 4172 non
2907 4116 2980 4171 ita
3002 4128 3216 4169 mecum
3237 4119 3382 4182 agat,
3405 4110 3558 4180 quasi

1985 4219 2086 4272 hac
2138 4217 2192 4270 in
2242 4230 2302 4270 re
2356 4209 2736 4268 controversiae
2790 4216 2952 4277 caput
3012 4205 3337 4260 constituam
3394 4219 3406 4256 :
3457 4201 3552 4256 sed

1985 4304 2356 4362 Confessionis
2400 4304 2678 4372 impugnet
2704 4299 3103 4369 antiquitatem,
3131 4311 3292 4365 quam
3337 4293 3558 4363 potissi-

1987 4413 2132 4452 mum
2161 4395 2408 4451 defendo.
2437 4393 2598 4448 Certe
2624 4390 2768 4445 haud
2797 4390 3021 4444 multum
3053 4387 3279 4441 interest
3308 4382 3565 4452 reipubli-

1987 4506 2064 4547 cae
2083 4489 2405 4545 Christiana:
2435 4487 2558 4557 quis
2588 4486 2744 4541 istius
2761 4483 2939 4553 operis
2967 4490 3158 4534 auctor
3183 4478 3276 4542 sit,
3305 4475 3564 4530 Alcuinus

1988 4598 2056 4638 an
2089 4581 2230 4636 alius
2250 4621 2265 4645 ,
2314 4579 2363 4634 si
2409 4577 2568 4633 modo
2596 4591 2720 4631 eum
2745 4571 2956 4628 Alcuini
2983 4568 3242 4640 aequalem
3272 4572 3565 4638 agnoscant

1988 4691 2197 4731 omnes.
2251 4673 2437 4744 Neque
2465 4679 2647 4725 tamen
2671 4666 2882 4722 Alcuini
2912 4662 3274 4734 patrocinium
3313 4661 3565 4715 deserere

1988 4774 2071 4822 est
2117 4765 2370 4831 animus,
2400 4761 2498 4818 sed
2547 4759 2725 4829 justos
2761 4754 3142 4811 controversiae
3178 4751 3378 4807 limites
3435 4747 3565 4803 deﬁ-

1990 4857 2128 4922 nire.

2061 4946 2362 5010 Caeterum,
2389 4939 2536 5012 quod
2585 4938 2638 4994 in
2669 4953 2757 4993 me
2789 4950 3099 5006 receperam
3119 4974 3136 4999 ,
3167 4933 3271 4988 hoc
3313 4929 3435 4985 loco
3477 4943 3567 4997 ap.

1988 5036 2296 5107 ponendum
2361 5031 2488 5088 duxi
2541 5031 2780 5085 virorum
2832 5029 3128 5099 peritorum
3190 5020 3560 5078 testimonimn

1990 5127 2058 5181 de
2093 5124 2296 5180 codicis
2344 5121 2595 5178 Boeriani
2630 5120 2988 5190 antiquitate,
3037 5125 3100 5171 ut
3140 5115 3177 5170 ii
3226 5114 3425 5184 quibus
3469 5124 3561 5164 co-

1991 5218 2164 5271 dicem
2203 5214 2367 5269 istum
2398 5212 2584 5267 videre
2622 5226 2730 5265 non
2768 5210 2931 5272 licet,
2973 5207 3252 5262 hominum
3293 5203 3348 5256 in
3401 5216 3561 5269 repu-

1988 5307 2129 5364 blica
2182 5303 2444 5360 litterario
2493 5301 2918 5358 clarissimorum
2978 5295 3288 5352 auctoritati
3343 5290 3563 5362 acquie-

1991 5408 2168 5454 εωηῑ.

2529 5477 2995 5536 TESTIMONIUM

2315 5574 2392 5628 De
2415 5571 2664 5626 Bocriani
2695 5570 2888 5623 codicis
2918 5567 3248 5638 antiquitate.

2070 5665 2176 5725 Nos
2207 5665 2342 5724 infra
2380 5664 2565 5736 scripti
2595 5662 2864 5727 omnibus,
2897 5675 3126 5733 quorum
3163 5656 3426 5722 intererit,
3461 5668 3563 5712 n0-
