3934 6180
318 341 458 398 1099

1019 341 1168 400 ΟΡΡ.
1207 342 1434 400 DUBIA.
1475 374 1546 386 —-
1579 344 1806 401 ALBINI
1839 341 2218 408 CONFESSIO
2253 349 2449 406 FIDE].
2487 383 2558 394 —
2589 351 2771 411 PARS
2803 354 2846 413 Ι.

3409 361 3548 419 1050

316 455 557 512 Trinitas
579 455 757 522 beata,
784 471 888 513 vox
919 456 1064 512 clara
1106 465 1163 512 et
1213 457 1460 513 sincerus
1505 457 1710 513 clamor
1756 455 1879 511 fidei
1907 458 1962 516 Α
1984 467 2198 514 ventem
2218 500 2235 526 ,
2273 460 2687 530 insuperabilem
2732 469 2788 515 et
2819 460 3173 518 orthodoxam
3192 505 3207 531 ,
3234 480 3354 535 quae
3383 467 3436 522 in
3463 483 3552 526 me

313 559 474 612 mw,
499 561 660 615 quam
694 547 762 602 ab
800 548 931 618 ipsis
958 547 1089 602 mihi
1114 549 1391 603 enutricns
1431 547 1730 612 cunabulis,
1763 545 1884 600 illu-

313 633 534 689 minasti
559 650 775 706 semper
796 650 894 706 per
917 636 1322 705 inspirationem
1358 638 1544 707 gratia:
1569 645 1694 701 tuae,
1723 648 1882 704 quam

311 724 586 795 adaugens
611 724 943 779 confirmasti
977 725 1028 779 in
1067 739 1153 779 me
1200 740 1299 794 per
1343 725 1702 779 ministerium
1749 737 1885 793 pra:-

312 814 594 873 dicationis
627 814 818 868 matris
859 815 1132 870 Ecclesiae.
1183 813 1354 880 Quam
1401 815 1574 870 dulcis
1617 813 1759 868 facta
1801 821 1887 869 est

312 903 369 958 in
398 918 492 960 ore
521 903 702 958 cordis
730 905 867 958 mei!
913 919 1074 973 quam
1103 906 1343 960 suaviter
1384 906 1526 975 sapit
1554 905 1608 958 in
1637 905 1752 974 ipso
1789 920 1887 974 pa-

310 994 421 1051 lato
446 995 765 1065 gaudiorum
806 995 1000 1050 anima:
1045 997 1205 1050 mem!
1255 1011 1416 1065 quam
1460 995 1692 1059 fortiter,
1723 1012 1883 1066 quam

311 1083 504 1139 crebro
529 1083 707 1154 pulsat
728 1092 962 1139 mentem
989 1099 1185 1150 meam,
1216 1094 1271 1140 et
1298 1093 1496 1150 movet,
1521 1099 1746 1139 monens
1769 1099 1884 1138 om-

310 1177 401 1232 nia
427 1191 586 1232 sensa
617 1177 841 1246 spiritus
869 1175 998 1239 mei,
1029 1185 1090 1230 ut
1123 1185 1176 1230 te
1197 1175 1416 1230 laudare
1452 1175 1711 1239 delectet;
1757 1174 1883 1243 quia

309 1269 489 1325 fecisti
515 1285 613 1324 nos
641 1268 706 1324 ad
730 1268 1055 1322 laudandum
1081 1276 1164 1335 te;
1203 1269 1298 1324 sed
1338 1268 1578 1338 inquieta
1605 1276 1691 1322 est
1732 1281 1883 1321 mens

309 1365 520 1422 nostra,
544 1358 713 1412 donec
743 1357 1049 1426 requiescat
1087 1356 1141 1410 in
1173 1363 1246 1420 te,
1275 1363 1330 1409 et
1373 1353 1705 1423 increpitans
1748 1367 1882 1406 mere

310 1449 548 1514 desidia),
582 1463 646 1503 ac
689 1448 946 1518 colligens
987 1463 1019 1502 a
1065 1447 1416 1518 dispersione,
1454 1461 1558 1515 qua
1608 1443 1880 1499 frustatim

311 1540 614 1605 discindor,
641 1539 767 1604 dum
795 1539 864 1594 ab
893 1553 1002 1594 uno
1030 1547 1081 1593 te
1109 1553 1330 1592 aversus
1366 1537 1419 1592 in
1447 1536 1614 1591 multa
1658 1550 1878 1599 evaneo,

309 1639 372 1686 ut
400 1646 648 1686 reversus
663 1631 714 1684 in
729 1645 834 1693 me,
857 1638 912 1684 et
933 1643 1160 1698 surgens
1186 1644 1345 1698 supra
1363 1643 1468 1693 me,
1493 1635 1656 1696 atque
1673 1625 1881 1682 cunctis

311 1720 638 1778 transcensis
682 1720 999 1790 perveniens
1043 1719 1110 1773 ad
1159 1727 1233 1784 te,
1261 1717 1520 1772 exsultem
1556 1717 1652 1770 tibi
1700 1717 1880 1771 cordis

1981 569 2142 610 omne
2178 555 2320 625 quod
2349 556 2443 612 tibi
2481 555 2690 626 placet,
2711 571 2810 625 per
2833 555 3171 612 dilectionem
3199 567 3254 613 et
3279 561 3553 618 humilita-

1985 653 2092 726 tem
2117 653 2390 716 operetur,
2417 661 2536 714 quae
2561 661 2661 700 nec
2689 654 2853 714 queat
2873 647 3015 701 vinci
3039 648 3178 701 inter
3203 649 3364 703 verba
3393 649 3552 706 alter-

1983 736 2214 791 cationis
2241 737 2295 790 in
2325 745 2564 807 tempore
2583 739 2994 806 persecutionis.
3021 739 3106 793 vel
3135 740 3189 793 in
3233 741 3319 794 die
3357 755 3548 795 neces-

1983 826 2178 880 sitatis.
2222 825 2482 882 Scrutans
2510 827 2672 881 corda
2703 835 2757 880 et
2795 842 2951 881 renes
2982 827 3150 892 Deus,
3175 843 3357 882 coram
3390 837 3440 883 te
3467 837 3551 883 est

1984 916 2190 970 sanitas
2208 925 2261 970 et
2286 916 2568 970 infirmitas
2594 933 2712 971 mea
2745 934 2758 969 :
2793 916 2936 970 illam
2964 932 3154 985 precor
3184 933 3357 982 serva,
3387 918 3548 972 istam

1984 1020 2135 1068 sana,
2159 1004 2352 1059 Coram
2377 1015 2428 1059 te
2449 1014 2530 1060 est
2570 1006 2792 1060 scientia
2836 1013 2890 1058 et
2936 1007 3231 1075 ignorantia
3269 1021 3408 1060 mea.
3444 1006 3543 1062 Ubi

1983 1094 2114 1149 mihi
2169 1094 2461 1164 aperuisti,
2492 1097 2705 1164 suscipe
2755 1096 3044 1149 intrantem
3094 1110 3108 1148 :
3159 1095 3248 1150 ubi
3287 1096 3546 1161 clausisti,

1983 1186 2132 1254 aperi
2151 1186 2415 1256 pulsanti;
2446 1193 2504 1239 ut
2525 1187 2746 1240 audiens
2769 1187 3058 1257 intelligam
3085 1195 3224 1252 tc,et
3248 1188 3550 1259 intelligens

1983 1277 2199 1347 diligam
2229 1285 2299 1342 te,
2317 1285 2369 1330 et
2397 1277 2622 1346 diligens
2649 1276 2859 1330 laudem
2891 1283 2961 1340 te,
2980 1285 3140 1345 atque
3170 1277 3222 1330 in
3248 1284 3360 1331 toto
3385 1278 3547 1334 corde

1982 1382 2104 1422 meo
2133 1367 2432 1422 desiderem
2462 1368 2722 1421 visionem
2753 1366 3164 1434 pulchritudinis
3189 1375 3291 1422 tum
3316 1382 3547 1436 semper.

1981 1455 2155 1510 Audio
2188 1457 2314 1526 quid
2357 1457 2513 1511 nobis
2537 1456 2786 1508 intimare
2809 1455 2920 1508 vult
2947 1456 3222 1524 Scriptura
3253 1464 3363 1519 tua,
3388 1471 3551 1526 quam

1982 1545 2331 1601 sauctificasti
2353 1554 2406 1599 et
2426 1545 2620 1598 misisti
2646 1545 2699 1597 in
2723 1545 2993 1598 mundum.
3019 1545 3190 1599 Audio
3211 1553 3263 1598 et
3284 1545 3445 1599 credo
3464 1545 3513 1598 ei
3531 1560 3546 1608 ;

1982 1636 2115 1690 dicit
2148 1636 2291 1689 enim
2320 1653 2332 1688 :
2373 1631 2599 1704 Spiritus
2621 1644 2692 1688 es:
2717 1633 2878 1698 Deus,
2903 1644 2950 1686 et
2980 1651 3065 1688 eos
3090 1635 3180 1702 qui
3201 1633 3372 1686 colunt
3410 1649 3547 1697 eum,

1985 1736 2181 1796 oporlet
2209 1727 2261 1778 in
2284 1727 2470 1796 spiritu
2493 1734 2542 1778 et
2575 1724 2784 1778 veritate
2815 1725 3020 1777 credere
3042 1735 3088 1777 et
3119 1724 3342 1776 adorare
3365 1722 3546 1793 (Joan.

303 1811 498 1882 iubilo,
525 1820 581 1866 et
609 1783 795 1866 laudes
828 1825 1071 1879 promam
1097 1783 1225 1864 oris?
1245 1807 1452 1872 ofﬁcio;
1506 1815 1772 1877 quatenus
1825 1807 1878 1861 in
1913 1783 1955 1841 Β
1985 1783 2060 1881 iv,
2082 1815 2199 1884 24).
2231 1783 2337 1869 Sed
2371 1815 2593 1884 spiritus
2620 1812 3178 1882 incomprehensibilis
3213 1823 3268 1866 et
3298 1783 3550 1882 incorpo-

310 1904 655 1960 meditatione
697 1900 1050 1957 confessionis
1093 1901 1278 1972 gloria:
1318 1909 1422 1956 tua:
1467 1899 1760 1954 incalescat
1786 1914 1884 1953 cor

310 2007 514 2058 meum,
542 1999 596 2046 et
644 1989 812 2044 inbiet
861 1989 956 2044 tibi
1005 1989 1227 2060 spiritus
1283 2003 1467 2052 meus,
1498 1996 1662 2056 atque
1692 1987 1884 2041 ardeat

307 2098 466 2138 mens
486 2097 601 2137 mea
631 2081 683 2136 in
719 2096 901 2136 amore
930 2088 1042 2144 tuo,
1069 2080 1234 2135 oblita
1260 2080 1514 2134 vanitatis
1541 2087 1596 2134 et
1621 2079 1876 2142 miseria,

307 2174 437 2230 dum
467 2172 563 2227 tibi
598 2171 696 2227 soli
737 2171 984 2234 intendit,
1010 2171 1245 2240 dumque
1286 2169 1513 2224 attonita
1559 2176 1614 2222 et
1657 2176 1881 2238 stupens

306 2267 546 2322 adhaeret
569 2263 1090 2320 incommutabilitati
1113 2263 1294 2334 gloria:
1319 2271 1444 2325 tuae,
1458 2262 1733 2332 oculisque
1755 2261 1879 2317 fidei

307 2359 548 2414 intuetur
607 2365 679 2421 te,
731 2355 898 2411 solem
941 2353 1194 2423 iustitiae,
1225 2355 1364 2410 sicut
1412 2354 1672 2424 scriptum
1725 2362 1810 2409 est
1860 2371 1874 2408 :

308 2447 413 2514 Qui
438 2448 670 2501 adliceret
706 2445 949 2512 Domino,
981 2463 1117 2500 unus
1165 2444 1393 2516 Spiritus
1435 2455 1509 2498 est
1546 2444 1597 2516 (I
1625 2443 1748 2499 Cor.
1776 2445 1875 2520 vr).

376 2538 438 2592 ll.
463 2537 686 2608 Fugiam
717 2537 918 2608 itaque,
947 2536 1190 2602 Domine,
1219 2543 1274 2592 et
1300 2534 1528 2592 libenter
1553 2533 1752 2607 fugiam
1783 2537 1879 2593 ob-

303 2636 606 2698 strepentes
651 2628 910 2682 tumultus
954 2628 1192 2683 omnium
1240 2627 1560 2680 vanitatum.
1615 2625 1722 2682 Sed
1770 2642 1880 2697 quo

303 2717 531 2790 fugiam,
555 2726 617 2773 ut
639 2718 756 2774 illos
781 2719 1064 2783 declinem,
1093 2718 1210 2774 illos
1250 2717 1450 2773 calcem
1493 2719 1592 2772 sub
1628 2718 1873 2787 pedibus,

303 2820 359 2865 et
387 2809 573 2880 procul
594 2808 789 2879 pellam
829 2824 860 2863 a
897 2809 1188 2864 serenitate
1222 2807 1446 2877 jucundi
1492 2809 1753 2864 intuitus?
1794 2810 1876 2866 Ad

303 2909 380 2963 te,
407 2899 496 2968 qui
527 2913 587 2954 es
621 2898 768 2954 solus
796 2898 1098 2969 confugium
1121 2906 1173 2953 et
1198 2897 1355 2953 unica
1383 2913 1506 2966 spes
1529 2898 1872 2953 miserorum.

302 2989 387 3044 Ad
422 2998 496 3055 te,
526 2990 694 3060 gloria
727 3004 867 3055 mea,
893 2998 948 3044 et
980 2989 1226 3044 exaltans
1252 2997 1412 3058 caput
1449 3004 1650 3043 meum.
1694 2988 1776 3044 Ad
1823 2997 1875 3045 te

304 3095 624 3151 consurgam
655 3079 720 3134 de
761 3079 877 3134 lacu
924 3080 1157 3135 miseriae
1204 3088 1261 3135 et
1297 3081 1361 3135 de
1398 3079 1510 3136 luto
1555 3079 1703 3136 fmcis
1731 3099 1744 3135 :
1775 3080 1871 3136 tibi

304 3169 631 3234 inhzeream,
675 3177 837 3239 prout
875 3169 990 3240 ipse
1031 3169 1265 3235 dederis,
1312 3170 1548 3225 suavitas
1589 3169 1873 3238 ntelliflua;

303 3269 365 3315 ut
385 3267 437 3314 tu
453 3259 732 3315 dulcescas
753 3259 879 3313 mihi
892 3299 907 3324 ,
936 3259 1039 3314 dul.
1059 3260 1160 3314 edo
1177 3276 1281 3314 non
1299 3258 1483 3325 fallax,
1499 3259 1722 3316 dulcedo
1750 3260 1876 3316 felix

303 3361 360 3407 et
407 3367 618 3406 secura.
659 3350 905 3418 Quaeram
958 3366 1088 3423 ergo
1133 3359 1204 3418 te,
1235 3351 1480 3417 Domine,
1506 3351 1760 3408 invocans
1789 3361 1873 3418 te;

303 3452 357 3497 et
377 3443 637 3498 invocabo
670 3453 742 3508 te,
770 3444 995 3499 credens
1031 3444 1087 3499 in
1122 3454 1204 3510 te;
1255 3451 1597 3515 ut‘quzerens
1626 3455 1698 3512 te,
1722 3451 1876 3501 inve-

303 3535 448 3589 niam
477 3543 550 3600 te,
580 3542 636 3590 et
663 3534 938 3590 inveniens
965 3535 1280 3591 benedicam
1313 3545 1398 3602 te,
1426 3537 1517 3606 qui
1547 3536 1874 3592 benedixisti

304 3639 403 3681 nos
423 3626 570 3682 omni
597 3627 983 3682 benedictione.
1021 3627 1162 3682 Deus
1191 3643 1358 3692 meus,
1389 3645 1498 3683 una
1546 3645 1670 3699 spes
1717 3646 1871 3696 mea,

301 3717 497 3772 exaudi
526 3733 631 3782 me,
663 3732 732 3772 ne
762 3717 1014 3787 fatigatus
1050 3718 1215 3773 nolim
1241 3734 1483 3788 quaerere
1510 3729 1580 3783 te,
1610 3721 1704 3775 sed
1725 3737 1873 3791 quae-

302 3821 420 3861 ram
446 3805 634 3862 faciem
669 3816 811 3861 tuam
840 3821 1053 3878 semper
1089 3807 1362 3862 ardenter.
1387 3808 1466 3862 Tu
1493 3809 1559 3864 da
1601 3811 1876 3878 quaerendi

300 3897 465 3960 vires,
493 3897 583 3966 qui
623 3895 864 3952 invenire
906 3905 958 3951 te
999 3894 1174 3951 fecisti
1207 3905 1263 3951 et
1290 3897 1460 3968 magis
1488 3898 1765 3968 magisque
1793 3899 1876 3952 in-

301 3987 549 4042 veniendi
593 3995 646 4042 te
680 4002 831 4057 spem
868 3987 1082 4043 dedisti.
1109 3986 1386 4053 lllumina,
1421 3988 1665 4054 Domine,
1694 3989 1876 4044 cordis

301 4079 409 4135 mei
435 4079 648 4134 oculum
677 4080 879 4136 intima:
907 4080 1129 4136 visionis
1159 4080 1441 4151 perspicua
1469 4080 1587 4136 luce
1620 4099 1634 4134 :
1665 4081 1875 4137 velatus

300 4169 447 4224 enim
473 4178 529 4224 et
547 4184 722 4226 caecus
741 4178 826 4224 est
852 4178 994 4226 tetra
1021 4171 1250 4240 caligine
1279 4180 1622 4241 peccatorum
1642 4181 1698 4228 et
1724 4173 1874 4244 igno-

301 4258 512 4314 rantize.
537 4258 778 4314 lllumina
805 4274 930 4315 eum
964 4259 1164 4314 lumine
1188 4261 1376 4331 gratiae
1403 4269 1529 4326 tute,
1559 4271 1618 4316 ut
1645 4263 1872 4318 sinceris

301 4349 430 4404 ﬁdei
452 4349 642 4416 oculis,
670 4358 725 4406 et
748 4365 883 4420 puro
912 4351 1114 4407 lumine
1142 4351 1342 4418 cordis,
1365 4352 1644 4423 inspiciam
1675 4363 1874 4425 myste-

1901 3125 1951 3193 C

1980 1920 2134 1969 reus,
2189 1903 2643 1958 incommutabilis
2683 1912 2737 1957 et
2782 1903 3308 1973 incircumscriptus,
3356 1903 3553 1971 ubique

1980 2003 2144 2059 totus,
2172 2009 2437 2064 nusquam
2463 1994 2688 2060 divisus,
2713 1994 3008 2049 secundum
3046 1993 3212 2062 ipsius
3254 1993 3551 2048 veridicum

1980 2082 2273 2153 Seripturze
2305 2085 2692 2138 testimonium.
2751 2083 2864 2138 Hoc
2905 2083 3049 2136 enim
3083 2083 3241 2137 modo
3273 2083 3551 2136 discerne-

1978 2174 2054 2226 ris
2088 2173 2310 2228 Creator
2345 2189 2376 2228 a
2410 2183 2678 2237 creatura,
2713 2175 2766 2226 in
2797 2188 2902 2242 qua
2933 2181 3083 2236 sunt,
3107 2173 3199 2242 qui
3231 2181 3286 2228 et
3332 2172 3552 2242 spiritus

1980 2261 2251 2315 dicuntur.

2047 2353 2211 2423 386
2241 2352 2326 2408 IV.
2354 2352 2410 2408 Si
2443 2353 2516 2408 ita
2540 2361 2642 2418 est,
2669 2353 2776 2407 imo
2797 2352 2920 2422 quia
2943 2352 3014 2406 ita
3045 2360 3128 2406 est
3150 2351 3202 2416 ι’,
3229 2369 3247 2401 ι
3282 2351 3550 2420 quomodo

1977 2441 2239 2497 invocabo
2269 2441 2435 2496 Deum
2462 2456 2672 2507 meum,
2699 2441 2864 2496 Deum
2908 2447 2963 2494 et
3005 2439 3287 2494 Dominum
3337 2440 3551 2494 meum?

1976 2535 2230 2604 quoniam
2283 2535 2468 2604 utique
2516 2535 2569 2589 in
2621 2549 2707 2588 me
2754 2534 2926 2604 ipsum
2962 2531 3224 2589 invocabo
3255 2547 3398 2600 eum,
3427 2544 3550 2588 cum

1978 2625 2181 2681 vocabo
2195 2640 2336 2680 eum.
2363 2625 2427 2680 Et
2441 2627 2562 2696 quis
2577 2625 2726 2681 locus
2745 2635 2829 2681 est
2843 2627 2897 2680 in
2919 2641 3028 2691 me,
3043 2641 3150 2695 quo
3179 2626 3360 2681 veniat
3387 2627 3443 2681 in
3465 2642 3552 2682 me

1977 2718 2117 2773 Deus
2139 2733 2307 2784 meus,
2331 2732 2438 2787 quo
2467 2711 2648 2772 veniat
2670 2717 2832 2783 Deus,
2860 2717 2949 2785 qui
2985 2716 3112 2770 fecit
3136 2714 3328 2770 cmlum
3359 2726 3414 2770 et
3437 2723 3550 2770 ter-

1976 2811 2130 2865 ram?
2153 2810 2322 2876 Itane,
2340 2809 2562 2865 Domine
2587 2810 2730 2864 Deus
2755 2822 2927 2873 meus,
2945 2815 3031 2862 est
3045 2807 3337 2876 quidquam
3359 2807 3412 2862 in
3439 2822 3548 2871 me,

1977 2904 2118 2973 quod
2145 2903 2324 2972 capiat
2358 2901 2443 2957 te?
2473 2901 2554 2954 An
2581 2916 2711 2957 vero
2731 2901 2924 2956 caelum
2951 2909 3006 2954 et
3038 2908 3182 2954 terra
3209 2914 3332 2970 qua:
3353 2897 3549 2962 fecisti,

1976 2999 2032 3045 et
2058 2992 2328 3061 inquibus
2365 3006 2450 3046 me
2480 2990 2678 3055 fecisti,
2702 2990 2917 3059 capiunt
2949 2990 3036 3043 te?
3069 2989 3151 3043 An
3195 2989 3320 3057 quia
3349 2989 3465 3042 sine
3498 2996 3552 3042 te

1978 3097 2084 3138 non
2107 3091 2253 3137 esset
2279 3082 2536 3152 quidquid
2562 3089 2666 3147 est,
2691 3080 2751 3134 fit
2782 3090 2840 3134 ut
2865 3079 3123 3150 quidquid
3149 3087 3232 3132 est
3261 3078 3436 3148 capiat
3465 3076 3552 3132 te?

1983 3173 2092 3226 Cur
2114 3171 2294 3240 itaque
2327 3185 2426 3242 ego
2446 3180 2590 3240 peto,
2614 3178 2672 3224 ut
2699 3171 2886 3224 venias
2907 3169 2958 3223 in
2983 3184 3087 3232 me,
3105 3169 3196 3239 qui
3220 3183 3328 3222 non
3347 3181 3547 3231 essem,

1982 3262 2084 3318 nisi
2108 3276 2258 3317 esses
2284 3262 2338 3316 in
2369 3261 2488 3316 me?
2529 3259 2647 3315 Non
2679 3260 2822 3314 enim
2853 3274 2951 3329 ego
2974 3259 3086 3329 jam
3109 3272 3227 3312 sum
3253 3257 3307 3311 in
3340 3255 3551 3320 inferis,

1982 3363 2035 3410 et
2071 3364 2250 3410 tamen
2285 3363 2338 3408 tu
2369 3353 2442 3408 ibi
2476 3367 2690 3424 quoque
2712 3367 2790 3407 es.
2825 3351 2958 3405 Nam
2984 3349 3086 3405 etsi
3127 3348 3456 3404 descendero
3483 3346 3552 3401 ad

1981 3448 2268 3512 infemum,
2295 3444 2441 3501 ades.
2485 3444 2601 3500 Non
2646 3458 2775 3514 ergo
2818 3456 3014 3506 essem,
3061 3439 3204 3495 Deus
3233 3451 3414 3501 meus,
3442 3452 3551 3490 non

1980 3539 2200 3594 omnino
2222 3551 2418 3602 essem,
2434 3535 2540 3590 nisi
2555 3548 2705 3590 esses
2720 3533 2774 3588 in
2797 3546 2902 3588 me.
2927 3533 3008 3586 An
3027 3529 3204 3600 potius
3228 3543 3334 3582 non
3348 3541 3549 3590 essem,
3610 3605 3614 3609 ’

1979 3633 2086 3688 nisi
2112 3645 2288 3686 essem
2313 3630 2367 3684 in
2395 3638 2468 3694 te,
2504 3642 2571 3681 ex
2605 3641 2712 3698 quo
2735 3625 2934 3690 omnia,
2960 3638 3056 3693 per
3079 3635 3237 3692 quem
3267 3618 3470 3680 omnia,
3498 3617 3553 3670 in

1979 3737 2086 3791 quo
2118 3713 2335 3776 dmnia?
2370 3718 2550 3772 Etiam
2585 3715 2683 3779 sic,
2708 3714 2954 3776 Domine,
2979 3711 3143 3766 etiam
3169 3709 3265 3762 sic.
3288 3706 3404 3772 Quo
3423 3719 3553 3772 ergo

1981 3822 2033 3866 te
2064 3812 2256 3866 invoco
2287 3822 2409 3862 cum
2437 3807 2490 3860 in
2521 3815 2574 3858 te
2601 3803 2744 3858 sim?
2783 3809 2876 3855 aut
2897 3801 3038 3854 unde
3059 3799 3245 3853 venies
3275 3806 3329 3850 tu
3358 3797 3410 3850 in
3436 3795 3554 3848 me?

1979 3917 2087 3970 quo
2107 3900 2252 3956 enim
2282 3896 2562 3952 recedam?
2590 3908 2698 3963 quo
2727 3892 2848 3946 ibo?
2871 3898 3024 3946 extra
3053 3887 3248 3942 cmlum
3272 3895 3326 3940 et
3351 3894 3551 3938 terram

1980 3987 2230 4050 fortasse,
2263 3993 2324 4040 ut
2346 3985 2471 4039 inde
2493 3983 2673 4037 veniat
2701 3981 2753 4034 in
2778 3993 2862 4033 me
2888 3978 3030 4032 Deus
3051 3990 3225 4038 meus,
3250 3974 3340 4043 qui
3371 3973 3506 4028 dixit
3533 3985 3550 4027 :

1980 4076 2177 4132 (Italum
2222 4085 2269 4128 et
2312 4085 2504 4129 terram
2537 4089 2628 4143 ego
2669 4069 2855 4141 impleo
2885 4067 3031 4139 (Jer.
3057 4081 3226 4130 xxm,
3255 4065 3396 4133 ειη
3443 4063 3550 4119 Ca-

1979 4171 2133 4242 piunt
2167 4183 2370 4238 ergone
2406 4178 2458 4222 te
2492 4167 2687 4221 caelum
2723 4175 2778 4221 et
2806 4173 2974 4228 terra,
2996 4161 3251 4232 quoniam
3281 4170 3334 4214 tu
3361 4158 3552 4232 imples

1978 4263 2079 4317 ea?
2124 4277 2192 4316 an
2229 4260 2419 4330 imples
2453 4269 2507 4315 et
2539 4267 2729 4324 restat,
2755 4256 3011 4327 quoniam
3046 4269 3154 4309 non
3201 4261 3254 4307 te
3297 4250 3549 4321 capiunt?

1980 4354 2048 4408 Et
2076 4367 2184 4423 quo
2223 4351 2462 4407 refundis
2495 4349 2752 4420 quidquid
2779 4346 2999 4417 impleto
3033 4343 3169 4400 coelo
3205 4351 3260 4398 et
3290 4350 3435 4397 terra
3472 4356 3552 4396 re-

301 4441 384 4496 ria
411 4443 560 4512 regni
590 4442 685 4498 tui.
710 4441 910 4498 Verum
932 4442 1058 4512 quia
1102 4458 1209 4497 non
1249 4450 1334 4498 est
1378 4443 1602 4514 pulchra
1650 4445 1768 4501 laus
1816 4445 1870 4501 in
1903 4471 1954 4532 D
1981 4454 2089 4501 stat
2110 4459 2175 4500 ex
2210 4443 2295 4498 te?
2338 4442 2533 4496 Annon
2564 4456 2697 4511 opus
2737 4440 2926 4504 babes,
2953 4445 3013 4492 ut
3039 4451 3068 4489 a
3101 4448 3370 4505 quoquam
3421 4446 3552 4532 con-

299 4547 398 4586 ore
431 4532 746 4602 peccatoris,
769 4540 825 4587 et
849 4531 983 4587 fides
1017 4532 1132 4588 sine
1157 4532 1434 4602 condignis
1467 4534 1721 4603 operibus
1763 4550 1872 4592 non

299 4621 574 4687 laudatur,
603 4637 733 4694 rogo
758 4623 972 4677 Patrem
997 4637 1092 4692 per
1116 4622 1312 4678 Filium
1333 4664 1347 4687 ,
1377 4639 1508 4693 rogo
1536 4625 1732 4680 Filium
1776 4640 1875 4696 per

299 4711 540 4779 Patrem,
571 4729 700 4784 rogo
733 4712 994 4783 Spiritum
1023 4722 1268 4768 sanctum
1305 4730 1400 4785 per
1425 4715 1641 4772 Patrem
1686 4725 1741 4772 et
1786 4717 1876 4774 Fi-

298 4801 431 4855 lium
457 4813 508 4866 ι,
531 4809 588 4856 ιιι
615 4812 670 4856 et
688 4803 867 4857 omnia
897 4803 1024 4858 vitia
1051 4802 1368 4874 elongentur
1400 4819 1431 4858 a
1475 4820 1582 4869 me,
1605 4813 1660 4860 et
1686 4821 1874 4862 omnes

298 4899 503 4947 sanctae
546 4893 772 4948 virtutes
814 4894 1128 4964 plantentur
1172 4895 1224 4949 in
1275 4909 1391 4959 me,
1421 4905 1689 4965 quatenus
1722 4913 1876 4954 acce-

298 4981 501 5052 ptabile
547 4981 643 5036 tibi
687 4983 781 5038 ﬁat
818 4985 1143 5041 sacrificium
1187 4985 1360 5041 laudis
1396 4986 1517 5042 fidei
1546 5004 1698 5054 mese,
1732 4990 1875 5047 Deus

301 5085 476 5134 meus,
503 5079 561 5126 et
579 5073 834 5126 ascendat
851 5074 918 5128 ad
945 5082 996 5129 te
1022 5075 1076 5129 in
1097 5075 1263 5130 odore
1283 5076 1588 5132 suavitatis.

373 5156 457 5211 Ill.
485 5156 740 5223 Obsecro,
768 5167 822 5215 et
847 5161 1270 5217 misericordiam
1309 5171 1452 5218 tuam
1499 5163 1719 5234 supplex
1768 5165 1874 5220 im-

298 5246 474 5318 ploro,
495 5255 809 5302 cunctarum
839 5247 959 5303 fons
986 5258 1042 5304 et
1079 5250 1253 5321 origo,
1283 5250 1510 5321 largitor
1557 5258 1612 5306 et
1652 5266 1873 5306 conser-

301 5348 459 5392 vator
484 5338 744 5392 virtutum
772 5338 945 5405 Deus,
982 5340 1188 5411 adauge
1233 5341 1363 5396 mihi
1414 5355 1626 5411 semper
1678 5341 1872 5408 fidem;

299 5428 461 5484 fidem
513 5435 790 5493 sanctam,
839 5438 1074 5493 rectam,
1125 5438 1181 5485 et
1229 5430 1658 5495 immaculatam;
1718 5430 1875 5487 fidem

298 5516 933 5580 eruditam,catholicam
963 5527 1018 5574 et
1049 5519 1551 5589 prudentissimam;
1583 5519 1741 5575 fidem
1765 5520 1873 5578 fer-

372 5659 411 5728 ao
430 5645 553 5728 Haec
583 5649 796 5718 sapiunt
818 5650 1018 5721 stylum
1042 5657 1199 5705 aetate
1225 5648 1564 5709 scholasticae
1594 5651 1874 5726 theologia;

300 5727 683 5785 antiquiorem.

1976 4534 2223 4599 linearis,
2269 4534 2361 4603 qui
2412 4531 2659 4587 contines
2705 4531 2931 4585 omnia:
2969 4526 3234 4593 Quoniam
3281 4537 3400 4593 quae
3445 4523 3549 4578 im-

1974 4625 2108 4694 ples,
2143 4623 2470 4682 continendo
2517 4621 2739 4692 imples?
2777 4619 2896 4674 Non
2946 4618 3092 4673 enim
3136 4629 3298 4680 vasa,
3333 4628 3453 4684 qum
3495 4621 3550 4668 te

1975 4715 2129 4786 plena
2151 4723 2296 4780 sunt,
2319 4713 2562 4770 stabilem
2589 4719 2641 4766 te
2662 4710 2893 4773 faciunt;
2929 4707 3056 4778 quia
3077 4705 3177 4760 etsi
3211 4705 3546 4774 frangantur,

1977 4815 2034 4861 tu
2061 4822 2166 4861 non
2195 4803 2518 4867 efl‘underis;
2545 4809 2600 4856 et
2625 4814 2747 4854 cum
2777 4796 3068 4852 efl‘underis
3097 4809 3259 4865 super
3291 4808 3412 4857 nos,
3441 4805 3550 4845 non

1978 4903 2034 4950 tu
2051 4894 2224 4964 jaces,
2261 4893 2355 4947 sed
2379 4891 2541 4961 erigis
2573 4904 2672 4943 nos
2695 4906 2707 4940 :
2734 4902 2834 4942 nec
2860 4895 2914 4941 tu
2939 4881 3281 4954 dispergeris,
3307 4880 3400 4936 sed
3439 4877 3551 4933 col-

1978 4984 2099 5054 ligis
2135 4996 2252 5037 nos.
2294 4980 2398 5035 Sed
2429 4994 2549 5049 qua:
2579 4976 2763 5049 [Aug.,
2787 4975 2901 5047 qui]
2930 4974 3118 5044 imples
3145 4971 3346 5035 omnia,
3365 4977 3417 5024 te
3439 4976 3548 5022 toto

1979 5073 2170 5144 imples
2187 5071 2388 5127 omnia.
2421 5070 2503 5124 An
2537 5070 2661 5140 quia
2687 5085 2792 5126 non
2820 5076 3042 5139 possunt
3073 5077 3124 5119 te
3157 5073 3327 5118 totum
3357 5075 3550 5130 capere

1977 5164 2197 5227 omnia,
2227 5170 2437 5233 partem
2497 5163 2573 5216 tui
2623 5161 2875 5232 capiunt?
2931 5159 2998 5214 Et
3044 5157 3289 5212 eamdem
3339 5160 3549 5224 partem

1979 5254 2137 5309 simul
2161 5253 2342 5311 omnia
2365 5254 2615 5326 capiunt?
2647 5253 2728 5308 An
2774 5251 3013 5320 singulas
3037 5247 3264 5319 singula,
3291 5253 3344 5300 et
3381 5242 3550 5312 majo-

1977 5360 2065 5401 res
2085 5345 2310 5417 majora,
2343 5353 2398 5400 et
2436 5344 2674 5400 minores
2703 5344 2912 5397 minora
2936 5338 3186 5408 capiunt?
3223 5336 3430 5404 Ergone
3467 5340 3551 5386 est

1977 5437 2154 5508 aliqua
2185 5453 2313 5509 pars
2363 5438 2441 5492 tui
2491 5435 2682 5504 major,
2716 5435 2892 5504 aliqua
2948 5432 3160 5487 minor?
3216 5425 3548 5496 An2ubiqne

1976 5537 2119 5584 totus
2149 5543 2226 5595 es,
2249 5537 2305 5583 et
2326 5543 2414 5582 res
2440 5526 2584 5580 nulla
2615 5535 2666 5579 te
2691 5534 2858 5580 totum
2886 5523 3064 5593 capit?

1956 5688 1996 5722 τ.
2050 5658 2079 5697 ιι
2118 5657 2197 5712 Ex
2224 5663 2362 5729 Aug.
2395 5655 2804 5716 Confessuonum
2833 5654 2971 5709 libro
2996 5669 3034 5711 ι.
3062 5667 3179 5723 cap.
3203 5651 3256 5705 2.
