3918 6188
376 374 513 431 ιίῶί

1090 366 1097 371 ·
1190 362 1253 423 Β.
1290 360 1357 422 F.
1398 356 1621 425 ALBlNl
1659 354 1790 417 seu
1827 346 2102 416 ALCUIN‘I
2140 346 2425 415 cratium
2462 338 2643 407 eius
2679 347 2815 406 vm.

3478 334 3626 401 loss

456 484 521 542 γ.
551 496 580 527 ι
607 482 745 552 Quid
778 496 907 554 ergo
938 494 1016 546 es,
1041 481 1264 535 Domine
1287 479 1428 533 Dens
1455 490 1636 538 meus,
1667 473 1795 543 quid
1825 488 1951 542 ergo
1972 464 2023 533 Ἀ
2051 470 2253 534 omnia,
2279 466 2564 523 invisibilis
2582 463 2770 517 videns
2788 459 2991 524 omnia,
3016 454 3352 524 immortalis,
3374 457 3626 527 illocalis,

384 578 571 652 [Auq.,
600 573 740 643 Quid
766 568 941 645 rogo],
967 572 1069 626 nisi
1095 571 1350 626 Dominus
1394 567 1569 621 Deus?
1630 564 1762 628 Quis
1815 563 1949 616 enim

383 669 527 723 Deus
551 674 739 736 prater
764 663 1043 717 Dominum
1060 661 1086 715 γ
1134 669 1226 714 aut
1259 659 1376 730 quis
1405 657 1544 711 Deus
1574 665 1763 727 praeter
1787 654 1950 706 Deum

384 763 620 809 nostrum
655 750 826 825 (Psal.
859 766 993 816 xvn,
1015 749 1141 820 δεμ
1177 770 1197 802 ι
1223 747 1391 802 Nemo
1414 746 1572 816 plane
1589 787 1603 808 ,
1630 759 1805 799 nemo.
1831 742 1949 795 Non

381 846 530 900 enim
551 852 634 899 est
666 843 807 897 Deus
832 842 967 896 alius
992 848 1188 910 prater
1206 846 1261 894 te
1283 838 1482 893 trinum
1513 845 1567 891 et
1584 850 1769 899 unum,
1789 849 1950 888 unum

382 946 441 991 et
469 937 688 1000 trinum,
720 948 892 1003 neque
920 933 974 986 in
1016 930 1152 985 caelo
1200 943 1447 992 sursum,
1480 941 1654 997 neque
1695 926 1751 979 in
1804 933 1950 978 terra

385 1030 657 1086 deorsum.
683 1030 813 1097 Quis
839 1027 915 1083 tui
941 1025 1163 1082 similis?
1192 1025 1312 1094 quis
1332 1019 1646 1093 magniﬁcus
1672 1018 1727 1072 in
1758 1016 1954 1071 sancti-

386 1127 517 1185 tate,
552 1118 804 1173 terribilis
833 1124 992 1184 atque
1016 1114 1300 1169 laudabilis
1324 1114 1377 1168 in
1400 1110 1545 1167 omni
1578 1109 1793 1172 virtute,
1811 1106 1954 1162 sicut

386 1217 444 1262 tu
476 1210 617 1263 Deus
649 1218 853 1269 noster,
877 1205 968 1273 qui
1001 1204 1134 1260 facis
1157 1216 1347 1274 magna
1382 1210 1437 1255 et
1477 1196 1761 1261 mirabilia,
1784 1204 1838 1249 et
1867 1195 1944 1248 in-

386 1300 717 1364 SCrutabilia,
747 1308 975 1368 quorum
1019 1311 1124 1350 non
1159 1302 1241 1350 est
1287 1289 1579 1347 numerus?
1628 1287 1704 1343 Te
1758 1292 1951 1340 cuncta

384 1390 754 1461 magniﬁcam,
782 1397 835 1442 te
857 1387 1031 1442 omnis
1051 1387 1271 1456 Spiritus
1291 1381 1492 1437 laudat.
1522 1381 1600 1435 Te
1641 1380 1866 1434 adorant
1899 1385 1954 1431 et

388 1481 707 1536 henedicunt
732 1487 923 1534 cuncta
951 1477 1038 1531 illa
1065 1477 1345 1530 beatorum
1377 1471 1663 1542 spirituum
1686 1476 1739 1522 et
1765 1482 1953 1536 super-

386 1587 580 1626 norum
611 1571 808 1626 civium
842 1570 1074 1640 agmina.
1108 1565 1226 1620 Tibi
1273 1573 1444 1619 mater
1472 1560 1711 1616 Ecclesia
1751 1559 1803 1612 in
1842 1565 1955 1611 toto

382 1661 519 1716 urbe
550 1661 706 1715 oﬁ'ert
740 1673 946 1730 preces,
972 1665 1025 1711 et
1068 1658 1400 1711 incessanter
1445 1652 1579 1707 dicit
1628 1650 1831 1703 laudes.
1878 1645 1954 1701 Te

386 1766 498 1822 ego.
518 1750 737 1805 ultimus
766 1762 1046 1804 servorum
1100 1754 1314 1800 tuorum
1369 1743 1526 1797 laudo
1569 1750 1624 1795 et
1668 1739 1949 1794 benedice.

2046 561 2389 624 interminus,
2415 552 2933 622 incircumscriptus,
2961 564 3222 619 nusquam
3257 549 3462 615 ﬁnitus,
3490 548 3631 608 inef-

2050 648 2248 715 fabilis,
2276 643 2687 707 inaestimabilis,
2729 639 3037 704 indicibilis,
3081 638 3475 704 inscrutabilis,
3520 639 3627 695 im-

2049 747 2226 795 motus
2251 778 2266 805 ,
2313 746 2538 806 tangens
2578 731 2757 787 omnia
2783 771 2798 795 ,
2849 727 3257 799 investigabilis,
3302 731 3625 785 metuendus

2050 840 2209 901 atque
2238 827 2515 892 terribilis,
2541 821 2885 879 honorandus
2910 827 3071 888 atque
3091 818 3379 884 verendus,
3397 820 3425 859 δ
3450 839 3470 869 ‹
3492 836 3628 874 num

2050 938 2212 994 quam
2241 935 2433 983 novus,
2461 928 2735 985 nunquam
2768 920 2943 975 vetus,
2972 911 3234 965 inuovans
3255 912 3458 974 omnia,
3489 922 3544 965 et
3569 913 3625 966 in

2051 1019 2371 1067 vetustatem
2396 1008 2695 1078 perducens
2724 1003 3004 1073 superbos,
3025 1008 3080 1055 et
3108 1001 3373 1055 nesciunt.
3396 1000 3627 1071 Semper

2052 1116 2234 1172 agens,
2263 1111 2477 1167 semper
2497 1095 2726 1164 quietus,
2752 1092 3005 1161 colligens
3028 1098 3083 1144 et
3107 1105 3211 1144 non
3234 1105 3418 1158 egens,
3442 1093 3624 1145 omnia

2051 1198 2273 1262 portans
2313 1188 2429 1242 sine
2456 1198 2643 1248 onere,
2673 1182 2850 1237 omnia
2878 1180 3104 1250 implens
3147 1181 3263 1234 sine
3305 1181 3625 1247 inclusione,

2050 1280 2230 1336 omnia
2270 1292 2464 1333 creans
2502 1284 2558 1328 et
2602 1281 2911 1344 protegens,
2956 1272 3198 1326 nutriens
3226 1281 3281 1326 et
3315 1272 3625 1341 perﬁciens,

2051 1386 2317 1443 quaerens,
2345 1384 2465 1425 cum
2497 1367 2630 1422 nihil
2659 1367 2797 1422 desit
2823 1365 2950 1430 tibi;
2988 1377 3136 1418 amas
3163 1378 3265 1418 nec
3292 1373 3509 1425 aestuas,
3542 1380 3629 1417 ze-

2051 1464 2132 1519 las
2160 1470 2215 1517 et
2241 1475 2463 1516 securus
2487 1474 2545 1513 es
2564 1499 2579 1523 ,
2605 1457 2829 1528 pmnitet
2852 1464 2909 1511 te
2947 1464 3003 1509 et
3029 1471 3131 1510 non
3159 1455 3328 1509 doles.
3370 1455 3629 1509 Irasceris

2050 1563 2106 1610 et
2153 1552 2472 1622 tranquillus
2507 1564 2594 1614 es,
2623 1563 2786 1619 opera
2815 1555 3013 1613 mutas,
3047 1547 3138 1602 sed
3178 1545 3463 1602 consilium
3493 1563 3629 1600 nun-

2053 1661 2235 1718 quam,
2266 1643 2464 1714 recipis
2504 1640 2646 1712 quod
2692 1639 2918 1704 invenis,
2943 1649 2999 1693 et
3028 1652 3303 1706 nunquam
3353 1637 3623 1697 amisisti;

2052 1751 2328 1808 nunquam
2353 1734 2509 1804 ineps
2532 1740 2587 1786 et
2609 1731 2809 1802 gaudes
2838 1729 3021 1793 lucris,
3049 1726 3324 1796 nunquam
3350 1740 3551 1779 avarus
3577 1730 3629 1780 et

389 1812 506 1909 Tibi
530 1856 682 1896 mens
701 1854 820 1894 mea
834 1838 1045 1910 jubilat,
1071 1836 1166 1891 tibi
1194 1835 1373 1890 omnia
1392 1848 1515 1888 ossa
1538 1845 1657 1886 mea
1677 1830 1912 1883 clamant
1935 1846 1947 1881 :
1982 1812 2028 1871 Β
2056 1844 2251 1884 usuras
2273 1826 2445 1897 exigis
2471 1844 2483 1879 :
2509 1830 2927 1894 supererogatur
2952 1821 3068 1885 tibi,
3094 1828 3154 1873 ut
3170 1818 3402 1883 debeas;
3431 1825 3486 1872 et
3510 1819 3631 1887 quis

387 1931 519 1999 Quis
549 1929 739 1985 similis
769 1929 868 1993 tui,
893 1926 1149 1983 Domine?
1178 1924 1245 1979 Et
1267 1923 1459 1978 merito
1478 1929 1672 1975 cuncta
1695 1933 1812 1987 qute
1834 1929 1959 1986 ope-

389 2031 541 2076 ratus
567 2036 648 2085 es,
668 2019 758 2073 tibi
781 2017 1021 2074 Creatori
1052 2015 1326 2077 obediunt,
1351 2012 1610 2075 serviunt,
1636 2017 1691 2062 et
1721 2013 1958 2061 tremunt

384 2110 454 2164 ad
482 2118 669 2163 nutum
701 2115 869 2162 tuum.
901 2105 1057 2161 Facis
1080 2115 1411 2175 quascunque
1431 2099 1583 2154 velis.
1607 2097 1687 2152 Tu
1721 2112 1782 2152 es
1813 2096 1958 2151 enim

388 2214 520 2254 vere
543 2198 800 2252 Dominus
820 2194 985 2262 solus,
1022 2196 1164 2250 Deus
1198 2190 1504 2255 invisibilis,
1547 2184 1953 2250 inmstimabilis,

387 2289 907 2359 incircumscriptus,
938 2286 1178 2349 illocalis,
1214 2285 1528 2347 immensus,
1562 2289 1617 2333 et
1664 2278 1960 2347 incompre-

387 2378 690 2444 hensibilis,
712 2378 911 2448 ubique
957 2366 1120 2442 totus,
1153 2374 1349 2442 ubique
1383 2362 1643 2441 przesens,
1679 2365 1959 2422 ineffabili-

388 2481 473 2528 ter
495 2472 674 2527 omnia
702 2454 1007 2541 penetrans,
1039 2468 1215 2522 omnia
1238 2463 1537 2527 continens,
1553 2460 1732 2516 omnia
1758 2458 1953 2521 sciens,

386 2570 580 2619 cuncta
608 2560 961 2633 prospiciens,
982 2558 1161 2612 omnia
1182 2563 1392 2626 potens,
1416 2560 1472 2607 et
1492 2552 1741 2605 universa
1766 2548 1960 2620 guber-

386 2662 546 2705 nans.
574 2649 741 2703 Totus
778 2649 832 2702 in
857 2647 1015 2711 ccelo,
1043 2653 1188 2700 totus
1212 2645 1265 2699 in
1289 2651 1454 2707 terra,
1478 2648 1624 2695 totus
1644 2639 1808 2694 etiam
1838 2637 1960 2691 ubi-

386 2753 512 2810 que,
534 2750 590 2795 et
612 2754 717 2793 non
744 2746 827 2792 est
854 2737 993 2791 alius
1023 2735 1166 2790 Deus
1191 2740 1386 2806 praeter
1410 2743 1464 2788 te
1488 2733 1655 2786 Deum
1691 2739 1954 2794 nostrum,

390 2830 444 2885 in
473 2844 635 2900 quem
659 2827 834 2883 credit
858 2834 915 2881 et
938 2839 1097 2898 quem
1121 2825 1310 2880 adorat
1350 2833 1524 2878 mater
1550 2820 1808 2885 Ecclesia,
1833 2833 1961 2889 apo-

388 2923 578 2978 stnlica
618 2930 673 2977 et
707 2919 1045 2976 universalis.
1072 2916 1151 2973 Tu
1175 2933 1236 2975 es
1256 2917 1379 2986 jure
1422 2915 1677 2971 colendus
1708 2922 1764 2969 et
1790 2927 1958 2968 vene-

388 3017 617 3080 randus,
667 3012 934 3070 timendus
983 3020 1038 3067 et
1081 3011 1363 3075 amandus,
1383 3023 1506 3064 eum
1558 3007 1701 3063 omni
1748 3016 1961 3075 semper

390 3108 694 3172 devotione,
707 3102 930 3159 Domine
943 3103 1083 3157 Deus
1104 3110 1315 3166 noster;
1334 3096 1558 3170 quicum
1572 3113 1679 3152 non
1695 3109 1956 3160 essemus,
1988 3132 2011 3172 _-

387 3207 637 3272 potenter
656 3196 828 3252 fecisti
868 3209 985 3261 nos,
1010 3203 1064 3249 et
1101 3207 1222 3247 cum
1249 3190 1442 3263 perditi
1480 3179 1766 3245 fuissemus
1798 3186 1955 3257 culpa

391 3301 607 3356 nostra,
630 3290 832 3360 pietate
876 3294 931 3342 et
978 3286 1217 3340 bonitate
1261 3292 1352 3337 tua
1393 3280 1712 3336 mirabiliter
1743 3293 1961 3349 recupe-

392 3382 525 3439 rasti
554 3397 669 3435 nos.
696 3380 848 3436 Unde
876 3377 1138 3433 conﬁteor
1171 3375 1289 3441 tibi,
1325 3374 1441 3429 Rex
1469 3373 1591 3429 coeli
1621 3380 1676 3426 et
1703 3379 1882 3436 terrm,
1908 3377 1962 3425 et

394 3469 692 3526 honoriﬁco
739 3476 794 3524 te
840 3466 1109 3521 sacriﬁcio
1157 3464 1331 3519 laudis
1379 3482 1392 3517 :
1436 3470 1491 3516 et
1513 3462 1652 3538 ~quia
1692 3458 1962 3515 exteriora

395 3575 618 3618 munera
666 3558 880 3622 desunt,
906 3555 1035 3611 totis
1075 3554 1321 3609 medullis
1359 3553 1538 3609 cordis
1556 3593 1587 3621 ,,
1608 3565 1728 3622 quze
1771 3551 1828 3605 in
1877 3562 1964 3603 me

394 3658 540 3713 sunt,
566 3656 691 3703 vota
725 3644 1048 3701 laudationis
1071 3642 1235 3698 reddo
1260 3642 1381 3697 tibi.

465 3741 550 3797 Vl.
594 3739 700 3794 Sed
738 3738 862 3809 quia
890 3736 1023 3791 nihil
1049 3736 1152 3790 nisi
1178 3734 1245 3790 de
1272 3743 1364 3790 tuo
1388 3731 1720 3805 acceptabile
1757 3732 1854 3786 tibi
1878 3730 1963 3785 of-

396 3831 524 3887 ferri
554 3836 751 3901 potest,
782 3836 839 3881 tu
866 3825 1031 3890 Deus,
1062 3825 1117 3880 in
1151 3824 1309 3894 cujus
1353 3823 1557 3879 lumine
1602 3823 1783 3878 lumen
1816 3823 1966 3876 vide-

397 3940 536 3990 mus,
569 3923 636 3979 da
682 3935 862 3991 quzeso
897 3919 1070 3974 lucem
1108 3917 1165 3972 in
1190 3916 1387 3980 corde,
1413 3917 1478 3971 da
1518 3916 1738 3969 verbum
1769 3914 1821 3967 in
1848 3926 1965 3977 ore,

2056 1919 2220 1976 habet
2245 1917 2533 1988 quidquam
2560 1930 2665 1969 non
2695 1913 2882 1967 tuum?

2125 2007 2233 2065 VII.
2269 2006 2472 2063 Reddis
2493 2005 2672 2061 debita
2698 2001 2827 2057 nulli
2853 2000 3074 2065 debeas,
3099 1998 3267 2055 donas
3287 1999 3467 2054 debita
3497 1998 3633 2052 nihil

2052 2098 2285 2170 perdens
2311 2117 2323 2151 :
2350 2117 2369 2150 ι
2403 2097 2493 2166 qui
2510 2094 2658 2150 Solus
2682 2090 2923 2147 viviﬁcas
2946 2090 3147 2154 omnia,
3174 2088 3264 2158 qui
3289 2087 3486 2143 creasti
3514 2102 3632 2163 om-

2052 2190 2143 2244 nia
2162 2229 2177 2255 ,
2206 2189 2297 2257 qui
2323 2186 2524 2257 ubique
2549 2200 2608 2240 es
2634 2193 2688 2238 et
2719 2183 2914 2252 ubique
2944 2188 3117 2243 totus,
3142 2179 3231 2249 qu’i
3260 2179 3451 2232 sentiri
3479 2185 3634 2247 potes

2054 2287 2110 2335 et
2141 2278 2314 2334 videri
2348 2291 2455 2332 non
2477 2283 2647 2346 potes,
2680 2273 2773 2343 qui
2800 2285 3065 2341 nusquam
3099 2270 3256 2331 deos,
3277 2276 3332 2323 et
3360 2278 3538 2322 tamen
3570 2268 3636 2320 ab

2056 2369 2361 2438 iniquorum
2400 2363 2814 2437 cogitationibus
2844 2358 3009 2431 longe
3046 2374 3135 2425 es;
3162 2360 3254 2429 qui
3281 2357 3475 2414 necibi
3508 2359 3637 2412 dces

2056 2460 2146 2515 ubi
2176 2444 2332 2530 longe
2355 2474 2452 2513 es:
2476 2456 2601 2526 quia
2630 2455 2719 2509 ubi
2744 2469 2855 2511 non
2886 2468 2946 2509 es
2974 2467 3072 2523 per
3098 2452 3350 2524 gratiam,
3381 2451 3512 2505 ades
3541 2464 3639 2519 per

2055 2551 2365 2607 vindictam.
2412 2549 2513 2616 Qui
2560 2548 2739 2604 omnia
2781 2547 2979 2618 tangis,
3022 2559 3123 2600 nec
3146 2553 3325 2600 tamen
3352 2544 3634 2614 aequaliter

2055 2640 2236 2697 Omnia
2273 2639 2482 2711 tangis;
2514 2639 2760 2708 quaedam
2793 2637 2937 2691 enim
2974 2635 3153 2705 tangis
3182 2641 3242 2687 ut
3268 2634 3396 2698 sint,
3426 2648 3530 2687 nec
3556 2640 3638 2686 ta:

2056 2746 2180 2788 men
2209 2741 2271 2787 ut
2294 2732 2481 2786 vivant
2512 2739 2569 2786 et
2592 2730 2859 2795 sentiant;
2889 2728 3133 2798 quaedam
3179 2727 3354 2797 tangis
3401 2727 3463 2779 ut
3502 2725 3636 2789 sint,

2056 2825 2241 2879 vivant
2269 2831 2324 2878 et
2363 2822 2617 2886 sentiant,
2644 2836 2746 2877 nec
2771 2816 2932 2892 387
2967 2828 3150 2874 tamen
3186 2826 3247 2873 ut
3289 2816 3636 2879 discernunt;

2058 2916 2305 2987 quaedam
2331 2914 2507 2986 tangis
2528 2922 2589 2968 ut
2609 2915 2741 2979 sint,
2764 2914 2967 2979 vivant,
2986 2912 3224 2968 sentiant
3249 2920 3413 2982 atque
3434 2910 3640 2965 discer-

2059 3014 2210 3063 nunt.
2262 3006 2331 3061 Et
2369 3020 2493 3062 cum
2536 3004 2850 3074 tibimetipsi
2895 3018 3167 3073 nunquam
3217 3001 3491 3057 dissimilis
3539 3001 3638 3063 sis,

2060 3104 2400 3161 dissimiliter
2423 3109 2599 3157 tamen
2620 3101 2798 3172 tangis
2817 3099 3118 3154 dissimilia.
3147 3095 3250 3164 Qui
3274 3096 3472 3165 ubique
3497 3107 3639 3164 pm

2062 3211 2186 3252 sens
2211 3209 2293 3261 es,
2324 3201 2377 3249 et
2419 3191 2650 3248 inveniri
2675 3186 2761 3245 vix
2786 3198 2939 3261 potes
2966 3208 2979 3243 :
3007 3204 3167 3260 quem
3205 3195 3437 3242 stantem
3462 3185 3646 3255 sequi-

2058 3302 2182 3344 mur
2204 3294 2259 3343 et
2284 3284 2816 3363 apprehenderemou
2837 3278 3077 3337 valemus
3103 3295 3116 3335 :
3142 3279 3232 3350 qui
3252 3288 3404 3335 tenes
3431 3278 3636 3340 omnia,

2059 3378 2250 3448 imples
2287 3375 2489 3440 omnia,
2518 3371 2979 3444 circumplecteris
3020 3369 3221 3433 omnia,
3250 3366 3635 3438 superexcedis

2060 3467 2261 3531 omnia,
2292 3465 2522 3520 sustines
2564 3462 2774 3528 omnia;
2807 3476 2907 3516 nec
2945 3474 3014 3514 ex
3045 3458 3150 3513 alia
3189 3466 3342 3527 parte
3370 3455 3630 3514 sustines,

2062 3566 2224 3627 atque
2255 3555 2359 3611 alia
2384 3553 2791 3626 superexeedis;
2815 3566 2992 3623 neque
3017 3565 3084 3605 ex
3116 3548 3217 3603 alia
3240 3554 3393 3617 parte
3422 3542 3634 3615 imples,

2062 3656 2224 3718 atque
2249 3646 2353 3700 alia
2378 3641 2870 3712 circumplecteris;
2904 3639 2999 3695 sed
3026 3633 3513 3707 circumplectendo
3544 3635 3650 3688 im-

2061 3737 2199 3810 ples,
2229 3746 2282 3792 et
2306 3735 2574 3806 implendo
2602 3730 3081 3802 circumplecteris,
3111 3727 3425 3783 sustinendo
3451 3741 3646 3793 super»

2064 3827 2298 3891 excedis,
2326 3836 2381 3881 et
2408 3822 2878 3895 superexcedendo
2907 3821 3165 3876 sustines.
3192 3818 3292 3883 Qui
3318 3817 3484 3873 coria
3510 3814 3648 3868 ﬁde--

2066 3921 2198 3975 lium
2224 3918 2384 3974 doces
2411 3916 2527 3971 sine
2548 3914 2775 3984 strepitu
2803 3911 3111 3975 verborum,
3135 3912 3224 3981 qui
3247 3907 3462 3979 attingis
3487 3925 3520 3959 α
3546 3906 3651 3974 ﬁne

397 4018 465 4070 da
495 4012 660 4068 menti
690 4008 961 4067 cmlestem
1011 4006 1373 4062 conscendere
1413 4005 1620 4068 sedem,
1654 4003 1723 4056 da
1762 4001 1961 4055 fontem

2068 4022 2231 4081 usque
2258 4005 2327 4060 ad
2367 4005 2523 4074 ﬁnem
2572 4004 2793 4074 fortiter,
2825 4013 2879 4056 et
2925 3997 3157 4071 disponis
3200 4001 3375 4053 omnia
3420 3999 3657 4052 snan'ter

396 4104 631 4160 lustrare
652 4101 801 4166 boni,
819 4101 885 4157 da
908 4099 1028 4155 luce
1051 4104 1265 4169 recepta
1294 4098 1348 4151 in
1374 4103 1430 4151 te
1456 4094 1780 4164 conspicuos
1805 4090 1961 4145 animi

2071 4096 2218 4171 (Sep.
2252 4112 2375 4161 vm,
2399 4094 2473 4165 i).
2505 4093 2605 4160 Qui
2632 4094 2763 4147 locis
2789 4107 2898 4148 non
2937 4090 3281 4154 distenderis,
3310 4105 3411 4145 nec
3436 4097 3650 4157 tempo-

398 4195 629 4265 deﬁgere
662 4192 832 4247 visus.
871 4191 938 4244 Et
965 4190 1219 4259 quoniam
1247 4188 1414 4241 altera
1453 4200 1580 4255 pars
1614 4198 1801 4239 sumus
1824 4181 1961 4246 coeli,

2070 4193 2220 4248 ribus
2243 4189 2493 4255 variaris,
2515 4202 2690 4259 neque
2708 4188 2874 4242 habes
2898 4199 3148 4241 accessus
3174 4192 3228 4239 ct
3250 4200 3521 4239 recessus.
3550 4183 3658 4248 Qui

398 4287 565 4341 altera
592 4292 769 4348 terrae,
798 4283 939 4337 unde
982 4297 1171 4351 corpus
1203 4279 1342 4350 quod
1384 4277 1757 4346 corrumpitur,
1784 4290 1961 4343 aggra-

2070 4282 2276 4337 habitas
2315 4281 2480 4335 lucem
2519 4275 2926 4333 inaccessibiiem
2978 4275 3035 4348 (1
3079 4275 3213 4329 Tim.
3247 4288 3322 4339 vt,
3354 4273 3465 4345 16),
3492 4287 3663 4343 quam

398 4385 481 4432 bat
530 4377 782 4439 animum,
813 4383 862 4428 et
891 4378 1094 4426 terrena
1122 4370 1433 4424 inhobitatt'o
1480 4368 1720 4439 deprimit
1764 4378 1961 4419 sensum

2074 4374 2247 4430 nullus
2287 4373 2421 4428 vidit
2448 4370 2744 4435 hominum,
2775 4370 2870 4425 sed
2912 4384 3014 4424 nec
3040 4369 3222 4424 videre
3254 4374 3452 4436 potest.
3506 4366 3568 4420 in
3600 4376 3659 4419 te

398 4468 564 4523 inuita
588 4465 898 4537 cogitantem
928 4462 1080 4533 (Sep.
1114 4476 1193 4524 ut,
1233 4460 1345 4531 l5),
1386 4455 1577 4525 disiice
1619 4465 1849 4511 terrente
1876 4468 1961 4508 ne-

2073 4479 2296 4520 manens
2344 4462 2582 4530 quietus,
2619 4460 2816 4530 ubique
2857 4459 3059 4514 circuis
3106 4465 3297 4513 totum.
3346 4456 3457 4510 Nec
3508 4455 3662 4510 enim

399 4559 552 4614 bulas
578 4566 633 4613 et
655 4557 892 4627 pondera
921 4553 1098 4617 molis,
1129 4560 1288 4621 atque
1319 4559 1433 4615 tuo,
1455 4560 1661 4619 quaeso,
1689 4546 1961 4617 Splendore

2073 4554 2245 4611 scindi
2272 4552 2355 4608 vel
2383 4552 2547 4607 dividi
2591 4551 2817 4621 poteris,
2845 4550 2970 4619 quia
3000 4564 3127 4605 vere
3154 4563 3296 4603 unus
3325 4562 3405 4602 es.
3456 4543 3571 4600 Nec
3603 4547 3665 4598 in

401 4646 639 4705 illumina
687 4648 969 4703 obscuram
1006 4641 1282 4698 interioris
1311 4638 1544 4694 hominis
1584 4636 1796 4692 faciem.
1830 4635 1961 4690 Siste

2069 4657 2251 4719 partes
2292 4644 2538 4705 eﬁiceris,
2571 4642 2667 4700 sed
2714 4650 2857 4697 totus
2886 4649 3060 4697 totum
3106 4648 3281 4703 tenes,
3333 4647 3509 4692 totum
3556 4637 3667 4689 im-

399 4755 564 4813 vagas
606 4746 813 4794 mentes
835 4751 932 4808 per
970 4735 1125 4791 devia
1165 4731 1333 4787 multa
1358 4737 1597 4785 ruentes.
1643 4727 1824 4782 Subde
1850 4741 1961 4779 car-

2070 4737 2206 4808 ples,
2221 4743 2391 4790 totum
2414 4733 2652 4788 illustras
2671 4740 2725 4788 et
2746 4731 3011 4802 possides.
3037 4726 3147 4784 Hoc
3166 4727 3484 4799 mysterium
3508 4738 3668 4779 mens

400 4848 524 4889 "em
548 4829 786 4901 ερίτῖιυῖν
820 4827 1089 4896 appetitus
1116 4822 1336 4887 mlioni’
1364 4821 1494 4875 νίιῖε
1520 4819 1828 4883 νίτιυῑίυυευ
1852 4833 1974 4872 001'-
2073 4829 2308 4882 hnmana
2353 4825 2634 4895 concipere
2682 4837 2791 4878 non
2838 4830 3037 4893 potest,
3066 4834 3168 4875 nec
3206 4819 3444 4874 oratoria
3473 4816 3663 4887 lingua

400 4938 503 4994 pus
547 4923 747 4985 animo,
775 4926 936 4987 atque
964 4925 1072 4971 tum
1118 4929 1205 4969 me
1234 4914 1381 4967 intus
1416 4911 1764 4979 exteriusque
1803 4908 1961 4963 subde

2073 4928 2353 4979 enarrare,
2385 4930 2557 4984 neque
2585 4911 2760 4970 diﬁ'usi
2790 4912 3055 4969 sermonis
3085 4910 3542 4965 bibliothecarum
3572 4923 3670 4959 vo—

400 5027 500 5085 per
527 5011 703 5067 omnia
737 5007 1034 5071 voluntati,
1059 5012 1120 5060 ut
1144 5001 1412 5059 universis
1452 5017 1550 5057 suo
1594 5001 1732 5056 bene
1759 5015 1977 5070 compoa

404 5103 522 5159 sitis
550 5100 740 5156 ordine
766 5113 865 5169 per
888 5103 1113 5169 gratiam
1141 5102 1288 5148 tuam
1314 5100 1371 5147 et
1393 5089 1631 5162 perfecte
1660 5098 1711 5145 te
1732 5091 1971 5162 diligere,

402 5204 460 5250 et
481 5194 640 5265 digne
663 5199 716 5247 te
745 5191 965 5245 laudare
992 5201 1224 5251 merear,
1251 5185 1410 5241 labiis
1431 5192 1484 5239 et
1510 5185 1693 5249 corde,
1722 5185 1979 5252 omnique

405 5299 511 5354 qua
551 5281 706 5337 valeo
736 5282 938 5335 virtute
966 5277 1206 5333 clamans
1241 5275 1310 5329 ad
1349 5282 1401 5328 te
1429 5281 1590 5343 atque
1632 5274 1706 5327 ita
1750 5273 1974 5327 dicens:

407 5368 651 5440 Summe,
675 5370 1220 5444 omnipotentissime,
1250 5366 1775 5430 misericordissime,
1795 5364 1983 5434 iustis-

406 5465 563 5531 Sitne,
601 5464 981 5527 secretissime,
1003 5460 1443 5534 praesentissimo,
1464 5457 1847 5528 pulcherrime,
1871 5454 1985 5511 for-

407 5558 639 5625 tissime,
655 5558 991 5623 suavissime,
1005 5554 1358 5610 invictissime
1379 5552 1603 5607 Domine
1618 5550 1763 5607 Deus
1783 5559 1985 5614 noster,

410 5648 618 5703 stabilis
640 5664 701 5702 es
724 5658 780 5705 et
800 5646 1375 5715 incomprehensibilis,
1401 5644 1753 5703 immutabilis
1772 5651 1988 5699 mutans

485 5773 508 5798 ιι
546 5759 704 5829 Aug,
729 5760 832 5816 loc.
859 5760 955 5822 cit,
992 5772 1112 5824 cap.
1146 5757 1197 5808 4.

2079 5010 2281 5063 lumina
2319 5016 2523 5077 queunt
2575 5006 2863 5077 explicare.
2921 5003 2980 5059 Si
3026 5011 3195 5058 totum
3239 5002 3503 5055 mundum
3544 5000 3667 5053 ﬁbri

2080 5099 2341 5170 repleant,
2373 5107 2465 5152 tua
2494 5097 2719 5154 scientia
2750 5095 3130 5151 inenarrabilis
3159 5110 3264 5148 non
3297 5100 3477 5163 potest
3507 5108 3671 5146 enar-

2081 5188 2208 5242 rari.
2242 5187 2506 5255 Quoniam
2530 5198 2658 5241 vere
2684 5185 2975 5241 indicibilis
3004 5201 3085 5248 es,
3115 5184 3262 5240 nullo
3298 5183 3460 5237 modo
3501 5182 3669 5236 scribi

2080 5277 2304 5347 poteris,
2326 5290 2503 5346 neque
2539 5276 2806 5341 concludi,
2838 5277 2929 5347 qui
2955 5291 3014 5330 es
3043 5274 3164 5330 fons
3190 5273 3326 5329 lucis
3356 5272 3575 5335 divinae,
3612 5279 3673 5325 et

2086 5368 2165 5423 sol
2194 5368 2455 5424 claritatis
2481 5375 2717 5422 aeterna).

2158 5456 2288 5513 Vill.
2327 5457 2550 5529 Magnus
2573 5457 2716 5512 enim
2744 5473 2803 5513 es
2825 5457 2941 5512 sine
2968 5457 3298 5527 quantitate,
3328 5463 3385 5508 et
3415 5454 3540 5508 ideo
3568 5454 3677 5507 im-

2088 5564 2305 5604 mensus
2331 5567 2344 5602 :
2376 5550 2551 5604 bonus
2579 5548 2696 5603 sine
2723 5548 3012 5618 qualitate,
3045 5547 3167 5601 ideo
3195 5561 3323 5601 vere
3362 5552 3417 5600 et
3456 5555 3675 5599 summe

2088 5644 2291 5706 bonus,
2321 5649 2377 5696 et
2400 5656 2563 5696 nemo
2586 5641 2763 5695 bonus
2790 5641 2894 5695 nisi
2923 5649 2980 5695 tu
3018 5640 3164 5693 solus
3183 5680 3198 5701 ,
3227 5636 3381 5705 cuius
3416 5636 3678 5691 voluntas

2166 5757 2192 5795 δ
2231 5757 2389 5829 Aug,
2423 5756 2526 5809 loc.
2566 5756 2684 5821 cit.,
2712 5770 2833 5826 cap.
2870 5760 2912 5811 7.
