3934 6180
329 379 351 432 l
360 377 465 434 053

321 576 432 650 hilo
457 575 655 631 creasti
677 615 690 638 ,
719 575 830 628 sola
857 573 1126 628 voluntate
1152 572 1358 637 fecisti,
1386 572 1474 641 qui
1501 587 1713 628 omnem
1740 587 1892 624 crea-

320 675 496 721 turam
541 674 684 720 tuam
726 666 929 733 absque
969 664 1261 733 indigentia
1302 665 1478 733 aliqua
1523 663 1794 732 possides,
1841 670 1894 714 et

321 755 436 808 sine
479 752 660 808 labore
689 757 990 825 gubernas,
1021 762 1073 808 ct
1103 755 1306 823 absque
1337 755 1490 808 [(Ctllo
1521 754 1659 824 regis
1679 796 1692 815 ,
1725 763 1777 807 ct
1809 755 1890 806 l-l-

321 842 395 898 hil
421 852 504 898 cst
539 845 682 913 quod
727 845 1005 914 perturbet
1034 844 1276 899 ordinem
1308 845 1517 915 imperii
1563 846 1667 909 tui,
1714 847 1796 900 vel
1839 847 1891 899 in

320 934 547 988 summis
567 974 580 998 ,
609 934 691 988 vel
721 934 774 988 in
807 936 946 988 imis.
979 935 1078 1002 Qui
1113 935 1166 990 in
1197 937 1446 991 omnibus
1471 935 1604 990 locis
1633 938 1748 992 sine
1777 938 1891 990 loco

319 1025 569 1089 haberis,
599 1033 651 1078 et
681 1026 859 1079 omnia
901 1028 1144 1081 contines
1186 1028 1302 1080 sine
1340 1027 1556 1090 habitu,
1603 1037 1657 1081 et
1695 1028 1892 1098 ubique

319 1125 560 1188 praesens
585 1130 643 1169 es
671 1115 786 1169 sine
819 1115 923 1169 si:u
953 1125 1005 1169 et
1048 1126 1214 1170 motu.
1260 1117 1358 1182 Qui
1402 1133 1499 1172 nec
1541 1119 1662 1171 mali
1704 1129 1892 1173 auctor

319 1218 408 1268 es,
439 1204 687 1272 quodque
716 1202 895 1259 facere
935 1221 1038 1259 non
1081 1214 1264 1275 potes,
1297 1206 1387 1274 qui
1419 1205 1549 1260 nihil
1581 1223 1686 1260 non
1718 1203 1887 1277 potes.

320 1292 429 1348 Nec
457 1309 692 1364 unquam
726 1303 777 1348 te
806 1295 1095 1365 quidquam
1135 1295 1324 1351 fecisse
1365 1298 1650 1366 paenituit,
1694 1315 1789 1351 nec
1831 1299 1892 1350 il-

317 1381 422 1437 lius
447 1384 824 1439 commotionis
853 1386 1018 1439 animi
1050 1394 1367 1456 tempestate
1397 1390 1652 1453 turbaris,
1683 1406 1782 1444 nec
1815 1399 1892 1442 to-

317 1475 426 1529 tius
456 1483 613 1529 terra:
640 1477 895 1546 particula
926 1494 1147 1548 regnum
1180 1489 1326 1533 tuutn
1366 1489 1467 1535 est.
1509 1481 1662 1534 Nulla
1693 1481 1891 1552 ﬂagitia

315 1564 402 1618 vel
430 1565 631 1620 scelera
662 1565 856 1636 probas
883 1575 974 1620 aut
1003 1568 1254 1636 imperas.
1297 1568 1579 1638 Nunquam
1613 1571 1889 1633 mentiris,

316 1658 442 1726 quia
485 1667 684 1712 atterna
727 1659 928 1712 veritas
968 1674 1054 1724 es,
1096 1660 1248 1729 cujus
1291 1661 1448 1714 unius
1486 1660 1722 1714 bonitate
1766 1661 1891 1714 facti

317 1763 531 1812 smnus,
563 1755 614 1802 et
637 1748 846 1818 justitia
873 1763 1061 1818 pinnas
1091 1749 1314 1814 luimus,
1360 1761 1414 1805 et
1449 1751 1729 1805 clementia
1763 1753 1892 1808 lihe—

1026 369 1172 426 OPP.
1212 367 1438 426 DUBIA.
1480 396 1550 430 -_—
1585 367 1812 423 ALBlNl
1853 366 2226 422 CONFESSIO
2263 365 2458 420 FIDEI.
2499 397 2566 406 ——
2602 366 2778 422 PARS
2813 368 2852 422 1.

320 503 458 557 opus
485 493 594 547 ea,
628 483 713 538 eui
739 482 872 538 velle
899 497 1055 554 posse
1081 491 1196 546 est,
1227 483 1317 552 qui
1355 481 1534 536 omnia
1566 497 1684 550 quae
1713 496 1775 534 ex
1810 481 1890 533 ni-
1919 484 1963 539 Α
1996 477 2051 531 Si
2083 494 2242 548 opera
2272 487 2361 531 tua
2407 479 2479 532 ita
2525 488 2647 532 sunt
2689 494 2886 547 magna
2926 486 2980 534 et
3012 481 3412 546 inscrutabilia,
3445 485 3564 553 pui-

3429 371 3565 426 -Ιῦῧὶ

1993 572 2122 624 chra
2154 579 2313 638 atque
2343 572 2632 640 stupenda,
2679 571 2888 632 dicant,
2919 571 3008 640 qui
3050 571 3266 636 volunt,
3302 576 3567 642 quomodo

1970 648 2108 730 λίγξδί
2142 664 2344 730 poteris
2378 671 2430 714 tu
2474 663 2868 731 pulcherrimus
2909 663 3135 719 Greater
3175 680 3381 719 eorum.
3426 667 3566 721 Con—

1993 761 2096 802 stat
2130 752 2270 804 cnim
2301 752 2544 818 opificem
2571 754 2808 807 omnium
2841 753 2995 821 longe
3036 756 3191 810 aliter
3229 772 3286 811 se
3327 757 3525 811 habere
3550 798 3565 821 ,

1993 859 2153 910 quant
2184 859 2246 895 ea
2299 861 2418 913 qum
2459 860 2489 897 a
2533 860 2592 898 se
2634 845 2748 899 fieri
2790 847 2955 901 voluit
3005 868 3016 900 :
3061 865 3127 903 ex
3168 850 3566 920 pulchritudine

1995 939 2171 986 tamen
2201 933 2624 1006 circumscripta:
2653 947 2858 992 naturae
2880 981 2893 1005 ,
2924 951 2977 993 et
3008 943 3356 997 mundialium
3386 959 3565 998 rerum

1993 1023 2222 1076 mirabili
2267 1024 2477 1091 specie,
2528 1025 2866 1094 pulchritudo
2909 1039 3030 1090 tua,
3077 1037 3287 1099 quze'tu
3327 1033 3439 1102 ipse
3475 1049 3561 1097 es,

1993 1113 2115 1182 quia
2146 1114 2370 1182 sinqilex
2396 1130 2472 1177 es,
2498 1131 2562 1168 ex
2594 1117 2912 1171 excellentia
2942 1120 3122 1188 gloriae
3156 1130 3285 1183 tua},
3319 1137 3437 1190 quae
3466 1124 3568 1175 cir-

1993 1203 2280 1258 cumscribi
2327 1221 2433 1259 non
2483 1214 2692 1274 potest,
2742 1208 2965 1278 intelligi
3015 1209 3354 1278 aliquatenus
3401 1214 3566 1269 valet.

1993 1296 2309 1366 Quanquam
2352 1298 2774 1368 magnitudinem
2817 1301 3115 1354 divinitatis
3157 1311 3258 1355 tute
3301 1302 3566 1357 inﬁnitam

1993 1395 2047 1440 et
2076 1389 2663 1457 incompreltensibilem
2698 1391 2871 1443 nullus
2901 1393 3067 1460 possit
3097 1408 3288 1446 sensus
3333 1394 3568 1461 attinge-

1995 1494 2082 1542 re,
2135 1495 2307 1549 neque
2359 1481 2521 1534 etiam
2570 1481 2780 1534 illorum
2829 1497 3042 1550 quoque
3092 1499 3448 1552 supernorum
3494 1487 3570 1539 ci—

1992 1573 2174 1636 vium;
2221 1573 2355 1626 miro
2397 1580 2575 1626 tatuen
2610 1575 2768 1627 modo
2813 1577 3050 1627 essentia
3089 1584 3178 1628 tua
3219 1578 3406 1639 scitur,
3441 1578 3567 1630 dum

1993 1676 2113 1715 esse
2143 1663 2400 1715 creditur.

2065 1751 2131 1802 Χ.
2171 1749 2604 1819 Quotiescunque
2640 1751 2819 1803 recolo
2855 1750 2936 1805 vel
2989 1752 3145 1805 audio
3193 1754 3325 1806 duas
3380 1755 3568 1809 breves

319 1851 520 1892 ramur.
566 1838 698 1892 Nam
729 1839 859 1893 nihil
889 1841 1136 1904 cmleste,
1169 1843 1300 1895 nihil
1343 1843 1590 1913 igneum,
1623 1845 1753 1898 nihil
1784 1854 1888 1898 ter-
1925 1823 1966 1880 Β
1995 1839 2258 1909 Syllabas,
2289 1847 2341 1891 et
2369 1850 2601 1908 quatuor
2628 1840 2835 1893 litteras
2883 1841 3077 1909 quibus
3123 1844 3378 1896 scribitur
3431 1844 3566 1899 Deus

315 1944 507 1984 renum
527 1971 542 1994 ,
574 1931 813 2000 nihilque
841 1933 982 2001 quod
1012 1934 1256 2002 corporis
1284 1949 1474 1987 sensus
1511 1935 1756 2003 attingit,
1790 1952 1888 2005 pro

317 2030 372 2076 te
404 2021 682 2076 colendum
720 2031 820 2078 est.
862 2021 963 2091 Qui
1005 2040 1131 2079 vere
1168 2041 1226 2080 es
1267 2027 1410 2096 quod
1436 2042 1528 2092 es,
1560 2037 1614 2080 et
1639 2043 1743 2082 nou
1773 2044 1889 2082 mu-

314 2115 472 2180 taris,
501 2115 586 2169 cui
614 2115 846 2171 maxime
871 2132 936 2171 ac
962 2117 1267 2186 specialiter
1293 2118 1426 2171 illud
1451 2120 1722 2181 convenit,
1747 2120 1890 2188 quod

312 2204 489 2259 ϐωὲεὶ
521 2205 703 2260 dicunt
733 2205 822 2272 ὢν,
862 2205 1041 2261 Latini
1072 2217 1187 2273 est;
1232 2208 1356 2277 quia
1387 2225 1585 2279 semper
1624 2209 1760 2260 idem
1784 2211 1890 2278 ipse

315 2314 405 2361 es,
450 2306 499 2350 et
541 2299 664 2351 anni
704 2299 781 2351 tui
826 2315 927 2353 non
968 2297 1204 2367 deﬁcient
1236 2298 1422 2370 (Psal.
1452 2313 1549 2362 xc,
1578 2298 1706 2368 28).
1754 2298 1892 2351 Ilinc

316 2387 514 2441 etenim
542 2395 789 2458 patenter
818 2389 975 2442 datur
1006 2388 1266 2459 intelligi,
1299 2387 1422 2457 quia
1456 2396 1509 2442 tu
1543 2389 1683 2442 Deus
1708 2396 1891 2443 noster

313 2491 477 2546 quem
517 2477 776 2540 colimus,
819 2478 958 2532 Deus
997 2493 1157 2532 verus
1197 2485 1251 2531 et
1291 2477 1643 2547 Omnipotens
1682 2492 1740 2530 es
1776 2477 1891 2530 sine

315 2567 509 2621 dubio:
544 2568 845 2631 invisibilis,
877 2567 978 2622 etsi
1006 2567 1276 2624 intellectu
1298 2568 1387 2638 pio
1407 2567 1661 2633 videaris,
1689 2567 1891 2620 ineoru-

313 2659 716 2729 prehensihiiis,
735 2661 833 2714 etsi
856 2677 951 2731 per
972 2660 1200 2730 gratiam
1219 2659 1622 2731 repraesenteris
1645 2677 1659 2712 :
1688 2659 1857 2713 inzesti
1873 2687 1890 2698 ο

314 2753 552 2816 mahilis,
595 2752 696 2808 etsi
736 2755 983 2807 humanis
1029 2755 1275 2808 sensibus
1317 2753 1402 2823 pie
1429 2753 1684 2816 credaris,
1709 2759 1892 2805 sancte

313 2843 568 2913 cogitcris
593 2861 604 2895 :
639 2841 945 2907 incll‘abilis,
976 2844 1076 2898 etsi
1102 2845 1349 2898 humanm
1377 2842 1664 2897 locutionis
1691 2841 1892 2894 usuali-

313 2931 418 2986 bus
447 2933 626 2988 verbis
661 2933 882 2988 abusive
914 2940 1185 3002 utcunque
1217 2934 1451 2998 dicaris;
1486 2933 1608 2986 ideo
1638 2947 1794 2985 verus
1839 2939 1892 2985 et

315 3033 521 3079 tantus.
573 3023 834 3079 Caeterum
881 3026 1021 3094 quod
1069 3026 1228 3090 sciri,
1280 3025 1422 3094 quod
1471 3023 1888 3092 comprehendi,

314 3118 461 3189 quod
500 3118 759 3189 cogitari,
802 3120 946 3188 quod
985 3119 1087 3173 dici
1131 3119 1196 3171 de
1237 3129 1288 3174 te
1330 3125 1503 3188 potest
1520 3116 1740 3200 hminus
1768 3122 1885 3168 est:

312 3209 462 3279 quod
489 3225 618 3264 vero
648 3209 1188 3279 incomprehensibile
1217 3218 1298 3264 est
1332 3219 1386 3263 et
1430 3210 1778 3270 immensum,
1811 3207 1893 3259 in-

317 3302 536 3357 dicibilc
578 3310 632 3356 et
676 3301 942 3355 infinitum
965 3341 980 3364 ,
1027 3301 1122 3355 tibi
1163 3301 1260 3355 soli
1289 3300 1546 3354 duntaxat
1578 3309 1760 3352 notum
1787 3306 1888 3354 est.

317 3393 431 3448 Hoc.
461 3409 692 3462 namque
720 3402 825 3455 est,
858 3394 996 3463 quod
1026 3410 1239 3448 omnem
1270 3402 1480 3462 superat
1507 3408 1745 3445 sensum.

386 3485 480 3540 l.\'.
523 3485 635 3540 Hoc
669 3502 881 3556 quoque
914 3494 998 3540 est
1023 3527 1036 3549 ,
1077 3485 1217 3555 quod
1259 3494 1309 3539 te
1347 3485 1471 3538 facit
1506 3483 1760 3538 mstimari
1791 3525 1804 3548 ,
1839 3491 1894 3537 ct

316 3597 416 3650 pro
442 3589 592 3635 certo
617 3580 765 3635 credi
800 3579 965 3634 Deum
986 3621 1001 3644 ,
1033 3581 1156 3633 dmn
1188 3580 1253 3633 ad
1286 3578 1579 3649 perfectum
1611 3595 1779 3647 usque
1811 3595 1892 3630 re-

317 3675 484 3744 periri
516 3690 619 3727 non
650 3673 814 3737 vales,
844 3672 970 3726 dum
999 3681 1143 3726 totus
1171 3671 1388 3738 intelligi
1408 3713 1420 3734 ,
1454 3671 1639 3738 eapive
1669 3687 1771 3723 non
1800 3685 1894 3737 po-

323 3777 421 3820 tes.
455 3765 532 3818 ita
561 3776 612 3819 te
640 3766 722 3817 vis
752 3763 1134 3834 n'tagiiitudinis
1157 3770 1212 3814 et
1242 3771 1422 3813 notum
1455 3761 1605 3814 nobis
1631 3759 1814 3826 oizjicit
1840 3769 1893 3812 ct

319 3861 585 3930 ignotum.
630 3858 695 3912 Et
733 3860 846 3913 hmc
875 3867 958 3911 est
987 3872 1193 3911 summa
1223 3855 1400 3909 delicti
1443 3856 1808 3924 spcracutinm
1845 3865 1893 3908 te

318 3951 490 4014 seire,
529 3949 819 4003 nolentium
863 3948 954 4001 tibi
987 3946 1230 4002 Creatori
1263 3947 1483 3999 servire.
1519 3946 1724 3998 liabeut
1753 3945 1893 4012 quod

321 4041 555 4094 scientes
584 4037 1155 4102 venerentur,.habent
1190 4037 1331 4104 quod
1359 4037 1666 4106 ignorantes
1694 4035 1894 4086 miren-

320 4139 432 4194 tur,
465 4130 663 4183 habent
691 4130 834 4198 qunti
865 4129 1117 4193 timeant,
1148 4127 1346 4180 habent
1376 4127 1517 4196 quod
1547 4126 1788 4196 diligant.
1837 4125 1890 4178 Si

320 4221 464 4275 enim
497 4228 639 4274 totus
669 4229 867 4274 nostra:
895 4228 1106 4289 pateres
1135 4219 1453 4289 cognitioni,
1490 4219 1629 4272 Deus
1659 4218 1812 4271 vivus
1842 4225 1895 4270 et

321 4327 486 4366 verus
535 4311 753 4364 minime
802 4313 1070 4380 potuisses
1122 4311 1289 4363 cretii.
1342 4309 1466 4362 Ideo
1519 4308 1637 4361 falsi
1695 4309 1894 4378 reperti

321 4410 481 4466 sunt,
515 4402 604 4471 qui
634 4402 958 4471 putabantur
990 4401 1088 4466 dii,
1122 4401 1373 4469 quoniam
1415 4399 1537 4454 sciri
1584 4414 1678 4468 per
1715 4399 1894 4452 omnia

321 4500 640 4562 potuerunt,
682 4483 769 4562 qui
813 4503 866 4547 et
905 4493 1091 4563 quales
1122 4492 1354 4547 fuerunt.
1386 4492 1482 4546 Ast
1509 4500 1595 4553 tu,
1635 4492 1772 4545 Dens
1803 4508 1896 4545 no—

321 4596 456 4650 ster,
498 4585 758 4640 mirabilis
797 4593 850 4639 ct
893 4593 1115 4653 potens,
1163 4585 1253 4653 qui
1306 4593 1468 4640 totam
1513 4583 1667 4636 istius
1715 4583 1894 4636 mundi

322 4677 521 4731 molem
552 4692 672 4730 cum
699 4676 842 4729 omni
875 4676 1231 4730 instrumento
1259 4673 1644 4729 elementorum
1664 4714 1677 4737 ,
1710 4689 1897 4743 corpo-

322 4782 484 4831 rum,
531 4767 845 4836 spirituum,
887 4768 1051 4822 verbo
1096 4783 1201 4838 quo
1240 4766 1486 4836 iussisti,
1539 4767 1745 4820 ratione
1791 4781 1893 4836 qua

323 4857 674 4925 disposuisti,
709 4857 904 4912 virtute
930 4873 1034 4925 qua
1065 4858 1315 4927 potuisti,
1360 4873 1424 4911 cx
1467 4858 1635 4913 nihilo
1674 4873 1895 4927 expres—

322 4951 482 5016 sisti,
512 4951 565 5004 in
609 4958 982 5005 ornamentum
1018 4951 1312 5019 majestatis
1341 4961 1394 5006 et
1422 4953 1602 5022 glorim
1634 4963 1756 5007 tuae.
1791 4953 1894 5019 Qui

325 5053 540 5113 tempus
571 5043 638 5098 ab
673 5043 788 5113 ipso
821 5052 946 5098 tunc
973 5060 1087 5097 aevo
1119 5045 1197 5098 ire
1220 5043 1410 5112 jubes,
1443 5046 1755 5115 stabilisque
1785 5063 1898 5100 ma-

324 5147 464 5187 nens
491 5133 585 5186 das
613 5140 802 5186 cuncta
833 5133 1053 5186 moveri.
1099 5132 1197 5199 Qui
1245 5141 1440 5187 terram
1474 5134 1752 5204 multiplici
1779 5151 1900 5205 ger-

325 5221 474 5275 mine
503 5219 798 5286 fructuum,
829 5230 883 5275 et
906 5221 1099 5278 corium
1131 5222 1354 5292 pulchro
1394 5225 1658 5278 decorasti
1699 5224 1900 5279 lumine

325 5312 601 5378 siderum,
633 5328 860 5383 quorum
893 5322 946 5366 tu
978 5315 1124 5370 solus
1163 5316 1408 5380 nomina,
1453 5318 1637 5386 signa,
1667 5324 1901 5386 potest-av

323 5412 442 5469 tes,
472 5419 664 5458 cursus
694 5412 747 5458 et
787 5413 1024 5474 tempora
1055 5405 1214 5459 nosti.
1246 5405 1324 5458 Tu
1366 5403 1510 5460 mitis
1547 5415 1600 5460 et
1637 5407 1899 5476 benigne,

327 5497 486 5551 fortis
532 5497 784 5560 Zelotes,
836 5505 890 5551 ct
939 5496 1176 5551 Sabaoth
1230 5498 1621 5563 invictissime,
1673 5499 1902 5554 visitans

324 5599 548 5661 peccata
575 5599 784 5661 patrum
812 5592 862 5645 in
895 5590 1031 5647 ﬁlios
1057 5607 1227 5661 usque
1257 5591 1308 5645 in
1338 5591 1547 5645 tertiam
1575 5599 1630 5645 et
1655 5600 1901 5660 quartam

326 5684 768 5754 generationem,
817 5691 870 5737 et
919 5683 1123 5738 faciens
1176 5682 1598 5737 misericordiam
1651 5683 1704 5737 in
1759 5683 1902 5737 mille

328 5777 499 5831 millia
544 5777 628 5830 his
669 5776 759 5845 qui
801 5775 1023 5843 diligunt
1055 5784 1106 5828 te
1147 5785 1200 5829 et
1250 5775 1437 5828 timent
1489 5789 1681 5827 nomen
1728 5783 1875 5826 tmzm

616 5869 692 5925 ΡΑ
715 5885 884 5925 rant.
925 5867 1021 5925 Cl.

1994 1933 2010 2000 (
2037 1931 2138 1985 hoc
2164 1931 2309 1985 enim
2341 1946 2533 1985 nomen
2566 1931 2659 1984 tibi
2693 1930 2818 1994 soli,
2855 1931 3195 2000 omnipotens
3217 1973 3230 1996 ,
3256 1935 3377 2003 jure
3405 1935 3565 1990 debe-

1995 2023 2122 2092 tur),
2152 2031 2312 2091 atque
2338 2021 2552 2076 intueor
2580 2030 2682 2074 tum
2709 2021 2924 2075 virtutis
2949 2023 3214 2092 magnalia
3239 2025 3570 2081 etmirabilis

1993 2112 2332 2180 cosmoptriae
2377 2099 2627 2165 decorent
2669 2113 2986 2175 considero,
3040 2114 3307 2184 simulque
3357 2132 3569 2171 mecum

1995 2203 2189 2257 tacitus
2217 2212 2405 2273 reputo
2435 2204 2810 2257 miserationes
2834 2213 3111 2275 tuas,qu:e
3143 2224 3172 2260 a
3199 2210 3394 2263 sarculo
3422 2221 3569 2276 sunt,

1994 2295 2297 2362 (mirentur
2323 2295 2497 2357 enim,
2528 2295 2621 2362 qui
2663 2295 2877 2359 volunt,
2920 2299 3213 2364 potentiam
3255 2310 3399 2354 tuam
3419 2343 3432 2367 ,
3475 2305 3570 2357 sed

1992 2397 2092 2450 ego
2119 2381 2238 2450 plus
2269 2390 2459 2450 stupeo
2501 2383 2936 2438 animadvertetis
2976 2388 3375 2445 misericordias
3409 2385 3568 2461 tuas)

1993 2471 2235 2541 profecto
2273 2473 2358 2525 his
2390 2481 2621 2541 quatuor
2652 2475 2704 2526 in
2736 2475 2932 2530 litteris
2974 2486 3027 2530 et
3068 2479 3276 2534 duabus
3316 2481 3570 2538 brevibus

1993 2563 2246 2634 syllabis,
2280 2563 2550 2618 infinitum
2582 2566 2708 2634 quid
2755 2575 2809 2620 et
2858 2568 3435 2638 incomprehensibile,
3472 2576 3572 2629 im-

1992 2669 2238 2708 mensum
2265 2663 2320 2707 et
2352 2655 2709 2710 inenarrabile
2741 2659 2935 2712 mentis
2975 2659 3208 2725 intuitu,
3248 2672 3302 2717 et
3343 2665 3572 2720 sinceris

1995 2745 2116 2800 fidei
2161 2746 2332 2800 oculis
2369 2761 2468 2814 pro
2513 2747 2653 2802 scire
2697 2756 2753 2801 et
2792 2763 2977 2817 posse,
3022 2751 3166 2820 quod
3196 2753 3329 2806 mihi
3363 2755 3573 2809 tantillo

1993 2837 2231 2906 dignaris
2284 2838 2500 2908 largiri,
2553 2841 2927 2909 comtemplor.
2959 2841 3206 2911 Nunquid
3259 2845 3402 2898 enim
3455 2847 3572 2898 dua:

1992 2929 2185 2983 breves
2228 2931 2446 2999 syllabm
2488 2939 2542 2984 tu
2590 2933 2730 2985 Deus
2760 2945 2944 2988 noster
2969 2937 3067 2989 es?
3097 2945 3190 2989 aut
3219 2937 3351 2990 duas
3383 2939 3572 2993 breves

1993 3021 2228 3090 syllabas
2258 3023 2566 3087 adoramus,
2595 3025 2680 3076 vel
2711 3026 2776 3078 ad
2806 3027 2938 3080 duas
2970 3028 3160 3082 breves
3189 3030 3424 3099 syllabas
3453 3046 3574 3099 per-

1993 3114 2178 3167 venire
2215 3113 2616 3177 desideramus,
2650 3130 2770 3184 quae
2806 3131 2942 3184 pene
2974 3129 3099 3173 ante
3131 3120 3381 3173 desinunt
3409 3136 3572 3174 sona-

1994 3223 2054 3261 re
2096 3223 2257 3275 quam
2287 3217 2599 3277 cmperunt;
2634 3225 2733 3262 nec
2769 3210 2821 3262 in
2875 3212 2952 3263 eis
2984 3212 3233 3264 secunda:
3276 3211 3425 3265 locus
3455 3221 3570 3276 est,

1992 3302 2098 3354 nisi
2145 3301 2319 3370 prima
2365 3310 2489 3354 ante
2537 3303 2854 3355 transierit?
2884 3302 3060 3355 Manet
3095 3303 3290 3371 quippe
3322 3318 3574 3372 magnum

1995 3393 2231 3462 aliquid,
2263 3403 2315 3447 et
2368 3409 2494 3447 vere
2543 3409 2858 3462 summeque
2901 3404 3014 3456 est,
3049 3395 3190 3464 quod
3235 3395 3575 3463 incomparm

1993 3483 2098 3537 bile
2119 3494 2172 3538 et
2193 3483 2432 3537 omnium
2461 3484 3012 3553 pra‘cellentissimtnn
3038 3527 3050 3549 ,
3075 3487 3388 3555 cunctisque
3410 3487 3576 3556 333

1989 3573 2412 3627 dissimillimum
2441 3614 2454 3635 ,
2504 3575 2646 3642 quod
2690 3573 2889 3628 dicitur
2938 3573 3118 3638 Deus;
3169 3575 3415 3644 quamvis
3467 3593 3572 3629 non

1995 3671 2212 3717 maneat
2240 3679 2405 3717 sonus
2434 3679 2556 3717 cum
2593 3663 2792 3718 dicitur
2837 3664 2998 3719 Dens.
3045 3667 3241 3721 Verum
3281 3668 3406 3736 quia
3447 3683 3576 3720 caro

1996 3754 2168 3808 nescit
2197 3755 2476 3822 spiritum,
2505 3762 2559 3807 et
2598 3755 2889 3808 invisibilia
2931 3772 2960 3808 a
3000 3757 3303 3811 visibilihus
3345 3773 3451 3811 nou
3496 3760 3578 3810 vi-

1996 3847 2192 3900 dentur
2222 3845 2239 3912 (
2261 3861 2354 3914 per
2376 3845 2534 3912 ﬁdem
2557 3847 2692 3898 enim
2718 3844 3046 3898 ambulamus
3065 3887 3077 3908 ,
3111 3863 3214 3898 non
3239 3862 3330 3915 per
3354 3848 3574 3914 speciem

1997 3935 2101 4007 [11
2130 3935 2251 3989 Cor.
2281 3951 2333 3999 ν,
2366 3936 2394 3986 7
2422 3933 2480 4004 ])
2508 3952 2521 3998 ;
2561 3935 2810 3987 humana:
2843 3944 2918 3996 tu,
2970 3935 3109 3988 Dens
3158 3945 3362 3998 noster,
3415 3935 3576 3989 nimis

1997 4028 2168 4082 bonus
2211 4035 2266 4080 et
2309 4028 2462 4095 pius,
2511 4027 2801 4081 consulens
2850 4027 3186 4091 inﬁrmitati,
3238 4029 3477 4096 dignaris
3526 4038 3578 4083 te

1997 4122 2154 4175 nobis
2182 4121 2456 4173 insinuare
2476 4159 2490 4182 ,
2523 4135 2629 4173 non
2664 4127 2756 4172 tua
2788 4119 3148 4188 proprietate,
3183 4120 3276 4180 sed
3307 4120 3408 4173 alia
3440 4137 3577 4189 qua-

1999 4213 2121 4266 dam
2169 4211 2532 4266 similitudine.
2586 4210 2738 4265 Unde
2787 4219 2842 4263 et
2894 4218 3202 4264 nostrorum
3258 4211 3576 4278 qualitatem

1999 4302 2362 4362 membrorum
2403 4300 2602 4354 habere
2641 4300 2994 4362 describeris,
3042 4300 3224 4355 volens
3268 4301 3576 4370 passionum

2000 4393 2220 4462 indigna
2247 4393 2313 4447 de
2343 4402 2394 4446 te
2424 4392 2541 4461 ipso
2571 4392 2637 4446 ad
2661 4393 2763 4446 hoc
2788 4391 3054 4462 proferri,
3089 4403 3147 4446 ut
3175 4393 3299 4461 quia
3329 4393 3469 4446 sicut
3495 4408 3573 4452 es,

1931 4524 1975 4580 υ
2002 4496 2052 4540 te
2083 4485 2365 4555 nequimus
2407 4485 2547 4539 seire
2579 4485 2631 4538 in
2661 4485 2915 4552 praesenti
2961 4484 3210 4548 miseria,
3253 4500 3348 4553 per
3393 4493 3576 4538 nostra

2005 4578 2069 4630 ad
2101 4587 2190 4630 tua
2224 4593 2322 4631 nos
2353 4577 2570 4641 trahas;
2602 4584 2655 4628 et
2681 4591 2798 4637 nos,
2833 4575 2954 4628 dum
2987 4574 3370 4628 condescendis
3399 4573 3574 4636 nobis,

2004 4669 2212 4724 facilius
2237 4683 2625 4738 consurgamus
2650 4667 2764 4720 tibi.
2793 4665 2970 4719 Multis
2996 4666 3259 4733 siquidem
3303 4667 3476 4720 modis
3509 4667 3576 4718 ad

2001 4759 2410 4830 significandum
2445 4767 2495 4811 te
2529 4757 2837 4811 hominibus
2861 4795 2874 4819 ,
2918 4755 2985 4809 de
3033 4756 3194 4808 rebus
3227 4755 3575 4810 inferioribus

1999 4849 2068 4902 ad
2097 4859 2148 4903 te
2176 4849 2382 4919 species
2410 4849 2578 4910 ducis,
2605 4862 2763 4915 quem
2793 4861 2978 4900 revera
3001 4846 3152 4914 juxta
3182 4849 3453 4917 propriam
3480 4865 3577 4902 na-

1999 4948 2200 5003 turam,
2234 4938 2556 4992 invisibilem
2585 4947 2795 4992 constat
2821 4952 2962 5002 esse,
2988 4945 3042 4991 et
3065 4939 3434 5007 incorporeum
3454 4979 3468 5004 ,
3500 4942 3578 4994 in-

2001 5030 2536 5098 comprehensibilem
2579 5039 2738 5098 atque
2776 5031 3338 5100 incircumscriptum;
3379 5049 3442 5087 ac
3482 5049 3580 5102 per

2005 5124 2107 5177 hoc
2137 5138 2409 5192 nunquam
2438 5122 2595 5174 alicui
2627 5123 2942 5191 apparuisse
2967 5105 3262 5177 secundum
3303 5125 3577 5193 propriam

2000 5217 2324 5281 essentiam,
2349 5216 2440 5269 sed
2468 5215 2642 5270 modis
2667 5216 2862 5284 quibus
2883 5215 3097 5269 voluisti
3123 5231 3220 5284 per
3247 5226 3577 5285 assumptam

2001 5321 2374 5366 creaturarum
2402 5310 2634 5377 speciem
2666 5309 2731 5361 ad
2759 5309 3071 5363 ciiicientias
3100 5325 3405 5364 causarum.

2075 5406 2162 5460 Xl.
2204 5405 2482 5458 Falluntur
2507 5405 2685 5473 itaque
2713 5403 3441 5472 Anthropomorphositarum
3469 5404 3578 5460 lite-

2002 5513 2181 5551 rcseos
2209 5503 2521 5555 sectatores,
2551 5494 2643 5562 qui
2673 5493 2796 5546 dum
2828 5493 3009 5561 legunt
3038 5492 3309 5546 hominem
3339 5494 3403 5545 ad
3437 5493 3575 5547 ima-

2002 5589 2183 5658 ginem
2209 5593 2264 5639 et
2291 5583 2694 5639 similitudinem
2725 5583 2818 5636 Dei
2851 5581 3048 5635 factum
3068 5622 3082 5644 ,
3116 5591 3364 5635 asserunt
3411 5583 3573 5637 stulta

2005 5679 2337 5740 temeritate,
2372 5685 2422 5730 te
2455 5675 2689 5743 speciem
2721 5674 3010 5727 humanam
3055 5672 3289 5735 habere;
3322 5688 3442 5728 cum
3486 5674 3578 5728 illo

2010 5789 2055 5825 .n
2085 5773 2200 5824 loco
2225 5770 2460 5824 crelaris
2493 5774 2722 5820 mentem
2743 5808 2756 5830 ,
2789 5782 2892 5819 non
2919 5781 3136 5820 carnem
3159 5806 3172 5826 ,
3199 5766 3263 5818 ad
3291 5766 3574 5836 imaginem

3125 5858 3201 5914 33
