3934 6180
374 361 512 418 ξι)δὸ

1189 359 1250 414 Β.
1291 360 1353 414 F.
1394 358 1618 414 ALBlNl
1660 357 1790 414 SEU
1830 357 2102 415 ALCUINI
2143 359 2426 415 OPERUM
2463 357 2644 414 PARS
2682 356 2814 413 VIII.

3486 355 3625 410 1036

373 491 522 536 tuam
554 492 784 532 creasse.
817 475 1105 533 Enimvero
1135 473 1270 531 nihil
1311 474 1529 545 dignum
1571 471 1836 526 humanus
1879 470 1943 524 de
1971 473 2016 530 Δ
2047 474 2159 543 ipsa
2201 471 2552 528 Confesslone
2596 471 2744 526 illata
2790 477 2956 534 sunt;
3005 469 3266 539 scriptum
3308 478 3390 524 est
3435 471 3622 524 cnim:

372 582 426 627 te
463 571 700 640 loquitur
735 584 948 635 sermo,
981 570 1108 640 quia
1150 583 1249 622 nec
1295 565 1591 621 secundum
1635 563 1947 633 qualitatem

372 668 465 716 aut
489 659 843 730 quantitatem
861 700 876 724 ,
899 659 1064 715 situm
1091 657 1174 712 vel
1201 655 1443 712 habitum
1461 694 1476 720 ,
1498 668 1593 708 seu
1620 661 1823 708 motum
1852 652 1951 705 ali-

370 752 498 822 quid
528 750 687 822 digne
720 750 952 806 dicitur:
984 759 1039 805 et
1069 759 1249 804 tamen
1280 747 1530 812 latitudo,
1561 754 1616 800 et
1648 744 1944 815 longitude,

370 841 595 896 altitudo
615 883 627 905 ,
657 839 1080 910 etprofunditas
1112 839 1208 893 tibi
1238 836 1634 908 quodammodo
1663 835 1841 890 inesse
1869 833 1948 888 lc~

370 945 532 1012 gitur.
558 941 664 995 Sed
695 939 921 995 latitudo
947 938 1162 1009 quidem
1193 935 1496 998 cbaritatis,
1524 950 1627 1004 qua
1661 949 1758 988 nos
1776 934 1843 988 ab
1862 948 1949 987 er-

371 1049 492 1088 rore
519 1033 748 1104 colligis,
769 1040 822 1085 et
847 1031 1096 1086 contines
1123 1030 1176 1083 in
1202 1029 1435 1083 veritate
1459 1046 1470 1081 :
1497 1027 1768 1098 longitudo
1795 1042 1943 1091 vero,

368 1140 476 1194 qua
512 1140 610 1178 nos
640 1121 1017 1193 longanimiter
1049 1119 1216 1173 malos
1246 1127 1462 1188 portas,
1493 1117 1665 1172 donec
1692 1119 1947 1172 emenda-

367 1227 452 1273 tos
498 1215 691 1270 futura:
735 1214 924 1282 patrite
971 1212 1269 1266 restituas:
1315 1210 1540 1265 altitudo
1583 1218 1788 1272 autem,
1839 1225 1945 1280 qua

365 1319 580 1360 omnem
610 1317 829 1358 sensum
857 1311 910 1355 et
935 1301 1210 1356 hominum
1239 1308 1294 1354 et
1316 1299 1628 1369 angelorum
1668 1300 1948 1354 immensi-

367 1405 476 1450 tate
503 1394 742 1450 scientia:
768 1391 1152 1462 superexcellis
1177 1410 1189 1444 :
1215 1390 1552 1462 profunditas
1579 1406 1812 1462 quoque,
1839 1406 1944 1462 qua

366 1485 702 1541 damnandos
730 1483 954 1540 inferius
975 1483 1130 1554 juxta
1159 1482 1466 1553 (equitatem
1496 1481 1754 1551 disponis,
1785 1491 1946 1550 atque

367 1585 516 1632 recto
535 1575 738 1644 judicio
761 1572 929 1628 Judex
951 1571 1128 1641 justus
1150 1571 1498 1641 przeordinas.
1531 1570 1755 1626 Omnem
1783 1571 1946 1642 igitur

365 1670 804 1742 supergrediatur
833 1677 1137 1724 creaturam
1159 1706 1174 1732 ,
1205 1673 1260 1720 et
1290 1666 1486 1721 mentis
1523 1664 1774 1718 intuitum
1804 1662 1942 1715 ultra

366 1763 548 1818 omnia
579 1761 805 1831 dirigat,
839 1759 929 1828 qui
960 1757 1159 1828 aliquid
1189 1756 1417 1810 voluerit
1445 1755 1512 1810 de
1544 1763 1633 1810 tua
1661 1752 1942 1822 praelibare

366 1863 723 1932 proprietate,
757 1873 967 1914 summa
998 1857 1091 1912 Dei
1121 1856 1355 1911 bonitas.
1404 1854 1555 1910 Tunc
1595 1855 1740 1910 enim
1779 1854 1941 1908 homo

365 1951 552 2022 procul
594 1949 802 2020 positus
829 1964 858 2002 a
887 1947 1160 2012 vanitate,
1189 1946 1399 2016 plenius
1432 1945 1493 2000 .in
1536 1945 1763 2000 veritate
1787 1950 1940 1999 tene-

368 2051 472 2104 tur,
508 2040 724 2112 quando
754 2039 806 2094 in
835 2037 996 2116 corde
1033 2036 1148 2107 ejus
1175 2037 1436 2107 quidquid
1474 2043 1559 2091 est
1598 2035 1771 2100 Deus,
1814 2035 1942 2090 reli-

368 2133 488 2203 quis
515 2131 727 2188 cunctis
753 2131 821 2185 ab
851 2128 1048 2183 intuitu
1079 2127 1298 2183 dimotis
1324 2126 1551 2198 paciﬁco
1570 2166 1585 2191 ,
1617 2133 1671 2180 et
1708 2125 1796 2196 pie
1825 2140 1945 2181 cre-

367 2225 513 2278 ditur
538 2230 593 2277 et
620 2229 808 2277 sancte
835 2218 1124 2290 cogitatur.
1155 2217 1260 2273 Sed
1291 2218 1417 2274 licet
1449 2232 1608 2273 nemo
1636 2217 1737 2281 sit,
1769 2216 1860 2286 qui
1891 2225 1943 2272 te

366 2317 420 2370 in
453 2316 556 2371 bac
582 2312 829 2370 convalle
854 2313 1213 2384 lacrymarum
1253 2309 1430 2366 valeat
1468 2309 1758 2366 ciiicaciter
1795 2325 1945 2365 com-

364 2405 699 2476 prehendere
732 2403 809 2461 vel
839 2403 1089 2467 definire,
1136 2418 1385 2474 magnum
1429 2409 1604 2457 tamen
1648 2409 1704 2456 et
1744 2402 1942 2456 mirum

366 2499 522 2553 valde
570 2505 770 2553 nostra:
812 2495 959 2552 mtati
1005 2495 1188 2550 datum
1228 2503 1313 2548 est
1350 2493 1490 2547 scire
1521 2493 1586 2546 de
1633 2501 1686 2546 te
1731 2505 1944 2546 summo

366 2592 504 2645 bono
524 2631 537 2654 ,
569 2598 657 2644 tua
685 2588 939 2644 nimirum
969 2586 1123 2642 nobis
1151 2586 1322 2656 gratia
1354 2583 1643 2640 revelante.

435 2690 547 2745 Xll.
585 2688 714 2756 Quis
741 2696 871 2743 ante
906 2702 1038 2750 nos,
1061 2687 1120 2742 iu
1161 2700 1298 2756 quos
1333 2685 1468 2740 lines
1498 2683 1814 2739 sreculorum
1849 2683 1943 2738 de-

366 2788 659 2843 venerunt,
704 2778 828 2832 talia
873 2785 930 2832 et
956 2776 1034 2832 sic
1083 2774 1366 2831 manifesta
1407 2775 1593 2830 audire
1639 2775 1816 2845 potuit
1857 2775 1940 2830 vel

366 2882 691 2941 cognoscere
719 2868 786 2923 de
814 2867 1080 2922 Trinitate
1106 2874 1162 2920 et
1200 2863 1447 2930 Unitate,
1494 2865 1558 2920 de
1601 2864 1846 2936 persona
1886 2873 1942 2920 et

365 2958 709 3015 substantia?
747 2956 814 3012 de
856 2965 911 3012 te
951 2957 1164 3027 quidem
1186 2997 1200 3022 ,
1232 2954 1395 3011 Pater
1423 2954 1592 3018 Deus,
1625 2955 1767 3026 quod
1807 2955 1882 3010 sis
1909 2970 1939 3008 a

363 3053 512 3110 nullo
529 3094 543 3119 ,
572 3061 628 3109 ct
656 3052 776 3109 ideo
806 3050 1076 3123 ingenitus
1100 3049 1337 3114 dicaris;
1366 3049 1431 3104 dc
1455 3047 1594 3105 Filio
1619 3055 1798 3102 autem
1826 3054 1939 3113 tuo,

1966 1803 2019 1863 Β

2041 565 2214 634 ‘Super
2242 581 2388 618 senes
2420 561 2655 618 intellexi
2686 561 2704 632 (
2729 560 2878 616 Psal.
2907 576 3105 626 cxvm,
3133 560 3234 615 100
3257 562 3298 632 ).

2115 653 2247 709 Xlll.
2286 654 2514 708 Domine
2545 651 2689 709 Deus
2721 662 2924 716 noster,
2961 650 3107 706 Deus
3144 652 3299 707 vivus
3335 661 3392 707 et
3427 667 3621 719 veras,

2048 745 2148 799 nisi
2187 754 2243 800 tu
2280 746 2452 799 trinus
2486 758 2636 798 esses
2660 785 2676 809 ,
2710 758 2817 798 non
2857 744 3128 798 diceretur
3160 757 3290 797 voce
3329 743 3620 798 Vcrita.ts:

2046 833 2157 900 Ite,
2189 834 2449 905 baptizate
2477 850 2652 889 omnes
2680 843 2852 904 gentes
2889 835 2941 886 in
2978 834 3184 886 nomine
3213 831 3422 897 Patris,
3453 845 3501 888 et
3535 833 3626 888 Γί-

2045 925 2136 990 lii,
2183 935 2232 980 et
2289 923 2511 995 Spiritus
2561 926 2730 980 sancti
2770 924 3002 995 (Matth.
3033 941 3238 988 xxviii,
3270 925 3400 997 l9).
3443 925 3626 996 Neque

2045 1017 2190 1071 enim
2239 1015 2503 1084 baptizari
2541 1013 2877 1084 juberemur,
2921 1012 3148 1068 Domine
3192 1013 3366 1078 Deus,
3413 1015 3466 1068 in
3507 1016 3624 1084 ejus

2045 1105 2264 1161 nomine
2287 1106 2377 1177 qui
2401 1121 2509 1160 non
2535 1113 2679 1160 esset
2704 1104 2963 1159 Dominus
2987 1102 3148 1158 Deus.
3182 1103 3243 1157 Et
3276 1120 3488 1158 rursum
3520 1106 3622 1158 nisi

2048 1208 2104 1252 tu
2126 1197 2368 1252 Trinitas
2387 1211 2526 1250 unus
2544 1195 2732 1266 procul
2753 1196 2913 1250 dubio
2934 1195 3075 1249 Deus
3093 1210 3258 1257 esses,
3284 1211 3622 1264 nequaquam

2045 1290 2316 1345 diceretur
2365 1303 2497 1343 voce
2545 1298 2678 1342 tua:
2734 1287 2873 1341 Audi
2922 1287 3126 1352 Israel,
3179 1287 3437 1341 Dominus
3482 1287 3620 1342 Dem

2043 1388 2198 1446 tuus,
2231 1377 2370 1433 Deus
2397 1395 2533 1432 unus
2563 1387 2636 1433 est
2671 1377 2848 1450 (Deut.
2876 1394 2962 1442 v1,
2987 1377 3063 1450 ὁ).
3093 1377 3235 1448 Ergo
3263 1378 3365 1432 nisi
3399 1386 3452 1432 tu
3483 1379 3623 1434 Deus

2044 1468 2206 1525 Pater
2239 1469 2386 1540 ipse,
2421 1478 2476 1524 et
2509 1469 2678 1524 Filius
2711 1469 2945 1524 Verbum
2984 1477 3132 1522 tuum
3177 1467 3334 1524 Jesus
3378 1469 3623 1525 Christus

2045 1559 2159 1630 ipse
2185 1568 2363 1624 esset,
2394 1569 2449 1614 et
2474 1560 2670 1614 donum
2699 1567 2936 1614 vestrum
2983 1557 3214 1628 Spiritus
3254 1568 3470 1615 sanctus
3512 1560 3621 1630 ipse

2044 1657 2216 1716 esset,
2242 1665 2348 1706 non
2379 1650 2677 1721 legeremus
2701 1649 2753 1704 in
2780 1649 2976 1705 litteris
3003 1649 3246 1705 veritatis
3272 1669 3284 1703 :
3314 1649 3462 1704 Misit
3485 1651 3620 1706 Deus

2046 1740 2248 1796 Filium
2273 1758 2427 1796 suum
2459 1738 2618 1813 (Cal.
2647 1757 2725 1808 tv,
2751 1741 2785 1794 4
2806 1740 2848 1814 ).
2882 1742 2990 1798 Nec
3021 1750 3077 1796 tu
3105 1743 3393 1814 Unigenite
3418 1744 3621 1800 diceres

2046 1835 2112 1890 de
2139 1833 2344 1905 Spiritu
2371 1845 2558 1890 sancto
2582 1854 2594 1889 :
2631 1833 2796 1901 Quem
2821 1837 2986 1892 mittet
3017 1836 3176 1890 Pater
3199 1839 3253 1891 in
3279 1840 3490 1894 nomine
3514 1857 3620 1893 meo

2047 1925 2246 1999 (Joan.
2277 1943 2389 1992 xw,
2417 1926 2526 1996 26)
2554 1945 2568 1993 ;
2597 1937 2652 1983 et
2676 1946 2688 1981 :
2723 1926 2890 1993 Quem
2916 1945 3010 1999 ego
3037 1929 3240 1983 mittam
3271 1930 3415 1988 vobis
3445 1949 3479 1985 a
3514 1929 3619 1984 Pa-

2043 2027 2123 2070 tre
2151 2016 2331 2089 (Joan.
2359 2034 2452 2083 xv,
2478 2018 2588 2092 ‘26)
2615 2035 2629 2085 ;
2659 2027 2715 2074 et
2739 2019 2868 2074 alibi
2894 2039 2906 2074 :
2941 2020 3054 2091 Ego
3083 2031 3132 2075 et
3160 2019 3320 2076 Pater
3345 2039 3511 2076 unum
3537 2040 3623 2076 su-

2044 2125 2160 2162 mus
2184 2106 2576 2180 (Joan.x,50);
2603 2117 2656 2164 et
2681 2126 2695 2163 :
2727 2107 2830 2174 Qui
2856 2110 2989 2164 videt
3013 2127 3114 2176 me,
3139 2110 3273 2164 videt
3297 2120 3346 2165 et
3371 2108 3619 2165 Patrem:

2042 2215 2135 2268 ego
2163 2199 2216 2253 in
2246 2196 2405 2252 Patre
2429 2209 2475 2253 et
2506 2196 2667 2254 Pater
2687 2199 2742 2254 in
2765 2216 2844 2254 me
2876 2199 3056 2272 (Joan.
3077 2216 3188 2266 nv,
3213 2201 3267 2272 9)
3294 2219 3308 2266 ;
3333 2211 3388 2256 et
3416 2221 3428 2255 :
3464 2199 3622 2256 Pater

2043 2286 2100 2340 in
2137 2303 2218 2342 me
2256 2303 2504 2353 manens,
2536 2288 2646 2358 ipse
2680 2287 2806 2356 facit
2845 2305 3001 2358 opera
3036 2289 3218 2361 (Joan.
3245 2306 3301 2356 v,
3329 2291 3450 2361 10).
3482 2292 3619 2359 Quid

2043 2377 2186 2431 enim
2212 2377 2298 2432 bis
2321 2378 2501 2434 verbis
2527 2379 2669 2434 aliud
2696 2380 2800 2434 nisi
2830 2381 3028 2436 trinum
3056 2391 3110 2437 et
3137 2399 3300 2438 unum
3331 2383 3498 2438 Deum
3530 2385 3620 2440 do-

2043 2480 2135 2522 ces
2163 2482 2262 2522 nos
2288 2469 2536 2535 credere,
2571 2478 2629 2526 tu
2657 2471 2918 2541 magister
2948 2473 3195 2528 veritatis
3213 2515 3228 2539 ,
3259 2473 3314 2528 iu
3345 2474 3498 2544 cujus
3524 2490 3620 2546 pe-

2042 2566 2193 2614 ctore
2238 2561 2501 2616 reconditi
2549 2572 2675 2617 sunt
2721 2578 2911 2619 omnes
2958 2565 3197 2621 thesauri
3245 2569 3524 2638 sapientia:
3562 2585 3627 2624 es

2043 2652 2325 2707 scientiae?
2359 2655 2500 2710 Dicis
2531 2672 2745 2735 quoque
2775 2677 2787 2712 :
2828 2657 2948 2714 Hea
2983 2660 3221 2716 doctrina
3259 2679 3362 2717 non
3396 2673 3472 2718 est
3504 2681 3620 2718 mea

2044 2741 2225 2814 (Joan.
2257 2759 2330 2798 vn
2354 2785 2368 2808 ,
2401 2745 2504 2817 16)
2533 2763 2546 2811 ;
2572 2756 2665 2802 et:
2703 2747 3040 2814 Sermonem,
3072 2769 3222 2823 quem
3244 2753 3486 2818 audistis,
3517 2771 3617 2809 non

2047 2844 2123 2890 est
2156 2852 2298 2891 meus
2332 2835 2511 2906 (Joau.
2538 2854 2649 2903 xxv,
2680 2839 2792 2911 Ἠ).
2824 2839 2930 2895 Res
2959 2843 3124 2896 mira!
3158 2843 3272 2909 Dic,
3305 2860 3457 2917 nego,
3488 2846 3621 2902 Ver-

2042 2925 2167 2979 bum
2207 2924 2404 2980 Patris.
2445 2926 2748 2997 Responde,
2789 2944 3004 2999 quzeso,
3039 2933 3207 2987 virtus
3253 2943 3308 2988 et
3354 2935 3615 3006 sapientia

2046 3017 2244 3072 summi
2273 3019 2554 3090 principii,
2586 3021 2680 3076 sed
2719 3029 2774 3075 tu
2813 3021 2928 3092 ipse
2957 3023 3279 3094 principium
3317 3025 3386 3081 de
3418 3026 3618 3096 princi—

364 3111 724 3216 quiagenitus
747 3151 802 3199 ct
829 3111 940 3198 aute
967 3141 1064 3207 sit,
1089 3155 1193 3195 non
1219 3155 1248 3194 a
1276 3111 1355 3205 se,
1379 3139 1444 3194 de
1471 3137 1673 3209 Spiritu
1700 3111 1935 3208 namque
1961 3148 2011 3214 ο
2041 3111 2132 3216 ἓίξ)
2156 3127 2171 3176 ἶ
2200 3112 2439 3216 ξ’ῩηῇῘυθ
2464 3113 2727 3183 Ρτίηοῖρίο
2751 3155 2766 3179 ν
2794 3116 2887 3171 sed
2911 3131 3075 3216 unum
3103 3126 3248 3173 certe
3272 3118 3612 3216 principium.

363 3205 583 3301 sancto,
613 3235 740 3307 quia
769 3233 1100 3306 procedens,
1127 3240 1183 3286 et
1211 3247 1240 3286 a
1271 3246 1328 3286 se
1357 3245 1462 3285 non
1493 3230 1596 3294 sit,
1629 3230 1722 3284 sed
1753 3244 1782 3284 a
1815 3237 1864 3282 te
1893 3237 1945 3283 et
1969 3205 2010 3214 -
2042 3205 2174 3307 Pici
2197 3205 2442 3307 .VPVb'W
2474 3220 2980 3307 SPmPernnjifnen_5.
3020 3208 3165 3307 doce,
3185 3224 3403 3265 servum
3442 3211 3616 3307 humi:

364 3326 537 3390 l-‘ilio,
584 3338 814 3396 quorum
857 3331 942 3378 est
987 3321 1244 3392 Spiritus.
1266 3322 1343 3376 ita
1383 3329 1560 3384 tenus,
1605 3326 1663 3372 ut
1705 3319 1846 3373 sicut
1889 3326 1942 3371 tu

362 3415 526 3471 Pater
567 3427 668 3470 nec
707 3413 951 3485 genitus,
997 3427 1098 3468 nec
1139 3411 1438 3482 procedens
1481 3411 1584 3466 dici
1627 3419 1816 3480 potes;
1867 3409 1944 3464 sic

368 3512 539 3567 Filius
566 3526 666 3566 nec
705 3509 1007 3580 ingenitus,
1053 3523 1155 3564 nec
1199 3509 1537 3578 procedens;
1585 3507 1666 3562 sic
1709 3506 1946 3577 Spiritus

366 3607 589 3656 sanctus
629 3614 730 3654 nec
771 3597 1072 3670 ingenitus,
1108 3612 1218 3652 nec
1260 3599 1474 3668 genitus
1519 3597 1625 3652 dici
1671 3597 1939 3653 debeant:

364 3691 621 3764 quatinus
659 3703 1016 3759 personarum
1063 3687 1362 3759 proprietas
1411 3695 1466 3743 te
1515 3703 1680 3742 unum
1726 3687 1941 3743 Patrem

365 3788 527 3846 simul
565 3803 688 3845 cum
726 3801 835 3843 uno
872 3785 1042 3854 Filio,
1074 3795 1130 3842 et
1166 3801 1274 3842 uno
1311 3797 1503 3843 sancto
1543 3785 1745 3858 Spiritu
1786 3788 1942 3844 nobis

363 3892 614 3957 patenter
636 3884 902 3939 ostendat.
929 3881 1060 3950 Quis
1083 3881 1353 3953 prioribus
1378 3882 1588 3938 saiculis
1615 3883 1668 3937 in
1700 3891 1751 3937 te
1774 3898 1939 3937 unum

363 3976 585 4032 credere
625 3976 791 4031 Deum
813 4015 828 4035 .
871 3983 925 4030 ct
967 3982 1020 4029 te
1057 3973 1299 4029 conﬁteri
1344 3975 1578 4039 trinum,
1608 3989 1782 4044 neque
1810 3974 1938 4029 sub-

363 4069 619 4124 stantiam
649 4082 933 4137 separans,
967 4082 1141 4137 neque
1170 4082 1430 4138 personas
1459 4067 1793 4124 confundens
1813 4109 1828 4134 ,
1859 4068 1939 4124 sic

360 4167 656 4238 prudenter
686 4166 976 4232 intellexit,
1008 4167 1088 4223 sic
1114 4167 1291 4238 palam
1329 4168 1540 4238 sapuit,
1587 4170 1773 4240 sicque
1810 4185 1939 4226 vere

363 4259 656 4332 cognovit?
682 4258 850 4314 Filius
877 4274 1007 4315 sane
1035 4267 1159 4315 tuus
1199 4261 1395 4316 missus
1435 4261 1502 4316 ad
1542 4261 1813 4332 publicum
1841 4278 1938 4318 no-

305 4370 314 4380 ·
363 4361 532 4406 strum
559 4351 626 4406 de
650 4351 770 4405 sinu
797 4358 888 4404 tuo
925 4349 1064 4404 hanc
1109 4360 1270 4404 rectae
1295 4350 1417 4406 ildei
1447 4367 1688 4407 normam
1716 4352 1934 4406 eviden-

361 4443 468 4498 tius
491 4441 618 4498 huic
641 4439 840 4495 ultima:
865 4437 1118 4510 patefecit
1140 4441 1306 4494 :etati.
1333 4440 1654 4511 Priusquam
1675 4449 1936 4498 creaturas

359 4543 676 4598 ostenderes
721 4540 1064 4604 Creatorem,
1116 4540 1169 4594 in
1218 4539 1329 4594 sola
1378 4551 1537 4596 notus
1582 4557 1704 4598 eras
1750 4541 1932 4598 Judtea

360 4633 504 4688 Deus
523 4671 538 4698 ,
568 4639 624 4686 et
651 4630 705 4685 in
732 4629 898 4684 lsrael
929 4630 1105 4700 magni
1136 4630 1370 4684 nominis
1400 4630 1475 4684 tui
1507 4630 1646 4684 fama
1678 4641 1730 4686 ct
1759 4633 1934 4690 cultus

359 4723 714 4788 audiebatur;
757 4721 850 4776 sed
894 4721 1130 4790 nunquid
1172 4720 1251 4776 sic
1292 4721 1525 4790 liquido,
1558 4731 1649 4775 aut
1691 4732 1900 4777 tantum

357 4821 618 4886 quantum
648 4813 786 4882 apud
817 4826 913 4866 nos
937 4811 1037 4865 sub
1062 4812 1231 4882 gratia
1262 4811 1581 4867 constitutos
1601 4814 1626 4866 ?
1655 4812 1732 4869 De
1758 4815 1932 4869 Trini—

359 4921 472 4967 tate
497 4927 627 4968 vero
656 4909 924 4966 individua
959 4923 1145 4977 parum
1175 4908 1302 4978 quid
1341 4909 1594 4978 perpauci
1636 4918 1766 4963 tunc
1805 4925 1930 4964 scn-

359 5018 567 5066 serunt.
605 5008 994 5079 chislatorum
1039 5007 1182 5061 enim
1219 5005 1345 5073 lilii,
1378 5009 1507 5078 quid
1535 5009 1600 5063 de
1628 5025 1732 5063 una
1756 5011 1958 5065 Trini—-

359 5109 502 5167 tate,
530 5099 614 5156 vel
643 5099 783 5154 trina
811 5099 1020 5152 unitate
1050 5097 1189 5152 scire
1216 5097 1474 5162 debeant,
1508 5099 1666 5171 digna
1697 5102 1931 5169 perculsi

360 5191 602 5250 czecitate
633 5191 808 5246 adhuc
834 5189 1117 5260 ignorant;
1149 5188 1290 5244 aliud
1322 5198 1518 5258 przeter
1555 5207 1721 5246 unum
1763 5192 1930 5248 Deum

357 5283 604 5342 confiteri
631 5283 813 5338 miseri
845 5281 1114 5346 nolentes,
1137 5289 1192 5335 et
1219 5281 1518 5352 garrientcs
1547 5283 1600 5336 in
1624 5299 1723 5338 nos
1751 5285 1932 5341 verbis

359 5377 642 5450 malignis,
683 5375 808 5431 dum
845 5374 1043 5430 dicitur
1080 5382 1132 5429 te
1164 5373 1364 5429 habere
1401 5373 1613 5429 Filium.
1647 5374 1808 5430 Nobis
1838 5391 1932 5430 au-

361 5479 499 5535 tem,
530 5469 622 5540 qui
650 5483 718 5523 ex
747 5467 998 5538 gentibus
1025 5465 1300 5529 venimus,
1334 5481 1495 5536 quam
1526 5465 1690 5521 multa
1721 5474 1776 5521 et
1803 5482 1929 5522 vera

361 5569 429 5623 de
457 5569 598 5624 trino
622 5580 838 5636 unoque
864 5566 973 5622 Dee
1003 5566 1184 5623 datum
1215 5565 1284 5620 sit
1315 5579 1526 5636 sapere,
1556 5565 1784 5635 probant
1807 5581 1930 5620 cor-

359 5661 428 5715 da
447 5701 461 5725 ,
491 5673 612 5730 qua:
639 5660 866 5716 credunt
884 5700 898 5722 ,
927 5674 1027 5714 nec
1053 5674 1158 5714 non
1191 5667 1245 5712 ct
1272 5674 1386 5723 ora,
1421 5674 1540 5727 qua:
1567 5657 1926 5722 conﬁtentur;

363 5760 523 5819 atque
545 5748 895 5812 nihilominus
916 5747 1119 5817 ﬂagella
1152 5749 1264 5816 ipsa
1296 5759 1348 5802 et
1378 5763 1541 5813 mors,
1567 5763 1686 5818 qua:
1707 5749 1930 5818 probae

2042 3292 2167 3348 liter
2197 3294 2638 3364 interrogantem.
2673 3293 2810 3363 Quid
2839 3297 2983 3357 enim
3015 3306 3122 3352 tam
3153 3305 3300 3352 tuum
3329 3314 3490 3369 quam
3519 3302 3617 3354 tu?

2043 3383 2150 3440 Sed
2180 3394 2234 3438 tu
2263 3394 2385 3440 tuus
2409 3394 2460 3440 et
2487 3402 2593 3439 non
2625 3395 2768 3451 tuus,
2799 3387 2923 3457 quia
2953 3404 3057 3442 non
3085 3403 3143 3442 es
3159 3403 3198 3441 .a
3231 3399 3283 3443 te
3311 3389 3446 3458 ipso,
3479 3390 3618 3444 sicut

2042 3473 2097 3527 in
2125 3473 2305 3528 multis
2335 3489 2475 3545 saepe
2505 3475 2636 3530 locis
2667 3477 2883 3532 testaris
2903 3518 2916 3540 .
2950 3478 3042 3533 sed
3079 3493 3110 3532 a
3147 3477 3337 3544 Patre,
3369 3481 3522 3551 cujus
3557 3497 3618 3535 es

2041 3562 2276 3619 Verbum
2297 3606 2313 3630 ,
2353 3581 2458 3620 non
2491 3567 2732 3622 sonabile
2766 3584 2860 3638 per
2897 3569 3129 3638 syllabas
3153 3580 3205 3625 et
3244 3570 3493 3637 volatile,
3523 3571 3616 3626 sed

2039 3670 2256 3725 semper
2277 3671 2394 3720 ens,
2421 3657 2609 3712 vivens
2634 3667 2796 3728 atque
2825 3675 3086 3725 manens;
3115 3669 3170 3715 et
3197 3661 3317 3716 ideo
3344 3660 3578 3716 Verbum
3599 3703 3614 3726 ,

2039 3761 2146 3802 non
2179 3747 2321 3817 quod
2355 3747 2555 3802 desinit
2583 3748 2846 3818 prolatum
2865 3790 2880 3812 ,
2908 3750 3000 3803 sed
3027 3750 3168 3820 quod
3197 3759 3480 3820 permanet
3517 3767 3616 3805 na-

2037 3847 2190 3903 tum;
2224 3853 2330 3893 non
2360 3839 2758 3904 transitorium,
2790 3838 2884 3894 sed
2913 3849 3172 3894 mternum
3201 3860 3213 3894 :
3246 3856 3350 3894 non
3389 3839 3614 3905 factum,

2038 3926 2132 3981 sed
2157 3927 2425 3996 genitum;
2446 3941 2546 3982 nec
2577 3927 2747 3982 solum
2775 3929 3034 3998 genitum,
3063 3929 3154 3985 sed
3184 3931 3344 3984 etiam
3373 3931 3619 4002 unigeni-

2037 4028 2150 4073 tum
2168 4059 2183 4084 ,
2217 4019 2302 4074 cui
2333 4019 2468 4074 ratio
2496 4019 2648 4074 adest
2672 4021 2974 4091 disponenti
2995 4063 3010 4084 ,
3037 4030 3092 4076 et
3117 4022 3288 4077 virtus
3312 4033 3511 4092 praesto
3535 4033 3618 4079 cst

2034 4111 2357 4182 perficienti,
2407 4121 2468 4167 ut
2495 4121 2617 4183 pote
2645 4127 2774 4168 vero
2804 4113 2914 4169 Deo
2938 4124 2992 4169 et
3022 4129 3231 4168 summo
3258 4115 3504 4171 Domino.

2104 4204 2269 4275 389
2292 4203 2429 4259 XIV.
2461 4203 2537 4259 Te
2561 4204 2757 4274 quippe
2803 4205 3135 4276 unigenitum
3187 4205 3421 4260 Verbum
3452 4205 3617 4261 Pater

2035 4297 2220 4368 genuit
2260 4296 2326 4352 de
2353 4310 2411 4352 se
2452 4296 2589 4368 ipso,
2623 4311 2721 4366 per
2753 4298 2895 4366 quod
2922 4297 3104 4352 omnia
3129 4298 3334 4368 creavit
3375 4313 3443 4354 ex
3473 4299 3616 4354 nibi-

2035 4387 2126 4442 lo:
2177 4393 2235 4442 et
2277 4386 2481 4442 idcirco
2524 4387 2891 4443 indubitanter
2914 4388 3204 4455 credimus,
3246 4390 3373 4460 quia
3399 4392 3505 4446 nisi
3534 4401 3614 4457 tu,

1964 4476 2358 4558 Domniscium
2400 4484 2456 4530 et
2504 4476 2878 4546 cunctipotens
2931 4477 3204 4543 Verbum,
3252 4478 3396 4535 Deus
3442 4496 3613 4546 esses,

2036 4567 2182 4622 nullo
2210 4567 2370 4622 modo
2408 4579 2504 4636 per
2542 4574 2596 4620 te
2641 4564 2824 4620 omnia
2852 4565 2992 4620 facta
3041 4566 3286 4622 fuissent.
3333 4567 3613 4636 Quomodo

2033 4669 2280 4715 creatura
2325 4673 2511 4714 creare
2552 4657 2754 4727 aliquid
2799 4659 3014 4728 potest?
3059 4657 3256 4715 Crcare
3290 4671 3438 4716 certe
3466 4661 3614 4716 solus

2036 4751 2176 4805 Deus
2201 4749 2360 4815 valet,
2393 4749 2485 4819 qui
2512 4758 2726 4804 creatus
2753 4765 2858 4804 non
2887 4759 2990 4805 est.
3020 4751 3160 4806 Nihil
3188 4753 3357 4818 enim,
3386 4764 3609 4824 excepto

2034 4841 2166 4907 Deo,
2194 4857 2298 4896 non
2327 4849 2566 4896 creatum
2597 4849 2700 4896 est.
2741 4840 2896 4896 Absit
2923 4843 2990 4897 ab
3022 4843 3294 4898 intellectu
3321 4857 3531 4911 nostro,
3554 4856 3613 4901 ut

2032 4929 2233 4999 aliquid
2258 4928 2523 4983 fateamur
2559 4947 2623 4984 ex
2654 4930 2811 4985 Patre
2841 4932 2942 4986 nisi
2983 4933 3214 4998 Filium;
3245 4945 3301 4988 et
3343 4935 3468 4992 ideo
3507 4953 3610 4992 non

2032 5021 2132 5075 nisi
2164 5020 2304 5074 Deus
2332 5019 2478 5074 nasci
2513 5021 2686 5089 potuit
2713 5035 2781 5075 ex
2819 5021 2947 5076 Deo.
2992 5021 3144 5078 Unde
3171 5024 3305 5078 mihi
3337 5035 3391 5079 te
3436 5025 3611 5083 Patris

2032 5111 2265 5167 Verbum
2294 5109 2638 5166 considerare
2679 5109 2880 5166 volenti
2926 5111 3069 5166 nulla
3113 5111 3392 5170 sufﬁciunt
3421 5117 3608 5181 verba,

2030 5203 2224 5272 quibus
2262 5208 2315 5256 te
2342 5199 2550 5255 valeam
2580 5199 2871 5269 explicare.
2911 5200 3137 5269 Quando
3177 5213 3359 5259 autem
3401 5206 3609 5261 abunde

2030 5293 2112 5348 vel
2143 5293 2300 5364 digne
2323 5289 2467 5359 loqui
2486 5289 2717 5360 potem?
2741 5290 2913 5355 Quis?
2935 5292 3001 5346 de
3023 5308 3130 5362 quo
3148 5293 3171 5345 ?
3199 5293 3371 5350 liomo
3391 5296 3459 5349 de
3478 5295 3605 5358 Deo,

2029 5399 2163 5454 opus
2190 5384 2256 5438 de
2281 5383 2494 5452 opiﬁcc,
2539 5379 2780 5436 mortalis
2806 5381 2871 5435 de
2900 5381 3211 5448 immortali,
3258 5398 3508 5442 creatura
3537 5386 3605 5440 de

2028 5474 2304 5538 Creatore,
2329 5488 2527 5542 parvus
2549 5471 2613 5525 de
2643 5471 2925 5538 immenso,
2955 5475 3264 5544 temporalis
3286 5476 3350 5531 de
3375 5485 3601 5538 aeterno;

2029 5565 2181 5636 cujus
2208 5572 2289 5620 est
2312 5560 2634 5617 venerabilis
2659 5561 3069 5631 omnipotentis,
3098 5581 3203 5634 qua
3238 5581 3336 5622 nos
3370 5566 3599 5637 gratuita

2029 5655 2265 5710 bonitate
2291 5651 2462 5707 fecisti
2491 5667 2503 5704 :
2535 5665 2634 5705 nec
2667 5650 2846 5706 minus
2876 5659 3054 5708 tamen
3083 5653 3459 5711 inenarrabilis
3483 5668 3601 5725 gra-

2029 5747 2122 5812 tia,
2154 5760 2256 5816 qua
2286 5759 2384 5799 nos
2417 5743 2933 5810 omnipotentissima
2962 5745 3330 5804 misericordia
3361 5744 3589 5804 salvasti.
