3934 6180
381 335 519 392 10δῖ

1088 330 1238 390 OPP.
1284 329 1514 388 DUBIA.
1552 358 1624 371 —
1659 327 1888 385 ALBlNl
1923 326 2299 386 CONFESSIO
2336 328 2536 387 FlDEl.
2571 360 2638 370 —
2670 331 2850 388 PARS
2885 331 2926 387 Ι.

3499 334 3638 391 1038

382 447 484 514 Qui
513 453 725 516 etopus
745 443 1025 502 creatriels
1048 443 1450 513 omnipotentiae
1475 440 1644 512 gratis
1677 438 1876 502 lbeistl,
1903 445 1959 492 et
1987 441 2032 496 Α
2059 447 2320 503 creatum,
2353 453 2453 494 nec
2484 439 2745 510 genitum,
2773 454 2948 510 neque
2975 440 3292 512 ingenitum,
3326 444 3419 498 sed
3445 458 3514 500 ex
3543 444 3646 500 Pa-

381 553 519 607 opns
548 538 738 608 gratim
776 535 1082 592 salvatricis
1121 535 1522 603 omnipotenter
1558 529 1792 600 implesti
1821 529 1967 582 :‘ha-

383 629 517 683 bens
546 627 800 681 nimirum
831 633 1105 694 perpetem
1133 632 1481 695 potestatem,
1509 631 1565 677 et
1591 617 1858 677 condendi
1890 618 1944 671 in

384 719 635 782 condita,
665 726 720 772 et
746 717 954 786 perdita
985 716 1292 784 reparandi.
1340 713 1449 770 Nec
1475 715 1638 784 igitur
1666 711 1755 767 ille
1782 708 1972 782 praeci-

383 826 522 882 puus
573 807 979 876 theologorum,
997 822 1208 862 summa
1237 806 1557 876 profundius
1585 805 1794 861 caeteris
1819 803 1972 873 aqui-

385 901 508 954 linis
535 896 929 966 contemplatus
957 895 1236 949 obtutibus
1253 935 1268 958 ,
1316 895 1630 964 scriptitans
1657 903 1930 948 eructaret
1955 909 1967 944 :

387 989 452 1042 In
500 986 754 1058 principio
801 994 912 1039 erat
974 982 1238 1047 Verbum,
1298 993 1347 1037 et
1411 983 1630 1036 Verbum
1677 991 1790 1036 erat
1832 981 1972 1050 apud

388 1080 574 1139 Deum,
623 1087 670 1130 et
698 1075 840 1130 Deus
881 1083 991 1128 erat
1039 1071 1305 1138 Verbum;
1354 1073 1450 1126 hoc
1476 1080 1587 1125 erat
1617 1071 1670 1123 in
1718 1070 1972 1141 principio

387 1169 528 1239 apud
557 1168 724 1222 Deum
750 1165 932 1236 (Joan.
966 1180 1001 1228 ι,
1037 1161 1090 1234 i)
1119 1180 1134 1230 ;
1181 1164 1286 1218 nisi
1314 1171 1368 1217 tu
1398 1162 1539 1217 Deus
1566 1160 1801 1217 Verbum
1839 1176 1975 1214 sem-

389 1276 485 1330 per
508 1257 648 1328 apud
677 1257 916 1320 Patrem,
943 1268 1158 1322 semper
1184 1268 1307 1306 cum
1337 1251 1516 1316 Patre,
1543 1264 1757 1318 semper
1785 1247 1852 1302 de
1877 1246 1976 1300 Pa-

391 1359 496 1413 tre,
547 1362 762 1416 semper
801 1360 953 1400 esses
979 1345 1034 1398 in
1065 1344 1262 1398 Patre:
1305 1357 1408 1396 non
1437 1340 1580 1395 sicut
1605 1354 1700 1392 vas
1737 1338 1792 1392 in
1823 1352 1972 1402 vase,

390 1445 472 1499 vel
498 1444 687 1499 civitas
715 1440 854 1511 apud
879 1437 1102 1502 urbem;
1133 1436 1228 1492 sed
1247 1436 1324 1490 uti
1345 1433 1607 1504 sapientia
1633 1433 1687 1486 in
1709 1431 1972 1500 sapiente,

391 1536 592 1589 veritas
639 1533 692 1586 in
737 1546 966 1594 verace,
1017 1529 1230 1584 bonitas
1275 1527 1328 1582 in
1373 1527 1552 1589 bono,
1599 1524 1871 1579 aeternitas
1918 1523 1974 1576 in

391 1636 637 1690 aeterno;
688 1624 812 1694 quia
863 1622 994 1677 nihil
1035 1621 1180 1676 aliud
1225 1619 1278 1674 in
1316 1614 1495 1672 Patris
1519 1609 1819 1672 substantia
1867 1615 1974 1670 nisi

395 1713 555 1780 Deus,
583 1715 825 1785 aequalis,
867 1722 923 1768 et
951 1720 1253 1767 coteternus
1291 1709 1392 1774 illi,
1435 1724 1465 1762 a
1505 1723 1612 1778 quo
1647 1707 1861 1778 genitus
1886 1721 1968 1771 es,

393 1824 514 1865 esse
541 1818 710 1879 potes.
755 1806 1102 1862 Obmutescat
1132 1805 1314 1874 itaque
1355 1810 1410 1856 et
1439 1817 1560 1856 cum
1592 1801 1708 1855 suis
1733 1799 1972 1854 auctori-

395 1902 497 1956 bus
537 1908 722 1970 pereat
773 1900 951 1954 omnis
991 1899 1244 1954 haeretica
1288 1899 1556 1970 pravitas,
1607 1913 1712 1968 qua
1759 1897 1976 1952 inimica

397 2006 610 2060 semper
640 1991 732 2044 lite
758 2005 900 2044 nunc
926 1989 1283 2044 substantiam
1311 1987 1516 2051 dividit,
1555 2003 1696 2042 nunc
1721 2001 1978 2058 personas

399 2078 698 2134 confundit.
745 2076 990 2141 Crescat,
1039 2091 1193 2147 rogo,
1243 2073 1368 2139 ﬁde,
1415 2083 1470 2129 et
1498 2074 1671 2146 magis
1699 2075 1978 2146 magisque

395 2169 502 2240 piis
550 2167 868 2222 fecundctur
918 2164 1126 2222 actibus
1167 2172 1343 2218 mater
1379 2159 1655 2228 Ecclesia,
1705 2180 1826 2234 quae
1868 2171 1980 2218 tres

398 2261 526 2316 deos
555 2259 750 2325 colere,
784 2258 1080 2312 trinitatem
1120 2256 1173 2309 in
1201 2253 1444 2324 personis
1485 2270 1590 2309 non
1622 2254 1976 2324 distinguere,

396 2351 682 2422 profanum
711 2358 764 2404 et
791 2349 950 2404 nimis
972 2348 1193 2416 impium
1217 2344 1443 2416 judicat.
1476 2343 1602 2398 llaec
1621 2345 1852 2415 denique
1877 2360 1982 2400 cm-

399 2440 624 2496 lestibus
665 2433 876 2494 erudita
906 2431 1202 2506 disciplinis
1231 2435 1422 2499 credit,
1455 2434 1744 2489 conﬁtetur
1783 2443 1840 2490 et
1883 2435 1978 2490 do-

398 2539 487 2584 cet
517 2545 680 2584 uuam
703 2527 894 2599 procul
919 2528 1081 2582 dubio
1103 2523 1460 2582 substantiam
1483 2529 1539 2582 et
1563 2535 1674 2582 tres
1700 2541 1980 2598 personas,

398 2622 579 2677 sciens
605 2620 784 2675 omnia
821 2635 940 2690 quae
970 2619 1038 2673 ad
1066 2617 1190 2674 ﬁdei
1228 2617 1467 2689 regulam
1496 2618 1788 2688 pertinent.

473 2710 589 2766 XV.
622 2707 790 2778 Hujus
813 2708 1122 2787 magisterio
1140 2717 1197 2764 et
1219 2708 1464 2764 doctrina
1486 2707 1698 2764 caelitus
1721 2709 1981 2779 inspirata

401 2817 433 2856 a
485 2816 653 2872 puero
697 2800 908 2865 doetus,
954 2799 1120 2855 corde
1166 2800 1348 2864 credo,
1396 2811 1491 2854 ore
1533 2800 1795 2856 conﬁteor
1837 2811 1913 2864 te,
1949 2818 1984 2858 o

404 2909 616 2948 summa
653 2890 913 2955 Trinitas,
939 2892 1113 2946 virtus
1139 2905 1266 2956 una,
1299 2899 1354 2946 et
1382 2891 1670 2947 indiscreta
1709 2889 1980 2961 majestas.

403 2981 676 3039 Conﬁteor
697 2989 748 3037 te
765 2981 1006 3048 Patrem,
1033 2989 1088 3037 et
1107 2982 1324 3048 Filium,
1352 2991 1407 3038 et
1429 2982 1688 3052 Spiritum
1713 2993 1980 3051 sanctum,

402 3078 460 3133 in
485 3075 736 3147 personis
766 3076 988 3141 trinum,
1019 3075 1074 3130 in
1098 3075 1398 3131 substantia
1419 3091 1586 3130 unum
1604 3089 1792 3131 verum
1812 3076 1980 3132 Deum

405 3167 865 3235 omnipotentem,
903 3165 1198 3219 visibilium
1242 3173 1299 3220 et
1347 3163 1702 3220 invisibilium
1737 3165 1982 3220 condito-

404 3273 542 3313 rem.
586 3257 703 3312 Non
747 3271 942 3325 corpus
968 3263 1061 3311 aut
1091 3256 1146 3311 in
1174 3269 1404 3326 corpore
1430 3256 1688 3327 positum,
1719 3271 1894 3326 neque
1917 3271 1986 3311 ex

407 3348 635 3404 diversis
665 3346 946 3418 speciebus
973 3347 1309 3410 ammixtum,
1344 3356 1438 3400 aut
1467 3347 1806 3400 memborum
1832 3360 1984 3400 com-

401 3438 692 3510 paginibus
719 3435 1032 3508 efﬁgiatum,
1061 3436 1155 3492 sed
1181 3437 1342 3492 unius
1370 3436 1630 3507 simplicis
1657 3443 1712 3490 et
1740 3435 1988 3505 incorpo-

404 3547 536 3597 reae,
555 3528 838 3585 invisibilis
851 3539 908 3584 et
926 3529 1404 3598 incircumscriptze
1424 3538 1650 3584 natura).
1675 3521 1752 3583 Te
1769 3528 1987 3598 quidem

405 3635 594 3675 verum
649 3618 901 3684 Patrem,
959 3633 1182 3672 summa:
1228 3618 1485 3673 bonitatis
1547 3625 1602 3672 et
1651 3618 1818 3673 totius
1865 3616 1988 3671 Dei-

406 3713 536 3766 tatis
561 3709 900 3781 principium,
947 3709 1422 3778 incircumscripta:
1447 3717 1502 3763 et
1528 3709 1780 3777 ingenita:
1826 3707 1990 3778 maje—

407 3804 565 3858 statis
592 3803 780 3865 Deum,
824 3815 890 3855 ex
922 3800 1068 3854 nullo
1093 3800 1374 3856 ducentem
1406 3800 1639 3865 initium,
1689 3800 1785 3855 sed
1809 3801 1987 3855 omni-

410 3895 510 3948 bus
541 3893 750 3948 initium
782 3891 1016 3954 dantem,
1050 3889 1213 3944 credo
1241 3898 1296 3944 et
1333 3891 1632 3955 confiteor;
1664 3905 1771 3944 non
1801 3904 1990 3958 corpo—

409 3985 510 4041 rali
555 3984 832 4055 progenie,
877 3998 1051 4052 neque
1088 3982 1447 4043 extrinsecus,
1497 3995 1603 4034 non
1646 3979 1988 4043 necessitate,

411 4089 586 4143 neque
632 4073 945 4138 voluntate,
997 4071 1091 4127 sed
1139 4079 1332 4126 natura
1380 4070 1572 4126 Filium
1620 4079 1991 4143 generantem\

414 4181 438 4214 ι
473 4176 498 4204 α
526 4161 798 4218 Conﬁteor
817 4171 872 4216 et
903 4172 956 4217 te
981 4177 1165 4217 verum
1195 4161 1411 4226 Filium,
1451 4175 1515 4214 ex
1551 4159 1711 4214 Patre
1740 4159 1857 4214 sine
1884 4143 2014 4212 ini:

414 4260 492 4314 tio
535 4259 878 4314 inell'abiliter
916 4266 1100 4312 natum
1124 4294 1142 4322 ,
1193 4270 1381 4312 verum
1420 4255 1586 4309 Deum
1635 4255 1988 4324 unigenitum,

411 4367 512 4422 per
539 4365 696 4423 quem
730 4349 871 4406 facta
909 4357 1037 4405 sunt
1073 4348 1289 4410 omnia,
1324 4357 1379 4402 ct
1419 4361 1602 4401 verum
1643 4345 1819 4401 Patris
1857 4346 1992 4400 Ver-

413 4444 578 4507 bum;
609 4457 714 4497 non
749 4440 970 4504 factum,
1007 4455 1113 4494 non
1139 4445 1380 4494 creatum
1403 4477 1418 4502 ,
1464 4452 1568 4492 non
1599 4437 1984 4505 adoptativum,

412 4533 508 4588 sed
532 4533 771 4602 genitum
798 4539 854 4586 et
892 4530 1051 4584 unius
1081 4544 1203 4584 eum
1246 4527 1404 4580 Patre
1447 4517 1783 4590 substantiae,
1829 4533 1989 4594 atque

412 4623 489 4678 ita
513 4638 608 4692 per
632 4621 810 4676 omnia
837 4619 1098 4689 aequalem
1142 4619 1251 4672 Deo
1285 4616 1454 4681 Patri,
1499 4624 1560 4669 ut
1601 4631 1699 4670 nec
1725 4623 1987 4685 tempore,

412 4729 516 4768 nec
551 4713 736 4784 gradu,
773 4725 871 4766 nec
899 4716 1164 4780 potestate
1200 4723 1318 4762 esse
1345 4708 1521 4776 possis
1562 4705 1805 4760 inferior.
1851 4705 1992 4758 Tan-

401 4813 636 4872 tumque
679 4817 798 4857 esse
835 4801 1098 4856 conﬁteor
1141 4807 1212 4863 te,
1261 4798 1352 4867 qui
1381 4798 1594 4867 genitus
1637 4811 1718 4860 es,
1757 4805 1992 4865 quantus

414 4904 498 4951 est
527 4895 635 4960 ille,
665 4895 756 4963 qui
786 4903 838 4948 te
865 4893 1068 4962 genuit.
1107 4889 1222 4945 Non
1248 4898 1426 4944 autem
1453 4889 1576 4958 quia
1605 4889 1726 4943 dico
1752 4888 1988 4958 genitum

415 5001 447 5039 a
471 4984 630 5040 Patre
665 4983 882 5050 Filium,
925 4981 1121 5037 divina:
1147 4989 1201 5036 et
1229 4979 1482 5035 ineﬁ'abili
1509 4979 1843 5050 generationi
1887 4978 1988 5032 ali-

413 5075 558 5142 quod
619 5084 830 5143 tempus
877 5072 1133 5127 ascribo:
1182 5070 1277 5125 sed
1327 5084 1425 5124 nec
1467 5069 1682 5123 Patrem
1729 5069 1850 5122 dico
1891 5069 1992 5122 ali-

414 5165 631 5238 quando
676 5163 962 5232 incmpisse
985 5203 1000 5227 ,
1046 5176 1147 5216 nec
1185 5169 1237 5214 te
1278 5158 1394 5228 ejus
1432 5158 1646 5212 Filium.
1699 5156 1816 5212 Non
1849 5157 1992 5212 enim

415 5257 572 5311 aliter
599 5253 840 5309 conﬁteri
869 5267 1153 5322 possumus
1176 5259 1442 5306 aeternum
1479 5249 1715 5312 Patrem,
1743 5248 1847 5302 nisi
1872 5263 1998 5303 con-

419 5349 666 5402 ﬁteamur
695 5345 858 5400 etiam
890 5351 942 5398 te
965 5350 1290 5397 coaeternum
1315 5337 1530 5394 Filium.
1575 5339 1654 5394 Ex
1684 5331 1822 5393 Filio
1850 5339 1993 5393 enim

415 5437 579 5492 Pater
613 5433 826 5500 dicitur,
863 5441 917 5488 et
953 5433 1044 5502 qui
1082 5448 1295 5504 semper
1322 5427 1482 5488 Pater
1509 5430 1626 5498 fuit,
1657 5445 1870 5501 semper
1893 5431 1992 5485 ba-

420 5527 601 5581 buisse
627 5525 818 5580 Filium
860 5540 964 5578 non
991 5525 1212 5578 dubium
1253 5532 1355 5578 est.
1391 5544 1410 5577 ι
1465 5523 1539 5577 Te
1585 5538 1796 5594 quoque
1836 5526 1998 5578 credo

415 5613 680 5683 Spiritum
723 5623 990 5681 sanctum,
1039 5629 1224 5668 verum
1262 5613 1451 5679 Deum,
1498 5629 1604 5668 non
1636 5615 1858 5680 factum,
1899 5631 1998 5671 nec

498 5742 522 5769 ι
547 5727 699 5796 Apud
726 5727 1028 5798 Pelagium,
1063 5728 1212 5782 initio
1240 5726 1606 5784 Confessionis
1637 5741 1764 5778 sum.

2003 1771 2050 1830 Β

2009 3125 2058 3189 (ι

2070 543 2151 585 tre
2192 529 2432 599 Filioque
2457 531 2890 586 inenarrabiliter
2917 531 3321 600 procedentem,
3369 544 3424 590 et
3463 535 3518 588 in
3549 535 3646 589 Pa-

2069 625 2188 682 tre,
2245 621 2510 690 simulque
2557 621 2692 675 Filio
2735 622 3161 678 substantialiter
3198 633 3644 693 permanentem:

2069 716 2230 778 atque
2275 711 2350 764 ita
2396 727 2496 781 per
2533 711 2714 766 omnia
2739 711 2850 766 Deo
2895 711 3045 766 Patri
3086 721 3142 768 et
3190 712 3326 769 Filio
3365 713 3645 784 aequalem,

2072 809 2418 868 coaeternum,
2470 811 2527 858 et
2573 804 3116 870 consubstantialem,
3168 814 3229 860 ut
3261 821 3434 877 neque
3465 806 3652 862 volun—

2071 900 2212 957 tate,
2247 907 2348 948 nec
2394 902 2680 963 potestate,
2733 910 2905 964 neque
2934 897 3254 963 aeternitate,
3307 913 3480 968 neque
3521 899 3650 952 sub-

2072 985 2270 1039 stantia
2313 984 2516 1040 differri
2545 987 2721 1056 possis
2748 989 2814 1042 ab
2851 989 2950 1053 cis,
2989 987 3071 1042 vel
3099 989 3347 1058 prmcedi,
3397 1003 3428 1042 a
3458 989 3651 1058 quibus

2071 1078 2338 1146 procedis.
2395 1077 2559 1148 Igitur
2603 1087 2862 1133 aeternum
2916 1079 3132 1134 Patrem
3180 1081 3300 1135 sine
3348 1081 3650 1144 nativitate,

2071 1177 2333 1222 :eternum
2370 1168 2563 1222 Filium
2593 1184 2714 1223 cum
2755 1171 3056 1236 nativitate,
3101 1181 3361 1225 aeternum
3392 1170 3652 1242 Spiritum

2073 1266 2322 1314 sanctum
2364 1275 2487 1313 cum
2528 1260 2906 1329 processione,
2953 1261 3071 1314 sine
3108 1261 3411 1315 nativitate.
3459 1258 3653 1315 Totum

2072 1348 2288 1403 Patrem
2319 1351 2372 1404 in
2402 1349 2536 1404 Filio
2563 1359 2617 1404 et
2643 1349 2846 1420 Spiritu
2893 1359 3115 1416 sancto,
3166 1346 3337 1406 totum
3377 1351 3566 1406 Filium
3599 1351 3652 1405 in

2073 1441 2232 1496 Patre
2257 1451 2312 1496 et
2342 1441 2546 1512 Spiritu
2571 1453 2780 1510 saneto,
2815 1451 2985 1498 totum
3013 1442 3272 1512 Spiritum
3303 1450 3569 1508 sanctum,
3600 1443 3654 1496 in

2073 1535 2231 1590 Patre
2256 1541 2312 1588 et
2337 1534 2472 1589 Filio
2496 1545 2824 1589 manentem.
2873 1534 3109 1598 Patrem,
3155 1533 3369 1596 Filium,
3399 1542 3452 1588 et
3481 1532 3655 1604 Spiri~

2074 1630 2186 1676 tum
2213 1631 2484 1686 sanctum,
2528 1637 2694 1676 unum
2721 1623 2909 1688 Deum,
2956 1623 3398 1691 omnipotentem,
3430 1637 3536 1674 una
3563 1637 3658 1690 po-

2074 1721 2270 1768 testate
2295 1728 2511 1782 unoque
2541 1728 2729 1782 regno,
2773 1729 2878 1766 una
2904 1713 3210 1783 majestate,
3257 1729 3470 1782 unaque
3496 1723 3656 1767 aeter-

2077 1805 2245 1858 nitate
2271 1819 2338 1858 ex
2364 1813 2514 1869 tunc,
2532 1813 2588 1858 et
2608 1819 2770 1866 nunc,
2789 1813 2843 1858 et
2865 1819 3080 1875 semper
3099 1806 3299 1874 ubique
3321 1815 3654 1876 regnantem,

2073 1897 2237 1952 corde
2265 1896 2427 1950 credo
2455 1902 2510 1950 et
2533 1909 2627 1949 ore
2653 1896 2934 1950 confiteor.

2147 1987 2284 2041 XVl.
2311 1987 2394 2042 Ad
2423 1987 2564 2042 lianc
2594 1985 2717 2042 ﬁdei
2751 1986 2990 2058 regulam
3031 1987 3266 2058 dirigens
3304 1987 3657 2042 intentionem

2077 2092 2273 2142 meam,
2315 2085 2578 2144 quantum
2604 2091 2691 2131 me
2712 2091 2872 2145 posse
2896 2075 3092 2142 fecisti,
3125 2077 3267 2132 Deus
3305 2092 3478 2142 meus,
3510 2092 3658 2146 quie-

2078 2169 2181 2224 sivi
2233 2177 2286 2225 te
2312 2178 2368 2223 et
2391 2169 2691 2224 desideravi
2734 2167 3010 2225 intellectu
3045 2170 3228 2224 videre
3251 2169 3394 2238 quod
3431 2169 3656 2225 credidi.

2081 2258 2249 2328 Hujus
2277 2259 2356 2313 rei
2384 2259 2558 2329 gratia
2584 2259 2860 2329 ingressus
2883 2273 3003 2313 sum
3028 2258 3318 2313 multarum
3342 2261 3658 2330 apothecam

2080 2349 2414 2416 deliciarum,
2440 2351 2634 2419 quibus
2658 2350 2900 2420 pascitur
2920 2358 3094 2405 mater
3116 2348 3357 2405 Ecclesia
3382 2368 3396 2403 :
3427 2350 3518 2405 ubi
3538 2365 3664 2405 con-

2079 2441 2312 2496 sideravi
2337 2440 2590 2510 plurima,
2618 2448 2678 2495 et
2699 2439 2838 2510 εαξρί
2869 2439 3150 2510 explorare
3175 2438 3404 2510 singula.
3445 2439 3661 2496 Etcum

2082 2534 2188 2588 huc
2216 2531 2446 2602 illucque
2471 2532 2664 2587 anxius
2685 2532 2980 2601 avidusque
3005 2531 3381 2597 discurrerem,
3413 2538 3467 2587 tu
3489 2533 3663 2587 bonus

2083 2625 2337 2695 adjuvare
2365 2625 2585 2694 cupiens
2627 2623 2954 2678 desiderium
2995 2622 3139 2693 quod
3183 2622 3420 2689 dedisti,
3467 2623 3662 2679 misisti

2083 2731 2302 2771 manum
2336 2715 2552 2784 pietatis
2577 2723 2700 2779 tuae,
2732 2721 2789 2770 et
2820 2713 3025 2769 solvisti
3053 2714 3254 2768 nodum
3292 2712 3664 2784 ambiguitatis

2083 2821 2254 2871 meae;
2298 2813 2355 2860 et
2383 2805 2504 2860 ideo
2527 2805 2758 2860 delectat
2784 2819 2870 2860 me
2890 2805 3004 2876 jam
3036 2804 3190 2860 valde
3215 2805 3282 2860 de
3323 2813 3376 2861 te
3401 2805 3662 2877 cogitare,

2085 2897 2151 2952 de
2192 2904 2244 2951 te
2275 2895 2441 2966 loqui,
2492 2895 2786 2964 laudesque
2828 2903 2950 2951 tuas
2977 2911 3074 2966 pro
3111 2896 3328 2954 modulo
3355 2897 3666 2969 exiguitatis

2085 3003 2220 3042 meae
2260 2985 2585 3042 desideranti
2630 2988 2791 3043 corde
2831 2988 3189 3058 depromere;
3241 2998 3298 3042 ut
3327 2989 3383 3043 in
3413 2989 3666 3058 przesenti

2085 3077 2301 3147 quidem
2344 3077 2565 3132 miseria
2607 3077 2720 3133 solo
2756 3092 3013 3148 corpore,
3057 3086 3230 3133 tecum
3258 3087 3436 3132 autem
3462 3088 3663 3143 mente,

2087 3175 2142 3222 et
2172 3167 2320 3223 omni
2360 3168 2617 3222 aviditate
2642 3174 2846 3223 tenear.
2894 3165 2963 3221 Mi
2994 3166 3237 3231 Domine,
3271 3167 3411 3221 Deus
3441 3167 3583 3222 trine
3608 3177 3668 3224 et

2086 3271 2212 3321 une,
2249 3257 2489 3312 scientia:
2523 3257 2703 3312 lumen
2730 3255 2964 3312 accende
2990 3255 3044 3310 in
3076 3269 3184 3322 me,
3215 3271 3311 3326 per
3334 3257 3478 3324 quod
3506 3264 3560 3312 te
3584 3257 3667 3311 in-

2089 3345 2324 3418 telligere
2348 3362 2560 3402 merear
2585 3347 2785 3402 trinum
2819 3355 2874 3402 et
2902 3361 3068 3401 unum
3100 3346 3288 3413 Deum,
3321 3347 3550 3404 sicut'es
3573 3349 3670 3403 tri-

2088 3453 2188 3491 nus
2209 3444 2266 3492 et
2294 3452 2434 3492 unus
2455 3436 2599 3492 Deus
2625 3454 2638 3490 :
2667 3446 2723 3491 et
2748 3437 3061 3507 ignorantia:
3082 3438 3334 3493 tenebras
3354 3438 3527 3510 magis
3553 3453 3670 3493 ma-

2087 3533 2292 3600 gisque,
2329 3531 2469 3586 sicut
2502 3530 2712 3600 cmpisti
2748 3545 3076 3586 removerea
3111 3547 3236 3598 me;
3275 3540 3335 3587 ut
3368 3533 3668 3604 spiritualia

2085 3619 2436 3690 Spiritualiter
2461 3619 2692 3685 videam,
2728 3629 2991 3690 quantum
3022 3621 3279 3692 possibile
3306 3631 3392 3678 est
3423 3623 3670 3680 humana:

2087 3709 2383 3780 fragilitati.
2432 3711 2508 3766 Da
2539 3712 2672 3766 mihi
2698 3712 2752 3766 in
2784 3713 2870 3767 via
2899 3713 3021 3778 bac,
3051 3727 3157 3783 qua
3185 3721 3236 3768 te
3263 3715 3398 3770 duce
3429 3715 3665 3787 gradior,

2089 3800 2434 3866 intellectum,
2472 3812 2633 3871 atque
2661 3802 2863 3871 inspira
2908 3802 3040 3882 milii
3084 3812 3138 3858 et
3163 3818 3378 3873 semper
3411 3805 3542 3860 doce
3573 3820 3671 3876 per

2088 3893 2318 3962 gratiam
2351 3901 2518 3956 tuam,
2555 3889 2790 3962 qualiter
2823 3886 2878 3948 in
2920 3901 2974 3948 te
3017 3894 3561 3965 irreprebensibiliter
3599 3899 3671 3951 sit

2088 3983 2436 4048 credendum,
2471 3989 2533 4036 ut
2571 3990 2626 4038 te
2649 3997 2812 4036 unum
2854 3980 3022 4037 Deum
3051 3979 3414 4041 essentialiter
3439 3988 3665 4058 sapiam,

2088 4083 2142 4124 et
2168 4070 2778 4140 incnmpreliensibiliter
2821 4070 3021 4126 trinum
3052 4068 3408 4143 personaliter
3431 4077 3664 4147 capiam,

2089 4162 2305 4216 Patrem
2333 4161 2648 4233 ingenitum,
2677 4162 2742 4216 de
2770 4153 2929 4216 Patre
2958 4163 3313 4234 unigenitum,
3350 4164 3416 4220 de
3442 4176 3670 4236 utroque

2089 4255 2467 4327 procedentem
2499 4263 2554 4310 et
2589 4255 2643 4309 in
2689 4263 2916 4324 utroque
2963 4261 3366 4327 permanentem
3410 4255 3667 4328 Spiritum

2091 4354 2355 4402 sanctum.
2389 4344 2601 4399 Nullum
2639 4345 2808 4401 tribus
2839 4346 3237 4416 anticipationis
3261 4346 3343 4402 vel
3378 4348 3666 4418 posterita-

2095 4438 2162 4492 tis
2213 4438 2540 4492 intervenire
2574 4448 2904 4493 momentum
2929 4476 2944 4505 ,
2983 4454 3082 4494 nec
3113 4437 3312 4495 habere
3356 4441 3666 4511 indisperti-

2095 4541 2203 4586 tum
2231 4526 2531 4600 imperium.
2564 4521 2678 4586 Non
2709 4531 2763 4585 in
2803 4531 3052 4586 creandis
3082 4530 3382 4596 consilium,
3420 4533 3668 4603 regendis

2091 4618 2536 4689 perﬁciendisque
2561 4621 2825 4675 creaturis
2848 4619 3124 4686 auxilium,
3147 4635 3387 4691 opusque
3408 4621 3666 4676 divinum.

2091 4709 2254 4781 390
2277 4709 2541 4779 Quidquid
2566 4700 2673 4764 illic
2694 4703 2936 4763 naturale
2958 4719 3043 4764 est
3070 4710 3425 4781 indisruptum
3453 4727 3467 4776 ;
3520 4712 3672 4780 quid-

2091 4801 2220 4869 quid
2245 4799 2528 4870 personale
2553 4809 2636 4854 est
2662 4799 3020 4855 ineonfusum.
3059 4799 3103 4856 Ο
3144 4801 3458 4871 mysterium
3485 4799 3669 4856 ineffa-

2094 4891 2196 4945 bile
2221 4901 2274 4945 et
2305 4905 2414 4960 prze
2439 4890 2650 4945 caeteris
2675 4888 2947 4946 intellectu
2977 4890 3196 4946 difﬁcile
3222 4894 3234 4946 !

2167 4991 2324 5045 XVII.
2365 4991 2589 5062 Reliqua
2630 5007 2758 5047 vero
2792 5002 3150 5058 sacramenta,
3197 5009 3315 5062 qua:
3339 5001 3592 5057 tenentur
3616 4993 3670 5050 in

2099 5081 2335 5142 Ecclesia
2365 5090 2474 5145 tua,
2519 5082 2760 5146 Domine,
2785 5081 3046 5151 stupenda
3078 5093 3204 5137 sunt
3231 5094 3287 5139 et
3319 5085 3625 5140 veneranda
3652 5101 3668 5147 ;

2097 5171 2190 5225 sed
2228 5170 2368 5224 istud
2405 5170 2480 5223 tui
2521 5178 2917 5224 sacramentum
2949 5171 3204 5240 praecellit
3242 5173 3515 5227 universa.
3560 5171 3674 5226 lloc

2097 5276 2288 5331 nempe
2324 5261 2399 5314 tui
2441 5259 2726 5315 individua:
2765 5259 3044 5316 Trinitatis
3084 5263 3418 5333 mysterium,
3453 5274 3508 5317 et
3545 5263 3671 5329 illud

2098 5351 2332 5406 caelestis
2372 5364 2570 5404 mensa:
2600 5358 2997 5405 sacramentum
3021 5392 3036 5416 ,
3091 5367 3212 5422 quae
3243 5353 3426 5408 ﬁdeles
3473 5362 3527 5408 et
3556 5356 3673 5425 pias

2099 5441 2307 5494 animas
2339 5440 2511 5509 pascit
2534 5453 2715 5504 carne,
2756 5449 2811 5494 et
2839 5449 2988 5510 potat
3018 5443 3306 5513 sanguine,
3344 5458 3410 5498 ne
3434 5445 3674 5500 esuriant

2102 5543 2272 5598 neque
2296 5529 2480 5583 sitiant
2509 5529 2564 5582 in
2588 5539 2878 5596 internum;
2924 5529 3008 5585 fac
3040 5547 3145 5596 me,
3185 5531 3323 5587 Deus
3345 5548 3514 5599 mens,
3538 5550 3672 5604 pura

2099 5629 2152 5673 et
2183 5619 2408 5688 simplici
2433 5619 2759 5674 conscientia
2792 5621 3052 5692 prrecipue
3083 5627 3219 5676 inter
3259 5633 3448 5680 ca'tera
3473 5627 3674 5680 sentire
