3934 6180
287 308 420 360 1059
1095 293 1154 346 Β.
1196 294 1256 346 F.
1299 290 1522 346 ALBINI
1563 287 1692 344 SEU
1733 285 2005 340 ALCL'INI
2044 284 2325 340 OPERUM
2365 283 2541 340 PARS
2582 282 2712 340 VIII.
3390 276 3526 333 uno

281 432 335 478 et
362 419 597 482 credere,
624 429 832 472 sumere
860 421 911 464 et
938 410 1187 463 retinere.
1218 405 1292 458 Ne
1322 405 1486 466 siuas,
1516 414 1716 470 quaeso,
1752 400 1854 453 Do-
1880 407 1926 461 Α
1965 400 2055 453 tibi
2087 401 2192 453 Deo
2223 399 2364 452 Patri
2391 399 2559 469 possit
2584 395 2890 458 convenire,
2926 402 2980 447 ut
3019 403 3110 447 aut
3142 392 3275 446 Filio
3305 402 3413 456 tuo,
3443 399 3542 446 aut
3627 406 3637 414 '

286 514 448 576 mine,
486 510 642 564 ﬁdem
667 509 718 561 in
763 506 838 557 eis
876 516 1047 556 meam
1091 498 1422 565 aliquatenus
1455 490 1725 553 vacillare,
1765 488 1859 542 sed

286 607 360 658 ita
386 617 594 671 semper
629 601 692 652 de.
731 597 831 650 illis
855 611 951 664 pro
995 602 1082 645 tua
1119 590 1323 643 tribuas
1352 586 1550 654 pietate
1587 582 1715 634 mihi
1745 597 1857 634 ere-

286 692 414 745 dere
441 669 842 756 acdutelligere,
875 685 1014 735 sicut
1045 679 1242 734 veritas
1273 689 1458 728 eorum
1487 687 1544 726 se
1571 671 1748 725 habet.
1783 669 1864 722 lu-

291 791 393 834 tret
419 781 472 833 in
498 794 591 833 eor
617 791 790 829 meum
829 773 998 843 gratia
1027 780 1131 830 tua,
1161 781 1277 843 qum
1307 773 1459 819 sonet
1493 764 1610 816 sine
1633 777 1780 824 sono,
1811 771 1864 813 et

288 872 404 923 sine
457 869 679 937 strepitu
716 865 962 933 loquatur
1016 866 1283 911 tantorum
1319 867 1534 906 omnem
1584 851 1863 902 veritatem

290 958 686 1028 mysteriorum.
722 954 861 1006 Luce
890 959 942 1002 et.
974 946 1250 1000 dulcedine
1288 945 1430 995 intus
1461 941 1676 1007 ubique,
1707 947 1760 990 et
1789 936 1866 988 fo-

291 1051 365 1104 ris
396 1048 630 1114 undique
677 1042 958 1112 perfundat
1001 1039 1233 1090 animum
1280 1047 1452 1086 meam
1489 1031 1576 1084 illa
1612 1029 1866 1098 magistra

290 1143 546 1194 virtutum
589 1146 642 1188 et
688 1134 841 1187 index
882 1130 1118 1184 omnium
1163 1126 1485 1179 veritatum:
1524 1130 1577 1174 et
1612 1120 1689 1173 sic
1731 1120 1864 1171 irra-

291 1231 484 1284 diando
516 1237 568 1282 et
599 1223 900 1295 superando
934 1236 1074 1282 eam,
1128 1219 1178 1271 in
1215 1217 1345 1285 ipso
1394 1214 1635 1267 veritatis
1683 1221 1869 1265 centro

292 1321 527 1376 stabiliat
575 1327 734 1386 atque
764 1314 1066 1375 confirmet,
1106 1321 1162 1363 ut
1209 1324 1309 1362 nec
1343 1307 1501 1360 velim
1533 1320 1628 1359 nec
1668 1303 1869 1373 possim

292 1414 357 1467 de
391 1411 552 1466 tantis
585 1407 853 1478 mysteriis
889 1405 1044 1458 aliter
1080 1401 1300 1464 sentire,
1345 1399 1448 1452 nisi
1497 1398 1634 1452 sicut
1663 1403 1869 1465 oportet

294 1513 346 1554 et
375 1503 543 1555 decet.
602 1497 791 1551 Mirum
822 1503 905 1548 est
932 1492 1073 1562 quod
1120 1491 1290 1560 gestio
1321 1489 1516 1551 dicere,
1570 1487 1663 1541 sed
1695 1486 1870 1554 lingua

297 1608 400 1644 nam
437 1588 668 1658 explicat
711 1585 851 1654 quod
885 1599 1034 1636 mens
1061 1590 1227 1650 optat.
1267 1579 1614 1647 Omnipotens
1641 1577 1869 1637 bonitas,

298 1683 450 1750 cujus
485 1678 700 1748 pietatis
732 1691 888 1728 aures
917 1674 1047 1742 ipsis
1081 1684 1372 1742 pauperum
1418 1678 1627 1721 tuorum
1666 1666 1874 1719 deside-

1960 491 2177 561 Spiritui
2207 498 2390 544 sancto
2421 488 2708 543 convenire
2736 493 2986 555 nequeat.
3023 485 3261 539 Dicimus
3289 494 3340 538 te
3370 484 3537 537 Deum

1963 587 2172 639 Patrem
2199 581 2512 635 naturaliter
2535 595 2654 633 esse
2683 581 2846 633 Deum
2873 597 2886 641 ;
2917 579 3009 633 sed
3037 577 3357 632 naturaliter
3378 585 3460 629 est
3486 584 3541 629 et

1961 677 2126 731 Filius
2153 676 2311 737 Deus,
2347 672 2662 726 naturaliter
2681 678 2760 726 est
2787 680 2839 725 et
2871 670 3106 739 Spiritus
3131 676 3348 723 sanctus
3371 667 3538 720 Deus:

1962 783 2067 821 non
2095 775 2275 818 tamen
2305 773 2415 816 tres
2439 763 2543 827 Dii,
2581 763 2672 816 sed
2711 777 2847 814 unus
2889 760 3209 814 naturaliter
3237 759 3397 816 Deus.
3440 757 3544 810 Pa-

1963 865 2074 920 ter,
2114 863 2167 909 et
2199 854 2385 914 Filius,
2422 863 2475 906 et
2513 851 2746 921 Spiritus
2795 859 3030 905 sanctus.
3079 850 3282 903 Idcirco
3333 848 3546 915 insepa-

1967 946 2147 1000 rabilis
2177 960 2236 998 cs
2265 952 2450 998 sancta
2477 942 2713 995 Trinitas
2744 941 2884 994 Deus
2919 941 2970 994 in
3004 940 3249 1010 personis
3277 953 3438 991 sensu
3464 939 3548 990 in-

1966 1038 2266 1108 telligenda,
2323 1034 2566 1104 quamvis
2613 1033 2667 1087 in
2710 1047 2841 1087 voce
2884 1029 3198 1102 separabilia
3235 1029 3400 1083 habes
3445 1043 3545 1081 no-

1967 1128 2134 1191 mina,
2163 1127 2285 1196 quia
2315 1123 2574 1193 pluralem
2608 1136 2891 1176 numerum
2921 1121 2974 1174 in
3003 1130 3209 1174 natura:
3235 1119 3546 1172 nominibus

1970 1220 2267 1274 nullatenus
2293 1216 2504 1284 recipis.
2539 1213 2593 1267 In
2631 1215 2733 1267 hoc
2767 1213 2909 1267 enim
2954 1211 3257 1266 ostenditur
3285 1224 3548 1279 personas

1971 1329 2074 1365 non
2108 1325 2264 1379 posse
2296 1307 2458 1361 dividi
2505 1307 2555 1359 in
2590 1313 2775 1358 sancta
2813 1303 3096 1366 Trinitate,
3130 1317 3248 1371 quae
3287 1316 3426 1354 unus
3460 1313 3552 1351 ve-

1973 1418 2062 1458 rus
2086 1402 2226 1454 Deus
2254 1415 2331 1464 es,
2369 1398 2492 1467 quia
2525 1395 2808 1465 cujuslibet
2839 1410 3080 1466 persona:
3118 1409 3311 1448 nomen
3338 1407 3552 1462 semper

1974 1499 2037 1552 ad
2075 1497 2298 1551 alteram
2337 1494 2558 1564 respicit
2601 1506 2906 1562 personam.
2948 1490 3003 1544 Si
3039 1489 3251 1544 Patrem
3285 1489 3424 1549 dico,
3463 1488 3552 1540 Fi-

1976 1591 2100 1643 lium
2125 1587 2378 1653 ostendo;
2419 1587 2462 1641 si
2487 1585 2676 1639 Filium
2699 1585 2934 1646 nomino,
2965 1583 3178 1637 Patrem
3205 1581 3474 1653 przedico;
3506 1580 3550 1632 si

1977 1679 2236 1748 Spiritum
2260 1683 2500 1730 sanctum
2529 1673 2754 1742 appello,
2792 1672 3016 1741 alicujus
3041 1685 3160 1725 esse
3186 1669 3432 1739 spiritum
3464 1683 3555 1721 ne—

300 1775 396 1826 riis
430 1778 632 1840 patent,
664 1766 904 1834 intellige
932 1765 1220 1819 clamorem
1268 1761 1445 1815 cordis
1487 1759 1625 1814 servi
1672 1759 1774 1820 tui,
1824 1767 1877 1810 et
1913 1752 1952 1808 Β
1979 1789 2127 1828 cosse
2159 1783 2240 1827 est
2266 1771 2504 1839 inlcmgi’
2541 1770 2590 1823 id
2626 1778 2726 1830 est,
2761 1767 2935 1820 patris
2958 1773 3010 1819 et
3034 1765 3172 1818 Fili.

302 1866 420 1918 fave
452 1861 587 1915 votis
621 1859 774 1912 meis.
819 1857 1035 1919 Praesta,
1069 1854 1308 1915 Domine,
1341 1863 1398 1905 ut
1423 1853 1536 1921 ipso
1561 1851 1755 1904 mentis
1791 1865 1878 1918 pa-

303 1961 410 2012 lato
454 1954 704 2014 sentiam,
751 1959 958 2021 gustem
989 1956 1042 2000 et
1088 1946 1287 2014 sapiam
1318 1946 1429 1997 haec
1464 1941 1749 1996 ineffabilia
1793 1958 1880 1995 sa-

302 2053 595 2102 cramenta.
643 2043 831 2111 Magna
862 2039 1003 2094 enim
1048 2045 1172 2091 sunt
1203 2046 1255 2088 et
1287 2035 1420 2087 mira
1462 2033 1654 2086 valde:
1705 2041 1759 2084 et
1783 2045 1880 2099 ego

301 2139 554 2210 parvulus
596 2136 646 2189 in
679 2148 865 2188 eorum
897 2128 1329 2185 consideratione
1370 2125 1586 2188 deﬁcio,
1634 2123 1880 2192 quotiens

307 2234 373 2287 ad
403 2231 652 2287 intuenda
701 2243 763 2282 ea
801 2225 922 2280 ﬁdei
974 2223 1157 2277 oculos
1195 2220 1396 2274 attollo.
1453 2216 1558 2270 Sed
1605 2216 1728 2284 quia
1779 2228 1882 2267 uno

305 2324 463 2379 modo
507 2330 732 2388 utraque
785 2315 936 2370 nobis
992 2312 1294 2368 necessaria
1344 2316 1468 2362 sunt
1519 2308 1584 2360 a.:l
1634 2305 1879 2368 salutem,

304 2415 444 2468 Deus
479 2417 665 2464 auctor
693 2408 952 2470 omnium,
1003 2402 1287 2458 invisibilis
1331 2400 1573 2463 Creator,
1609 2398 1698 2467 qui
1735 2413 1794 2450 es
1831 2395 1883 2449 in

307 2503 602 2560 substantia
631 2515 839 2555 summa
882 2507 936 2552 et
967 2511 1071 2550 una
1108 2494 1375 2555 divinitas,
1417 2499 1577 2558 atque
1614 2490 1664 2541 in
1701 2503 1885 2558 perso—

303 2599 386 2652 nis
413 2613 537 2652 vera
565 2603 616 2649 et
639 2592 877 2664 perfecta
900 2589 1156 2650 Trinitas,
1193 2595 1242 2640 te
1266 2587 1431 2640 Deum
1461 2584 1672 2636 Patrem
1701 2597 1881 2646 exoro,

304 2703 368 2741 ex
395 2700 500 2755 quo
522 2683 721 2746 omnia,
755 2689 807 2732 et
842 2678 1032 2731 Filium
1071 2685 1237 2737 tuum,
1272 2688 1368 2742 per
1401 2687 1557 2740 quem
1583 2670 1783 2734 munia,
1813 2669 1886 2724 si-

305 2776 519 2844 mulque
543 2773 800 2842 Spiritum
829 2775 1093 2828 sanetum,
1130 2766 1181 2818 in
1217 2780 1322 2834 quo
1354 2763 1552 2816 omnia.
1595 2762 1669 2816 Te
1704 2762 1885 2815 Domi-

305 2884 432 2922 num
459 2881 656 2926 meum,
699 2877 859 2933 quem
886 2875 1048 2914 unum
1078 2867 1131 2911 et
1157 2872 1340 2911 verum
1375 2857 1428 2910 in
1462 2855 1724 2908 Trinitate
1753 2869 1884 2906 con-

307 2959 466 3013 tlteor
496 2958 682 3016 Deum,
729 2969 834 3024 quo
880 2952 1069 3013 creati,
1114 2949 1325 3002 liberati
1374 2957 1428 3002 et
1463 2945 1745 3000 illuminati
1796 2960 1885 2998 su-

309 3067 446 3116 mus,
474 3049 693 3120 supplex
742 3052 889 3117 rog’o,
943 3052 1211 3122 tantorum
1259 3043 1444 3095 avidus
1485 3039 1880 3110 mysteriorum,

310 3144 446 3197 laeta
495 3155 600 3204 me,
645 3138 786 3192 nutri
833 3151 934 3200 me,
968 3144 1022 3188 et
1064 3135 1114 3187 in
1163 3146 1469 3186 mensuram
1502 3129 1676 3182 astatis
1717 3140 1885 3195 usque

310 3231 530 3302 perfecti
567 3229 665 3282 viri
701 3241 871 3280 meam
909 3223 1135 3278 extenle
1166 3220 1532 3291 exiguitatem,
1575 3225 1632 3270 ut
1663 3215 1888 3270 solidum

312 3326 452 3378 hunc
487 3329 540 3376 et
567 3319 924 3390 perfecturum
968 3315 1147 3368 cibum
1180 3325 1372 3381 capere
1413 3309 1638 3362 valeam.
1688 3307 1888 3375 Imper-

309 3414 500 3483 fectum
542 3410 677 3462 enim
703 3421 872 3458 meum
900 3403 1070 3456 vident
1106 3400 1243 3452 oculi
1271 3398 1371 3451 mei
1418 3395 1590 3466 (Psal.
1628 3408 1885 3455 cxxxvm,

313 3500 426 3569 ιθ).

381 3609 561 3669 XVIII.
600 3611 766 3664 Dator
810 3604 1046 3660 omnium
1087 3602 1348 3656 bonorum
1383 3598 1524 3652 Deus
1566 3595 1756 3660 Pater,
1805 3595 1887 3648 cui

313 3717 586 3774 nunquam
625 3701 739 3754 sine
783 3713 877 3767 spe
926 3691 1304 3749 misericordim
1360 3687 1720 3759 supplicatur,
1767 3702 1888 3740 cum

313 3797 448 3851 Filio
479 3802 588 3858 tuo,
619 3801 672 3845 et
715 3788 918 3858 Spiritu
943 3793 1150 3846 sancto,
1187 3783 1249 3835 da
1281 3780 1422 3849 quod
1473 3778 1737 3832 desiderat
1780 3784 1832 3830 et
1860 3792 1887 3828 a

314 3898 366 3942 te
391 3885 624 3957 postulat
665 3882 838 3934 anima
873 3892 1010 3931 mea.
1066 3875 1303 3956 Quorum
1334 3871 1473 3925 enim
1515 3885 1619 3921 una
1651 3877 1734 3921 est
1765 3867 1890 3920 sub-

313 3977 533 4039 stantia,
573 3986 734 4026 unum
781 3977 863 4022 est
896 3975 947 4021 et
979 3967 1158 4019 datmn
1181 4005 1193 4028 ,
1233 3971 1286 4015 et
1328 3962 1460 4014 adeo
1491 3974 1594 4012 una
1627 3959 1886 4028 operatio,

315 4082 479 4121 unum
519 4066 734 4126 donum,
787 4071 999 4127 unaque
1029 4062 1291 4126 potestas,
1337 4059 1396 4105 ut
1426 4051 1477 4104 in
1525 4051 1638 4119 ipsa
1679 4063 1890 4118 quoque

314 4171 663 4230 personarum
701 4151 1027 4223 proprietate
1065 4147 1218 4216 juxta
1261 4143 1659 4213 profundiorem
1687 4141 1892 4194 intelle-

315 4261 460 4305 ctum
489 4247 732 4318 quaedam
772 4242 952 4296 unitas
1000 4238 1281 4292 sentiatur.
1326 4233 1698 4304 lnseparabilis
1733 4231 1891 4285 nimi-

317 4356 435 4397 rum
458 4347 661 4394 naturae
686 4345 789 4389 tua:
811 4333 989 4386 unitas
1010 4345 1112 4383 non
1142 4333 1317 4398 potest
1345 4324 1670 4394 separabiles
1693 4325 1889 4377 habere

316 4445 590 4504 personas,
626 4426 752 4497 quia
785 4426 924 4479 sicut
955 4421 1191 4475 Trinitas
1213 4434 1272 4473 es
1306 4419 1358 4471 in
1384 4419 1607 4480 unitate,
1636 4425 1688 4470 et
1715 4416 1889 4468 unitas

317 4523 371 4576 in
395 4519 676 4581 Trinitate,
710 4517 789 4570 sic
815 4510 1204 4583 scparationem
1231 4523 1334 4562 non
1365 4515 1516 4575 potes
1551 4505 1749 4559 habere
1771 4519 1892 4574 pcr-

317 4625 587 4665 souarum.
653 4605 1008 4661 Nominantur
1066 4601 1281 4670 quidem
1342 4599 1444 4653 illce
1493 4612 1733 4666 personm
1789 4596 1887 4648 ali-

315 4699 533 4770 quando
573 4696 831 4767 singulce;
884 4693 977 4749 sed
1008 4693 1081 4746 ita
1114 4691 1326 4745 voluisti
1353 4699 1421 4753 te,
1467 4687 1701 4741 Trinitas
1728 4687 1886 4749 Deus,

317 4786 729 4858 inseparabilem
769 4783 1051 4840 ostendere
1093 4782 1144 4835 in
1180 4779 1444 4850 personis,
1485 4786 1542 4831 ut
1574 4777 1775 4830 nullum
1818 4774 1887 4829 ibi

317 4895 511 4935 nomen
537 4879 608 4933 sit
644 4877 696 4930 in
726 4875 962 4944 qualibet
988 4887 1214 4942 persona
1241 4911 1254 4934 ,
1303 4869 1445 4937 quod
1485 4869 1548 4921 ad
1591 4868 1746 4920 aliam
1770 4882 1892 4936 per-

317 4982 505 5022 sonam
540 4964 832 5020 secundum
878 4961 1152 5017 relationis
1186 4958 1422 5027 regulam
1469 4973 1574 5011 non
1606 4956 1890 5019 referatur,

317 5059 460 5114 sicut
486 5056 647 5110 Pater
669 5054 736 5108 ad
765 5053 978 5116 Filium,
1016 5059 1069 5103 et
1093 5049 1259 5102 Filius
1282 5048 1348 5101 ad
1371 5047 1604 5110 Patrem,
1653 5046 1735 5098 vel
1773 5045 1893 5114 Spi-

318 5149 455 5203 ritus
489 5153 708 5202 sanctus
741 5143 807 5199 ad
842 5142 1058 5197 Patrem
1092 5147 1147 5194 et
1192 5138 1385 5191 Filium
1422 5139 1699 5191 verissime
1731 5136 1897 5190 refer-

321 5246 426 5292 tur.
476 5236 552 5290 Ea
580 5249 705 5289 vero
749 5232 985 5296 nomina,
1039 5245 1158 5298 qua:
1188 5229 1542 5283 substantiam
1588 5226 1668 5280 vel
1712 5235 1898 5295 poten-

322 5326 474 5390 tiam,
521 5323 605 5378 vel
639 5323 927 5377 essentiam
965 5329 1106 5374 tuam
1148 5319 1472 5388 signiﬁcant,
1527 5317 1605 5371 vel
1641 5317 1896 5386 quidquid

318 5415 534 5483 proprie
578 5413 774 5469 dicitur
819 5413 993 5475 Deus,
1049 5410 1298 5464 omnibus
1340 5408 1586 5478 personis
1621 5407 1899 5475 aequaliter

321 5504 680 5568 conveniunt;
725 5512 784 5557 ut
811 5503 954 5557 Deus
981 5515 1226 5570 magnus,
1262 5502 1453 5563 bonus,
1487 5507 1737 5561 aeternus,
1785 5513 1898 5550 om-

321 5597 589 5666 nipotens,
629 5603 683 5648 et
713 5595 892 5647 omnia
915 5607 1037 5662 quae
1062 5591 1378 5646 naturaliter
1402 5591 1466 5645 de
1508 5598 1559 5644 te
1583 5588 1693 5642 Deo
1715 5588 1902 5642 dicun-

323 5697 428 5739 tur.
463 5683 578 5738 Non
604 5693 687 5735 est
717 5681 1128 5751 igitur-aliquod
1162 5692 1364 5736 natura:
1396 5697 1610 5747 nomen,
1651 5680 1792 5748 quod
1825 5680 1902 5733 sic

2048 1864 2186 1918 XIX.
2222 1863 2298 1916 Tu
2327 1879 2454 1916 vero
2491 1863 2669 1915 unitas
2706 1860 2932 1913 Deitatis
2963 1869 3312 1926 personarum
3344 1851 3560 1921 plurali-

1982 1965 2088 2010 tate
2133 1953 2428 2023 multiplex,
2478 1951 2879 2006 numerabiliter
2913 1964 2971 2002 es
3019 1943 3442 2004 innumerabilis,
3493 1957 3557 1994 ac

1982 2048 2181 2101 idcirco
2210 2043 2642 2100 mensurabiliter
2674 2037 3144 2098 itumcnsurabilis,
3164 2043 3217 2090 et
3241 2032 3560 2104 ponderabi-

1984 2139 2103 2193 liter
2124 2135 2574 2208 imponderabilis.
2597 2132 2709 2188 Non
2736 2133 2874 2185 enim
2901 2143 3121 2185 summm
3143 2125 3418 2187 bonitatis,
3442 2138 3560 2193 qua:

1984 2241 2036 2284 tu
2065 2233 2177 2300 ipse
2201 2246 2279 2293 es,
2311 2229 2624 2298 profitemur
2659 2225 2938 2294 originem,
2985 2237 3052 2276 ex
3086 2235 3190 2289 qua
3221 2217 3424 2280 omnia,
3461 2230 3556 2284 per

1983 2338 2143 2393 quam
2169 2321 2367 2382 omnia,
2411 2319 2464 2373 in
2491 2334 2594 2388 qua
2630 2316 2830 2380 omnia,
2871 2315 2963 2369 sed
2986 2314 3100 2383 ejus
3142 2309 3557 2381 participatione

1983 2412 2209 2466 dicimus
2238 2410 2376 2463 bona
2399 2408 2598 2461 omnia.
2625 2405 2760 2458 Nam
2788 2413 2875 2457 tua
2901 2403 3076 2457 divina
3103 2398 3399 2454 substantia
3425 2410 3560 2450 sem-

1982 2516 2078 2571 per
2103 2500 2278 2556 caruit
2317 2514 2379 2553 ac
2407 2505 2555 2551 caret
2581 2496 2826 2559 materia,
2859 2494 2983 2548 licet
3019 2506 3122 2546 non
3153 2497 3333 2544 careat
3362 2487 3552 2548 forma,

1983 2611 2142 2665 quam
2190 2594 2317 2647 dum
2349 2590 2613 2661 imprimis
2644 2587 2796 2657 quasi
2840 2585 3069 2657 sigillum
3111 2583 3276 2637 rebus
3318 2578 3556 2648 singulis,

1983 2703 2078 2742 eas
2114 2687 2227 2741 sine
2270 2685 2344 2738 tui
2390 2681 2660 2754 augmenti
2711 2688 2801 2732 aut
2848 2674 3151 2731 detrimenti
3202 2670 3559 2726 mutabditate

1983 2776 2169 2849 procul
2204 2775 2364 2830 dubio
2389 2789 2418 2826 a
2466 2780 2517 2825 te
2553 2771 2685 2825 facis
2711 2768 2930 2823 diil‘erri.
2971 2763 3235 2833 Quidquid
3280 2763 3332 2815 in
3367 2770 3552 2813 natura

1984 2880 2350 2926 creaturarum
2387 2873 2486 2927 est,
2526 2871 2770 2919 creatura
2819 2869 2910 2914 tua
2953 2865 3064 2919 est,
3097 2871 3130 2910 ο
3163 2855 3302 2908 trina
3349 2851 3556 2912 Unitarz,

1984 2969 2037 3015 et
2060 2976 2162 3014 una
2190 2957 2426 3011 Trinitas
2463 2955 2626 3017 Deus,
2672 2951 2824 3020 cujus
2847 2944 3231 3015 omnipotentia
3263 2942 3442 2995 omnia
3469 2956 3562 3008 gu-

1985 3049 2193 3111 bernat,
2236 3045 2373 3115 regit
2396 3051 2447 3096 et
2473 3041 2653 3110 implet
2681 3055 2799 3109 qum
2823 3036 3042 3091 creavit.
3084 3032 3192 3086 Nec
3220 3031 3340 3085 ideo
3366 3039 3417 3082 te
3451 3043 3561 3082 om-

1991 3140 2077 3192 nia
2108 3137 2326 3207 implere
2351 3134 2597 3196 dicimus,
2632 3139 2689 3184 ut
2728 3141 2776 3183 te
2813 3137 2864 3182 te
2889 3125 3214 3182 contineant,
3257 3122 3348 3177 sed
3374 3130 3428 3175 ut
3452 3120 3558 3188 ipsa

1987 3228 2166 3298 potius
2212 3243 2240 3280 a
2287 3235 2337 3279 te
2367 3223 2759 3278 contineantur.
2818 3217 2927 3272 Nec
2971 3211 3330 3287 particulatim
3378 3209 3562 3278 imples

1989 3315 2166 3372 omnia
2193 3335 2204 3369 ε
2234 3330 2333 3370 nec
2363 3313 2627 3367 ullatenus
2663 3311 2732 3364 ita
2765 3308 3058 3379 putandum
3082 3314 3183 3368 est,
3219 3312 3278 3356 ut
3309 3315 3556 3370 unaqurc-

1989 3423 2092 3476 que
2120 3421 2205 3458 res
2229 3420 2323 3473 pro
2357 3399 2722 3471 magnitudine
2754 3396 3014 3468 portionis
3042 3409 3148 3448 sua}
3171 3393 3346 3462 capiat
3384 3401 3434 3443 te
3463 3406 3477 3452 ;
3514 3389 3563 3441 i.l

1989 3505 2090 3560 est,
2130 3491 2362 3548 maxima
2393 3491 2593 3558 majus,
2644 3498 2698 3542 et
2725 3488 2942 3542 minima
2973 3486 3187 3547 minus;
3221 3483 3345 3536 dum
3370 3481 3443 3533 sis
3473 3495 3562 3548 po-

1992 3588 2095 3640 tius
2123 3587 2232 3655 ipse
2272 3585 2322 3637 in
2351 3582 2618 3642 omnibus,
2657 3581 2767 3634 sive
2793 3580 2972 3633 omnia
3019 3579 3070 3631 in
3107 3587 3176 3630 te.
3213 3573 3378 3642 Cujus
3400 3573 3567 3627 omni-

1991 3674 2226 3744 potentia
2264 3675 2442 3729 omnia
2491 3670 2777 3734 concludit,
2829 3684 2930 3722 nec
2974 3666 3229 3722 evadendi
3277 3664 3566 3733 potentiam

1995 3776 2135 3819 tuam
2167 3765 2286 3833 quis
2315 3765 2516 3817 aditum
2543 3761 2782 3815 invenire
2815 3759 3030 3828 poterit.
3083 3757 3182 3823 Qui
3213 3756 3354 3809 enim
3387 3763 3435 3807 te
3464 3771 3566 3806 non

1992 3856 2150 3909 habet
2170 3854 2456 3923 placatum,
2487 3865 2824 3918 nequaquam
2854 3847 3044 3901 evadet
3082 3850 3292 3899 iratum.
3341 3843 3568 3896 Immen-

1991 3947 2120 4001 sitas
2149 3947 2340 4015 quippe
2365 3943 2554 3998 divina:
2580 3939 2960 4008 magnitudinis
2999 3946 3099 3990 tum
3127 3938 3227 3989 ista
3270 3943 3371 3998 est,
3405 3942 3464 3987 ut
3492 3934 3567 3986 in-

1993 4037 2292 4106 telligamus
2319 4041 2370 4089 te
2398 4034 2536 4086 intra
2565 4033 2764 4095 munia,
2800 4030 2892 4084 sel
2928 4046 3032 4083 non
3073 4028 3334 4082 inclusum
3362 4043 3376 4089 ;
3420 4036 3568 4080 extra

1991 4129 2189 4192 omnia,
2228 4127 2318 4181 sed
2363 4142 2467 4178 non
2505 4121 2800 4178 exclusum.
2853 4122 2918 4174 Et
2966 4123 3083 4175 ideo
3126 4119 3349 4172 interior
3387 4134 3465 4180 es,
3512 4127 3570 4169 ut

1991 4217 2170 4272 omnia
2204 4215 2516 4277 contineas;
2559 4213 2678 4265 ideo
2713 4211 2949 4265 exterior
2977 4225 3056 4272 es,
3086 4216 3143 4262 ut
3177 4206 3572 4260 incircumscri-

1989 4315 2095 4375 ptae
2120 4303 2498 4373 magnitudinis
2519 4311 2625 4355 tum
2651 4300 3013 4354 immensitate
3043 4300 3223 4352 omnia
3261 4295 3569 4351 concludas.

1993 4393 2096 4449 Per
2120 4395 2171 4447 id
2197 4407 2324 4461 ergo
2351 4391 2492 4460 quod
2536 4389 2773 4444 exterior
2810 4405 2888 4452 es,
2926 4385 3228 4442 ostenderis
3259 4399 3379 4439 esse
3415 4384 3574 4438 Crea-

1921 4471 1962 4526 Ῐ)
1991 4491 2094 4538 tor.
2147 4483 2250 4536 Per
2283 4481 2336 4536 id
2378 4495 2506 4535 vero
2550 4481 2690 4549 quod
2737 4479 2961 4533 interior
2994 4493 3087 4541 es,
3145 4476 3328 4531 omnia
3376 4476 3567 4545 guber-

1993 4590 2124 4630 nare
2147 4583 2201 4628 et
2237 4587 2421 4644 regere
2450 4571 2857 4627 demonstraris.
2907 4569 2985 4624 Ac
3028 4584 3094 4622 ne
3135 4584 3197 4621 ea
3225 4583 3346 4637 qua:
3389 4575 3565 4621 creata

1995 4674 2119 4722 sunt
2154 4667 2269 4721 sine
2312 4674 2363 4718 te
2393 4674 2593 4728 essent,
2643 4673 2697 4717 tu
2734 4664 2872 4717 intra
2908 4661 3088 4715 omnia
3130 4674 3207 4714 es.
3260 4660 3459 4714 Verum
3505 4673 3567 4711 ne

1994 4769 2147 4813 extra
2171 4768 2222 4811 te
2253 4765 2450 4818 essent,
2489 4765 2544 4810 tu
2581 4756 2819 4811 exterior
2842 4769 2932 4818 es;
2969 4763 3028 4807 ut
3051 4752 3228 4805 omnia
3255 4749 3570 4806 concludan-

1996 4857 2084 4902 tur
2112 4863 2142 4900 a
2189 4856 2257 4910 te,
2304 4863 2407 4900 non
2439 4845 2593 4900 loculi
2625 4845 3007 4914 magnitudine,
3043 4843 3135 4896 sed
3171 4841 3452 4910 potentiali
3479 4855 3570 4909 p0-

1994 4937 2181 5000 tentia,
2222 4936 2346 5006 quia
2392 4936 2587 5002 ubique
2632 4949 2689 4987 es
2719 4948 2974 5002 praesens,
3013 4940 3067 4985 et
3090 4931 3270 4984 omnia
3317 4930 3412 4984 tibi
3443 4944 3572 5000 pne-

1995 5028 2196 5089 sentia;
2229 5025 2473 5094 quamvis
2497 5025 2710 5092 quidam
2738 5024 2836 5076 hac
2859 5021 3178 5090 intelligant,
3205 5019 3423 5088 quidam
3448 5027 3570 5072 vero

1998 5134 2103 5173 non
2133 5117 2431 5186 intelligant
2529 5112 2534 5118 ’

2067 5225 2224 5296 39],
2255 5224 2370 5278 XX.
2416 5224 2536 5278 ll;ec
2573 5232 2627 5277 et
2665 5223 2767 5276 alia
2816 5221 2981 5275 multa
3036 5221 3217 5274 docuit
3270 5234 3354 5274 me
3405 5230 3569 5274 mater

2003 5319 2263 5382 Ecclesia,
2307 5327 2480 5370 mater
2525 5323 2735 5380 sancta,
2787 5312 3108 5367 universalis
3157 5319 3212 5365 et
3253 5311 3564 5368 orthodoxa.

2004 5410 2155 5479 cujus
2205 5424 2290 5462 mc
2360 5406 2476 5460 ﬁeri
2543 5406 2844 5459 membrum
2905 5403 3122 5456 voluisti
3188 5416 3288 5470 per
3346 5401 3562 5471 gravata

2003 5509 2173 5564 tuam,
2221 5507 2274 5554 et
2314 5501 2379 5553 de
2422 5496 2574 5566 cujus
2621 5495 2825 5551 cmlesti
2875 5495 3119 5550 doctrina
3150 5509 3235 5547 me
3264 5493 3340 5548 ita
3367 5502 3567 5547 certum

2005 5599 2165 5659 atque
2208 5605 2458 5645 securum
2496 5589 2548 5642 in
2576 5587 2827 5642 omnibus
2855 5602 2955 5656 pro
2992 5594 3080 5640 tua
3114 5584 3337 5638 reddere
3378 5583 3567 5652 pietate

2006 5681 2253 5750 dignatus
2279 5694 2356 5745 es,
2389 5678 2631 5743 Domine,
2663 5690 2759 5746 per
2785 5677 3054 5734 assiduam
3082 5684 3184 5731 tute
3211 5671 3566 5740 inspirationis
