3934 6180
464 250 594 306 ΙΟΗ

1162 246 1309 304 OPP.
1350 247 1579 303 DUBlA.
1620 278 1687 286 —
1726 245 1954 300 ALBlNl
1992 243 2368 298 CONFESSIO
2405 243 2601 299 FIDE].
2642 273 2713 283 —-
2751 243 2929 299 PARS
2965 245 3005 297 Ι.

3572 243 3710 300 1042

463 363 933 427 illuminationem,
973 379 1037 416 ac
1066 362 1110 416 si
1141 362 1327 423 multa,
1373 376 1491 428 quae
1529 360 1708 415 clausa
1751 356 2025 429 mysteriis
2056 358 2098 413 Α
2127 355 2247 408 dem
2272 367 2533 424 personae,
2574 355 2667 409 sed
2706 372 2810 410 una
2851 356 3187 419 substantia;
3227 355 3364 408 sicut
3389 353 3547 425 ignis,
3581 372 3709 411 can-

460 453 649 517 latent,
671 468 775 507 non
814 468 910 522 per
936 452 1227 522 speculum,
1258 453 1349 506 sed
1375 451 1510 505 facie
1542 450 1606 504 ad
1635 448 1824 503 faciem
1858 448 2030 500 intue-

458 558 568 599 rer.
598 543 793 599 Docuit
820 544 999 613 igitur,
1031 550 1084 596 te
1111 543 1280 597 solum
1308 542 1510 603 vivum,
1540 550 1593 594 ct
1624 554 1807 593 verum
1840 537 2028 601 Deum,

458 647 565 686 non
590 647 713 688 esse
733 648 1073 702 corporeum,
1101 631 1183 685 vel
1206 630 1534 702 passibilcm,
1564 637 1656 683 aut
1675 625 2027 698 palpabilem:

454 725 655 781 nullam
695 726 768 780 tui
796 734 1001 794 partem
1048 724 1325 794 corporeis
1372 722 1542 777 oculis
1587 735 1746 791 posse
1796 717 2026 773 sentiri:

458 796 594 870 nihil
624 815 691 869 de
730 813 1028 869 substantia
1056 819 1146 867 tua
1171 822 1331 881 atque
1355 820 1547 865 natura
1582 811 1689 864 ullo
1724 808 1881 862 modo
1910 820 2030 861 esse

455 902 726 969 violabile,
767 908 860 955 aut
888 900 1327 969 eomposititium,
1360 909 1451 953 aut
1480 899 1683 954 ﬁctum.
1724 895 1868 950 Nihil
1899 896 1950 950 in
1977 902 2027 949 te

453 992 629 1063 majus
670 998 762 1045 aut
806 990 1029 1045 inferius
1062 991 1380 1053 habentem;
1418 988 1511 1043 sed
1539 1004 1634 1057 per
1660 1002 1874 1042 omnem
1913 1000 2027 1040 mo-

455 1082 583 1136 dum
613 1094 681 1135 ex
703 1080 847 1134 omni
872 1088 1026 1150 parte
1051 1080 1165 1134 sine
1188 1077 1529 1133 deformitate
1556 1076 1875 1148 perfectum,
1911 1076 2027 1130 sine

454 1169 758 1240 quantitate
805 1184 1083 1241 magnum,
1137 1169 1251 1223 sine
1299 1168 1555 1238 qualitate
1608 1168 1847 1232 bonum,
1909 1167 2026 1221 sine

455 1270 695 1332 tempore
751 1263 1156 1332 sempiternum,
1203 1263 1321 1317 sine
1370 1271 1544 1317 morte
1578 1262 1768 1326 vitam,
1797 1261 1913 1314 sine
1944 1260 2024 1313 in-

453 1351 710 1407 ﬁrmitate
735 1351 954 1418 fortem,
982 1353 1100 1408 sine
1126 1353 1408 1408 mendacio
1437 1353 1738 1415 veritatem,
1771 1351 1886 1405 sine
1905 1349 2025 1403 loco

452 1445 653 1515 ubique
683 1452 877 1510 totum,
910 1445 1025 1500 sine
1056 1446 1160 1500 situ
1192 1445 1389 1514 ubique
1423 1452 1762 1514 praesentem,
1790 1443 1905 1497 sine
1931 1458 2023 1497 ex-

451 1538 697 1593 tensione
718 1537 899 1593 omnia
926 1537 1257 1607 implentem,
1288 1537 1405 1591 sine
1433 1536 1800 1591 contractione
1826 1534 2024 1603 ubique

450 1635 859 1691 occurrentem,
912 1627 1032 1681 sine
1086 1635 1233 1680 motu
1286 1627 1467 1680 omnia
1518 1627 2019 1688 transcendentem,

2131 444 2247 506 dor,
2282 443 2449 509 calor,
2488 444 2590 497 tria
2625 447 2861 511 nomina,
2904 447 3000 500 sed
3041 462 3129 501 res
3170 461 3273 499 una
3304 464 3316 497 :
3347 446 3483 501 sicut
3510 463 3711 503 memo-

2130 533 2229 597 ria,
2275 532 2605 599 intellectus,
2644 535 2911 601 voluntas,
2945 551 3067 606 quae
3094 536 3466 606 separabiliter
3493 537 3711 592 demon-

2133 632 2397 688 strantur,
2453 634 2507 679 et
2561 626 2988 697 inseparabiliter
3018 636 3353 698 operantur.
3407 626 3466 681 Si
3509 627 3612 683 hoc
3656 629 3710 682 in

2128 711 2394 765 creaturis
2440 712 2735 779 invenitur,
2771 715 2899 784 quid
2926 717 2993 771 de
3019 726 3069 771 te
3113 716 3372 772 Creatore
3408 716 3709 788 intelligen-

2127 801 2253 855 dum
2274 802 2392 856 est?
2442 798 2663 858 Natura
2708 807 2906 876 quippe
2960 822 3185 862 summa:
3252 807 3548 862 divinitatis
3605 815 3709 862 tum

2127 893 2416 948 immobilis
2478 904 2561 950 est
2612 896 2758 951 omni
2819 899 2977 952 modo
3037 906 3092 951 et
3152 896 3522 951 immutabilis.
3578 894 3711 952 Per-

2126 997 2273 1037 some
2312 998 2443 1037 vero
2482 984 2708 1040 mobiles
2737 993 2863 1039 sunt
2894 985 3187 1040 secundum
3225 986 3559 1049 relationem,
3603 1000 3709 1039 non

2116 1066 2272 1137 juxta
2298 1074 2715 1141 proprietatem;
2745 1082 2800 1128 et
2828 1073 2949 1129 ideo
2976 1075 3029 1129 in
3067 1074 3327 1129 relatione
3354 1090 3707 1135 personarum

2125 1160 2385 1228 Trinitas,
2416 1163 2470 1217 in
2501 1172 2707 1219 natura:
2748 1180 2877 1220 vero
2924 1165 3226 1219 substantia
3272 1166 3471 1219 unitas.
3521 1164 3711 1220 Unitas

2123 1251 2388 1321 siquidem
2421 1261 2641 1325 propter
2673 1245 3093 1325 inseparabilem
3134 1255 3361 1309 Deitatis
3394 1250 3706 1318 essentiam,

2124 1338 2362 1403 Trinitas
2399 1357 2576 1403 autem
2610 1356 2832 1420 propter
2860 1350 3227 1405 diversitatem
3256 1350 3556 1407 nominum.
3592 1348 3707 1402 Non

2123 1437 2264 1492 enim
2292 1440 2505 1495 nomina
2530 1450 2760 1507 tantum,
2791 1440 2882 1496 sed
2910 1443 3073 1496 etiam
3095 1442 3370 1499 nominum
3399 1444 3704 1517 proprieta-

2123 1536 2221 1593 tes,
2249 1528 2352 1584 hoe
2400 1537 2518 1597 est,
2569 1545 2830 1599 personas
2872 1531 2991 1596 vel,
3040 1540 3099 1585 ut
3138 1529 3311 1588 Graeci
3355 1526 3694 1607 exprimunt,

2121 1620 2450 1683 ὑποστάσεις,
2478 1621 2530 1675 id
2562 1631 2664 1687 est,
2697 1621 3072 1677 subsistentias
3103 1622 3441 1688 confitemur,
3472 1623 3589 1677 lucc
3619 1630 3703 1676 ta-

448 1719 567 1774 sine
592 1724 732 1772 statu
771 1717 913 1772 intra
952 1717 1131 1771 omnia
1179 1725 1503 1781 manentem,
1556 1716 1673 1771 sine
1728 1714 2022 1784 indigentia
2060 1698 2100 1754 B
2128 1725 2249 1762 men
2277 1710 2507 1765 diCimUS
2542 1711 2607 1766 de
2648 1720 2724 1776 ιε»
2761 1711 2901 1767 Deus
2943 1721 3144 1777 HOSlel‘.
3193 1719 3253 1766 ιη
3296 1720 3474 1783 ροιθεῑ
3510 1712 3705 1768 intelli-

454 1807 638 1861 omnia
662 1814 959 1869 creantem,
1000 1806 1115 1860 sine
1146 1805 1325 1861 labore
1362 1806 1540 1861 omnia
1572 1810 1871 1876 regentem,
1910 1804 2027 1859 sine

378 1942 381 1943 ν
453 1899 528 1951 tui
576 1898 729 1952 initio
774 1897 1027 1952 omnibus
1070 1895 1283 1949 initium
1327 1896 1565 1960 dantem,
1600 1897 1716 1951 sine
1744 1896 1820 1950 tui
1854 1904 2027 1949 muta-

450 1989 593 2043 tione
630 1987 807 2042 omnia
853 1985 1130 2040 mutabilia
1169 1984 1477 2050 facientem,
1524 1993 1683 2054 atque
1732 1998 1946 2055 semper
1974 1992 2026 2038 et

447 2076 643 2145 ubique
666 2075 785 2130 sine
807 2073 912 2128 fine
937 2081 1271 2142 regnantem.

520 2165 658 2220 XXI.
699 2165 925 2219 Domine
972 2164 1114 2219 Deus
1157 2178 1279 2224 une,
1327 2162 1470 2217 Deus
1513 2163 1772 2228 Trinitas,
1805 2177 1923 2233 quae
1952 2163 2026 2217 in-

449 2254 1010 2326 comprehensibiliter
1053 2253 1214 2308 rebus
1253 2253 1503 2308 omnibus
1544 2253 1851 2320 antecelis,
1893 2254 2027 2309 adeo

451 2359 513 2399 es
539 2342 851 2409 inen‘abilis,
881 2343 1109 2407 infinita,
1137 2350 1190 2396 et
1216 2341 1797 2412 incomprehensibilis,
1819 2350 1878 2396 ut
1902 2355 2026 2412 par-

452 2436 734 2490 vissimum
779 2436 849 2490 sit
891 2432 1044 2490 valde
1087 2449 1266 2498 omne,
1313 2433 1456 2503 quod
1498 2433 1563 2489 de
1605 2442 1658 2487 te
1691 2433 1795 2488 dici
1825 2441 2021 2504 potest.

447 2526 611 2581 Multa
640 2527 785 2581 enim
814 2526 1063 2591 dicimus,
1106 2524 1203 2580 sed
1248 2525 1405 2595 plene
1448 2524 1521 2590 id,
1566 2525 1709 2595 quod
1734 2538 1813 2590 es,
1845 2523 2025 2579 dicere

449 2634 557 2674 non
602 2633 919 2688 possumus,
964 2624 1019 2673 et
1055 2617 1179 2687 quia
1221 2618 1595 2672 universorum
1636 2616 2023 2672 consummatio

446 2723 762 2763 sermonum
810 2708 926 2778 ipse
969 2722 1048 2762 es.
1092 2706 1225 2761 Cum
1255 2722 1382 2777 ergo
1424 2707 1829 2776 pervenerimus
1854 2705 1921 2759 ad
1948 2714 2021 2771 te,

445 2798 737 2852 cessabunt
776 2797 964 2867 procul
1005 2796 1170 2851 duLio
1211 2796 1377 2851 multa
1419 2796 1521 2851 ista
1551 2811 1668 2865 qua:
1692 2795 1939 2860 dicimus,
1969 2803 2024 2849 et

447 2889 692 2945 nnnebis
729 2904 869 2943 unus
905 2888 1085 2943 omnia
1113 2888 1167 2942 in
1195 2888 1460 2952 omnibus,
1500 2894 1555 2941 et
1591 2888 1708 2942 sine
1740 2886 1845 2940 fine
1873 2885 2027 2940 dicc—

2127 1798 2305 1869 gentia
2343 1800 2578 1855 humana
2627 1815 2841 1871 capere.
2889 1801 3156 1857 Caeterum
3197 1801 3319 1872 quis
3366 1801 3420 1856 in
3460 1802 3565 1857 hac
3593 1804 3705 1857 vita

2126 1892 2332 1959 positus
2352 1891 2436 1944 vel
2468 1891 2764 1947 cristallino
2793 1901 3010 1963 pectore
3036 1891 3263 1948 sumciat
3298 1902 3584 1963 penetrare
3625 1894 3701 1947 tui

2126 1982 2296 2053 ipsius
2336 1981 2619 2037 Trinitatis
2650 1982 2859 2037 interna
2890 1983 3180 2055 mysteria?
3211 1982 3491 2050 Quomodo
3519 1983 3699 2047 Pater,

2126 2070 2296 2126 Filius
2324 2081 2379 2126 et
2405 2070 2639 2140 Spiritus
2678 2080 2896 2128 sanctus
2926 2083 3037 2128 tres
3063 2089 3309 2144 personas
3340 2076 3491 2140 estis,
3518 2084 3573 2130 et
3597 2091 3701 2129 una

2127 2171 2349 2226 natura;
2391 2163 2657 2231 quomodo
2697 2174 2752 2216 tu
2788 2163 2950 2217 Pater
2979 2165 3175 2219 diceris
3203 2165 3492 2236 ingenitus,
3535 2165 3702 2221 Filius

2125 2251 2366 2321 genitus,
2405 2250 2639 2322 Spiritus
2669 2268 2799 2307 vero
2826 2262 3067 2320 sanctus,
3098 2268 3197 2309 nec
3223 2255 3453 2325 genitus,
3494 2271 3593 2310 nec
3623 2257 3703 2311 in-

2124 2340 2361 2409 genitus,
2407 2340 2504 2396 sed
2545 2342 2840 2411 procedens
2873 2342 3114 2408 dicatur;
3148 2346 3413 2413 quomodo
3444 2345 3612 2401 Filius
3636 2348 3702 2402 de

2126 2439 2197 2495 te,
2221 2429 2401 2497 Pater,
2446 2439 2604 2507 natus
2639 2443 2742 2498 est,
2769 2432 3003 2503 Spiritus
3028 2444 3246 2490 sanctus
3272 2437 3337 2491 de
3366 2444 3420 2492 te
3454 2439 3698 2507 procedit

2123 2531 2177 2574 et
2217 2519 2383 2587 Filio;
2433 2504 2701 2591 quomodo
2745 2521 2914 2577 Filius
2962 2525 3231 2579 nascendo
3279 2541 3383 2580 non
3431 2504 3697 2597 procedit,

2123 2608 2360 2680 Spiritus
2408 2618 2630 2666 sanctus
2676 2612 3013 2682 procedendo
3065 2628 3171 2667 non
3218 2614 3500 2681 nascitur;
3561 2632 3696 2685 quo-

2121 2702 2282 2758 modo
2315 2702 2486 2759 Filius
2510 2718 2615 2758 non
2652 2704 2717 2759 de
2748 2719 2828 2771 se,
2859 2706 2953 2761 sed
2980 2705 3047 2761 de
3075 2714 3127 2761 te
3147 2715 3249 2771 est,
3289 2720 3390 2763 nec
3416 2718 3595 2763 tamen
3620 2710 3697 2762 tui

2120 2798 2206 2847 est
2227 2793 2514 2862 posterior,
2541 2795 2606 2849 de
2635 2810 2742 2863 quo
2772 2803 2885 2861 est;
2920 2797 3187 2866 quomodo
3215 2796 3448 2869 Spiritus
3478 2807 3699 2854 sanctus

2121 2882 2188 2935 de
2203 2889 2256 2937 te
2270 2882 2513 2952 procedit
2533 2894 2587 2938 et
2602 2885 2756 2950 Filio,
2774 2902 2872 2943 nec
2897 2895 3074 2944 tamen
3095 2905 3125 2944 a
3142 2890 3294 2946 vobis
3306 2892 3650 2961 prmceditur,
3669 2908 3698 2945 a

446 2994 568 3034 tuus
602 2994 801 3044 unum,
843 2977 1126 3032 laudantes
1155 2986 1208 3032 te
1237 2993 1423 3053 unum,
1454 2985 1508 3031 et
1537 2977 1588 3030 in
1621 2984 1673 3031 te
1700 2974 1827 3029 facti
1855 2974 2019 3029 etiam
2053 3037 2094 3053 Α
2123 2974 2319 3042 quibus
2343 2977 2616 3044 procedit;
2647 2979 2916 3046 quomodo
2942 2981 3044 3034 tria
3079 2997 3244 3036 unum
3270 2983 3421 3045 estis,
3452 2990 3508 3036 et
3535 2998 3700 3037 unum

448 3080 548 3121 nos
578 3081 775 3132 unum;
813 3067 1060 3120 videntes
1089 3074 1141 3120 te
1164 3046 1365 3136 iugiter
1404 3065 1521 3119 sine
1562 3064 1667 3119 line
1704 3064 2022 3134 incorrupti-
2049 3037 2097 3099 (ἶ
2128 3062 2250 3127 tria;
2279 3065 2548 3132 quomodo
2570 3065 2797 3121 invicem
2813 3067 3035 3123 relative
3056 3069 3160 3123 tria
3173 3070 3326 3135 estis,
3341 3070 3702 3126 essentialitor

448 3157 629 3220 bilem,
659 3170 868 3211 summe
890 3155 1321 3226 inseparabilem,
1363 3169 1595 3225 vereque
1638 3154 2024 3210 immutabilem

448 3246 798 3312 Trinitatem;
830 3255 888 3302 et
915 3248 968 3301 in
1001 3254 1052 3302 te
1092 3248 1273 3301 omnia
1316 3248 1566 3312 scientes,
1612 3256 1667 3302 et
1706 3261 1866 3302 omne
1895 3262 2026 3319 gau-

445 3334 595 3392 dium
647 3336 702 3390 in
749 3345 802 3390 te
856 3335 1241 3406 perpetualiter
1285 3351 1596 3391 mansurum
1644 3336 1907 3390 habentes
1955 3338 2024 3392 ab

442 3431 591 3485 omni
622 3430 799 3485 sanati
826 3430 1085 3501 languore
1114 3440 1167 3486 et
1198 3431 1252 3485 in
1277 3431 1421 3485 illam
1463 3431 1883 3487 immortalitatis
1912 3432 2023 3504 glo-

447 3525 587 3579 riam
641 3523 1008 3579 transformati
1033 3564 1048 3588 ,
1100 3539 1222 3579 eum
1276 3524 1480 3578 venerit
1537 3523 1670 3578 visio
1722 3524 1856 3590 lucc,
1903 3539 2022 3593 qua

448 3616 624 3672 danda
668 3612 806 3669 faeie
841 3613 909 3668 ad
946 3607 1138 3668 faciem
1184 3613 1532 3683 promittitur,
1579 3613 1797 3681 quando
1844 3613 2021 3683 palam

447 3706 605 3761 nobis
652 3706 722 3760 de
768 3704 980 3761 eunetis
1022 3703 1426 3757 annuntiabitur
1474 3702 1767 3772 mysteriis,
1806 3711 1861 3757 et
1897 3702 2022 3758 ﬁdei

443 3795 676 3866 species,
708 3803 869 3864 atque
894 3793 1011 3864 spei
1040 3807 1129 3848 res
1158 3792 1466 3856 succedent,
1512 3801 1639 3846 tunc
1674 3792 1874 3847 clarius
1904 3808 2022 3847 cer-

446 3887 659 3955 tiusque
691 3886 927 3941 scientes
953 3884 1280 3939 intuebimur
1319 3882 1453 3937 nihil
1494 3893 1736 3938 creatum
1777 3891 1871 3937 aut
1908 3898 2022 3938 ser-

445 3974 597 4028 viens
624 3974 677 4029 in
705 3983 776 4038 te,
808 3973 1047 4028 Trinitas
1075 3988 1204 4027 una.
1243 3970 1385 4026 Nihil
1426 3972 1706 4042 inaequale,
1745 3972 1877 4027 nihil
1901 3988 2022 4042 gra-

444 4064 519 4118 tia
548 4066 772 4135 aequale,
804 4064 938 4120 nihil
967 4064 1230 4130 anterius,
1260 4064 1616 4135 posteriusve,
1654 4071 1747 4118 aut
1799 4065 1977 4119 minus
2002 4082 2016 4129 ;

444 4155 579 4210 nihil
600 4164 921 4211 extraneum
955 4163 1048 4210 aut
1080 4154 1306 4210 oﬁiciale
1332 4155 1507 4221 alteri,
1540 4154 1671 4209 nihil
1701 4155 2021 4225 pervasione

446 4255 541 4301 aut
563 4247 909 4318 subreptione
953 4247 1236 4311 insertum,
1282 4245 1414 4301 nihil
1445 4246 1687 4300 moribus
1719 4246 1801 4300 vel
1830 4246 2021 4302 volun-

2124 3168 2320 3220 unum;
2372 3155 2642 3223 quomodo
2684 3157 2859 3211 trinus
2904 3166 2958 3213 et
3005 3174 3146 3213 unus
3193 3159 3354 3224 Deus,
3411 3174 3515 3214 non
3557 3159 3699 3215 loca-

2124 3244 2247 3299 liter
2285 3246 2377 3300 sed
2416 3245 2614 3315 ubique
2651 3261 2744 3309 es,
2799 3256 2853 3302 et
2898 3264 3002 3302 non
3047 3243 3412 3318 particulatim
3461 3249 3696 3320 ubique,

2124 3336 2217 3392 sed
2245 3337 2440 3408 ubique
2465 3345 2627 3403 totus,
2664 3339 2861 3409 ubique
2890 3354 3146 3410 praesens.
3185 3340 3302 3395 sine
3323 3341 3447 3404 situ,
3480 3341 3603 3396 loco
3642 3352 3699 3397 et

2124 3437 2293 3484 motu.

2193 3521 2381 3578 XXlll.
2416 3523 2546 3590 Quis
2569 3526 2694 3589 ista,
2725 3539 2874 3596 rogo,
2903 3523 3240 3579 consideret?
3261 3523 3381 3592 quis
3412 3523 3527 3579 hzcc
3550 3539 3697 3579 com-

2121 3610 2415 3678 prehendat
2452 3612 2789 3681 quantalibet
2833 3612 3100 3683 probitate
3135 3612 3216 3667 vel
3243 3612 3465 3667 scientia
3506 3614 3700 3682 praedi-

2123 3702 2247 3755 tus?
2280 3700 2393 3757 Hoc
2423 3714 2603 3759 tamen
2630 3705 2685 3757 in
2713 3718 2808 3773 spe
2847 3704 3222 3772 promissionis
3260 3703 3552 3773 repositum
3592 3712 3695 3769 est,

2122 3791 2248 3859 quia
2279 3793 2581 3848 videbimus
2626 3802 2697 3858 te,
2746 3794 2997 3858 Domine;
3042 3802 3096 3849 et
3139 3802 3289 3848 tanto
3332 3795 3700 3864 unusquisque

2121 3884 2502 3953 perspicacius,
2539 3893 2739 3954 quanto
2777 3886 2865 3940 hic
2907 3886 3101 3941 vixerit
3136 3886 3351 3957 purius;
3391 3884 3515 3955 quia
3543 3902 3697 3940 mun-

2122 3978 2388 4041 dicordcs,
2421 3987 2558 4034 teste
2588 3978 2889 4048 Scriptura,
2917 3979 3173 4035 videbunt
3202 3981 3365 4034 Deum
3396 3977 3607 4051 (Manli.
3640 3996 3692 4044 v,

2122 4067 2199 4135 8).
2242 4065 2441 4136 Aperte
2486 4083 2720 4138 namque
2763 4066 3054 4132 videbitur,
3105 4079 3296 4124 cuncta
3346 4070 3542 4125 mentis
3584 4066 3698 4137 jam

2123 4157 2333 4212 detersa
2362 4158 2606 4230 caligine,
2639 4158 2907 4229 quomodo
2952 4158 3141 4224 Filius,
3188 4160 3277 4229 qui
3322 4158 3544 4213 oricndo
3590 4167 3695 4225 est,

2126 4249 2239 4314 tibi,
2266 4249 2445 4315 Pater,
2493 4252 2560 4306 de
2603 4264 2711 4320 quo
2737 4252 2929 4314 oritur,
2968 4251 3297 4320 subsequens
3343 4264 3449 4304 non
3492 4257 3603 4313 cst;
3641 4259 3698 4303 ct

446 4347 561 4393 tate
604 4338 905 4401 diversum,
960 4336 1095 4392 nihil
1142 4337 1318 4392 ollieio
1364 4335 1655 4407 singulare,
1709 4352 1809 4392 nec
1865 4337 2017 4392 alteri
2054 4375 2101 4434 υ
2124 4340 2393 4410 quomodo
2428 4340 2664 4411 Spiritus
2699 4342 3006 4405 amborum,
3036 4341 3128 4410 qui
3165 4355 3261 4411 per
3295 4339 3696 4410 processionem

443 4430 914 4494 eommunicabile,
956 4429 1087 4484 nihil
1131 4428 1448 4484 confusum:
1494 4428 1589 4484 sed
1635 4438 1805 4483 totum
1847 4429 2020 4500 perfe-

442 4525 612 4580 ctum,
656 4518 784 4588 quia
817 4526 985 4572 totum
1010 4532 1076 4572 ex
1112 4533 1241 4583 uno,
1266 4526 1320 4573 et
1345 4534 1530 4583 unum,
1575 4532 1681 4573 non
1719 4525 1898 4573 tamen
1931 4534 2021 4574 so-

443 4607 722 4672 litarium,
771 4609 1027 4677 quoniam
1070 4623 1334 4662 summum
1380 4608 1599 4672 bonum,
1659 4617 1714 4661 et
1759 4623 2022 4663 summam

446 4697 809 4767 sapientiam,
863 4704 919 4751 et
962 4712 1228 4752 summam
1278 4698 1663 4767 benignitatem
1708 4706 1760 4751 te
1807 4696 2024 4768 (sancte

448 4786 635 4858 Pater)
675 4788 915 4842 omnium
947 4787 1288 4858 principium,
1325 4798 1381 4841 et
1404 4788 1687 4842 veritatem
1719 4796 1883 4853 tuam,
1924 4804 2021 4858 per

443 4899 608 4953 quam
651 4891 702 4937 te
749 4881 1116 4953 intelligimus,
1167 4882 1309 4935 nulla
1346 4897 1429 4936 ex
1466 4893 1620 4951 parte
1651 4883 1745 4936 tibi
1778 4883 2014 4938 dissimi-

445 4973 573 5036 lem,
599 4987 719 5041 quae
766 4971 937 5026 forma
965 4980 1049 5026 est
1093 4972 1333 5025 omnium
1380 4980 1435 5027 et
1482 4988 1600 5041 quzc
1648 4972 1761 5027 sola
1811 4973 2017 5043 implet,

442 5064 589 5132 quod
613 5071 871 5133 appetunt
895 5062 1095 5127 omnia,
1122 5062 1388 5131 simulque
1412 5062 1584 5132 ipsum
1616 5051 1894 5132 utriusque
1918 5064 2017 5119 do-

444 5166 596 5215 num,
629 5165 737 5220 quo
782 5151 939 5205 beata
970 5159 1117 5213 sunt,
1147 5165 1482 5220 quazcunque
1516 5151 1670 5204 beata
1705 5160 1829 5205 sunt
1858 5152 1908 5206 in
1942 5162 2014 5217 te,

443 5247 646 5294 etcum
669 5248 719 5294 te
741 5238 967 5295 colimus
999 5248 1053 5292 et
1077 5238 1398 5302 adoramus;
1425 5252 1583 5291 unam
1617 5239 1820 5294 scilicet
1846 5250 1901 5295 et
1935 5242 2019 5296 in-

443 5330 881 5386 commutabilem
907 5329 1243 5384 Trinitatem.

519 5417 681 5473 X-Xll.
721 5418 852 5473 Cum
884 5418 1025 5472 enim
1052 5418 1210 5471 tertio
1238 5417 1518 5486 repetitur,
1548 5417 1688 5487 quod
1720 5434 1882 5474 unum
1910 5430 2020 5487 est,

445 5521 555 5563 non
599 5522 858 5563 numerus
896 5517 1267 5573 coacervatur,
1311 5509 1406 5562 sed
1441 5520 1605 5562 unum
1644 5508 1773 5565 illud
1796 5527 1915 5567 esse
1938 5529 2025 5567 as-

446 5600 662 5656 scritur.
705 5599 960 5672 Gignens,
994 5601 1226 5673 genitus,
1276 5609 1331 5655 et
1372 5602 1687 5673 procedens,
1741 5612 1851 5659 tres
1904 5606 2022 5674 qui-

2123 4428 2457 4498 produeitur,
2489 4444 2517 4481 a
2552 4429 2703 4483 vobis
2732 4427 3128 4498 profcreatibus
3159 4444 3264 4482 non
3290 4428 3539 4497 prmitur;
3564 4442 3695 4497 quo—

2126 4517 2285 4572 modo
2308 4527 2362 4571 et
2384 4533 2547 4571 unum
2575 4517 2917 4572 divisibiliter
2939 4517 3063 4581 tria,
3087 4524 3142 4571 et
3171 4518 3271 4571 tria
3301 4515 3697 4572 indivisibiliter

2123 4624 2292 4663 unum
2333 4609 2483 4664 estis.
2536 4609 2664 4663 Visa
2704 4609 2848 4662 enim
2885 4606 3119 4673 claritas,
3177 4623 3239 4661 ac
3280 4608 3332 4661 in
3370 4606 3691 4677 patefactam

2124 4701 2282 4756 nobis
2311 4711 2416 4754 tua:
2444 4699 2743 4767 majestatis
2770 4700 3001 4769 speciem
3031 4715 3223 4769 purum
3246 4699 3476 4755 amantis
3500 4700 3695 4755 mentis

2126 4789 2378 4843 intuitum
2401 4789 2617 4858 rapiens
2637 4788 2953 4843 sublevabit.
2992 4788 3099 4843 Sed
3124 4792 3236 4860 ipsa
3258 4789 3477 4845 claritas
3499 4798 3691 4844 natura

2126 4886 2228 4945 est,
2243 4887 2299 4933 et
2309 4879 2423 4950 ipsa
2435 4887 2622 4933 natura
2638 4878 2855 4933 claritas
2869 4886 2971 4934 est.
2989 4878 3118 4945 Qua:
3131 4879 3382 4934 nimirum
3393 4879 3530 4934 visio
3550 4895 3694 4935 nunc

2127 4971 2231 5026 fide
2256 4972 2562 5036 inchoatur,
2588 4970 2681 5025 sed
2708 4971 2905 5025 tunein
2923 4972 3101 5041 specie
3126 4971 3455 5041 perficietur,
3478 4972 3692 5041 quando

2126 5077 2447 5118 coaaternam
2465 5063 2559 5117 tibi
2577 5063 2918 5132 sapientiam,
2933 5078 3093 5133 quam
3111 5063 3268 5118 modo
3286 5077 3385 5131 per
3396 5077 3493 5117 ora
3508 5064 3691 5118 docto—

2124 5168 2246 5207 rum
2268 5151 2531 5207 sumimus
2557 5151 2609 5204 in
2633 5151 2749 5221 ipso
2781 5150 2926 5206 fonte
2946 5151 3261 5206 biberimus.
3291 5150 3480 5207 Omnia
3512 5161 3691 5205 autem

2126 5250 2462 5299 sacramenta
2484 5281 2497 5305 ,
2529 5250 2582 5294 et
2605 5250 2796 5295 cuncta
2828 5242 2982 5295 nobis
3016 5255 3141 5300 tunc
3171 5244 3430 5311 patebunt
3471 5258 3686 5298 arcana.

2124 5335 2238 5389 Non
2268 5332 2769 5396 doctorum-verbis,
2808 5336 2913 5386 non
2941 5333 3013 5387 ibi
3042 5333 3162 5388 ullis
3192 5334 3546 5404 indigebimus
3576 5351 3693 5405 my—

2124 5425 2322 5480 steriis.
2360 5424 2521 5479 Facie
2549 5424 2613 5478 ad
2644 5423 2837 5478 faciem
2874 5424 3172 5479 videbimus
3199 5435 3269 5488 te,
3297 5426 3387 5480 sed
3418 5427 3558 5487 inde,
3588 5427 3689 5480 nisi

2122 5513 2294 5578 fallor,
2326 5514 2466 5568 unde
2497 5512 2666 5584 angeli
2698 5522 2750 5567 te
2781 5513 2983 5569 vident.
3033 5515 3170 5581 Quid
3212 5530 3309 5569 nos
3355 5525 3481 5570 tunc
3525 5516 3692 5569 latere

2120 5605 2338 5674 poterit,
2357 5604 2571 5675 quando
2591 5614 2646 5659 tu
2671 5603 2811 5659 Deus
2835 5612 3031 5669 noster,
3060 5606 3165 5659 vita
3192 5606 3504 5673 viventium,
3530 5624 3688 5661 causa
