3934 6180
304 339 437 397 MSS

1116 336 1173 389 Β.
1214 334 1278 388 F.
1307 327 1530 388 ALBINI
1567 324 1699 384 SEU
1738 321 2010 379 ALCUINI
2048 325 2332 384 OPERUM
2371 327 2550 383 PARS
2592 327 2719 384 VIII.

3420 323 3563 381 1048

300 472 608 522 causai-mn,
660 454 831 511 forma
875 453 1193 513 formarum,
1241 448 1413 504 forma
1458 441 1867 504 formosissima,
1906 446 1943 498 Α
1975 441 2228 498 humores
2255 443 2535 507 tumidant,
2578 443 2793 498 dolores
2830 451 3145 507 extenuant,
3193 443 3420 500 ardores
3460 460 3567 501 ex-

301 551 465 624 392
492 547 665 605 forma
691 543 1004 608 informata,
1042 551 1095 597 te
1139 539 1295 595 nobis
1333 537 1478 592 clara
1508 534 1715 590 visione
1747 531 1876 586 insi-

303 643 534 700 nuabis‘l
574 641 690 696 Non
734 641 879 696 enim
931 635 1207 705 indignum
1257 630 1352 685 tibi
1389 627 1625 693 videtur,
1674 639 1796 679 cum
1829 633 1878 676 te

305 735 534 791 formam
577 747 849 791 vocamus.
897 727 1031 785 Nam
1071 735 1162 781 tua
1190 721 1423 778 essentia
1453 727 1507 776 et
1534 719 1741 788 species
1772 715 1876 770 dici

304 835 483 902 potest
517 837 572 884 et
607 825 801 883 forma.
858 823 972 882 Non
1014 821 1213 876 frustra
1260 828 1370 872 tam
1418 814 1875 887 speciosissimum

305 934 471 990 quam
515 917 962 976 formosissimum
1014 913 1070 967 in
1125 909 1282 965 laude
1339 917 1428 962 tua
1478 907 1713 979 ponitur.
1773 903 1877 959 Sed

307 1011 481 1072 forma
523 1026 645 1083 qua:
684 1009 910 1066 materia
937 1013 1088 1064 caret
1115 1011 1169 1059 et
1197 1011 1368 1066 motu,
1400 1009 1639 1068 tempore
1663 1005 1716 1054 et
1739 997 1875 1060 loco,

309 1111 467 1172 atque
508 1103 627 1157 ideo
657 1115 818 1154 unum
845 1106 947 1162 eSt,
993 1105 1048 1150 et
1093 1103 1178 1151 est
1221 1094 1296 1159 id,
1341 1093 1483 1162 quod
1514 1100 1615 1146 est.
1655 1089 1879 1158 Reliqua

1975 535 2204 601 siccant,
2235 551 2362 591 aera
2390 535 2718 601 morbidant,
2747 551 2886 592 esca:
2913 533 3122 599 inﬂant,
3142 534 3354 606 jejunia
3378 552 3563 596 mace-

1977 633 2114 685 rant,
2157 624 2266 695 joci
2305 625 2542 690 solvunt,
2594 625 2828 679 tristitiae
2864 635 3211 690 consumunt,
3257 626 3563 685 sollicitudo

1975 721 2236 781 coarctat,
2279 715 2544 770 securitas
2578 713 2818 781 hebetat,
2855 715 3057 770 divitiae
3074 713 3303 783 jactant,
3337 731 3565 786 pauper-

1980 815 2060 858 tas
2103 803 2304 874 dejicit,
2340 804 2597 874 juventus
2621 806 2849 869 extollit,
2883 815 3136 864 senectus
3167 807 3455 872 incurvat:
3483 809 3564 867 in-

1979 895 2206 949 ﬁrmitas
2226 894 2446 965 frangit,
2478 911 2680 952 mmror
2702 897 2976 965 deprimit,
3007 905 3062 951 et
3085 909 3207 968 post
3235 899 3354 953 hare
3379 900 3561 957 omnia

1979 1002 2126 1040 mors
2179 985 2465 1051 interimit,
2503 986 2769 1044 universis
2805 987 3015 1058 gaudiis
3052 990 3212 1042 ﬁnem
3260 989 3564 1058 imponens,

1981 1079 2054 1132 ita
2089 1088 2148 1133 ut
2177 1094 2300 1136 cum
2334 1094 2455 1133 esse
2489 1079 2764 1143 desierint,
2797 1096 2897 1137 nec
2923 1079 3088 1137 fuisse
3122 1090 3404 1150 putentur.
3444 1081 3564 1136 lam

306 1169 438 1250 vero
481 1209 586 1248 non
624 1198 774 1257 sunt,
815 1189 867 1244 id
917 1188 1061 1257 quod
1100 1195 1245 1243 sunt.
1278 1185 1404 1240 Ηωο
1437 1183 1552 1238 sola
1598 1181 1882 1237 verissime
1974 1169 2196 1241 jamque
2244 1173 2516 1237 adwnial.
2557 1172 2802 1238 Domine.
2857 1174 3128 1239 adveniat,
3179 1176 3431 1240 0118901’0.
3483 1191 3566 1230 rc-

308 1286 488 1340 dicere
529 1290 754 1354 potest:
794 1281 906 1351 Ego
939 1296 1056 1334 sum
1101 1279 1190 1350 qui
1232 1293 1348 1332 sum
1396 1274 1593 1347 (Exod.
1637 1288 1720 1339 ιιι,
1770 1271 1878 1340 14).

307 1379 433 1436 llzec
475 1385 624 1435 tanta
669 1383 725 1430 et
764 1373 887 1432 talis
928 1381 1044 1438 est,
1091 1379 1150 1425 ut
1190 1371 1257 1425 de
1306 1367 1422 1437 ejus
1467 1366 1884 1438 pulchritudinis

305 1472 514 1530 visione
552 1469 628 1524 nil
670 1469 724 1526 in
765 1466 866 1522 hac
901 1467 1010 1521 vita
1041 1478 1304 1534 usurpare
1328 1462 1431 1518 sibi
1469 1477 1623 1516 mens
1648 1461 1882 1515 humana

306 1564 524 1628 audeat,
550 1561 692 1632 quod
723 1560 897 1618 solum
923 1558 1243 1614 electis'tuis
1277 1556 1558 1627 praemium
1603 1554 1656 1613 in
1699 1553 1886 1608 subse-

306 1654 490 1726 quenti
521 1651 954 1710 remuneratione
977 1664 1241 1704 reservas.

380 1743 568 1800 XXIV.
622 1743 757 1800 Cum
807 1759 938 1814 ergo
987 1743 1052 1798 ad
1095 1751 1149 1797 te
1193 1739 1631 1812 pervenerimus,
1683 1737 1886 1792 fontem

1981 1279 2144 1332 gnum
2192 1262 2319 1316 illud
2369 1277 2564 1317 carens
2622 1273 2826 1327 morte,
2882 1281 3082 1320 vacans
3110 1265 3235 1330 ﬁne,
3287 1267 3373 1322 cui
3422 1267 3566 1323 nulla

1984 1359 2221 1424 tempora
2256 1353 2545 1407 succedant
2587 1369 2684 1423 per
2717 1369 2911 1415 mvum,
2966 1354 3056 1407 ubi
3106 1355 3397 1410 continuus
3444 1356 3564 1410 sine

1984 1449 2139 1495 nocte
2175 1441 2290 1497 dies
2320 1441 2491 1498 nescit
2530 1441 2731 1497 habere
2759 1451 2990 1512 tempus,
3019 1444 3108 1497 ubi
3141 1453 3267 1497 sunt
3295 1445 3369 1498 illi
3411 1445 3566 1515 hym-

1983 1532 2150 1588 nidici
2199 1531 2515 1602 angelorum
2555 1533 2730 1598 chori,
2761 1541 2816 1587 et
2845 1533 3075 1587 societas
3111 1549 3466 1603 supernorum
3496 1535 3570 1588 ci-

1983 1625 2166 1688 vium;
2197 1623 2284 1678 ubi
2311 1623 2484 1681 dulcis
2523 1623 2840 1678 solemnitas
2865 1639 2894 1678 a
2935 1624 3386 1695 peregrinationis
3417 1623 3570 1692 huth

1986 1718 2171 1772 labore
2213 1717 2576 1783 redeuntium,
2623 1717 2714 1771 ubi
2741 1717 2950 1788 providi
2983 1718 3369 1788 prophetarum
3398 1719 3568 1781 chori,

307 1835 455 1900 νίκη,
499 1844 556 1889 ει
589 1843 851 1890 meum“,
871 1801 1089 1898 iumen,
1129 1801 1588 1888 ρι’άυιείεείωεηι
1626 1828 1884 1898 speciem,
1920 1801 1964 1862 Β
1990 1817 2045 1863 et
2075 1805 2237 1878 judex
2284 1820 2542 1863 numerus
2589 1807 2979 1879 apostolorum,
3022 1815 3182 1878 atque
3206 1807 3572 1864 innumerabi-

311 1941 378 1982 ex
400 1925 607 1980 visione
631 1932 720 1979 tua
745 1925 851 1979 erit
873 1923 1029 1978 nobis
1053 1920 1443 1976 delectabiliter
1469 1919 1727 1987 impressa
1751 1917 1888 1980 sitis,

311 2013 578 2084 simulque
602 2013 847 2069 satietas.
882 2012 988 2067 Sed
1020 2012 1175 2084 longe
1215 2010 1388 2065 aberit
1409 2025 1438 2062 a
1457 2008 1546 2064 siti
1575 2007 1890 2070 necessitas,

309 2106 467 2178 longe
491 2121 523 2160 a
545 2105 794 2162 satietate
826 2103 1133 2168 fastidium,
1168 2103 1294 2172 quia
1325 2109 1380 2156 et
1410 2100 1654 2155 sitientes
1679 2095 1895 2153 satiabi-

311 2196 716 2263 mur,etsatiati
737 2195 998 2251 sitiemus.
1023 2193 1103 2248 Tu
1117 2193 1345 2261 denique
1365 2198 1566 2245 interna
1587 2188 1741 2244 nobis
1760 2187 1890 2248 vita,

312 2287 568 2358 gaudium
609 2295 665 2342 et
707 2301 906 2342 corona
944 2285 1078 2351 eris,
1117 2293 1207 2339 tua
1231 2284 1390 2338 beata
1424 2281 1564 2337 visio
1593 2279 1698 2335 erit
1721 2278 1892 2333 nostri

312 2378 514 2437 laboris
539 2379 841 2449 praemium,
870 2385 929 2432 ut
948 2385 1068 2450 post
1093 2373 1434 2432 mortalitatis
1456 2370 1615 2441 hujus
1641 2370 1892 2425 tenebras

313 2485 532 2530 accessa
559 2479 666 2528 tua:
701 2470 887 2542 gloriae
918 2468 1036 2527 luce
1069 2466 1417 2539 gaudeamus.
1449 2462 1761 2518 Videbimus
1793 2461 1894 2515 ita-

313 2576 421 2634 que
465 2570 568 2619 tute
605 2557 1202 2617 incommutabilitatem
1235 2554 1506 2618 essentiat,
1541 2560 1602 2606 ut
1629 2565 1725 2621 per
1752 2552 1894 2606 hanc

315 2667 373 2714 ct
395 2671 496 2714 nos
535 2654 834 2712 eiliciamur
889 2649 1398 2715 incommutabiles;
1462 2647 1557 2702 sed
1601 2661 1706 2701 non
1755 2645 1895 2699 sicut

313 2751 470 2808 vides
495 2757 568 2805 te.
601 2748 661 2804 ιι]
691 2745 850 2818 nobis
877 2745 1021 2800 enim
1047 2741 1305 2812 quidquid
1329 2743 1552 2805 erimus,
1594 2737 1896 2809 poterimus

315 2854 518 2903 nosse:
545 2841 602 2899 in
649 2846 702 2894 te
747 2845 950 2903 autem,
999 2835 1091 2906 qui
1139 2832 1522 2903 comprehendi
1568 2845 1673 2885 non
1717 2836 1889 2898 potes,

315 2935 461 3007 quod
479 2948 564 2999 es,
585 2929 843 3002 quidquid
868 2927 999 2984 illud
1020 2934 1122 2991 est,
1149 2924 1364 2996 quando
1384 2936 1675 2993 possumus
1701 2919 1894 2974 nosse?

314 3027 384 3083 Et
409 3025 454 3084 si
485 3023 802 3096 poterimus,
848 3020 1086 3076 nondum
1121 3030 1408 3089 possumus
1432 3031 1445 3067 ε
1469 3019 1524 3068 et
1561 3022 1741 3067 tamen
1769 3023 1891 3064 cum

315 3117 638 3192 poterimus,
690 3110 933 3183 nunquid
977 3111 1058 3166 sic
1096 3116 1150 3164 te
1187 3121 1344 3207 nosse
1385 3104 1709 3209 valebimus,
1751 3101 1893 3209 sicut
1919 3145 1967 3209 ο

315 3188 370 3266 te
410 3205 553 3263 nosti
600 3203 778 3260 Deus?
819 3200 936 3272 Ipsa
979 3212 1194 3270 quoque
1237 3191 1578 3250 rationabilis
1626 3197 1681 3246 et
1722 3188 1892 3243 electa

313 3305 584 3362 creatura,
614 3309 724 3354 non
754 3290 1033 3362 atqualiter
1059 3289 1266 3343 visione
1304 3285 1380 3341 tui
1419 3283 1674 3354 potietur.
1720 3277 1895 3335 Unus-

315 3389 544 3460 quisque
587 3385 731 3442 enim
771 3398 871 3452 pro
912 3379 1161 3435 mercede
1204 3376 1406 3433 laboris
1451 3374 1556 3430 sui.
1589 3371 1696 3428 Sed
1737 3370 1893 3441 plene

315 3477 546 3535 sufficiet
584 3475 727 3544 quod
751 3471 976 3540 singulis
999 3470 1214 3525 dabitur
1239 3466 1433 3521 intueri
1462 3484 1474 3518 :
1504 3463 1675 3528 Quam
1702 3479 1893 3530 magna

317 3564 599 3625 multitudo
627 3561 920 3617 dulcedinis
942 3571 1065 3621 tum,
1089 3555 1345 3611 Domine!
1378 3553 1524 3608 Beati
1545 3551 1633 3623 qui
1655 3551 1892 3606 habitant

318 3657 551 3730 inﬂomo
575 3666 666 3710 tua
695 3651 865 3728 (Psal.
884 3650 1114 3717 xxx,20;
1134 3664 1324 3711 χχχιιι,
1342 3645 1395 3717 5)
1415 3647 1428 3700 !
1445 3645 1652 3700 Felices
1673 3643 1763 3712 qui
1779 3641 1891 3710 jam

317 3750 538 3824 pelagus
563 3745 723 3818 hujus
757 3742 1101 3802 mortalitatis
1128 3741 1479 3801 transierunt,
1511 3745 1566 3790 et
1594 3735 1659 3789 ad
1681 3741 1892 3802 portum

318 3847 592 3912 perpetua:
621 3835 931 3893 securitatis
965 3832 1247 3904 pervenire
1285 3833 1619 3883 meruerunt.
1649 3823 1894 3879 Infelices

320 3943 442 3991 uos.
482 3926 574 3998 qui
612 3925 789 3984 adhuc
819 3925 873 3979 in
911 3921 1027 3978 salo
1067 3918 1226 3989 hujus
1271 3918 1394 3972 vita:
1438 3913 1894 3971 circumﬂantibus

322 4016 592 4089 agitamur
617 4014 886 4088 procellis,
916 4021 971 4068 et
992 4012 1134 4066 inter
1159 4008 1395 4080 pericula
1423 4005 1587 4061 multa
1611 4005 1896 4072 variosque

321 4105 482 4167 chsu's
519 4106 710 4164 incerti
754 4120 949 4164 navem
989 4103 1298 4158 laborantes
1330 4098 1609 4152 trahimus.
1649 4095 1892 4159 Domine,

320 4198 390 4256 da
411 4197 568 4255 nobis
595 4205 647 4252 te
677 4203 903 4259 rectore,
937 4201 991 4248 te
1018 4193 1174 4255 duce,
1207 4191 1348 4244 inter
1379 4186 1612 4258 Scyllam
1660 4194 1715 4239 et
1757 4183 1898 4239 Cha—

323 4291 531 4365 rybdim
559 4291 639 4355 sic
665 4291 770 4346 iter
799 4298 982 4346 tenere
1006 4303 1103 4360 per
1134 4287 1391 4349 medium,
1423 4293 1483 4338 ut
1523 4284 1731 4350 integra
1762 4294 1896 4334 nave

321 4392 376 4439 ct
413 4383 576 4438 salvis
617 4383 888 4437 mercibus
923 4378 1205 4452 pervenire
1240 4372 1598 4447 possimusiad
1621 4381 1671 4427 te
1693 4370 1898 4426 tutissi-

322 4487 468 4533 mum
497 4481 733 4541 portum.

393 4562 560 4624 XXV.
613 4561 764 4618 Felix
803 4561 1014 4626 anima,
1062 4574 1180 4629 quae
1228 4565 1443 4612 terreno
1482 4553 1721 4608 resoluta
1767 4565 1893 4605 ear-

322 4666 446 4710 cere
466 4650 634 4716 libera
661 4649 856 4710 cmlum
885 4650 1038 4724 petit,
1071 4662 1190 4718 quae
1219 4646 1391 4702 beatis
1422 4643 1651 4701 admista
1693 4641 1896 4712 spiriti-

322 4744 423 4806 bus
446 4741 714 4812 maiestati
748 4748 853 4802 tua:
879 4739 1106 4804 assistit,
1144 4753 1263 4808 qua!
1291 4745 1342 4792 te
1369 4733 1894 4803 incircumscriptum

323 4831 504 4895 lumen
529 4831 722 4894 cernit,
757 4845 875 4902 qua:
900 4829 1044 4884 nullo
1079 4836 1224 4882 motu
1268 4827 1352 4881 vel
1391 4825 1582 4885 mortis
1612 4825 1697 4880 vel
1725 4825 1897 4879 hostis

223 4973 228 4978 ,
324 4919 574 4986 allicitur,
612 4935 732 4989 qua:
761 4917 1179 4989 ineorruptionis
1206 4925 1478 4986 perpetuae
1501 4929 1724 4971 munere
1752 4914 1898 4968 laeta-

326 5022 430 5073 tur.
479 5011 523 5068 Ο
566 5011 674 5069 vita
706 5009 906 5074 vitalis,
943 5006 1114 5062 dulcis
1145 5015 1199 5061 et
1225 5004 1496 5070 amabilis,
1541 5004 1634 5060 ubi
1672 5021 1776 5060 non
1814 5013 1897 5058 est

323 5106 497 5167 hostis
538 5105 878 5177 impugnans,
923 5099 1014 5154 ubi
1052 5098 1195 5153 nulla
1238 5097 1444 5168 peccati
1490 5097 1762 5162 illecebra,
1803 5096 1893 5151 sed

323 5211 533 5260 summa
565 5203 621 5253 et
647 5203 796 5252 certa
823 5191 1111 5257 securitas,
1135 5197 1189 5245 et
1216 5203 1406 5245 secura
1436 5187 1814 5258 tranquillitas,
1842 5195 1897 5242 et

324 5289 611 5361 tranquilla
649 5285 981 5357 iucunditas,
1023 5293 1078 5338 et
1115 5282 1348 5350 jucunda
1396 5280 1646 5345 felicitas,
1683 5288 1742 5334 et
1771 5278 1893 5334 felix

321 5379 616 5444 aeternitas,
665 5385 721 5433 et
758 5386 963 5432 aeterna
1009 5373 1304 5436 beatitudo,
1355 5379 1410 5424 et
1451 5371 1609 5426 beata
1661 5369 1737 5424 tui
1780 5369 1896 5424 sine

323 5469 432 5524 fine
479 5470 613 5525 visio
637 5477 797 5538 atque
826 5465 1062 5522 laudatio
1091 5466 1251 5520 Deus.
1289 5463 1359 5520 Ut
1389 5465 1504 5519 hmo
1531 5463 1808 5525 succedat,
1843 5472 1898 5518 et

323 5559 552 5620 mortale
576 5559 678 5616 hoc
709 5559 963 5614 induatur
993 5555 1420 5619 immortalitate,
1448 5556 1654 5610 utinam
1690 5554 1896 5609 desinat

322 5661 374 5714 et
398 5665 561 5719 quam
605 5649 714 5703 cito
753 5648 969 5706 ﬁniatur
1017 5646 1121 5699 vita
1154 5646 1277 5709 ista,
1327 5659 1446 5715 qua:
1489 5659 1636 5699 mors
1673 5642 1896 5698 dicenda

325 5750 425 5805 est,
457 5754 560 5792 non
587 5737 724 5800 vita;
765 5738 868 5790 vita
901 5735 1075 5799 dubia,
1108 5749 1248 5790 czcca
1281 5743 1334 5790 ct
1375 5748 1704 5800 :erumnosa;
1733 5748 1896 5808 quam

1991 1899 2123 1957 lium
2165 1908 2464 1972 martyrum
2495 1900 2671 1957 victor
2708 1901 3002 1964 exercitus,
3049 1901 3318 1970 simulque
3361 1900 3572 1958 confes-

1991 2011 2174 2050 sorum
2216 1995 2518 2051 constantia
2551 1993 2755 2064 prmmii
2783 1995 2865 2048 sui
2892 1995 3236 2064 percwptione
3256 1993 3568 2049 consulatu:

1991 2089 2081 2143 ubi
2129 2086 2314 2141 ﬁdeles
2359 2086 2483 2151 viri,
2533 2101 2670 2155 quos
2714 2101 2744 2140 a
2785 2085 3060 2140 virilitatis
3102 2100 3212 2140 sua:
3256 2085 3447 2140 robore.
3486 2100 3574 2138 vo-

1991 2177 2169 2247 luptas
2218 2175 2378 2246 hujus
2420 2169 2600 2230 δεδευιί
2647 2173 2890 2233 emollire
2916 2190 3020 2230 non
3049 2175 3241 2244 potuit,
3283 2184 3340 2228 et
3377 2185 3572 2231 sancta:

1990 2269 2196 2354 pariter
2247 2267 2531 2331 mulieres,
2589 2281 2708 2336 quae
2759 2281 2884 2322 cum
2944 2267 3144 2322 smculo
3194 2283 3384 2322 sexum
3436 2267 3563 2330 vice-

1992 2370 2154 2416 runt:
2183 2361 2274 2416 ubi
2322 2360 2494 2431 pueri,
2549 2363 2641 2430 qui
2689 2359 2816 2414 dum
2865 2366 3050 2414 essent
3088 2359 3141 2413 in
3181 2373 3370 2423 carne,
3411 2373 3576 2412 annos

1993 2468 2121 2508 suos
2152 2451 2394 2507 moribus
2429 2450 2920 2514 transcenderunt;
2983 2457 3145 2518 atque
3200 2463 3396 2512 senes,
3441 2463 3574 2517 quos

1993 2552 2126 2601 aetas
2182 2544 2385 2602 debiles
2435 2543 2713 2608 reddidit,
2769 2551 2824 2598 et
2869 2542 3044 2600 virtus
3080 2542 3264 2614 operis
3301 2555 3410 2599 non
3446 2535 3572 2596 reli-

1995 2636 2131 2709 quit.

2065 2725 2254 2782 XXV’I.
2292 2725 2373 2781 Ad
2409 2726 2603 2781 horum
2638 2723 2878 2778 omnium
2912 2731 3154 2778 sanctam
3193 2720 3572 2792 frequentiam,

1994 2826 2049 2874 et
2069 2826 2173 2872 tuae
2195 2815 2541 2887 inspicienda:
2559 2815 2973 2884 pulchritudinis
2997 2828 3305 2868 mansuram
3330 2813 3448 2866 sine
3472 2812 3573 2865 ﬁne

1993 2909 2233 2964 laetitiam
2262 2907 2346 2963 fac
2393 2923 2499 2970 me,
2550 2907 2691 2961 Deus
2731 2922 2906 2970 meus,
2949 2915 3063 2960 toto
3109 2907 3272 2960 corde
3321 2905 3568 2968 tendere,

1995 2999 2227 3056 viriliter
2259 3012 2499 3063 currere,
2544 2994 2775 3051 feliciter
2826 2997 3130 3065 pervenire.
3181 2994 3402 3048 Interim
3447 2996 3568 3049 dum

1996 3092 2050 3146 in
2076 3092 2180 3146 isto
2206 3105 2398 3145 maneo
2423 3105 2668 3160 corpore,
2700 3090 2753 3143 in
2781 3091 2866 3144 his
2896 3105 3108 3160 semper
3135 3087 3572 3144 meditationibus

1999 3194 2233 3242 mentem
2277 3199 2452 3240 meam
2476 3185 2738 3238 bonorum
2766 3183 3069 3237 insinuator
3090 3196 3304 3236 exerce.
3345 3180 3535 3234 Munda
3554 3220 3570 3240 ,

1995 3293 2147 3348 rogo,
2187 3275 2364 3331 cordis
2402 3275 2680 3338 intuitum,
2715 3289 2849 3330 acue
2873 3274 3071 3329 mentis
3099 3273 3452 3337 intellectum,
3484 3288 3572 3327 ac-

1995 3369 2163 3425 cende
2188 3367 2393 3424 cmlesti
2432 3367 2555 3437 igne
2593 3367 2854 3429 animum,
2903 3373 2964 3419 ut
3004 3375 3056 3420 te
3099 3365 3274 3420 solum
3321 3365 3569 3435 cogitem.

1997 3468 2048 3514 te
2087 3459 2257 3514 solum
2302 3473 2497 3521 amem,
2545 3465 2598 3512 te
2637 3457 2806 3512 solum
2847 3457 3079 3511 habeam
3120 3455 3174 3510 in
3228 3456 3394 3510 corde
3430 3454 3570 3509 etin

1994 3565 2110 3614 ore,
2156 3549 2248 3618 qui
2275 3564 2334 3603 es
2363 3547 2600 3602 futurum
2627 3547 2782 3603 nobis
2807 3548 2922 3602 sine
2955 3545 3060 3601 ﬁne
3089 3545 3392 3617 prmmium.
3425 3545 3490 3598 Et
3514 3553 3574 3600 ut

1994 3641 2204 3711 pondus
2235 3638 2581 3695 mortalitatis
2621 3654 2754 3693 mete
2783 3638 2968 3692 laevius
2991 3636 3183 3702 feram,
3215 3636 3281 3691 da
3311 3636 3490 3689 lumen
3519 3635 3574 3688 in

1996 3732 2179 3795 corde,
2210 3730 2274 3784 da
2307 3729 2528 3784 verbum
2562 3728 2615 3782 in
2642 3744 2756 3783 ore.
2788 3727 2953 3798 Aperi
2982 3735 3296 3781 sanctarum
3331 3725 3573 3794 Scliptu-

1996 3835 2180 3882 rarum
2220 3827 2430 3874 secreta
2464 3827 2520 3872 et
2545 3816 2811 3888 profunda
2861 3826 3242 3888 mysteriorum
3270 3818 3420 3885 regni
3454 3816 3529 3868 tui
3559 3832 3570 3866 :

1997 3916 2063 3970 da
2119 3929 2183 3970 ex
2245 3927 2431 3970 amore
2479 3911 2556 3966 tui
2607 3909 2912 3981 lacrymas,
2974 3910 3040 3964 da
3112 3907 3234 3962 ﬁdei
3294 3909 3578 3962 virtutum.

1997 4019 2100 4074 que
2143 4018 2386 4075 pennas,
2435 4000 2632 4071 quibus
2671 4000 2889 4054 indutus
2943 4015 3158 4055 sursum
3212 3998 3280 4053 ad
3339 4005 3393 4051 te
3447 3995 3578 4050 voli-

1998 4105 2125 4158 tem,
2159 4105 2215 4148 et
2256 4108 2482 4163 perosus
2523 4100 2744 4156 terram,
2781 4090 2977 4146 cmlum
3004 4098 3204 4160 petam.
3236 4088 3389 4144 lianc
3419 4087 3578 4142 ﬁdem

1996 4189 2062 4242 de
2094 4195 2168 4249 te,
2207 4201 2302 4255 per
2328 4193 2401 4250 te,
2433 4184 2486 4242 in
2513 4192 2566 4244 te
2595 4183 2877 4247 conﬁteor,
2921 4199 2954 4237 ο
2997 4184 3156 4237 beata
3197 4191 3253 4235 et
3295 4181 3578 4236 benedicta

1996 4288 2052 4333 et
2076 4277 2305 4348 gloriosa
2337 4274 2604 4334 Trinitas!
2636 4292 2670 4332 ο
2693 4290 2819 4331 vera
2848 4283 2901 4330 et
2930 4289 3142 4329 summa
3169 4283 3225 4328 et
3249 4274 3578 4343 sempiterna

1997 4368 2194 4430 unitas,
2230 4365 2390 4420 Pater
2429 4374 2485 4421 et
2524 4363 2696 4420 Filius
2738 4372 2794 4419 et
2838 4363 3074 4432 Spiritus
3116 4362 3374 4418 sanctus!
3415 4361 3579 4424 Dens,

2000 4458 2280 4521 Dominus,
2337 4456 2662 4526 paraeletus,
2705 4455 2976 4518 Charitas,
3026 4454 3234 4524 gratia,
3279 4454 3580 4508 communi-

2003 4549 2161 4602 catio.
2197 4547 2396 4602 Verum
2420 4545 2624 4609 lumen,
2671 4560 2858 4600 verum
2903 4544 3082 4600 lumen
3113 4559 3178 4598 ex
3205 4543 3427 4610 lumine,
3453 4561 3579 4599 vera

2002 4637 2342 4692 illuminatio.
2375 4633 2579 4690 Vivens
2617 4635 2751 4700 vita,
2794 4635 2902 4692 vita
2948 4651 2977 4687 a
3019 4635 3253 4698 vivente,
3284 4635 3579 4690 viviﬁcator

2001 4729 2319 4784 viventium.
2352 4727 2516 4793 Fons,
2549 4726 2766 4791 ﬁumen,
2795 4727 3058 4796 irrigatio.
3095 4726 3245 4782 Unus
3271 4744 3302 4782 a
3336 4744 3417 4791 se,
3444 4744 3580 4783 unus

2003 4825 2070 4878 ab
2106 4823 2388 4877 ambobus.
2428 4820 2508 4875 Ab
2536 4836 2642 4874 uno
2681 4821 2881 4884 omnia,
2935 4836 3031 4889 per
3071 4835 3237 4874 unum
3280 4822 3481 4886 omnia,
3525 4821 3576 4874 in

2003 4929 2110 4968 uno
2130 4913 2348 4976 omnia;
2379 4911 2432 4966 id
2455 4920 2561 4973 est,
2601 4925 2631 4964 a
2673 4926 2730 4964 se
2769 4909 2953 4974 Pater,
2990 4911 3058 4963 ab
3084 4909 3254 4966 aitero
3281 4908 3472 4973 Filius,
3511 4912 3578 4964 ab

2000 5013 2230 5073 utroque
2261 5002 2494 5072 Spiritus
2536 5009 2774 5063 sanctus,
2808 5016 2837 5054 a
2869 4998 3030 5056 Patre
3067 5008 3122 5054 et
3141 4999 3298 5056 Filio.
3324 4998 3419 5059 Ὧν
3441 5016 3471 5054 a
3497 5015 3575 5062 se.

2001 5094 2067 5151 ὧν
2103 5094 2170 5148 ab
2211 5093 2401 5156 altero,
2446 5092 2511 5148 ὢν
2543 5092 2610 5145 ab
2643 5099 2871 5160 utroque
2897 5104 2910 5143 :
2941 5105 3100 5144 omne
3129 5099 3312 5145 autem
3340 5090 3408 5146 ὢν
3434 5106 3574 5146 sem—

1999 5199 2097 5255 per
2124 5183 2176 5236 in
2203 5183 2394 5245 tribus,
2425 5191 2479 5236 et
2503 5196 2663 5235 omne
2689 5179 2756 5235 ὢν
2785 5179 3065 5250 :equaliter
3102 5181 3155 5234 in
3193 5181 3441 5252 singulis.
3469 5181 3570 5237 νε-

2000 5291 2096 5330 rax
2139 5274 2368 5344 genitor,
2399 5273 2600 5327 veritas
2633 5273 2864 5342 genitus,
2910 5273 3114 5327 veritas
3159 5281 3216 5326 et
3257 5276 3568 5343 procedi-ns.

2002 5365 2117 5422 Una
2140 5365 2331 5429 virtus,
2355 5362 2576 5434 aequalis
2600 5361 2877 5432 majestas,
2902 5378 3002 5433 par
3022 5363 3213 5432 gloria,
3241 5380 3347 5418 una
3368 5367 3568 5421 eadem-

1998 5473 2102 5528 que
2125 5457 2381 5511 essentia.

2071 5547 2280 5603 XXVII.
2322 5547 2466 5603 Deus
2491 5545 2632 5602 trlne
2655 5555 2710 5602 et
2733 5562 2862 5612 une,
2886 5547 3029 5603 Deus
3049 5549 3410 5618 omnipotens,
3435 5546 3568 5617 apud

1997 5655 2149 5709 quem
2185 5655 2286 5693 non
2312 5647 2386 5692 est
2413 5639 2804 5702 transmutatio,
2840 5655 2931 5693 nec
2969 5639 3341 5699 vicissitudinis
3391 5639 3567 5693 obum-

1999 5728 2167 5784 bratio
2208 5727 2347 5801 (Jac.
2378 5745 2419 5795 ι,
2451 5727 2557 5801 I7),
2595 5735 2650 5784 et
2679 5729 2796 5785 ideo
2825 5729 2964 5805 apud
3007 5737 3057 5786 te
3087 5743 3277 5788 cursus
3312 5722 3564 5802 temporis

3931 2645 3934 2820 l
