3934 6180
385 292 527 353 ξοιδ

1074 286 1220 346 OPP.
1262 288 1488 346 DUBiA.
1528 318 1600 329 —-
1636 287 1863 344 ALBiNi
1900 285 2276 344 CONFESSIO
2315 286 2510 342 FiDEi.
2551 319 2623 329 —
2659 288 2838 344 PARS
2869 290 2913 346 Ι.

3511 293 3642 348 μηδ

383 410 738 466 alteruatione
797 409 900 464 diei
956 408 1234 476 noctisque
1290 419 1629 475 nequaquam
1683 402 1946 458 variatur.
1982 404 2020 460 Α
2053 414 2205 454 meus
2230 398 2370 468 pius,
2400 397 2514 454 Rex
2546 415 2700 455 mens
2723 415 2969 471 magnus.
3005 401 3080 455 'l‘e
3108 417 3272 455 unum
3299 403 3464 457 Deum
3492 392 3638 470 ὶωῖω,

383 501 525 556 Deus
554 501 645 556 lux
673 518 821 566 vera,
863 516 980 572 quae
1023 500 1138 555 sine
1179 515 1401 555 accessu
1426 513 1509 562 ea,
1535 512 1656 568 qua:
1677 497 1852 566 eligis,
1894 495 1959 550 ii-

2061 503 2223 542 unum
2253 487 2495 543 omnium
2527 498 2840 543 naturarum
2869 489 3209 560 principium,
3236 506 3264 543 a
3294 508 3400 561 quo
3427 495 3639 547 univcr-

379 591 603 654 luszras,
643 599 700 644 et
731 591 848 645 sine
876 605 1090 645 recessu
1114 605 1196 651 ea,
1235 603 1353 658 qua}
1380 588 1610 658 respuis,
1651 587 1876 650 deseris,
1903 594 1959 641 et
2057 577 2188 631 Sil—'15
2214 585 2268 632 Cl
2290 578 2597 643 inchoatur,
2625 589 2678 634 ct
2706 578 3003 650 perficitur,
3029 591 3081 636 Cl
3105 582 3442 638 continetur:
3473 599 3636 637 unum

380 679 500 733 ideo
527 680 580 732 in
615 688 665 734 te
696 680 875 734 nullus
907 679 1148 734 defectus
1190 680 1568 734 mutabilitatis
1606 680 1772 733 venit.
1814 676 1958 732 Deus

377 768 470 837 qui
517 766 569 820 in
619 767 900 836 temetipso
953 767 1216 822 manendo
1263 749 1634 830 immutabilis,
1681 768 1758 821 sic
1805 767 1858 820 in
1899 781 1956 819 se

378 857 712 912 transeuntia
740 857 1048 920 condidi-di,
1083 865 1140 910 ut
1167 857 1306 926 apud
1334 866 1384 910 te
1417 872 1754 925 nequaquam
1783 864 1956 910 trans-

377 947 454 999 ire
481 946 692 1016 possint
716 963 727 999 :
751 956 803 999 et
827 946 945 1001 ideo
969 946 1024 1000 in
1045 957 1339 1016 conspectu
1373 956 1461 1000 tuo
1489 955 1701 1016 tempus
1731 962 1835 999 non
1864 945 1955 999 de-

375 1037 669 1108 fiuit,quod
693 1038 830 1109 apud
853 1054 950 1093 nos
974 1037 1103 1092 foris
1122 1024 1536 1110 decurrit..Deus
1559 1039 1610 1091 iu
1631 1037 1783 1106 cujus
1800 1045 1954 1090 mter-

373 1130 545 1184 nitate
563 1130 668 1184 fisa
691 1139 908 1184 manent
929 1144 992 1184 ea
1016 1145 1135 1200 qua:
1155 1144 1261 1184 non
1287 1129 1392 1182 lixa
1414 1129 1652 1183 exterius
1670 1127 1832 1198 393
1855 1141 1953 1181 sa:-

369 1219 615 1274 cuiorum
649 1219 922 1273 volumine
961 1228 1334 1273 emanant:et
1382 1218 1500 1273 ideo
1547 1217 1822 1272 aeternitas
1862 1223 1950 1269 tua

369 1312 486 1365 dies
507 1319 588 1364 est
613 1325 742 1373 una,
760 1324 878 1378 qua:
903 1325 1001 1364 nec
1020 1309 1124 1362 fine
1152 1308 1444 1373 clauditur,
1466 1324 1566 1362 uec
1591 1307 1747 1362 initio
1770 1304 1948 1376 aperi-

370 1410 478 1454 tur.
497 1399 656 1464 Deus,
678 1399 768 1468 qui
791 1399 908 1454 sine
935 1399 1292 1453 mutabilitate
1311 1398 1468 1455 simul
1490 1406 1680 1454 cuncta
1700 1396 1946 1467 respicis,

369 1490 488 1545 siue
531 1488 856 1544 distentione
886 1491 1330 1560 comprehendis;
1363 1499 1416 1546 et
1447 1492 1605 1554 bona,
1633 1488 1946 1560 quaejuvas,

367 1593 423 1637 et
446 1582 606 1646 mala,
636 1598 754 1652 qum
779 1583 1014 1651 judicas,
1044 1593 1099 1638 et
1125 1600 1244 1653 qua:
1282 1583 1474 1653 iuvans
1521 1597 1856 1644 remuneras,
1894 1589 1948 1635 et

365 1688 487 1741 qua:
500 1671 750 1741 judicans
795 1674 1053 1740 damnas;
1091 1675 1144 1728 in
1182 1675 1286 1739 bis,
1318 1689 1438 1744 quae
1465 1673 1678 1729 diverso
1702 1672 1945 1743 disponis

2060 667 2258 733 Deum,
2304 685 2336 724 a
2372 686 2478 741 quo
2506 687 2721 737 sumus,
2763 689 2860 744 per
2887 690 3047 744 quem
3075 690 3290 740 sumus,
3327 677 3381 730 in
3410 693 3517 747 quo
3546 693 3638 732 su-

2057 773 2193 820 mus,
2228 775 2258 813 a
2287 776 2394 830 quo
2423 761 2787 829 discessimus,
2815 764 2899 819 cui
2927 765 3216 822 dissimiles
3245 765 3376 824 facti
3406 785 3592 824 sumus
3620 787 3634 822 :

2056 839 2374 919 principium
2415 852 2482 906 ad
2523 853 2666 923 quod
2707 854 3054 919 recurrimus,
3101 867 3156 912 et
3199 856 3428 913 formam
3472 848 3634 930 quam

2056 941 2354 1010 sequimur,
2379 952 2434 998 et
2460 945 2688 1014 gratiam
2719 963 2822 1016 qua
2856 949 3301 1007 reconciliantur:
3333 967 3497 1006 unum
3529 967 3666 1022 quo'

2055 1042 2279 1088 auctore
2318 1035 2520 1090 conditi
2563 1052 2778 1103 sumus;
2822 1047 2888 1114 et‘
2916 1041 3318 1099 similitudinem
3349 1059 3444 1114 per
3470 1059 3635 1114 quam

2053 1124 2120 1178 ad
2149 1125 2406 1181 unitatem
2438 1127 2817 1196 reformantur,
2860 1141 2915 1187 et
2947 1148 3134 1204 pacem
3173 1152 3277 1206 qua
3316 1138 3507 1192 unitati
3540 1139 3636 1192 ad-

2052 1215 2320 1272 hmremus
2346 1237 2356 1271 :
2395 1235 2558 1274 unum
2588 1221 2785 1290 Deum,
2818 1240 2923 1294 quo
2951 1225 3206 1284 Creatore
3233 1230 3460 1286 vivimus
3479 1272 3492 1294 ,
3537 1247 3635 1300 per

2051 1322 2209 1376 quem
2240 1308 2519 1366 reformati
2550 1314 2823 1382 sapienter
2852 1316 3104 1383 vivimus,
3150 1335 3308 1388 quem
3351 1321 3636 1392 diligentes

2049 1408 2104 1453 et
2129 1414 2236 1469 quo
2263 1399 2508 1458 fruentes
2551 1403 2708 1459 beate
2747 1405 2996 1461 vivimus.
3051 1408 3125 1462 Te
3165 1409 3342 1474 laudo,
3374 1410 3634 1466 benedice

2049 1495 2210 1556 atque
2239 1488 2430 1557 adoro,
2463 1499 2674 1562 tumque
2709 1492 3009 1550 clementia:
3053 1505 3109 1550 et
3154 1497 3382 1552 bonitati
3429 1502 3634 1570 gratias

2049 1579 2224 1635 refero
2267 1597 2364 1652 pro
2413 1584 2681 1640 universis
2733 1585 2838 1641 tuis
2890 1586 3044 1643 donis
3093 1604 3156 1643 ae
3203 1589 3381 1654 datis,
3433 1600 3487 1646 et
3534 1608 3632 1661 pro

2046 1673 2298 1729 omnibus
2343 1675 2621 1730 beneficiis
2664 1679 3053 1734 misericordia:
3097 1689 3232 1746 tuae,
3275 1697 3394 1752 qua:
3440 1683 3632 1738 anima:

361 1763 573 1828 ordine,
615 1763 860 1819 diversus
899 1781 1004 1820 non
1048 1780 1126 1820 es.
1161 1766 1322 1831 Deus,
1351 1766 1442 1835 qui
1475 1774 1758 1834 operatua
1786 1772 1941 1820 extra
1976 1750 2022 1808 Β
2051 1763 2377 1834 corporique
2426 1782 2543 1820 meo
2589 1767 2818 1838 largiris,
2869 1777 2926 1823 ct
2971 1784 3184 1840 semper
3224 1750 3446 1841 largitus
3494 1785 3554 1828 es
3600 1789 3632 1826 a

359 1857 683 1921 circumdas,
707 1864 762 1911 et
787 1857 927 1911 intra
952 1857 1144 1927 replcs,
1171 1873 1332 1928 supra
1364 1858 1519 1928 tegis,
1542 1866 1597 1912 et
1624 1857 1763 1912 infra
1787 1856 1897 1912 fers
1921 1876 1934 1910 :

359 1961 418 2006 et
443 1952 567 2007 licet
594 1951 667 2006 sis
690 1951 936 2020 superior
968 1967 1065 2021 per
1087 1952 1401 2020 potentiam,
1451 1948 1677 2005 inferior
1701 1965 1798 2027 per
1825 1965 1944 2005 sus-

364 2041 740 2106 tentationem,
797 2041 1037 2095 exterior
1083 2056 1181 2110 per
1220 2039 1679 2110 magnitudinem,
1717 2037 1943 2092 interior

357 2151 460 2207 per
485 2134 872 2195 subtilitatem;
909 2141 1088 2187 tamen
1138 2131 1385 2200 superior
1413 2141 1468 2184 et
1490 2129 1713 2184 inferior
1740 2145 1800 2184 es
1825 2129 1942 2184 sine

355 2227 497 2288 loco,
543 2225 755 2295 amplus
795 2224 914 2278 sine
958 2221 1260 2285 latitudine,
1297 2220 1508 2275 subtilis
1536 2220 1653 2274 sine
1683 2226 1943 2274 extenua-

355 2318 506 2372 tione
531 2334 544 2344 ·
572 2326 626 2369 et
666 2316 786 2370 ideo
818 2330 913 2386 per
936 2313 1130 2368 molem
1167 2313 1411 2383 corporis
1436 2327 1701 2383 nusquam
1725 2327 1806 2378 es,
1845 2313 1942 2368 sed

352 2421 452 2478 per
483 2391 1011 2476 incircumscriptam
1041 2404 1399 2460 substantiam
1430 2412 1485 2459 et
1515 2403 1938 2459 immensitatem

353 2495 812 2552 incommutabilis
865 2504 1070 2563 natura:
1123 2511 1388 2564 nusquam
1439 2494 1590 2548 dces.
1644 2493 1751 2550 Sed
1811 2496 1938 2566 quia

351 2588 510 2658 longe
531 2588 720 2650 distas,
739 2586 985 2653 Creator,
1009 2604 1039 2641 a
1065 2597 1335 2652 creatura,
1359 2587 1601 2659 cogitare
1627 2589 1749 2658 quis
1771 2588 1934 2654 valet,

350 2679 588 2747 qualiter
624 2678 700 2732 sis
730 2678 784 2731 in
823 2677 964 2742 loco,
990 2679 1081 2748 qui
1107 2694 1213 2733 non
1258 2679 1469 2748 caperis
1515 2678 1669 2733 loco?
1705 2678 1938 2735 Omnino

347 2773 495 2827 enim
524 2772 576 2826 in
604 2771 720 2825 loco
748 2786 873 2826 esse
897 2786 1001 2825 non
1025 2779 1198 2840 potes,
1221 2769 1476 2839 quoniam
1514 2770 1712 2840 ubique
1734 2783 1815 2836 es,
1841 2770 1936 2825 sed

349 2881 460 2920 non
513 2864 566 2918 in
612 2863 750 2918 loco.
781 2861 898 2933 ipse
946 2862 1042 2916 tibi
1080 2861 1230 2916 locus
1260 2862 1484 2917 illocaiis
1523 2863 1764 2918 crederis
1792 2877 1930 2926 esse,

348 2955 588 3026 Spiritus
656 2951 1099 3022 circumscriptus
1166 2949 1307 3022 [F.,
1368 2950 1928 3023 incircumscriptus].

347 3050 506 3108 Unde
539 3040 754 3104 difiieiie
799 3047 1069 3102 invenitur
1110 3046 1200 3101 ubi
1246 3047 1358 3110 sis,
1418 3048 1511 3100 sed
1568 3047 1737 3101 multo
1792 3046 1930 3101 diiii-

342 3140 505 3198 ciiius
563 3141 651 3194 ubi
707 3155 813 3194 non
869 3139 964 3193 sis.
1022 3139 1154 3206 Quis
1207 3139 1325 3193 sine
1384 3147 1436 3192 te
1494 3137 1789 3194 subsistere
1844 3139 1928 3194 vel

341 3249 470 3290 esse
523 3232 745 3304 potest?
804 3232 869 3285 Et
919 3240 1098 3285 tamen
1157 3239 1332 3285 tecum
1394 3247 1500 3286 non
1561 3245 1750 3284 omnes
1801 3245 1928 3300 pos-

342 3334 476 3381 sunt
492 3338 630 3378 esse.
671 3322 862 3378 Omnia
881 3323 1024 3378 enim
1051 3338 1079 3376 a
1104 3331 1156 3378 te
1173 3331 1320 3386 sunt,
1343 3330 1396 3376 et
1415 3336 1511 3391 per
1531 3329 1583 3374 te
1605 3320 1923 3374 subsistunt.

421 3414 650 3470 XXViii.
695 3413 837 3470 Deus
863 3430 988 3469 vera
1016 3422 1070 3468 et
1098 3413 1306 3468 infinita
1333 3413 1636 3476 beatitudo,
1660 3428 1688 3466 a
1716 3425 1842 3482 quo,
1872 3419 1928 3465 et

340 3523 443 3578 per
465 3521 626 3577 quem
648 3546 662 3570 ,
700 3513 757 3560 et
783 3505 834 3559 in
861 3520 968 3574 quo
995 3505 1154 3559 beata
1184 3513 1309 3560 sunt
1342 3505 1522 3559 omnia
1543 3545 1556 3568 ,
1593 3517 1927 3574 quaecunque

339 3613 472 3652 vere
497 3597 656 3650 beata
685 3584 832 3650 su'nt.
865 3595 1008 3650 Deus
1031 3609 1160 3649 vera
1185 3603 1242 3650 et
1265 3610 1473 3648 summa
1503 3595 1631 3658 vita,
1659 3609 1689 3648 a
1716 3608 1842 3664 quo,
1872 3601 1927 3648 et

338 3703 442 3757 per
471 3702 655 3757 quem,
684 3694 740 3742 et
771 3687 824 3740 in
855 3702 962 3756 quo
989 3687 1175 3739 vivunt
1203 3687 1406 3751 omnia,
1439 3702 1771 3755 quaecunque
1799 3701 1926 3740 vere

339 3792 664 3849 summeque
692 3777 880 3832 vivunt
908 3776 1110 3830 omnia.
1145 3776 1284 3830 Deus
1314 3776 1511 3830 bonum
1537 3785 1592 3830 et
1619 3777 1921 3844 pulchrum,

338 3886 372 3923 a
399 3884 530 3939 quo,
571 3884 668 3939 per
697 3881 890 3937 quem,
934 3873 991 3921 et
1028 3865 1081 3920 in
1121 3881 1228 3934 quo
1270 3867 1411 3920 bona
1455 3874 1508 3919 et
1547 3865 1770 3936 pulchra
1799 3875 1924 3920 sunt

338 3959 544 4020 omnia,
575 3972 910 4028 qumcunque
935 3972 1062 4012 vere
1086 3957 1226 4012 bona
1255 3969 1308 4013 et
1337 3957 1560 4026 pulchra
1587 3967 1731 4012 sunt.
1785 3958 1925 4012 Deus

339 4065 505 4120 supra
534 4064 692 4119 quem
725 4047 858 4102 nihil
878 4088 892 4113 ,
921 4055 1075 4104 extra
1107 4061 1267 4118 quem
1297 4048 1460 4111 nihil,
1491 4048 1607 4102 sine
1631 4062 1738 4116 quo
1767 4046 1920 4102 nihil.

339 4143 483 4196 Deus
512 4141 612 4195 sub
641 4155 750 4210 quo
781 4147 976 4204 totum,
1005 4155 1128 4194 cum
1157 4130 1264 4209 quo
1296 4148 1488 4204 totum,
1515 4139 1568 4193 in
1595 4155 1702 4208 quo
1731 4148 1920 4194 totum.

340 4230 487 4301 Deus
515 4244 545 4283 a
574 4245 682 4300 quo
710 4230 922 4294 omnia,
953 4245 1050 4300 per
1077 4243 1236 4300 quem
1268 4229 1472 4292 omnia,
1505 4230 1558 4284 in
1586 4246 1693 4298 quo
1717 4231 1919 4285 omnia.

341 4321 486 4376 Deus
526 4318 680 4388 cujus
722 4319 854 4376 fides
893 4334 991 4374 nos
1030 4319 1264 4382 excitat,
1307 4335 1431 4388 spes
1460 4319 1650 4390 erigit,
1688 4321 1924 4375 charitas

1959 3097 2004 3160 C

2053 1872 2242 1926 puero,
2290 1869 2344 1911 et
2387 1875 2416 1912 a
2462 1860 2743 1915 cunabulis
2780 1861 2935 1927 meis,
2980 1873 3199 1932 propter
3241 1873 3290 1918 te
3336 1872 3391 1920 et
3436 1879 3630 1921 nomen

2049 1955 2199 2000 tuum
2231 1957 2498 2004 sanetum.
2550 1949 2700 2006 Unde
2739 1961 2993 2023 expertus
3025 1953 3209 2020 didici,
3245 1955 3371 2024 quia
3401 1964 3454 2010 tu
3485 1956 3630 2012 Deus

2046 2047 2246 2101 noster,
2299 2038 2440 2094 Deus
2486 2055 2544 2093 es
2593 2039 2814 2098 infinitae
2855 2043 3261 2111 misericordia,
3310 2054 3364 2100 et
3407 2047 3628 2117 pietatis

2047 2128 2340 2191 immense,
2376 2131 2468 2200 qui
2508 2147 2693 2187 servos
2721 2143 2841 2190 tuos
2870 2136 3011 2190 inter
3035 2138 3258 2193 adversa
3290 2147 3344 2194 et
3368 2154 3627 2210 pr08pcra
3725 2179 3734 2187 .

2047 2217 2365 2273 mirabiliter
2392 2221 2582 2290 dirigis
2609 2231 2772 2292 atque
2798 2225 3056 2280 custodis.
3093 2225 3290 2298 Sicque
3321 2229 3623 2284 moderaris

2045 2307 2208 2361 vitam
2238 2323 2423 2363 eorum
2453 2310 2504 2364 in
2532 2319 2760 2380 utraque
2789 2321 2962 2382 parte,
2989 2323 3047 2369 ut
3075 2316 3298 2371 adversa
3328 2320 3623 2390 prosperis,

2043 2405 2097 2450 et
2144 2412 2400 2468 prospera
2448 2400 2741 2456 succedant
2789 2402 3051 2459 adversis.
3103 2403 3466 2475 Con/iteantur
3499 2425 3622 2480 ergo

2041 2487 2414 2555 tibi,Domine,
2435 2491 2608 2544 omnia
2635 2508 2791 2562 opera
2817 2505 2931 2560 tua,
2956 2504 3002 2550 et
3026 2497 3195 2551 sancti
3218 2498 3297 2552 tui
3319 2497 3624 2555 benedicaut

2040 2584 2132 2638 tibi
2159 2582 2333 2656 (Psal.
2361 2601 2542 2651 cxuv,
2572 2585 2658 2658 10)
2689 2605 2703 2640 :
2748 2595 2803 2643 et
2842 2597 2902 2642 ut
2945 2589 3249 2647 confitendo
3277 2591 3620 2663 resipiscam,

2040 2690 2147 2729 non
2177 2685 2390 2732 cessent
2431 2692 2461 2730 a
2501 2676 2748 2733 laudibus
2789 2678 2894 2735 tuis
2935 2679 3037 2751 ipsi
3077 2681 3241 2737 etiam
3283 2693 3616 2754 peccatores.

2040 2765 2277 2832 Quorum
2307 2783 2445 2824 unus
2472 2783 2591 2838 ego,
2641 2769 2768 2826 licet
2806 2769 2864 2824 in
2907 2773 3145 2846 peccatis
3173 2774 3416 2844 pronior,
3456 2775 3621 2831 corde

2041 2869 2218 2915 tamen
2260 2861 2587 2917 desideranti
2631 2870 2754 2918 tuas
2794 2864 3026 2921 decanto
3058 2865 3282 2924 laudes:
3318 2870 3364 2924 si
3393 2883 3501 2926 non
3527 2884 3618 2936 ea,

2039 2965 2143 3020 qua
2190 2951 2359 3007 debeo
2402 2952 2706 3021 dignitate,
2759 2951 2937 3020 facio,
2988 2971 3094 3026 qua
3141 2956 3290 3013 valeo
3335 2956 3613 3014 facultate.

2040 3042 2287 3113 Respice,
2308 3038 2511 3114 qumso,
2534 3058 2724 3101 sereno
2747 3045 2897 3101 vultu
2927 3047 2994 3102 ad
3019 3047 3124 3102 hoc
3146 3063 3281 3103 meae
3305 3047 3618 3120 exiguitatis

2033 3134 2350 3204 obsequium
2371 3176 2384 3199 ,
2425 3143 2478 3190 et
2507 3136 2838 3206 propitiabili
2865 3135 3176 3208 dignatione
3205 3138 3390 3210 accipe
3427 3139 3612 3194 tantil-

2036 3227 2145 3282 lum
2175 3227 2502 3283 sacrificium
2533 3227 2889 3284 confessionis
2921 3229 3045 3284 fidei
3077 3244 3240 3294 mue,
3270 3239 3330 3285 ut
3351 3230 3421 3286 ad
3448 3239 3502 3288 te
3528 3246 3616 3286 re-

2030 3317 2154 3372 deat
2183 3317 2325 3388 quod
2364 3333 2394 3372 a
2432 3326 2483 3370 te
2511 3318 2676 3372 venit.
2724 3316 2839 3372 Non
2876 3317 3173 3388 respiciens
3203 3327 3413 3375 tantum
3452 3321 3521 3376 ad
3559 3321 3613 3374 id

2030 3407 2175 3478 quod
2203 3407 2428 3464 devotus
2457 3406 2648 3471 offero,
2669 3415 2928 3476 quantum
2952 3406 3018 3462 ad
3038 3421 3102 3462 ea
3125 3422 3245 3477 qua:
3266 3407 3610 3464 devotisslme

2029 3495 2207 3552 dicere
2236 3495 2378 3551 volui
2416 3504 2470 3551 et
2499 3495 2638 3550 volo.
2685 3495 2956 3566 Quidquid
2985 3497 3129 3552 enim
3160 3497 3412 3564 dedecet,
3442 3498 3525 3554 vel
3559 3507 3610 3554 te

2026 3590 2268 3655 offendit,
2298 3590 2558 3645 abhorret
2586 3588 2768 3645 anima
2797 3604 2937 3646 mea.
2973 3588 3187 3646 Utinam
3215 3605 3428 3660 possem
3458 3591 3608 3656 talia,

2026 3682 2205 3752 qualia
2257 3681 2334 3736 illi
2384 3680 2680 3752 bymnidicl
2732 3679 3046 3752 angelorum
3101 3681 3298 3738 ebori!
3357 3679 3402 3738 Ο
3443 3697 3607 3754 quam

2025 3777 2255 3833 libenter
2288 3793 2376 3832 me
2416 3777 2470 3831 in
2504 3775 2752 3831 laudibus
2785 3775 2893 3830 tuis
2929 3782 3102 3830 totum
3138 3773 3471 3830 effunderem
3494 3815 3510 3840 ,
3554 3783 3612 3832 et

2026 3866 2328 3922 luculenter
2353 3866 2408 3920 in
2439 3866 2616 3920 medio
2642 3865 2898 3921 Ecclesia:
2925 3880 3146 3921 carmen
3178 3873 3284 3921 tua:
3313 3867 3500 3938 gloria:
3527 3867 3612 3922 in-

2025 3957 2317 4029 fatigabilis
2339 3971 2653 4027 perorarent
2680 3956 2693 4010 ε
2725 3953 2832 4011 Sed
2861 3956 2987 4026 quia
3015 3964 3074 4010 ut
3100 3955 3174 4012 illi
3205 3971 3436 4028 nequeo,
3471 3973 3610 4015 nun-

2024 4050 2152 4120 quid
2179 4063 2404 4118 prorsus
2438 4047 2626 4103 tacebo
2654 4065 2666 4101 :
2701 4061 2800 4111 vze,
2829 4046 3074 4110 Domine,
3106 4049 3408 4105 tacentibus
3435 4050 3501 4108 de
3531 4059 3605 4114 te,

2025 4139 2116 4210 qui
2147 4155 2242 4194 ora
2272 4147 2546 4193 mutorum
2575 4136 2819 4203 resolvis,
2851 4147 2898 4193 et
2929 4136 3133 4210 linguas
3158 4139 3442 4208 infantium
3472 4141 3607 4213 facis

2023 4231 2248 4285 disertus
2273 4228 2426 4300 (Sap.
2459 4244 2512 4294 ς,
2536 4228 2650 4300 21)!
2688 4229 2888 4286 Verum
2914 4230 3042 4302 quia
3070 4231 3309 4301 parvulis
3336 4232 3462 4291 licet
3487 4233 3608 4291 lau—

2025 4322 2118 4377 des
2140 4329 2260 4376 tuas
2282 4320 2363 4376 vel
2386 4319 2678 4386 balbutire,
2701 4321 2916 4392 suscipe
2937 4321 3279 4386 sacrificium,
3303 4339 3514 4394 precor,
3539 4327 3605 4383 de

329 4412 537 4482 jungit.
576 4411 716 4466 Deus
743 4411 833 4482 qui
869 4420 1053 4482 petere
1083 4409 1240 4480 jubes
1259 4451 1272 4474 ,
1313 4419 1368 4464 et
1398 4411 1641 4465 invenire
1671 4410 1839 4476 facis,
1869 4419 1924 4465 et
1954 4446 2000 4506 ο
2027 4429 2188 4468 manu
2215 4411 2410 4480 lingua:
2434 4427 2588 4477 mean,
2614 4412 2682 4468 de
2707 4413 2888 4468 cordis
2913 4427 3118 4468 amore.

336 4502 683 4572 pulsantibus
709 4502 906 4572 aperis.
948 4502 1090 4556 Deus
1118 4517 1148 4556 a
1175 4517 1283 4572 quo
1309 4501 1477 4556 averti
1507 4502 1702 4556 cadere
1734 4509 1837 4567 est,
1867 4501 1920 4557 in

337 4609 504 4663 quem
541 4593 782 4648 converti
835 4606 1120 4663 resurgere
1154 4599 1258 4654 est,
1293 4591 1347 4646 in
1391 4607 1498 4662 quo
1539 4605 1761 4647 manere
1788 4608 1920 4648 con-

337 4687 536 4742 sistere
567 4694 670 4740 est.
720 4685 862 4739 Deus
888 4699 1046 4755 quem
1077 4684 1288 4739 nescire
1318 4685 1454 4739 mori
1491 4692 1606 4748 est,
1647 4700 1806 4739 nosse
1836 4685 1919 4739 vi-

336 4794 468 4834 vere
489 4786 594 4842 est,
617 4792 873 4848 spernere
895 4777 1073 4846 perire
1099 4783 1203 4841 est,
1224 4776 1309 4830 cui
1337 4775 1541 4830 servire
1565 4789 1790 4844 regnare
1813 4784 1916 4830 est.

335 4867 487 4922 Deus
529 4867 685 4936 cujus
727 4867 945 4937 pietatis
974 4881 1075 4935 0pc
1120 4873 1177 4919 et
1221 4865 1360 4919 bene
1401 4865 1569 4919 servit
1609 4863 1916 4932 subjectus,

335 4969 394 5016 et
427 4959 566 5013 bene
594 4959 900 5013 dominatur
929 4957 1211 5028 praelatus,
1252 4965 1308 5010 et
1338 4955 1457 5036 ideo
1488 4955 1605 5009 sine
1636 4963 1688 5009 te
1725 4964 1920 5010 neuter

335 5067 530 5107 eorum
559 5060 706 5106 recto
741 5051 940 5106 incedit
972 5051 1182 5106 ordine.
1236 5051 1377 5104 Deus
1414 5049 1700 5104 invisibilis
1729 5057 1785 5104 et
1818 5049 1918 5103 im-

334 5163 556 5212 mense,
589 5145 874 5202 ineii'abiiis
906 5155 960 5200 et
989 5154 1218 5210 :cterne,
1265 5143 1824 5214 incomprehensibilis
1865 5153 1920 5199 et

336 5243 687 5312 incorporeo,
714 5239 1036 5294 immortalis
1066 5244 1120 5292 et
1147 5245 1401 5308 perpetuo
1419 5277 1434 5301 ,
1465 5236 1920 5291 incommutabilis

332 5338 393 5385 et
425 5330 891 5398 ineircumseripte
913 5369 930 5392 ,
953 5326 1216 5383 mirabilis
1255 5335 1312 5380 et
1349 5326 1648 5390 benedicte,
1687 5327 1772 5382 cui
1795 5341 1916 5382 esse

334 5431 392 5476 et
439 5421 642 5486 vivere,
673 5427 864 5490 s‘apere
902 5429 958 5475 et
988 5418 1308 5488 intelligere,
1339 5418 1479 5472 scire
1508 5424 1564 5472 et
1589 5432 1770 5487 posse,
1795 5417 1916 5488 pui-
1961 5441 1974 5451 ο

334 5513 626 5568 chrescere
653 5520 708 5567 et
735 5512 943 5567 clarere
970 5526 1136 5566 unum
1171 5517 1227 5564 et
1254 5508 1394 5563 idem
1424 5516 1539 5567 est.
1572 5507 1662 5579 qui
1688 5508 1915 5578 simplex

335 5621 414 5662 es.
443 5615 498 5660 et
521 5606 684 5660 dividi
711 5620 817 5659 non
845 5613 1021 5676 potes.

409 5693 599 5751 ιλιι.
642 5695 719 5750 τυ
752 5709 810 5750 es
838 5694 979 5750 Deus
1007 5708 1159 5750 meus
1191 5694 1346 5750 vivus
1372 5700 1428 5749 et
1451 5708 1634 5759 verus,
1661 5687 1918 5750 Dominus

2099 4504 2267 4560 XXX.
2310 4504 2417 4562 Sed
2448 4505 2700 4578 ignosce,
2740 4521 2904 4577 rogo,
2940 4505 3194 4570 Domine,
3231 4507 3604 4577 indignissimo

2027 4603 2081 4649 et
2122 4595 2321 4651 infelici
2343 4635 2359 4660 ,
2404 4603 2584 4651 tecum
2618 4595 2687 4650 de
2724 4603 2778 4650 te
2814 4595 3014 4649 diutius
3050 4594 3376 4667 colloquenti
3419 4613 3596 4655 servo.

2024 4685 2245 4756 ignosce
2270 4687 2376 4756 pie,
2402 4687 2529 4757 quia
2562 4701 2670 4741 non
2702 4685 3009 4740 temeritate
3030 4689 3484 4759 praesumptionis,
3508 4694 3601 4749 sed

2026 4777 2280 4832 aviditate
2320 4776 2394 4831 tui
2435 4776 2687 4832 desiderii
2733 4775 2857 4831 huic
2900 4775 3354 4834 deiioratiuncula:
3381 4795 3599 4851 operam

2024 4866 2180 4925 dedi.
2229 4877 2288 4920 ut
2333 4867 2494 4921 breve
2540 4875 2595 4921 et
2637 4867 2886 4922 manuale
2912 4869 3136 4922 verbum
3181 4885 3390 4926 mecum
3435 4874 3503 4929 de
3549 4882 3600 4930 te

2022 4972 2234 5026 semper
2265 4958 2351 5012 hai
2372 4972 2519 5012 erem
2539 4997 2554 5021 ,
2589 4970 2655 5011 ex
2691 4956 2844 5026 cujus
2877 4957 3104 5014 lectione
3131 4963 3346 5031 quoties
3379 4964 3596 5033 tepefio,

2023 5048 2078 5103 in
2109 5059 2257 5103 tuum
2291 5049 2620 5104 reaccendar
2647 5064 2906 5105 amorem.
2943 5049 3141 5107 Sumus
3168 5054 3310 5108 enim
3341 5055 3396 5109 in
3421 5059 3600 5113 medio

2022 5139 2337 5211 laqueorum
2361 5140 2543 5210 positi,
2567 5148 2623 5196 et
2647 5140 2768 5197 ideo
2793 5140 2949 5197 facile
2975 5157 3005 5196 a
3030 5143 3234 5199 caelesti
3261 5143 3601 5217 frigescimus

2023 5232 2311 5289 desiderio.
2347 5231 2499 5288 Unde
2527 5231 2827 5302 indigemus
2854 5234 3072 5289 assiduo
3097 5246 3462 5304 monumento,
3492 5253 3602 5310 quo

2021 5321 2428 5393 expcrgefacti,
2476 5323 2546 5379 ad
2597 5332 2649 5379 te
2696 5334 2940 5381 nostrum
2986 5342 3170 5382 verum
3221 5344 3598 5402 summumque

2021 5415 2242 5478 bonum,
2273 5429 2398 5470 cum
2426 5413 2729 5480 definimus,
2759 5431 3122 5473 recurramus.
3165 5418 3343 5474 Multa:
3369 5420 3599 5491 denique

2021 5512 2148 5561 sunt
2175 5507 2685 5578 contemplationes,
2721 5509 2916 5578 quibus
2943 5511 3122 5566 anima
3152 5513 3344 5569 devota
3374 5515 3468 5570 tibi
3497 5531 3595 5570 ex-

2020 5597 2296 5652 cruciatur
2317 5609 2370 5654 et
2393 5598 2622 5670 proiicit,
2649 5601 2743 5655 sed
2764 5600 2906 5655 nulla
2923 5618 3108 5658 earum
3135 5604 3208 5658 ita
3234 5617 3320 5661 me
3338 5606 3590 5671 obiectat,

2020 5699 2076 5744 et
2109 5703 2260 5745 mens
2298 5704 2416 5747 mea
2453 5690 2712 5761 intendit,
2760 5691 2899 5748 sicut
2929 5691 3017 5749 illa
3047 5710 3166 5766 (pla:
3198 5691 3262 5753 de
3294 5706 3384 5754 tua
3415 5700 3596 5770 agitur
