3934 6180
402 314 541 372 1047

1199 316 1257 369 Β.
1303 316 1360 369 ι’.
1404 314 1627 369 ALBINI
1667 315 1797 372 SEU
1834 315 2104 374 ALCUINI
2143 317 2426 378 OPERUM
2464 322 2643 380 PARS
2680 324 2810 381 Vill.

3499 330 3637 389 {M8

397 425 746 496 proprietate.
804 425 1006 479 idcirco
1055 425 1422 479 necessarium
1466 424 1592 478 duxi
1645 426 1786 480 hunc
1833 423 1963 479 mihi
1997 440 2038 492 Α
2068 443 2131 482 ac
2150 430 2926 499 sempiternum,immortalem
2949 442 3109 506 autne
3130 438 3640 510 incommutabilem,

400 516 574 573 solum
598 518 889 572 decernere
916 517 1034 589 [1⁸η
1062 516 1372 587 decerpere]
1405 518 1804 571 sermunculum
1827 558 1843 582 ,
1876 520 1969 573 ubi

402 611 469 665 de
498 610 884 680 omnipotentia
914 610 1209 677 maiestatis
1254 618 1385 671 ture,
1428 610 1568 662 sicut
1608 609 1769 662 corde
1809 610 1971 663 credo

399 702 465 754 ad
487 700 777 768 justitiam,
818 702 893 755 ita
922 716 1016 756 ore
1041 702 1301 754 conﬁteor
1328 701 1392 753 ad
1422 699 1646 753 salutem
1666 740 1681 765 ,
1726 708 1779 753 te
1803 700 1970 754 Deum

399 790 613 844 Patrem
653 792 985 859 ingenitum,
1029 800 1080 845 te
1122 791 1312 843 Filium
1343 790 1709 859 unigenitum,
1756 800 1808 844 te
1850 790 1972 860 Spi-

400 879 563 933 ritum
598 889 845 935 sanctum
874 881 1234 950 paracletunt,
1266 889 1507 934 sanctam
1548 889 1603 934 et
1643 880 1971 934 individuam

401 970 742 1038 Trinitatem,
781 988 941 1025 unum
974 974 1160 1033 Deum,
1201 972 1252 1024 in
1284 970 1649 1039 magnitudine
1678 970 1969 1036 inﬁnitum,

400 1064 455 1119 in
486 1066 685 1120 virtute
712 1066 1169 1135 omu'qiotentcm‘,
1215 1067 1268 1119 in
1299 1067 1536 1120 bonitate
1567 1082 1833 1119 summum
1855 1107 1869 1131 ,
1916 1067 1972 1119 in

398 1158 661 1227 sapientia
692 1159 1117 1213 in;estimal.ilem
1142 1199 1155 1219 ,
1200 1159 1251 1211 in
1282 1158 1519 1212 consiliis
1547 1157 1842 1212 terribilem
1861 1199 1875 1223 ,
1918 1159 1972 1212 in

390 1247 607 1315 judieiis
628 1248 860 1316 justum,
896 1249 948 1302 in
976 1249 1395 1317 cogitationibus
1420 1248 1875 1311 secretissimum,
1918 1248 1971 1301 in

395 1337 571 1391 verbis
602 1353 844 1393 veracem
864 1381 877 1401 ,
911 1340 963 1392 in
990 1340 1244 1408 macrinus
1273 1346 1517 1394 sanctum
1538 1379 1551 1402 ,
1585 1339 1635 1391 in
1666 1337 1972 1391 miscricor—

394 1428 496 1481 diis
533 1430 841 1497 copiosum,
892 1446 1018 1501 erga
1065 1432 1438 1499 delinquentes
1484 1429 1966 1500 patientissimum,

392 1534 523 1590 erga
544 1523 866 1590 pteuitcntes
885 1524 1052 1592 pium.
1092 1526 1316 1588 Semper
1339 1524 1478 1577 idem
1509 1523 1679 1590 ipsum
1709 1529 1969 1577 aeternum

398 1661 1135 1686 Μ]

2073 533 2231 587 quem
2257 536 2354 574 nec
2377 523 2548 591 spatia
2570 522 2815 589 dilatant,
2835 523 2997 597 394
3028 542 3124 581 nec
3150 526 3383 584 brevitas
3406 530 3644 591 locorum

2075 621 2343 679 angustat,
2372 627 2471 666 nec
2498 615 2836 682 receptacula
2865 616 2972 670 ulla
3004 627 3300 684 coarctant,
3333 635 3433 676 nec
3459 623 3643 679 volun-

2077 711 2160 756 tas
2188 704 2392 767 variat,
2438 721 2537 760 nec
2572 707 2910 764 necessitudo
2938 711 3263 780 corrumpit,
3310 727 3410 767 nec
3452 726 3640 772 mmsta

2076 794 2426 862 perturbant,
2475 810 2575 849 nec
2624 795 2741 849 beta
2790 798 3119 864 demulccut;
3172 801 3257 855 cui
3304 816 3406 857 nec
3447 803 3642 861 oblivio

2081 881 2245 944 tellit.
2274 899 2371 937 nec
2398 885 2656 938 memoria
2688 885 2879 950 reddit,
2912 902 3012 942 nec
3038 891 3312 958 pnctcrita
3344 900 3642 960 transeunt,

2073 988 2172 1025 nec
2202 973 2375 1026 futura
2413 977 2739 1030 succedunt:
2786 979 2868 1032 cui
2914 993 3014 1033 nec
3054 982 3205 1052 origo
3247 982 3498 1049 initium,
3553 1001 3643 1041 nec

2073 1070 2314 1131 tempora
2346 1063 2766 1130 incrementum,
2809 1083 2909 1122 nec
2936 1084 3094 1125 casus
3131 1070 3290 1125 tinem
3323 1072 3509 1137 dabit,
3558 1075 3642 1128 sed

2073 1163 2196 1208 ante
2222 1155 2435 1216 smeula,
2466 1165 2518 1211 et
2550 1157 2601 1210 in
2632 1159 2862 1223 smculis,
2892 1168 2945 1213 et
2969 1175 3064 1230 per
3087 1162 3278 1216 sa‘cula
3309 1164 3362 1217 in
3386 1173 3641 1220 aeternum

2071 1246 2233 1310 vivis,
2279 1256 2333 1299 et
2375 1256 2459 1301 cst
2501 1247 2596 1301 tibi
2643 1249 2894 1318 perennis
2925 1249 3064 1316 laus,
3110 1262 3164 1305 et
3205 1260 3411 1306 mlerna
3452 1253 3641 1322 gloria,

2071 1352 2280 1391 summa
2312 1347 2570 1407 potestas,
2597 1348 2651 1393 et
2676 1340 2963 1411 singularis
2988 1342 3183 1406 honor,
3216 1352 3538 1414 perpetuum
3570 1362 3644 1400 re-

2071 1442 2255 1496 gnum,
2278 1437 2330 1481 et
2349 1428 2465 1481 sine
2493 1427 2596 1482 ﬁne
2621 1429 2903 1499 imperium
2926 1445 3021 1501 per
3043 1432 3275 1497 infinita,
3302 1445 3355 1488 et
3378 1434 3643 1492 indefessa

2071 1526 2126 1572 et
2152 1519 2471 1573 immortalia
2499 1520 2691 1575 saecula
2719 1522 3054 1576 smculorum.
3085 1523 3275 1579 Amen.

3078 1669 3610 1698 m

1800 1796 2047 1872 PARS
2129 1795 2232 1869 Il.

1536 1951 1633 2005 DE
1695 1948 1959 2005 VERBO
2013 1947 2509 2003 lNCARNATO.

1797 2090 2113 2102 _——-—

460 2155 500 2210 ι.
544 2152 818 2223 Superiori
840 2152 1051 2221 quidem
1081 2151 1422 2204 sermuncqu
1445 2150 1812 2204 Conlessiunis
1839 2150 1961 2203 ﬁdei
1998 2153 2038 2210 Β
2066 2155 2376 2217 comperta;
2410 2163 2529 2218 qua:
2557 2156 2836 2217 cmpcrunt
2863 2149 3114 2217 primitus
3143 2153 3389 2207 enarrari
3416 2169 3516 2225 per
3541 2153 3645 2213 Do-

392 2260 547 2310 mere,
590 2243 932 2313 omnipotens
958 2240 1214 2302 Trinitas,
1266 2240 1406 2294 Deus
1450 2256 1607 2303 unus,
1651 2239 1830 2295 cordis
1860 2240 1964 2294 inci

390 2336 661 2405 inspector
678 2341 735 2388 et
758 2341 1049 2397 scrutator,
1072 2331 1352 2386 confess-ts
1375 2346 1492 2385 sum
1516 2332 1965 2401 omnipotentiam

389 2426 689 2495 maiestatis
726 2434 849 2489 tuae,
894 2432 948 2480 et
992 2422 1331 2491 maiestatem
1371 2424 1778 2493 omnipotentiae
1818 2432 1961 2477 tute:

388 2534 530 2572 nunc
563 2526 743 2572 autem
772 2515 1004 2585 qualiter
1030 2516 1264 2569 humano
1299 2515 1482 2585 generi
1526 2514 1579 2568 in
1611 2514 1719 2568 ﬁne
1746 2514 1969 2568 saeculo-

390 2623 509 2663 rum
532 2608 818 2663 subvenire
847 2608 1096 2677 dignatus
1126 2620 1203 2667 cs,
1242 2621 1378 2675 puro
1405 2606 1566 2659 corde
1608 2614 1663 2659 et
1702 2604 1967 2659 catholico

389 2714 485 2753 ore
525 2697 806 2752 conﬁteor.
841 2697 921 2750 Tu
966 2696 1134 2760 enim,
1180 2695 1522 2765 omnipotens
1568 2695 1728 2749 Pater
1776 2696 1962 2761 solus,

388 2804 654 2856 nusquam
680 2787 875 2858 legeris
900 2786 1116 2840 missus.
1150 2786 1225 2839 De
1255 2785 1543 2856 Unigenito
1568 2792 1746 2840 autem
1775 2795 1868 2841 tuo
1890 2787 1964 2841 ita

388 2880 574 2937 scribit
614 2879 937 2949 Apostolus:
981 2876 1113 2933 Cum
1153 2879 1288 2932 venit
1333 2876 1599 2948 plenitudo
1641 2886 1963 2949 temporum,

390 2972 532 3026 misit
559 2970 699 3024 Deus
728 2968 928 3023 Filium
967 2986 1119 3024 suum
1148 2968 1344 3036 factum
1379 2984 1444 3022 e1:
1476 2966 1722 3032 muliere,
1761 2968 1962 3037 factum

385 3062 482 3115 sub
522 3060 632 3131 lege
660 3058 803 3132 [σαι.
833 3076 907 3126 tv,
938 3059 1017 3132 4).
1067 3058 1202 3113 Cum
1245 3067 1425 3114 autem
1474 3060 1588 3113 ait:
1635 3061 1783 3115 misit
1823 3061 1964 3116 Deus

386 3153 580 3209 Filium
608 3170 764 3209 suum
794 3153 994 3209 factum
1023 3169 1091 3210 ex
1123 3154 1364 3220 muliere,
1398 3156 1531 3211 satis
1560 3156 1799 3212 ostendit
1821 3157 1964 3226 quod

386 3248 439 3301 in
484 3247 627 3303 hunc
671 3248 930 3302 mundum
973 3248 1171 3303 missus
1213 3248 1469 3313 advenit,
1523 3263 1645 3303 cum
1687 3248 1755 3303 de
1796 3247 1963 3301 Maria

383 3351 598 3405 semper
624 3337 835 3408 virgine
873 3347 1054 3401 natus,
1098 3354 1256 3394 verus
1297 3349 1351 3393 et
1390 3339 1663 3408 perfectus
1705 3339 1868 3394 homo
1906 3340 1962 3393 in

383 3425 543 3479 terris
570 3427 835 3494 apparuit.
871 3427 1008 3493 Quid
1040 3429 1203 3498 igitur
1227 3437 1309 3484 est
1336 3429 1479 3497 quod
1505 3430 1571 3483 de
1599 3428 1689 3483 illo
1716 3429 1962 3499 Evange-

385 3514 505 3569 lista
534 3516 609 3569 ait
634 3534 645 3569 :
678 3516 744 3569 In
776 3518 970 3570 mundo
996 3528 1128 3582 erat,
1156 3528 1202 3572 et
1230 3519 1456 3573 mundus
1479 3537 1571 3589 per
1592 3521 1762 3590 ipsum
1788 3520 1959 3590 factus

382 3614 458 3659 est
488 3604 669 3675 (Joan.
699 3621 733 3667 ι.
772 3608 858 3677 10)
881 3607 905 3660 ?
931 3606 1062 3661 Illuc
1088 3592 1217 3677 ergo
1248 3610 1446 3664 missus
1475 3617 1559 3666 est
1585 3626 1682 3680 per
1706 3612 1958 3667 humani-

386 3704 569 3760 tatem,
594 3696 680 3752 ubi
704 3713 917 3768 semper
938 3697 1037 3753 fuit
1056 3713 1154 3768 per
1172 3700 1529 3754 divinitatem.
1561 3700 1734 3768 Quam
1756 3703 1962 3759 scilicet

382 3788 692 3845 missionem
735 3807 870 3860 opus
907 3807 1029 3847 esse
1068 3802 1270 3847 sancta:
1298 3792 1578 3849 Trinitatis
1606 3797 1768 3851 corde
1796 3798 1960 3853 credo

383 3879 450 3935 ad
476 3878 769 3946 justitiam,
801 3892 855 3935 et
888 3897 982 3937 ore
1017 3882 1279 3937 conﬁteor
1303 3884 1369 3937 ad
1398 3884 1647 3939 salutem.
1695 3885 1959 3942 Caeterum

381 3972 503 4039 quia
535 3973 698 4028 voluit
729 3973 893 4028 Filius
921 3975 1152 4029 hominis
1183 3974 1318 4040 ﬁeri,
1354 3984 1603 4032 neutram
1631 3988 1811 4033 tamen
1839 3994 1960 4035 cre-

381 4061 556 4117 dimus
586 4062 639 4117 in
668 4062 890 4118 alteram
922 4064 1281 4121 substantiam
1309 4068 1647 4133 commutari,
1677 4068 1961 4126 Trinitatis

380 4153 639 4221 mysterio
675 4162 924 4221 quartam
957 4170 1062 4208 non
1102 4155 1222 4210 addi
1270 4171 1588 4226 personam,
1628 4159 1802 4224 uniri,
1848 4174 1957 4214 non

379 4239 632 4296 confundi
662 4243 821 4297 Verbi
851 4243 1017 4299 divini
1047 4244 1386 4315 hominisque
1410 4246 1786 4313 substantiam,
1819 4256 1877 4301 ut
1902 4249 1956 4302 in

381 4330 569 4395 Deum,
600 4330 746 4401 quod
772 4347 839 4388 ex
870 4332 1023 4395 nobis
1048 4343 1357 4405 susceptum
1385 4334 1590 4402 fuerat,
1616 4336 1951 4405 perveniret,

376 4428 432 4475 et
461 4421 619 4486 illud,
663 4423 805 4491 quod
840 4439 1115 4493 nunquam
1152 4439 1259 4479 non
1294 4424 1496 4489 fuerat,
1540 4426 1682 4481 idem
1717 4441 1951 4500 semper,

376 4514 521 4584 quod
549 4513 743 4581 fuerat,
776 4526 1135 4585 permaneret.
1182 4517 1300 4588 Ipse
1325 4519 1492 4584 enim,
1519 4519 1612 4589 qui
1641 4518 1818 4574 factus
1847 4536 1953 4577 non

376 4614 462 4660 est
483 4646 498 4670 ,
545 4607 761 4662 domum
792 4606 893 4662 sibi
928 4608 1155 4663 mirabili
1190 4610 1366 4675 modo,
1402 4624 1510 4664 non
1543 4609 1845 4678 explicabili
1876 4610 1953 4667 fe-

376 4697 481 4762 eit;
524 4706 782 4767 tempore,
826 4714 931 4753 non
959 4700 1184 4754 consilio
1215 4714 1439 4763 novam,
1481 4700 1533 4754 in
1575 4700 1663 4755 illo
1695 4700 1951 4771 deinceps

375 4798 803 4859 permanentem,
830 4807 930 4846 nec
960 4792 1066 4846 ullo
1096 4802 1334 4862 tempore
1362 4792 1671 4847 ﬁniendam.
1703 4793 1808 4847 Istc
1835 4809 1948 4848 me-

375 4881 552 4937 diator
579 4881 672 4937 Dei
712 4889 768 4936 et
808 4883 1113 4948 hominum,
1159 4885 1321 4938 homo
1346 4884 1592 4938 Christus
1617 4884 1806 4948 Jesus,
1853 4886 1948 4940 sed

377 4975 537 5029 homo
565 4973 685 5029 sine
712 4984 934 5044 peccato
975 4974 1120 5029 salus
1160 4973 1526 5029 manifestavit
1567 4990 1761 5030 nomen
1797 4985 1948 5030 tuum

375 5067 717 5122 hominibus:
756 5068 842 5122 his
872 5068 1230 5136 potissimum,
1275 5082 1410 5136 quos
1457 5078 1511 5121 tu
1557 5068 1606 5121 ci
1649 5068 1842 5123 dedisti
1882 5070 1951 5123 de

374 5155 593 5221 mundo,
640 5165 694 5212 ct
735 5157 1073 5211 annuntiavit
1105 5157 1184 5211 eis
1211 5157 1423 5220 omnia,
1470 5166 1523 5211 et
1566 5167 1717 5213 tanto
1763 5159 1947 5213 verius

373 5256 576 5315 quanto
596 5248 806 5303 caeteris
826 5246 1099 5303 efﬁcacius
1116 5247 1284 5302 novit.
1315 5246 1379 5301 Hi
1397 5248 1539 5302 enim
1557 5256 1683 5301 sunt
1706 5249 1793 5317 qui
1818 5263 1947 5303 con-

372 5336 545 5391 stituti
572 5346 697 5392 sunt
728 5337 997 5408 principes
1027 5354 1188 5408 super
1223 5353 1436 5393 ontnem
1469 5348 1684 5402 terram,
1716 5355 1944 5408 quorum

372 5427 501 5482 tuba
529 5429 924 5498 praedicationis
962 5432 1030 5485 ad
1068 5431 1232 5486 totius
1261 5430 1442 5484 mundi
1479 5444 1637 5484 aures
1674 5431 1940 5499 pervenit.

371 5517 462 5575 Isti
494 5536 723 5591 namque
752 5522 891 5578 sicut
914 5504 1166 5578 ab'initio
1192 5522 1459 5586 viderunt,
1492 5530 1548 5575 et
1571 5520 1804 5575 ministri
1830 5520 1943 5576 fue-

371 5624 499 5669 runt
539 5616 831 5680 sermonis,
878 5616 1215 5671 tradiderunt
1257 5614 1412 5669 nobis
1452 5629 1548 5684 per
1573 5614 1947 5669 successiones

375 5704 626 5769 l‘atrum,
676 5706 826 5759 multi
868 5706 1018 5775 regni
1064 5706 1138 5761 tui
1181 5705 1464 5773 mysteria,
1509 5719 1782 5777 nunquam
1823 5713 1947 5760 ante

1980 4836 2027 4894 Ι)

2073 2239 2295 2304 minum,
2328 2249 2380 2293 te
2404 2240 2659 2293 nimirum
2688 2241 2846 2295 verba
2876 2241 3085 2296 illorum
3112 2245 3384 2300 credibilia
3418 2247 3647 2308 faciente

2068 2330 2257 2399 signis,
2302 2338 2357 2383 et
2395 2330 2687 2399 portentis,
2730 2340 2785 2385 et
2829 2333 2991 2386 variis
3031 2334 3344 2402 virtutibus,
3386 2339 3647 2411 mirisque

2066 2421 2238 2474 sancti
2274 2420 2508 2490 Spiritus
2543 2420 3009 2477 distributionibus
3044 2425 3339 2478 secundum
3374 2434 3525 2482 tuam
3556 2445 3646 2484 ro—

2067 2509 2349 2564 luntatem.

2137 2609 2201 2664 ll.
2242 2610 2366 2665 Haec
2394 2625 2528 2665 sane
2553 2626 2711 2665 causa
2744 2621 2847 2677 est,
2878 2628 2983 2682 qua
3014 2613 3159 2680 freti,
3189 2617 3305 2671 sine
3331 2616 3436 2673 ulla
3469 2620 3645 2676 susci-

2065 2701 2243 2771 pimus
2268 2702 2637 2772 ambiguitate,
2667 2703 2925 2773 quidquid
2956 2714 3131 2759 mater
3154 2706 3390 2763 Ecclesia
3422 2710 3640 2765 univer-

2066 2790 2195 2845 salis
2235 2799 2288 2845 et
2328 2791 2620 2861 apostolica
2648 2791 2838 2858 docet;
2889 2808 3059 2864 usque
3103 2796 3255 2863 adeo,
3295 2808 3354 2852 ut
3391 2814 3491 2869 pro
3523 2810 3641 2855 tan-

2066 2893 2241 2939 torum
2277 2885 2716 2940 documentorum
2748 2887 2863 2957 ejus
2893 2888 3218 2953 assertione,
3263 2900 3413 2943 certa
3445 2891 3640 2949 ﬁrmati

2067 2974 2170 3030 ﬁde
2211 2990 2308 3045 per
2337 2976 2564 3045 gratiam
2594 2985 2773 3040 tuam,
2821 2978 2966 3031 omni
3011 2987 3398 3034 tormentorum
3444 2997 3639 3053 genere

2066 3065 2202 3119 mori
2236 3082 2340 3119 non
2370 3066 2672 3131 timeamus,
2719 3067 2949 3121 scientes
2994 3082 3092 3137 pro
3134 3077 3285 3125 certo
3319 3069 3487 3123 vitam
3525 3070 3640 3140 glo-

2064 3157 2265 3211 riosam
2312 3156 2465 3211 nobis
2510 3166 2712 3211 restare
2758 3165 2878 3226 post
2923 3167 3168 3216 mortem.
3221 3158 3333 3214 Hac
3375 3161 3638 3230 siquidem

2065 3245 2403 3299 corroborati
2432 3245 2723 3299 securitate
2752 3247 3013 3312 cauimus,
3044 3248 3323 3317 psallimus
3370 3261 3427 3305 et
3453 3251 3641 3306 scribi-

2066 3353 2185 3391 mus
2223 3337 2429 3392 alacres
2470 3338 2751 3408 avidiqne,
2799 3354 2940 3397 nunc
2970 3340 3134 3394 verbo
3161 3356 3227 3395 ex
3255 3342 3453 3408 verbo,
3500 3358 3637 3399 nunc

2066 3442 2224 3481 sensu
2262 3443 2326 3481 ex
2362 3443 2553 3492 sensu,
2594 3429 2887 3483 secundum
2917 3429 3265 3498 apostolicam
3298 3432 3633 3487 traditionem

2064 3518 2308 3572 mirabile
2333 3518 2523 3573 salutis
2551 3529 2748 3573 nostra:
2773 3535 2927 3590 opus,
2954 3520 3005 3574 id
3033 3529 3132 3584 est,
3156 3521 3282 3575 illud
3309 3523 3529 3591 pietatis
3553 3538 3635 3578 sa-

2064 3618 2421 3676 cramentum,
2442 3610 2580 3681 quod
2602 3612 2991 3681 manifestatum
3011 3615 3160 3666 estin
3182 3629 3357 3677 came,
3373 3615 3634 3684 justiﬁed-

2062 3708 2171 3754 tum
2201 3711 2275 3755 est
2308 3701 2359 3754 in
2391 3703 2608 3772 spiritu,
2641 3704 2885 3773 apparuit
2917 3702 3142 3773 angelis,
3180 3705 3528 3773 prtrdicatum
3561 3715 3630 3759 est

2059 3790 2321 3859 gentibus,
2369 3791 2622 3844 creditum
2655 3801 2730 3845 est
2762 3792 2817 3844 in
2848 3791 3063 3857 mundo,
3106 3801 3429 3862 assumptum
3468 3803 3547 3847 est
3580 3795 3634 3847 in

2059 3879 2227 3949 gloria
2258 3880 2307 3951 (I
2341 3880 2473 3934 Tim.
2505 3896 2584 3946 tu,
2614 3880 2688 3951 ϐ).
2743 3880 2847 3935 Sed
2888 3882 3003 3936 haec
3036 3883 3160 3937 dum
3189 3882 3400 3953 cogito,
3450 3884 3632 3938 mirari

2061 3986 2273 4026 mecum
2301 3987 2407 4026 non
2435 3986 2589 4027 cesso
2623 3971 2766 4026 illam
2794 3969 3098 4027 Judmorum
3132 3974 3461 4043 impietatem
3481 4015 3497 4039 ,
3541 3975 3629 4044 qui

2059 4077 2277 4116 manum
2310 4062 2525 4118 mittere
2556 4063 2608 4117 in
2635 4061 2907 4117 Christum
2946 4062 3229 4117 Dominum
3248 4105 3264 4130 ,
3305 4081 3415 4121 non
3444 4065 3630 4119 timue-

2058 4160 2184 4207 runt
2212 4154 2388 4209 verbis
2419 4154 2729 4209 cmlestibus
2763 4155 3094 4209 intonantem
3113 4196 3127 4222 ,
3173 4157 3443 4226 tantisque
3471 4158 3629 4211 mira-

2056 4244 2192 4301 culis
2216 4256 2607 4302 coruscantem.
2654 4246 2698 4302 Ο
2726 4248 2887 4301 corda
2918 4249 3065 4302 saxis
3088 4248 3307 4302 duriora
3326 4290 3341 4313 ,
3372 4257 3429 4302 et
3457 4249 3626 4304 brutis

2054 4333 2185 4390 feris
2212 4334 2455 4390 stultiora
2481 4338 2493 4389 !
2539 4336 2648 4401 ubi,
2680 4352 2829 4408 rogo,
2860 4346 2980 4392 erat
3006 4353 3196 4392 sensus
3223 4348 3278 4392 et
3302 4339 3444 4393 ratio
3470 4339 3626 4393 misc-

2054 4438 2268 4488 rorum,
2313 4426 2528 4495 quando
2565 4426 2841 4481 caelestem
2881 4428 3131 4482 videbant
3160 4429 3461 4495 medicum,
3510 4430 3627 4484 inﬁ-

2052 4512 2220 4566 nitam
2262 4513 2628 4585 languentium
2676 4516 2884 4571 turbam
2929 4519 3096 4586 gratis
3133 4533 3359 4583 sanare,
3412 4520 3463 4574 id
3508 4528 3621 4585 est,

2050 4603 2322 4660 dmmones
2367 4615 2640 4672 excutere,
2671 4622 2844 4661 caecos
2876 4608 3220 4672 reluminare,
3252 4609 3497 4679 leprosos
3533 4627 3623 4665 cu-

2048 4709 2201 4761 rare,
2250 4696 2571 4769 paralyticos
2605 4699 2964 4769 restringere,
3005 4700 3266 4755 cadavera
3305 4701 3431 4755 vitm
3473 4704 3623 4756 resti-

2055 4793 2223 4849 tuere,
2262 4795 2319 4841 et
2360 4788 2475 4843 inec
2517 4787 2791 4858 multaque
2830 4789 2932 4843 alia
2972 4790 3138 4844 solius
3173 4790 3320 4845 verbi
3362 4802 3622 4861 potestate

2053 4876 2169 4932 sine
2195 4893 2343 4932 mora
2375 4878 2578 4948 agere?
2616 4878 2750 4945 Quid
2778 4880 3084 4949 cogitabant
3110 4880 3161 4933 in
3191 4881 3445 4936 cordibus
3472 4884 3617 4948 czeci,

2051 4982 2172 5021 cum
2217 4969 2331 5037 ipsa
2371 4985 2583 5039 quoque
2622 4969 2885 5024 elementa
2928 4969 3170 5025 famulari
3209 4972 3256 5025 ei
3302 4983 3614 5036 cernerent,

2048 5060 2182 5114 adeo
2221 5069 2282 5114 ut
2323 5061 2595 5131 ingressus
2620 5076 2768 5115 mare
2795 5062 2969 5116 ventis
2996 5062 3313 5131 imperaret,
3358 5065 3615 5133 procellas

2048 5162 2444 5223 compesceret,
2484 5156 2774 5211 ostendens
2800 5171 2859 5210 se
2887 5156 3226 5210 evidentibus
3262 5156 3435 5226 signis
3468 5165 3612 5210 tuum

2048 5259 2167 5299 esse
2195 5244 2411 5309 Filium,
2443 5245 2584 5301 Deus
2610 5246 2787 5310 Pater,
2817 5257 2871 5301 et
2898 5246 3074 5310 illum,
3104 5246 3195 5315 qui
3226 5260 3255 5299 a
3288 5256 3341 5300 te
3366 5246 3495 5300 olim
3521 5259 3614 5316 per

2044 5348 2195 5393 vates
2220 5338 2377 5393 saluti
2407 5348 2603 5395 nostrze
2632 5340 2811 5393 multis
2833 5339 3005 5394 modis
3029 5338 3322 5409 promissus
3344 5347 3446 5393 est.
3474 5338 3611 5393 Tan-

2043 5430 2162 5484 dem
2203 5431 2377 5499 gentis
2418 5429 2636 5500 perﬁda:
2674 5429 2910 5494 invidia,
2954 5429 3087 5484 diris
3127 5428 3369 5482 consiliis
3409 5429 3609 5484 diutius

2039 5521 2259 5590 agitata,
2286 5521 2559 5575 Christum
2584 5519 2698 5575 dari
2727 5520 2828 5574 sibi
2856 5520 2910 5573 in
2934 5533 3151 5574 crucem
3178 5517 3360 5573 multis
3385 5519 3608 5574 extorsit

2040 5609 2382 5663 clamoribus.
2416 5608 2743 5663 Praedixerat
2767 5615 2822 5661 et
2845 5607 2958 5675 ipse
2983 5606 3101 5662 illos
3122 5607 3238 5661 hac
3259 5606 3335 5660 ita
3359 5613 3603 5661 acturos:

2039 5718 2229 5773 parum
2261 5702 2307 5756 si
2338 5717 2443 5758 non
2479 5709 2534 5757 et
2564 5701 2841 5772 prophetae
2880 5708 3046 5769 retro,
3091 5705 3146 5754 et
3189 5707 3371 5754 tamen
3414 5696 3601 5753 afﬁxus
