3934 6180
304 341 446 397 ωιθ

964 337 1119 395 ΟΡΡ.’
1146 338 1372 396 DUBlA.
1419 372 1489 382 —-
1524 340 1751 397 ALBlNl
1786 340 2168 400 CONFESSIO
2200 342 2402 400 FlDEl.
2442 375 2510 385 —
2546 342 2727 400 ΡΜὶὸ
2764 345 2826 402 ll.

3409 349 3549 405 ἰῶθ

298 458 469 524 cruci,
503 457 762 529 Spiritum
791 473 912 514 cum
941 459 1105 515 verbo
1133 468 1322 533 Sponte
1346 458 1567 525 dimisit,
1600 468 1870 530 praevento
1903 459 1943 516 Α
1977 456 2103 510 tiam
2149 465 2317 523 tuam,
2350 457 2509 513 talem
2532 498 2547 525 ,
2586 466 2643 513 tu
2672 460 2760 517 cui
2783 460 2963 515 omnia
2991 467 3117 516 sunt
3142 461 3446 531 possibilia,
3491 471 3550 520 et

296 546 573 602 carniﬁcis
598 546 797 603 ofﬁcio.

367 639 451 697 ill.
494 636 695 695 Eodem
722 656 851 697 vero
883 652 1153 698 momento
1180 640 1295 699 dies
1320 644 1494 701 media
1523 644 1872 701 delitescente

294 730 408 789 sole
438 732 492 785 in
521 742 734 787 noctem
764 734 968 786 mutata
998 738 1099 788 est.
1143 732 1295 790 Tunc
1315 733 1480 791 Judaei
1510 752 1668 791 cnice
1694 737 1871 793 detra-

295 833 439 879 ctum
480 821 834 893 sepulcroque
868 824 1135 893 pesitum,
1179 841 1370 895 magna
1414 825 1579 881 etiam
1622 827 1869 883 militaris

294 911 552 967 custodiae
598 909 871 983 diligentia
916 912 1407 981 circumsederunt,
1450 931 1541 982 ne,
1570 917 1694 986 quia
1730 933 1867 987 pne-

291 1003 504 1060 dixerat
540 1019 599 1059 se
637 1004 793 1057 tertia
831 1012 1263 1058 resurrecturum
1293 1004 1409 1070 die,
1450 1005 1695 1077 discipuli
1732 1006 1867 1062 clam

290 1094 496 1152 amoliti
520 1112 714 1167 corpus
739 1104 1019 1165 suspectos
1054 1092 1317 1151 fallerent.
1338 1097 1535 1153 Verum
1561 1098 1628 1153 ad
1653 1101 1866 1155 tertiam

288 1187 465 1243 lucem
495 1202 759 1243 concussa
790 1194 1007 1255 repente
1032 1194 1199 1251 terra,
1222 1194 1277 1242 et
1301 1186 1438 1241 mole
1464 1188 1723 1254 revoluta,
1746 1204 1867 1259 quae

286 1281 633 1335 obstruxerat
665 1286 1102 1343 monumentum,
1152 1285 1208 1332 et
1250 1276 1495 1333 custodia
1542 1294 1741 1349 pavore
1784 1277 1866 1332 fu-

284 1378 429 1442 gata,
456 1368 614 1423 nullis
636 1367 1017 1438 apparentibus
1046 1368 1340 1438 discipulis,
1370 1370 1502 1424 nihil
1530 1369 1582 1423 in
1612 1369 1748 1436 loco,
1772 1370 1864 1425 ubi

280 1458 491 1530 positus
518 1464 623 1524 est,
652 1464 919 1528 repertum
949 1465 1054 1523 est,
1079 1467 1275 1528 prmter
1302 1460 1523 1514 exuvias
1552 1458 1860 1529 sepultum.

283 1547 644 1604 Nihilominus
682 1555 862 1602 tamen
898 1547 1163 1617 primores
1198 1546 1502 1603 Iudaeorum
1530 1549 1599 1604 ab
1627 1551 1861 1621 incoepta

283 1654 388 1693 non
419 1645 693 1693 cessantes
722 1635 965 1707 perﬁdia,
996 1636 1279 1708 loquentes
1308 1646 1433 1694 ve‘ra
1463 1639 1706 1710 pecuniis
1734 1654 1860 1695 eor-

281 1737 575 1800 ruperunt,
620 1737 681 1784 ut
710 1744 832 1785 eum
870 1745 899 1784 a
939 1729 1213 1799 discipulis
1252 1731 1562 1801 subreptum
1614 1733 1860 1788 securius

1973 547 2106 601 nihil
2148 544 2401 615 difﬁcile;
2436 555 2498 604 ut
2531 550 2745 621 placere
2779 548 2988 606 valeam
3031 564 3212 607 coram
3241 551 3412 607 oculis
3439 552 3550 609 tuis

1971 641 2023 691 in
2050 638 2296 694 veritate.
2325 640 2494 696 Tuam
2518 642 2606 711 pie
2626 654 2733 697 non
2761 642 3027 698 abhorreo
3049 642 3401 709 medicinam;
3426 658 3547 698 sum

1969 729 2114 783 enim
2161 730 2314 785 valde
2357 730 2624 787 inﬁrmus.
2674 732 2876 789 Ordine
2922 748 3030 803 quo
3072 734 3283 803 placet,
3331 734 3549 790 medere

1971 819 2150 875 multis
2177 821 2523 893 languoribus
2556 824 2718 889 meis,
2747 832 2802 879 ct
2837 840 3077 895 cxcoqne
3099 827 3331 881 scorisin
3353 840 3547 897 pecca-

1970 918 2143 965 torum
2177 926 2416 967 meorum
2443 914 2510 967 ad
2542 928 2758 984 purum,
2785 916 3098 985 priusquam
3132 914 3344 979 abeam,
3368 916 3546 971 modi

1966 1002 2163 1072 quibus
2189 1002 2283 1058 tibi
2312 1004 2539 1058 videtur.
2570 1003 2675 1059 Sed
2697 1006 2879 1075 rogavi
2910 1013 3081 1070 tuam,
3111 1005 3358 1070 Domine,
3383 1005 3545 1060 misc-

1966 1096 2277 1161 ricordiam,
2306 1105 2359 1153 et
2393 1112 2584 1169 rogare
2611 1114 2718 1152 non
2752 1112 2907 1154 cesso
2924 1140 2939 1164 ,
2975 1099 3100 1168 quia
3126 1100 3230 1155 hoc
3254 1099 3418 1155 nimis
3445 1100 3543 1155 de-

1965 1186 2161 1241 sidero.
2192 1185 2440 1242 Molliﬁca
2476 1202 2571 1243 cor
2599 1202 2778 1242 meum
2807 1188 3001 1243 durum
3041 1196 3096 1243 et
3137 1189 3410 1260 lapideum
3447 1195 3543 1244 tua

1965 1281 2197 1336 mirabili
2224 1289 2280 1336 et
2305 1281 2509 1351 potenti
2538 1282 2812 1337 unctione.
2842 1281 3114 1347 Moliiﬁca,
3139 1295 3355 1352 precor,
3384 1288 3442 1336 et
3458 1279 3548 1335 fac

1964 1389 2050 1427 me
2076 1388 2173 1442 per
2194 1373 2370 1443 ignem
2400 1373 2860 1444 compunctionis,
2896 1373 3132 1429 hostiam
3159 1388 3336 1428 vivam
3362 1373 3543 1443 quati-

1962 1462 2051 1516 die
2075 1477 2257 1517 coram
2290 1473 2343 1519 te
2370 1462 2507 1519 ﬁeri.
2541 1462 2771 1533 Respice
2796 1479 2902 1529 me,
2936 1461 3181 1528 Domine,
3208 1473 3264 1519 et
3284 1464 3548 1519 miserere

1962 1552 2108 1607 mei:
2148 1553 2214 1608 da
2246 1553 2379 1609 mihi
2425 1551 2674 1609 edoctum
2719 1554 2994 1624 petitionis
3031 1562 3086 1609 et
3112 1554 3363 1609 desiderii
3394 1556 3538 1608 mei:

1961 1644 2028 1700 da
2063 1646 2227 1715 capiti
2256 1660 2377 1702 meo
2416 1660 2613 1715 aquam
2650 1647 2991 1709 immensam,
3019 1654 3074 1700 et
3100 1644 3272 1699 oculis
3301 1644 3437 1699 meis
3462 1645 3544 1698 in-

1961 1732 2123 1790 funde
2144 1750 2331 1789 verum
2354 1735 2558 1791 fontem
2582 1735 2944 1806 lacrymarum
2960 1733 3159 1805 iugiter
3177 1742 3544 1800 emanantem,

275 1825 611 1896 jactitarent.
664 1822 816 1879 iusto
860 1823 1061 1894 judicio
1104 1832 1213 1886 tuo,
1262 1822 1507 1890 Domine,
1558 1833 1617 1880 ut
1644 1840 1857 1881 sacrum
1895 1809 1934 1867 Β
1963 1834 2022 1880 ut
2063 1841 2161 1897 pro
2201 1826 2513 1883 vulneribus
2542 1827 2736 1882 animae
2779 1840 2914 1881 meae
2960 1826 3327 1881 indesinenter
3354 1823 3546 1880 diebus

280 1923 514 1969 testatur
536 1913 885 1968 vaticinium:
936 1923 990 1968 et
1031 1913 1182 1984 prius
1230 1913 1436 1969 multati
1486 1901 1613 1970 sunt
1660 1917 1858 1973 intelli-

276 2006 460 2077 gentia
485 2005 787 2070 oculorum,
831 2005 1145 2075 auriumque
1174 2003 1345 2076 fruge,
1379 2014 1433 2060 et
1463 2014 1680 2076 postea,
1719 2008 1860 2064 sicut

277 2096 565 2163 videmus,
609 2095 833 2169 projecti
874 2104 999 2150 sunt
1047 2113 1076 2151 a
1127 2096 1342 2166 propria
1387 2098 1549 2163 sede,
1608 2106 1663 2153 et
1714 2115 1858 2154 nunc

273 2192 541 2262 diz-pf‘l'si,
594 2189 914 2263 palabundi,
958 2198 1012 2245 et
1059 2190 1184 2245 caeli
1234 2189 1441 2260 solique
1487 2191 1569 2245 sui
1615 2199 1858 2246 extorres

277 2290 543 2352 vagantur
566 2297 663 2352 per
685 2282 868 2336 orbem
897 2281 1014 2335 sine
1041 2279 1178 2352 lege,
1210 2280 1326 2335 sine
1356 2296 1501 2351 rege,
1535 2280 1653 2335 sine
1678 2295 1859 2336 sacer-

276 2370 424 2436 dote,
447 2379 501 2425 et
523 2370 638 2425 sine
663 2369 950 2425 oblatione.
983 2368 1189 2436 Quibus
1212 2370 1375 2423 etiam
1403 2384 1504 2424 nec
1525 2370 1856 2425 advenarum

269 2458 394 2530 iure
424 2468 620 2516 terram
653 2461 883 2531 patriam
916 2459 1103 2513 saltem
1138 2459 1366 2531 vestigio
1397 2459 1633 2515 salutare
1659 2474 1854 2516 conce-

279 2552 443 2607 ‘litur.
492 2551 685 2607 Merito
716 2551 839 2605 talia
881 2550 1181 2621 patiuntur,
1217 2550 1308 2620 qui
1340 2550 1624 2605 Dominum
1671 2550 1855 2620 gloriae

273 2641 447 2698 livore
474 2643 651 2713 potius
683 2638 1083 2698 cruciﬁxerunt.
1132 2641 1302 2711 igitur
1327 2640 1577 2697 Christus
1605 2656 1732 2698 vere
1767 2658 1855 2698 rc-

272 2748 526 2806 surgens.
572 2734 667 2790 sel
714 2749 821 2789 non
870 2734 1035 2800 solus,
1084 2734 1256 2790 noluit
1297 2734 1457 2806 395
1488 2748 1546 2791 se
1582 2736 1635 2790 in
1663 2734 1853 2807 vulgus

272 2825 527 2890 educere,
560 2822 789 2880 fortasse
828 2841 897 2880 ne
932 2824 1083 2895 impii
1110 2839 1296 2881 errore
1324 2824 1701 2889 liberarentur,
1734 2825 1848 2891 sed,

269 2917 417 2987 quod
445 2912 753 2971 credibilius
780 2923 860 2969 est
879 2957 894 2980 ,
939 2924 1000 2969 ut
1044 2913 1177 2969 ﬁdes
1207 2929 1311 2969 non
1340 2913 1595 2969 mediocri
1630 2913 1852 2983 prtemio

272 3006 544 3063 destinata
574 3002 888 3061 difﬁcultate
916 3012 1219 3070 constaret,
1265 3019 1386 3059 cum
1414 3003 1687 3073 discipulis
1713 3018 1848 3075 qua-

269 3096 521 3166 draginta
566 3093 680 3149 dies
726 3094 868 3166 egit,
921 3094 1145 3149 testibus
1190 3093 1398 3150 scilicet
1441 3094 1845 3164 prmordiuatis,

1960 1928 2024 1971 ac
2049 1916 2295 1972 noctibus
2320 1915 2570 1982 defleam,
2614 1917 2785 1973 donec
2822 1922 3036 1985 tempus
3062 1924 3147 1971 est
3188 1914 3539 1986 acceptabile,

1948 1992 2131 2062 donec
2165 2005 2282 2062 dies
2308 2015 2435 2062 sunt
2462 2005 2673 2073 salutis,
2704 2007 2875 2061 donec
2900 2013 3057 2061 vacat
3084 2004 3213 2060 ﬁere
3242 2004 3381 2059 mala
3422 2018 3542 2073 qua!

1957 2096 2084 2163 feci,
2130 2108 2184 2154 et
2231 2098 2473 2168 quotidie
2518 2099 2698 2163 facio;
2738 2106 2797 2152 ut
2828 2113 2926 2167 per
2951 2097 3282 2167 paenitentia:
3330 2096 3543 2151 labores

1957 2189 2066 2243 vita
2088 2199 2289 2243 reterns
2317 2187 2569 2257 perfruar
2595 2201 2717 2242 cum
2758 2187 2933 2249 bonis,
2959 2194 3015 2240 et
3042 2186 3229 2240 ultima
3258 2185 3540 2254 portione,

1956 2279 2145 2335 saltem
2183 2294 2304 2334 cum
2345 2276 2437 2335 illo
2468 2278 2756 2334 venerabili
2802 2278 3043 2342 latrone,
3091 2278 3186 2347 qui
3229 2292 3328 2346 per
3372 2291 3542 2331 unum

1956 2371 2179 2425 verbum
2210 2369 2433 2425 effectus
2478 2378 2563 2425 est
2588 2369 2763 2425 haeres
2806 2368 3043 2439 paradisi
3095 2368 3150 2423 in
3198 2368 3314 2437 ipso
3351 2366 3545 2423 mortis

1954 2460 2212 2528 anicula,
2258 2469 2479 2533 propter
2522 2469 2669 2515 tuam
2717 2459 2945 2515 multam
2992 2456 3419 2514 misericordiam
3487 2465 3545 2513 et

1956 2551 2275 2607 bonitatem.
3390 2556 3393 2565 λ

2027 2642 2091 2698 V.
2118 2640 2279 2709 Audi,
2310 2656 2430 2712 ple,
2475 2640 2597 2697 audi
2622 2653 2812 2711 preces
2853 2640 2996 2696 servi
3027 2639 3141 2705 tui,
3187 2637 3540 2694 reminiscere

1953 2732 2360 2787 miseratidnum
2386 2741 2625 2796 tuarum,
2656 2731 2852 2802 quibus
2872 2730 3194 2786 mirabiliter
3212 2728 3537 2785 subventum

1952 2832 2036 2879 est
2080 2825 2317 2879 humano
2360 2824 2546 2893 generi
2592 2836 2691 2894 per
2725 2822 3021 2878 bonitatem
3053 2829 3221 2876 tuam.
3259 2819 3543 2888 Quomodo

1953 2930 2060 2969 non
2106 2914 2323 2980 amasti,
2349 2914 2546 2969 Pastor
2569 2914 2732 2979 bone,
2766 2913 2859 2983 qui
2899 2912 3117 2983 proprio
3142 2911 3281 2966 Filio
3308 2919 3403 2967 tuo
3428 2926 3540 2967 nua

1949 3004 2259 3076 pepercisti,
2288 3004 2382 3059 sed
2408 3016 2509 3074 pro
2532 3004 2690 3060 nobis
2714 3004 2894 3074 impiis
2917 3017 3041 3059 eum
3063 3002 3371 3058 tradidisti?
3399 3001 3543 3059 Sub-

1953 3095 2097 3150 ditus
2118 3094 2208 3150 ille
2229 3095 2329 3151 tibi
2353 3110 2523 3165 usque
2551 3096 2618 3150 ad
2645 3104 2877 3151 mortem
2898 3094 3098 3160 crucis,
3124 3107 3265 3149 unus
3288 3093 3380 3149 ille
3400 3094 3543 3150 inter

267 3156 473 3241 docens
503 3198 596 3239 cos
634 3156 1071 3253 qnmvdocerent.
1124 3182 1328 3239 Dehinc
1356 3156 1563 3238 cunctis
1591 3156 1846 3253 expletis,
1877 3156 1924 3220 θ
1953 3195 2195 3242 mortuos
2218 3186 2390 3253 liber,
2431 3156 2758 3258 potestatem
2794 3185 2999 3241 habens
3021 3156 3257 3255 ponendi
3301 3184 3539 3240 animam

264 3292 457 3336 coram
505 3276 615 3330 suis
665 3275 717 3329 in
767 3281 951 3330 monte
994 3272 1319 3330 circumfusa
1367 3275 1508 3330 nube
1554 3276 1607 3329 in
1653 3275 1851 3331 ccelum

266 3365 534 3422 ascendit.
565 3363 733 3433 Quem
759 3365 900 3419 sicut
925 3365 1323 3429 ascendentem,
1352 3365 1423 3419 ita
1447 3372 1733 3419 venturum
1756 3378 1852 3420 an.

266 3456 444 3527 geliea
473 3455 816 3511 attestatione
850 3455 1241 3525 pnestolanmr.
1294 3454 1410 3511 Duo
1437 3455 1580 3511 enim
1609 3456 1849 3525 praedicti

268 3558 401 3604 sunt
430 3548 728 3601 adventus:
767 3547 975 3616 primus
1001 3547 1249 3617 quidem,
1287 3547 1379 3617 qui
1411 3546 1523 3616 jam
1549 3555 1849 3619 expunctus

266 3647 376 3705 est,
402 3624 455 3693 in
482 3638 784 3693 humilitate
809 3638 1134 3694 conditionis
1159 3639 1436 3704 humanae;
1464 3641 1731 3695 secundus
1754 3654 1845 3694 au.

265 3741 401 3794 tem,
426 3730 515 3799 qui
540 3728 910 3785 concludendo
931 3727 1126 3782 sarculo
1154 3727 1418 3792 imminet,
1441 3728 1495 3782 in
1519 3727 1849 3785 sublimitate

265 3819 465 3876 divina:
491 3820 789 3890 potestatis,
818 3817 1032 3889 quando
1062 3817 1289 3871 decurso
1317 3814 1476 3885 hujus
1506 3816 1683 3871 aetatis
1709 3824 1846 3872 temo

264 3926 423 3983 pore,
448 3910 693 3980 judicare
718 3910 929 3966 venerit
959 3910 1136 3979 iustos
1164 3909 1219 3962 in
1246 3908 1412 3963 vitam
1439 3915 1717 3973 mternam,
1749 3908 1850 3962 im-

260 4004 389 4075 pios
412 4011 466 4058 et
485 4009 817 4072 peccatores,
846 4000 937 4071 qui
969 3999 1471 4055 thesaurizaverunt
1496 3998 1599 4053 sibi
1627 3998 1764 4052 iram
1790 3999 1845 4055 in

266 4095 359 4150 die
386 4094 498 4159 irae,
532 4093 584 4147 in
616 4091 931 4162 supplicium
964 4099 1259 4155 aeternum;
1301 4088 1575 4143 suscitatis
1598 4088 1849 4144 omnibus

266 4183 339 4243 ab
365 4183 517 4237 initio
537 4181 823 4245 defunctis,
849 4187 905 4235 et
926 4177 1255 4244 reformatis,
1282 4186 1446 4249 atque
1472 4179 1754 4236 recensitis
1779 4178 1847 4235 ad

266 4272 551 4341 utriusque
579 4270 758 4325 meriti
785 4269 1218 4339 expunctionem.

338 4363 429 4418 IV.
457 4363 558 4419 Ubi
585 4379 652 4418 ne
686 4370 905 4432 peccata
932 4376 1052 4417 mea
1083 4361 1249 4416 multa
1268 4401 1282 4425 ,
1328 4364 1621 4431 quaa'nunc
1653 4361 1843 4430 latent,

265 4463 568 4526 appareant
612 4468 794 4508 coram
840 4452 1071 4523 angelis,
1116 4460 1172 4507 et
1212 4453 1463 4508 omnibus
1505 4454 1735 4521 sanctis,
1777 4456 1844 4510 da

265 4546 423 4611 mihi,
456 4544 698 4608 Domine,
729 4557 877 4613 rogo,
921 4543 1118 4607 locum,
1157 4543 1411 4612 spatium,
1443 4550 1501 4598 et
1527 4541 1736 4599 fructus
1767 4545 1847 4600 di-

268 4644 392 4710 gnd:
425 4635 773 4709 pmnitentiaa.
806 4635 883 4689 Da
912 4649 1009 4690 cor
1032 4635 1324 4690 contritum
1368 4643 1423 4689 et
1465 4634 1843 4700 humiliatum;

267 4732 334 4786 da
363 4731 590 4801 gratiam
623 4724 1003 4799 lacrymarum,
1029 4727 1096 4781 da
1114 4726 1294 4780 lumen
1318 4726 1372 4780 in
1396 4727 1581 4793 corde,
1612 4727 1677 4781 da
1703 4726 1847 4782 vires

269 4822 323 4879 in
355 4833 602 4891 corpore,
641 4828 703 4873 ut
742 4832 862 4887 quae
907 4815 1111 4886 agenda
1143 4823 1300 4881 sunt,
1341 4814 1575 4881 videam,
1603 4823 1660 4870 et
1686 4816 1753 4870 ad
1781 4830 1846 4871 ea
1874 4808 1893 4821 ’

268 4908 561 4979 implenda,
589 4922 710 4978 qua:
733 4905 945 4962 dederis
980 4906 1185 4971 videre,
1213 4903 1426 4960 fortiter
1450 4904 1841 4960 convalescam.

268 5004 526 5058 Miserere
573 5000 698 5063 mei,
743 4998 996 5062 Domine,
1026 4997 1316 5061 miserere,
1367 5010 1435 5051 ne
1483 4995 1676 5067 perdas
1721 5010 1841 5062 me,

268 5106 474 5163 qnmse,
504 5104 628 5144 cum
654 5087 932 5159 peccatis,
977 5085 1155 5150 vitiis,
1196 5084 1368 5156 culpis
1406 5092 1462 5139 et
1507 5083 1844 5155 negligentiis

268 5185 425 5239 meis.
458 5183 536 5236 Da
560 5180 692 5236 mihi
717 5189 936 5250 propter
958 5190 1154 5231 nomen
1179 5185 1353 5241 tuum,
1385 5185 1440 5228 tu
1464 5174 1560 5245 qui
1580 5173 1845 5243 justificas

268 5274 500 5343 impios,
545 5279 601 5326 et
635 5269 880 5325 viviﬁcas
904 5277 1164 5332 mortuos,
1195 5274 1252 5321 et
1290 5265 1488 5321 multos
1509 5274 1842 5335 peccatores,

265 5374 325 5419 et
355 5378 461 5418 non
486 5369 650 5427 sunt;
694 5375 845 5432 rogo,
868 5360 934 5414 da
960 5358 1187 5427 gratiam
1218 5364 1388 5421 tuam,
1420 5365 1477 5412 et
1507 5356 1732 5411 etneitda
1761 5357 1844 5410 vi-

272 5463 383 5511 tam
420 5466 632 5508 meam:
673 5452 893 5506 meliora
938 5458 1088 5506 actus
1128 5461 1308 5511 meos,
1340 5460 1600 5516 compone
1626 5458 1843 5502 mores:

271 5544 401 5601 tolle
434 5543 505 5601 de
555 5548 642 5598 me
684 5543 827 5612 quod
854 5541 951 5597 tibi
982 5538 1249 5610 displicet,
1295 5543 1355 5593 et
1392 5536 1526 5592 mihi
1572 5544 1751 5600 nocet,
1792 5546 1846 5594 et

273 5634 452 5692 tribue
474 5650 572 5705 pro
598 5634 837 5689 bonitate
863 5640 973 5697 tua,
1001 5630 1146 5704 quod
1168 5627 1310 5685 nosti
1335 5626 1430 5683 tibi
1453 5626 1666 5698 placere
1687 5622 1858 5699 possé

272 5735 331 5787 et
352 5728 483 5787 mihi
514 5725 788 5799 prodesse.
815 5723 920 5779 Fac
949 5736 1054 5790 me,
1085 5735 1296 5795 precor,
1320 5717 1573 5784 clemens,
1604 5732 1701 5790 per
1723 5735 1845 5795 gra-

1873 4503 1923 4563 Ι)

1951 3289 2129 3341 suam,
2155 3284 2212 3331 et
2237 3276 2431 3332 iterum
2461 3276 2706 3331 sumendi
2732 3289 2874 3331 eam.
2911 3274 3018 3330 Pro
3051 3275 3209 3331 nobis
3233 3273 3333 3331 tibi
3362 3275 3539 3331 victor

1950 3377 2005 3423 et
2031 3367 2281 3432 victima,
2325 3375 2382 3423 et
2424 3367 2547 3423 ideo
2574 3367 2752 3423 victor
2787 3367 2912 3437 quia
2943 3366 3182 3422 victim.
3233 3365 3343 3422 Pro
3382 3365 3543 3422 aetiis

1952 3457 2046 3512 tbi
2075 3458 2330 3513 sacerdos
2360 3465 2414 3513 et
2443 3456 2790 3522 sacriﬁcium,
2820 3465 2880 3512 et
2930 3456 3052 3512 ideo
3094 3457 3369 3522 sacerdos,
3406 3455 3537 3527 quia

1948 3549 2293 3605 sacriﬁcium.
2321 3549 2514 3605 Merito
2542 3549 2674 3605 mihi
2702 3563 2828 3621 spes
2854 3548 3034 3605 valida
3056 3550 3111 3605 in
3138 3549 3232 3605 illo
3255 3557 3360 3616 est,
3391 3550 3539 3620 quod

1949 3641 2165 3696 sanabis
2208 3655 2398 3696 omnes
2427 3641 2715 3713 languores
2744 3655 2895 3696 meos
2930 3657 3030 3713 per
3055 3656 3178 3697 eum
3200 3680 3216 3707 ,
3262 3642 3355 3711 qni
3386 3641 3542 3698 sedet

1948 3729 2015 3783 ad
2046 3730 2321 3785 dexteram
2367 3738 2513 3785 tuam
2541 3771 2555 3794 ,
2606 3737 2663 3786 et
2702 3730 3008 3800 interpellat
3061 3746 3159 3802 pro
3200 3733 3376 3787 nobis.
3438 3732 3540 3788 De-

1948 3835 2171 3889 sperare
2215 3819 2400 3888 utique
2428 3820 2757 3888 potuissem,
2791 3820 2895 3875 nisi
2936 3821 3174 3876 Verbum
3218 3829 3369 3875 tuum
3408 3832 3541 3877 caro

1948 3908 2123 3974 ﬁeret,
2157 3918 2215 3963 et
2240 3908 2516 3965 habitaret
2542 3908 2595 3962 in
2628 3908 2803 3963 nobis.
2852 3908 2910 3963 Si
2953 3909 3124 3972 enim,
3162 3922 3286 3963 cum
3331 3909 3538 3965 inimici

1946 4010 2223 4061 essemus,
2271 3994 2605 4051 reconciliati
2635 4011 2822 4051 sumus
2846 3996 2946 4051 tibi
2994 4012 3093 4068 per
3136 4007 3367 4054 mortem
3413 3997 3536 4055 Fili

1947 4088 2046 4154 tui,
2074 4095 2279 4158 quanto
2311 4087 2485 4158 magis
2518 4101 2660 4141 nunc
2681 4088 2815 4142 salvi
2847 4087 2973 4142 facti
3005 4087 3074 4143 ab
3102 4089 3180 4142 ira
3210 4103 3307 4159 per
3324 4090 3537 4159 ipsum?

1947 4180 2151 4253 gratias
2177 4178 2273 4233 tibi
2303 4192 2403 4247 ago
2425 4219 2439 4244 ,
2481 4178 2944 4250 indulgentissime
2984 4179 3176 4246 Pater,
3224 4196 3323 4251 pro
3349 4192 3536 4240 sancta

1947 4269 2336 4333 incarnatione,
2382 4269 2649 4339 passione,
2680 4277 2887 4336 morte,
2934 4272 3362 4337 resurrectione,
3389 4282 3445 4328 et
3478 4264 3534 4330 in

1946 4360 2142 4417 ctelum
2167 4360 2483 4415 ascensione
2505 4358 2717 4415 Domini
2740 4361 2907 4416 nostri
2922 4358 3048 4416 Iesu
3065 4360 3262 4417 Christi
3286 4362 3404 4417 Filii
3434 4364 3531 4419 tui.

1948 4448 2214 4504 Benedico
2244 4462 2438 4503 nomen
2471 4456 2619 4503 tuum
2652 4448 2780 4503 totis
2805 4451 3143 4520 praecordiis,
3189 4464 3288 4520 pro
3322 4452 3410 4506 illa
3441 4468 3533 4509 sa-

1949 4537 2252 4593 cratissima
2281 4538 2561 4609 sanguinis
2587 4537 2868 4605 effusione,
2896 4555 3003 4610 qua
3030 4554 3218 4595 sumus
3238 4542 3532 4612 redempti;

1950 4630 2244 4701 implorans
2271 4631 2592 4685 incﬁ‘abilcm
2616 4631 2915 4686 bonitatem
2958 4640 3125 4696 tuam,
3159 4645 3227 4686 ne
3250 4635 3539 4703 permittas

1950 4738 2051 4777 nos
2080 4722 2319 4792 ingratos
2365 4721 2529 4794 [esse]
2561 4722 2723 4776 tantis
2749 4721 3025 4778 beneﬁciis
3060 4732 3115 4779 et
3141 4724 3386 4795 indignos
3420 4734 3531 4783 tam

1948 4811 2134 4867 multis
2180 4812 2635 4868 miserationibus.
2672 4813 2873 4867 Sumus
2899 4813 3044 4868 enim
3074 4816 3148 4870 tui
3192 4818 3373 4886 operis
3404 4832 3536 4890 pars

1949 4918 2056 4958 non
2097 4903 2250 4968 vilis,
2292 4918 2427 4973 quos
2457 4913 2607 4958 tanto
2648 4904 2745 4959 tibi
2788 4904 2991 4975 placuit
3033 4908 3298 4963 redimere
3334 4911 3528 4979 pretio.

1946 4995 2080 5063 Quis
2107 4997 2264 5067 digna
2310 4996 2667 5052 admiratione
2698 5005 2984 5067 penetrare
3019 5008 3183 5070 queat
3210 5001 3531 5057 immensum

1946 5087 2167 5157 pelagus
2194 5085 2339 5140 illius
2375 5086 2569 5140 summi
2613 5087 2862 5151 consilii,
2902 5103 3012 5158 quo
3050 5098 3329 5159 susceptus
3368 5091 3534 5147 hanno

1947 5178 2036 5233 ille
2063 5176 2364 5233 dominicus
2391 5177 2571 5231 unitus
2597 5185 2682 5232 est
2705 5192 2828 5232 cum
2859 5178 2968 5234 Deo
2992 5218 3006 5243 ,
3046 5186 3103 5233 et
3139 5190 3448 5250 assumptus
3473 5181 3530 5236 in

1948 5271 2141 5333 Deum,
2167 5285 2272 5324 non
2315 5267 2630 5323 confusione.
2659 5268 2990 5332 substantim,
3038 5270 3134 5324 sed
3176 5270 3383 5325 unitate
3409 5279 3532 5341 pett-

1949 5376 2116 5416 some.
2142 5358 2406 5415 liediator
2428 5358 2626 5429 quippe
2650 5357 2745 5413 Dei
2783 5367 2839 5413 et
2863 5359 3140 5414 hominum
3166 5360 3417 5417 Christus
3438 5359 3528 5417 Je-

1948 5466 2066 5515 sus,
2095 5448 2352 5504 Dominus
2379 5456 2584 5512 noster,
2614 5447 2757 5503 Deus
2783 5448 3123 5519 omnipotens
3143 5491 3158 5515 ,
3186 5464 3530 5521 nequaquam

1951 5542 2091 5596 alter
2126 5547 2210 5596 est
2251 5539 2305 5595 in
2347 5539 2704 5604 humanitate,
2741 5539 2879 5594 alter
2904 5540 2959 5595 iu
3004 5541 3305 5609 divinitate,
3335 5544 3430 5600 sed
3474 5546 3530 5601 in

1951 5641 2180 5704 utraque
2223 5641 2413 5687 natura
2462 5648 2601 5688 unus
2643 5632 2893 5703 idemque
2940 5634 3080 5690 Deus
3130 5636 3321 5703 homo,
3368 5638 3535 5694 homo

1950 5723 2111 5781 Deus.
2137 5722 2245 5782 Nec
2284 5724 2447 5797 igitur
2481 5737 2652 5797 purus
2692 5725 2852 5781 homo
2906 5736 3197 5800 conceptus
3252 5737 3368 5799 est,
3425 5744 3536 5789 nec
