3934 6180
1152 329 1214 386 Β.
1254 327 1317 384 F.
1358 320 1582 380 ALBlNl
1623 317 1757 374 SEU
1794 310 2071 369 ALCL'lNl
2108 303 2395 366 OPERUM
2433 299 2613 356 PARS
2653 297 2785 352 V'lll.

3468 289 3490 342 1
3503 290 3614 345 υὲἠ

339 465 557 531 postea.
580 457 642 508 ut
665 449 809 506 Deus
831 453 996 509 esset,
1040 439 1265 509 accepit,
1305 435 1398 492 sed
1423 434 1536 504 ipse
1563 429 1734 483 Filius
1764 435 1911 489 tuus,
1942 425 1988 482 A
2021 405 2254 483 wnéam.
2282 409 2702 531 ‘IUOdAdeforme
2743 417 3100 531 componam“;
3125 401 3291 531 ﬁrmi
3321 400 3614 474 Pulchrum

1907 528 1914 531 .
2029 529 2065 531 __
2098 511 2256 531 --.ω
2313 523 2412 531 --.-
2481 517 2672 531 --.......
2697 514 2907 531 “nm...
2959 513 3026 531 ηι.
3124 512 3177 531 ..ι
3204 509 3398 531 Irmum
3427 508 3614 531 mm

415 494 530 515 δισυ-
583 494 642 508 -υ
667 494 808 506 νν--
835 494 996 509 *-“⁷⁷1
1044 494 1095 496 κν-
1115 494 1128 496 -
1149 494 1186 509 ἡ.
1254 494 1264 503 υ
1441 494 1460 504 -

343 494 596 607 :anenle
625 535 1053 598 incommutabili
1097 531 1351 594 essentia,
1383 542 1504 597 qua:
1542 524 1617 579 illi
1658 531 1840 577 tecum
1867 528 1981 594 et,3
2019 511 2280 575 excolam.
2309 505 2452 576 (ιυοά
2481 517 2674 558 sanum
2697 514 2929 607 sentin?
2958 495 3104 566 (ἰυοά
3124 494 3401 607 ίηίίΐῐξυιῐι
3427 508 3618 550 θοι·ΐο-

346 584 596 607 .ι.α.........
625 584 1053 598 ...νυ----ηη-..-η
1103 584 1228 589 ηπ
1338 584 1350 594 ,
1401 584 1418 597 .
1927 584 1981 594 ,.

346 657 469 699 cum
499 637 702 709 Spiritu
732 639 919 702 sancto
947 637 1030 684 est
1057 633 1344 685 coaeterna,
1372 616 1664 687 assumpsit
1700 628 1919 670 carnem
2019 602 2224 665 borcm.
2261 605 2524 709 (il-meet
2556 591 2699 663 (11³οά
2734 589 2829 709 tibi
2867 587 3063 709 213cc"
3096 584 3400 709 ουῗίοάίθω
3430 598 3618 709 Perse‘

1676 706 1687 709 _
1884 704 1894 709 -
2193 701 2269 709 .U
2373 704 2424 709 --
2462 687 2684 709 :.....-....._
2722 682 2790 709 ...ι
2817 682 2848 709 .:
2913 679 3157 709 Αοηιηηω
3207 691 3426 709 Amm...
3452 677 3500 709 ιιι
3560 684 3614 709 ,ιο

346 677 469 699 uuln
500 677 538 694 υ
577 677 702 692 μιν*
732 677 790 690 υ..
813 677 915 686 ..ν-ν
950 677 1030 684 ---
1064 677 1233 682 --ηην
1332 677 1343 685 ,
1558 677 1574 687 _

346 746 445 804 pro
466 677 650 785 nostra
676 677 866 788 salnrte,
897 722 951 775 in
977 733 1080 788 qua
1107 724 1340 771 aeternus
1375 716 1501 764 ante
1527 706 1726 763 saecula
1755 704 1924 776 possit
2019 701 2296 804 V'cranter;
2320 688 2428 743 Des
2462 687 2703 804 insupe‘r'
2722 682 2851 737 mihi
2875 679 3157 749 despicere
3185 677 3533 804 tempozali‘a,
3560 684 3624 732 et

1580 798 1614 804 --
1674 797 1688 804 -
2023 784 2149 804 .-.2_
2175 782 2273 804 --ε-ε
2297 795 2377 804 ι..-
2401 785 2601 804 ...ιιι-ν...
2671 775 2683 804 :
2710 775 2858 804 :nnnn
2905 779 2960 804 ne
2992 777 3265 804 manu...“
3289 769 3359 804 ,ης
3406 769 3418 804 ς
3449 788 3460 804 ,
3484 784 3616 804 οῃη-

348 797 578 878 ostendi.
605 816 765 872 Unde,
777 810 1024 883 quamvis
1062 805 1203 860 aliud
1230 805 1300 858 sit
1329 817 1392 856 ex
1421 809 1506 865 te,
1545 797 1690 852 aliud
1715 811 1781 850 ex
1810 810 1923 849 ma-

352 922 467 981 tre,
485 927 593 966 non
622 919 801 964 tamen
831 905 967 959 alius
1005 909 1062 955 et
1089 899 1257 962 alius,
1301 903 1361 950 ut
1405 895 1545 957 duo,
1581 890 1725 960 quod
1759 887 1922 950 absit,

349 978 478 1057 Filii
500 1002 787 1055 dicantur:
821 994 915 1048 sed
943 993 1055 1060 ipse
1084 996 1319 1041 :eternus
1355 1000 1422 1038 ex
1466 992 1518 1037 te
1563 981 1705 1035 Deus
1743 978 1923 1040 Pater,

352 1095 466 1164 ipse
492 1087 799 1158 temporalis
820 1099 886 1139 ex
916 1089 1088 1136 matre
1115 1077 1357 1148 virgine:
1393 1076 1506 1144 ipse
1527 1072 1617 1142 qui
1643 1070 1788 1133 fecit,
1815 1069 1928 1138 ipse

352 1182 446 1253 qui
466 1181 638 1236 factus
667 1183 768 1239 est,
796 1187 1022 1228 manens
1049 1186 1112 1224 ex
1144 1177 1373 1237 utroque
1404 1166 1455 1218 in
1480 1173 1705 1232 utraque
1736 1170 1928 1215 natura

347 1286 512 1334 unus,
543 1282 644 1323 nec
676 1274 989 1320 naturarum
1015 1258 1354 1329 copulatione
1381 1253 1636 1310 confusus
1655 1293 1668 1317 ,
1697 1267 1797 1307 nec
1821 1265 1931 1329 Ana-

354 1369 594 1416 turarum
621 1356 922 1428 geminatus
951 1350 1311 1407 distinctione.

425 1448 512 1506 Vl.
531 1447 662 1514 Quis
681 1443 910 1499 sulliciat
932 1438 1175 1494 mirabile
1198 1451 1334 1506 Opus
1363 1443 1526 1488 tantae
1547 1429 1932 1487 misericordia:

353 1541 472 1612 ipso
502 1536 698 1592 mentis
719 1534 913 1588 intuitu
945 1527 1329 1586 considerare?
1367 1527 1499 1594 Quis
1528 1541 1632 1579 non
1666 1521 1934 1578 miretur?

355 1632 488 1698 Quis
529 1644 635 1684 non
682 1625 1034 1682 revereatur?
1081 1622 1211 1688 Quae
1255 1635 1358 1674 vox
1409 1617 1490 1674 vel
1535 1617 1718 1687 lingua
1760 1615 1935 1668 valeat

356 1722 565 1777 debitas
593 1718 883 1786 rependere
911 1713 1137 1767 laudes?
1175 1710 1218 1766 Ο
1254 1709 1426 1762 facilis
1455 1716 1510 1762 et
1533 1707 1795 1760 immensa
1819 1704 1933 1772 pie-

359 1815 480 1869 tas!
510 1813 554 1868 Ο
577 1814 716 1866 mira
747 1823 1064 1880 semperque
1091 1805 1336 1860 miranda
1377 1803 1570 1858 divina:
1599 1799 1937 1870 propitiatio-

357 1908 444 1962 nis
469 1904 808 1976 benignitas!
843 1901 1026 1965 Miror,
1057 1908 1244 1968 stupeo
1270 1914 1283 1962 ;
1315 1897 1408 1950 sed
1436 1895 1589 1949 laetor
1608 1935 1620 1959 ,
1656 1901 1712 1947 et
1738 1891 1940 1947 multas

363 1998 566 2070 gratias
591 2013 710 2065 ago.
736 1995 834 2049 lrze
854 2001 908 2046 et
934 1989 1251 2062 perditionis
1281 1987 1375 2041 filii
1407 1985 1627 2049 fuimus,
1652 1992 1706 2037 et
1726 1998 1854 2037 ecce
1885 1981 1959 2035 in'

359 2089 500 2144 ﬁlios
517 2087 613 2142 Dei
635 2084 870 2153 adoptati
893 2097 1099 2137 sumus.
1119 2074 1374 2133 'Hazredes
1399 2076 1607 2147 quidem
1629 2075 1748 2138 Dei,
1774 2073 1943 2126 colue-

362 2179 508 2234 redes
535 2187 708 2231 autem
747 2172 944 2229 Christi
971 2171 1158 2242 (Rom.
1210 2185 1326 2233 vin,
1375 2167 1468 2238 7),
1520 2166 1595 2219 ait
1621 2164 1938 2233 Apostolus:

361 2270 536 2338 Caput
561 2266 815 2323 Ecclesiae
859 2262 1128 2322 Christus,
1173 2258 1374 2314 Christi
1419 2272 1618 2326 corpus
1661 2255 1941 2318 Ecclesia;

362 2357 562 2415 Christi
590 2372 720 2427 ergo
743 2353 982 2409 membra
1008 2366 1223 2415 sumus;
1251 2349 1391 2404 unde
1417 2349 1521 2403 hoc
1547 2347 1719 2411 nobis,
1743 2353 1796 2400 et
1818 2344 1945 2414 quil

365 2462 464 2506 nos
496 2449 565 2506 ad
595 2446 748 2502 haec?
784 2443 906 2498 felix
932 2443 1130 2504 anima,
1161 2456 1281 2510 qua:
1309 2446 1470 2493 tanta:
1496 2436 1810 2508 dignitatem
1838 2433 1948 2504 glo-

367 2543 461 2596 riae
487 2541 767 2595 honestate
798 2538 919 2591 vita:
939 2543 994 2589 et
1017 2548 1227 2588 morum
1253 2531 1496 2584 obtinere
1525 2527 1742 2592 meruit,
1767 2527 1948 2580 divino

368 2633 570 2688 auxilio
590 2630 788 2684 vallata
829 2627 882 2681 in
911 2625 1180 2680 omnibus.
1227 2622 1369 2674 Deus
1397 2616 1678 2672 ineffabilis
1703 2625 1760 2670 et
1786 2615 1948 2669 incir-

368 2723 712 2793 cumscriptre
759 2729 995 2780 natum,
1043 2716 1318 2770 institutor
1359 2711 1599 2767 omnium
1642 2723 1853 2772 rerum,
1895 2714 1950 2760 et

369 2813 582 2870 Domini
611 2811 781 2866 nostri
817 2806 942 2863 Jesu
971 2806 1170 2862 Christi
1196 2805 1378 2868 Pater,
1410 2802 1500 2872 qui
1535 2800 1784 2856 eumdem
1815 2798 1948 2853 dile-

370 2916 516 2964 ctum
538 2904 734 2958 Filium
757 2901 824 2956 de
845 2900 963 2955 sinu
986 2906 1078 2952 tuo
1100 2897 1291 2952 misisti
1307 2896 1374 2950 ad
1391 2894 1661 2964 publicum
1684 2900 1949 2956 nostrum,

371 2997 647 3066 suscipere
668 3002 912 3049 nostram
936 2991 1122 3053 vitam,
1147 2997 1205 3042 ut
1235 2987 1389 3042 nobis
1415 2987 1567 3041 daret
1584 3001 1758 3049 suam,
1786 2992 1953 3038 esset-

370 3105 476 3160 que
496 3085 769 3160 perfectus
791 3085 933 3139 Deus
960 3097 1026 3136 ex
1051 3089 1100 3135 te
1124 3079 1307 3144 Patre,
1329 3086 1381 3130 et
1405 3076 1679 3147 perfectus
1703 3076 1864 3129 homo
1883 3089 1948 3126 ex

371 3189 580 3236 matre:
615 3186 760 3234 totus
783 3178 945 3239 Deus,
975 3184 1029 3228 et
1059 3183 1200 3229 totus
1225 3174 1409 3235 homo,
1437 3169 1602 3240 396
1621 3182 1758 3222 unus
1785 3167 1951 3221 idem-

371 3286 479 3343 que
515 3269 783 3333 Christus,
812 3276 1051 3322 mternus
1077 3274 1134 3321 et
1162 3262 1504 3333 temporalis,
1552 3258 1873 3314 immortalis
1899 3265 1954 3312 et

373 3362 684 3422 moriturus,
718 3358 946 3414 Creator
986 3367 1042 3411 et
1087 3363 1332 3416 creatus,
1383 3351 1538 3406 fortis
1577 3358 1632 3404 et
1672 3348 1951 3410 infirmus,

375 3451 612 3506 nutritor
653 3456 710 3504 et
754 3448 1022 3509 nutritus,
1071 3453 1258 3514 pastor
1297 3452 1352 3496 et
1393 3443 1539 3505 ovis,
1586 3438 1956 3507 temporaliter

378 3548 639 3602 mortuus,
665 3547 840 3594 tecum
872 3539 925 3591 in
955 3544 1216 3591 reternum
1237 3536 1442 3595 vivens.
1473 3534 1585 3587 suis
1609 3529 1956 3585 dilectoribus

376 3628 502 3683 vitae
529 3627 913 3696 municipatqu
945 3625 1264 3694 promittens
1291 3623 1458 3686 dedit,
1495 3631 1548 3676 et
1591 3621 1745 3676 nobis
1781 3619 1952 3674 dixit:

379 3717 734 3786 Quodcunque
761 3717 1010 3788 petieritis
1041 3713 1258 3769 Patrem
1301 3716 1358 3768 in
1397 3714 1604 3768 nomine
1630 3710 1742 3766 meo
1764 3753 1779 3777 ,
1812 3712 1956 3766 dabit

380 3805 520 3860 vobis
552 3804 735 3876 (Joan.
769 3821 858 3869 xv,
890 3806 998 3875 l6).

454 3896 560 3952 ΠΙ.
601 3895 838 3952 Obsecro
873 3896 1073 3964 itaque,
1118 3895 1363 3959 Domine,
1407 3903 1462 3950 et
1505 3903 1558 3950 te
1600 3897 1762 3951 uiuus
1812 3898 1958 3966 pium

383 4003 511 4058 rogo
538 3988 590 4042 in
620 3988 836 4041 nomine
865 3986 1101 4056 ejusdem
1132 3985 1252 4040 Filii
1280 3985 1357 4039 tui
1382 3986 1734 4050 dilectissimi,
1771 3995 1830 4040 ut
1868 3987 1961 4041 des

382 4080 657 4135 mihicum
687 4079 873 4134 eodem
902 4079 1035 4133 Filio
1067 4086 1158 4132 tuo
1187 4086 1239 4132 te
1276 4079 1329 4132 in
1355 4079 1606 4134 omnibus
1643 4079 1962 4134 benedicere

382 4181 438 4226 et
461 4171 794 4242 glorificare:
819 4172 944 4238 quia
971 4185 1200 4239 quorum
1223 4186 1325 4224 una
1345 4178 1428 4224 est
1455 4171 1773 4236 substantia,
1797 4187 1960 4226 unum

382 4272 466 4314 est
493 4268 549 4316 et
572 4263 774 4314 datum.
809 4260 910 4313 Des
939 4260 1104 4314 etiam
1145 4259 1276 4314 mihi
1306 4276 1402 4329 per
1431 4259 1608 4324 illum,
1640 4269 1695 4314 et
1720 4276 1842 4315 cum
1874 4261 1964 4315 illo

386 4359 728 4422 peccatorum
752 4351 989 4405 omnium
1013 4351 1248 4415 veniam,
1273 4361 1328 4406 et
1350 4351 1722 4406 mandatorum
1747 4362 1961 4407 tuorum

386 4440 704 4503 custodiam,
743 4440 1078 4494 dilectionem
1109 4449 1254 4493 tuam
1295 4449 1349 4494 et
1372 4440 1668 4496 fraternum
1699 4459 1957 4496 amorem.
1991 4471 2038 4531 ι)

378 4531 587 4585 Contra
629 4531 896 4585 diabolum
946 4529 1104 4586 fortia
1148 4531 1463 4586 humilitatis
1507 4549 1691 4597 arma,
1739 4543 1793 4587 et
1835 4549 1961 4605 erga

388 4620 582 4676 fratres
625 4622 944 4677 charitatem
986 4621 1299 4691 perfectam.
1351 4623 1782 4691 Temperantiam
1832 4625 1961 4689 cibi,

388 4719 567 4780 potus,
613 4719 773 4780 atque
803 4712 1013 4777 somni,
1041 4721 1095 4767 et
1131 4713 1295 4768 totius
1326 4713 1562 4768 libidinis
1585 4723 1641 4768 et
1666 4717 1791 4768 vani
1817 4716 1964 4770 desi-

388 4803 525 4857 derii
558 4804 976 4870 continentiam,
1021 4807 1260 4862 auditum
1309 4815 1547 4871 castum,
1587 4817 1642 4863 et
1668 4809 1963 4880 simplicem

390 4895 585 4950 visum.
619 4894 913 4950 Puritatem
943 4898 1122 4952 cordis
1155 4906 1209 4952 et
1235 4899 1550 4953 munditiam
1575 4903 1835 4970 corporis.
1866 4903 1968 4957 Co-

390 4987 702 5058 gitationem
737 4988 1024 5052 mundam,
1063 4998 1119 5043 ct
1146 4990 1258 5044 oris
1298 4991 1582 5060 cordisque
1623 4995 1962 5058 custodiam;

390 5088 451 5134 ut
476 5095 575 5135 nec
601 5095 695 5135 cor
719 5080 865 5134 intus
891 5081 1226 5148 iniquitatem
1246 5083 1534 5151 concipiat,
1563 5101 1663 5140 nec
1687 5085 1866 5156 lingua
1889 5086 1969 5141 fo-

393 5188 481 5228 ras
501 5172 768 5242 parturiat
794 5191 806 5225 :
849 5182 908 5226 ut
936 5189 1038 5228 nec
1065 5173 1198 5228 falsa
1221 5174 1431 5244 loquar,
1458 5192 1558 5232 nec
1585 5193 1712 5233 vera
1739 5188 1965 5243 taceam,

390 5279 493 5320 nec
519 5263 795 5320 salutifera
834 5265 1184 5330 abscondam,
1233 5282 1333 5322 nec
1361 5268 1636 5324 mortifera
1674 5270 1964 5341 proferam.

393 5355 595 5415 Precor
619 5359 784 5414 etiam
807 5367 866 5414 ut
891 5361 985 5415 des
1011 5360 1139 5415 mihi
1170 5361 1544 5417 assiduitatem
1573 5364 1784 5429 orandi,
1827 5365 1972 5421 vires

389 5446 684 5519 jejunandi.
715 5449 1071 5520 frequentiam
1107 5449 1342 5522 legendi,
1368 5459 1429 5506 ut
1468 5463 1733 5525 praecepta
1765 5462 1855 5508 tua
1883 5455 1970 5509 in-

395 5536 739 5608 fatigabiliter
775 5540 970 5609 legam,
989 5550 1054 5595 et
1087 5541 1480 5611 inexplebiliter
1504 5543 1721 5616 diligam
1741 5587 1754 5610 ,
1785 5555 1838 5601 et
1861 5545 1975 5601 elli-

395 5626 599 5680 caciter
629 5629 948 5700 compleam,
978 5638 1032 5684 ct
1050 5630 1310 5700 quidquid
1337 5633 1390 5686 in
1416 5649 1502 5689 me
1533 5652 1758 5705 pravum
1787 5638 1974 5709 depre-

399 5714 657 5779 hendero,
687 5732 782 5786 per
809 5719 1038 5790 gratiam
1062 5728 1209 5776 tuam
1245 5723 1510 5794 corrigam
1536 5742 1549 5793 ;
1586 5729 1728 5797 quod
1765 5738 1972 5784 rectum

2023 784 2153 838 totis
2175 781 2380 836 viribus
2401 785 2605 834 aeterna
2634 774 2877 846 diligere,
2905 779 2966 826 ut
2992 777 3268 824 mortuum
3289 769 3422 823 mihi
3449 768 3616 839 depu-

2025 883 2132 927 tem
2163 870 2443 934 mundum,
2478 882 2579 922 nec
2604 865 2861 935 gaudens,
2895 877 2996 916 nec
3018 860 3212 932 lugens
3237 859 3303 915 de
3335 867 3611 930 tempora-

2025 963 2184 1026 libus,
2204 969 2386 1014 utnec
2409 963 2647 1012 metuam
2675 952 2879 1024 aliquid
2901 950 3218 1020 temporale,
3248 964 3350 1004 nec
3372 948 3612 1017 diligam.

2025 1052 2137 1107 Nec
2155 1050 2366 1106 blandis
2393 1060 2726 1114 corrumpar,
2752 1057 2853 1096 nec
2875 1041 3119 1095 adversis
3138 1037 3440 1094 concutiar.
3466 1037 3618 1105 Rogo

2030 1151 2208 1205 tuam,
2241 1147 2426 1194 sancte
2460 1137 2654 1200 Pater,
2695 1133 3068 1196 clementiam,
3117 1131 3171 1184 in
3203 1129 3420 1184 nomine
3449 1129 3618 1199 ipsius

2027 1235 2149 1291 Filii
2181 1234 2276 1298 tui,
2305 1223 2629 1286 circuiucide
2656 1228 2708 1282 in
2739 1241 2825 1281 me
2851 1225 3032 1279 omnia
3054 1224 3183 1278 vitia
3211 1222 3390 1276 cordis
3415 1231 3471 1276 et
3496 1237 3614 1276 cor-

2029 1329 2198 1400 poris,
2229 1334 2283 1382 et
2311 1327 2376 1380 da
2407 1323 2536 1378 mihi
2561 1331 2908 1391 augmentum
2931 1317 3430 1388 perfectionemque
3450 1315 3622 1368 virtu-

2033 1432 2164 1476 tum.
2187 1412 2443 1472 ‘fllumina
2469 1427 2687 1469 sensum
2715 1419 2769 1464 et
2796 1409 3031 1463 animam
3061 1421 3238 1460 meam
3261 1447 3275 1469 ,
3318 1412 3378 1458 ut
3422 1403 3553 1458 illud
3593 1420 3619 1456 a

2034 1521 2087 1568 te
2131 1521 2342 1582 petam,
2391 1505 2531 1576 quod
2569 1515 2622 1560 te
2662 1502 2892 1558 delectet
2920 1501 3128 1556 audire.
3156 1499 3302 1553 Doce
3342 1513 3451 1562 me,
3495 1497 3624 1566 quid

2034 1604 2296 1674 cogitare,
2314 1598 2443 1669 quid
2469 1611 2651 1665 agere,
2673 1593 2804 1664 quid
2825 1592 2988 1662 loqui,
3011 1590 3137 1661 quid
3166 1598 3347 1644 tacere
3375 1587 3620 1643 debeam.

2037 1695 2112 1748 Da
2144 1693 2274 1746 mihi
2299 1688 2658 1761 prudentiam,
2693 1679 3385 1748 fortitudinem,justitiam,
3414 1690 3471 1734 et
3492 1689 3625 1733 tem-

1973 1768 2011 1825 “
2042 1785 2361 1857 perantiam.
2391 1783 2468 1836 Da
2503 1778 2881 1834 discretionem
2909 1776 2961 1830 in
2984 1774 3256 1836 omnibus,
3284 1771 3623 1827 discernendi

2042 1880 2182 1933 inter
2226 1877 2499 1930 dexteram
2530 1881 2585 1926 et
2617 1871 2914 1926 sinistram.
2946 1867 3022 1920 Da
3051 1866 3216 1921 etiam
3246 1879 3470 1919 sensum
3499 1863 3627 1930 vigi-

2042 1968 2168 2030 lem,
2202 1974 2257 2019 et
2283 1963 2567 2034 providum
2609 1959 2957 2021 intellectum,
2989 1964 3049 2011 ut
3080 1954 3280 2026 possim
3319 1952 3464 2007 inter
3492 1953 3629 2006 bona

2043 2056 2292 2125 malaque
2321 2054 2650 2109 discernere.
2681 2047 2847 2103 Aufer
2876 2063 2906 2100 a
2937 2045 3097 2102 corde
3127 2059 3247 2100 meo
3275 2041 3630 2096 alienationis

2045 2163 2286 2212 sensum,
2312 2162 2444 2202 cura
2485 2146 2650 2199 inme
2681 2153 2953 2209 stuporem
2996 2137 3228 2200 mentis,
3273 2135 3524 2204 exstirpa
3569 2134 3635 2186 de

2045 2236 2342 2291 visceribus
2365 2234 2499 2288 meis
2528 2229 2750 2286 consilia
2785 2226 3109 2297 iniquitatis,
3133 2226 3351 2279 eradica
3382 2239 3415 2277 a
3448 2224 3632 2293 lingua

2047 2345 2166 2384 mea
2197 2325 2516 2382 detrahendi
2543 2320 2984 2378 consuetudinem
3007 2359 3021 2383 ,
3068 2316 3362 2372 mentiendi
3400 2315 3633 2370 facilitas

2048 2429 2178 2484 tem,
2206 2416 2456 2488 loquendi
2489 2412 2899 2476 scurrilitatem,
2927 2416 2981 2464 et
3001 2422 3189 2464 omnes
3208 2414 3362 2462 actus
3382 2405 3637 2460 vanitatis

2048 2528 2180 2567 mea:
2210 2520 2324 2562 arte
2352 2505 2630 2561 medicina:
2657 2511 2760 2558 tuae
2782 2515 2932 2556 sana.

2119 2623 2250 2679 V'lll.
2279 2622 2357 2675 Da
2398 2619 2530 2674 mihi
2570 2631 2784 2686 semper
2809 2613 3110 2685 profectum
3139 2611 3192 2666 ln
3220 2607 3625 2680 purgatissimis

2051 2715 2314 2777 moribus,
2346 2723 2467 2766 tene
2502 2724 2580 2765 me
2619 2709 2818 2763 virtute
2841 2701 3242 2773 omnipotentiae
3271 2709 3400 2762 ture,
3440 2706 3496 2754 et
3532 2713 3636 2752 non

2049 2806 2199 2862 sinas
2240 2818 2326 2858 me
2371 2802 2647 2856 voluntate
2691 2796 2893 2866 proprii
2933 2793 3143 2848 arbitrii
3189 2791 3432 2862 evagari.
3478 2788 3639 2844 Juxta

2054 2905 2202 2949 tuam
2230 2891 2626 2963 providentiam
2666 2889 2891 2958 dispone
2915 2899 3132 2940 omnem
3157 2883 3326 2936 vitam
3372 2895 3550 2935 meam
3583 2880 3638 2933 in

2053 2995 2142 3039 tua
2172 2985 2464 3038 voluntate.
2500 2981 2746 3034 Animam
2791 2979 2930 3032 hanc
2972 2973 3334 3045 peccatricem
3355 3011 3370 3035 ,
3405 2985 3506 3042 pro
3535 2985 3638 3040 qua

2055 3074 2302 3128 Christus
2324 3082 2568 3126 mortuus
2593 3077 2699 3133 est,
2730 3084 2836 3122 non
2862 3065 3142 3136 permittas
3172 3063 3368 3132 perire.
3406 3061 3637 3116 Frenutn

2059 3174 2206 3219 tuum
2235 3165 2288 3217 in
2317 3162 2548 3217 maxillis
2579 3160 2712 3214 meis
2741 3174 2901 3228 pone,
2931 3166 2987 3212 et
3011 3165 3266 3226 tanquam
3298 3162 3640 3209 mansuetum

2057 3257 2256 3312 animal
2285 3257 2442 3310 trabe
2471 3269 2557 3309 me
2581 3261 2702 3323 post
2737 3261 2807 3306 te.
2840 3251 2920 3305 Tn
2959 3251 3103 3304 enim
3133 3255 3326 3303 cuncta
3354 3261 3476 3316 qua?
3509 3245 3640 3299 mihi

2056 3349 2366 3420 expediunt,
2398 3347 2559 3403 nosti.
2583 3345 2698 3400 Non
2721 3344 3080 3408 diabolo,uon
3104 3341 3386 3406 mihi,non
3416 3339 3636 3400 mundo.
3669 3378 3672 3380 η

2057 3457 2164 3496 ron
2188 3440 2277 3494 alii
2304 3439 2460 3494 alicui
2480 3438 2640 3492 liceat
2666 3446 2757 3492 tua
2785 3438 2925 3491 dona
2955 3436 3291 3497 subvertere,
3321 3433 3447 3501 quia
3477 3440 3644 3485 totum

2057 3533 2248 3604 fragile
2275 3541 2358 3586 est
2381 3531 2640 3600 quidquid
2671 3531 2765 3584 tibi
2798 3530 2988 3583 nititur
3008 3526 3247 3582 obviare.
3277 3524 3479 3580 Fecisti
3503 3524 3643 3577 enim

2059 3640 2270 3680 mecum
2294 3639 2324 3677 a
2349 3638 2516 3692 puero
2552 3619 2980 3676 misericordiam
3000 3617 3245 3672 multam.
3277 3613 3490 3670 Perfice
3506 3611 3644 3682 quod

2061 3717 2294 3786 coepisti.
2346 3716 2425 3769 Da
2468 3715 2597 3768 mihi
2643 3727 2854 3781 semper
2882 3719 2939 3764 et
2971 3710 3170 3779 ubique
3213 3717 3402 3762 contra
3438 3707 3645 3761 hostem

2063 3805 2515 3869 crudelissimum,
2550 3804 2698 3872 pium
2741 3812 2845 3856 tua:
2886 3799 3216 3855 defensionis
3260 3797 3564 3859 auxilium,
3591 3805 3649 3848 ut

2061 3897 2202 3952 sicut
2243 3895 2591 3965 fragilitatem
2622 3908 2795 3947 meam
2829 3891 2918 3946 ille
2955 3891 3151 3945 invitus
3191 3905 3298 3943 non
3341 3896 3522 3943 cessat
3552 3887 3646 3939 im-

2061 3998 2266 4060 petere,
2308 3989 2382 4043 ita
2415 3988 2522 4042 tuis
2563 3995 2783 4056 cogatur
2811 3984 3017 4038 viribus
3047 3982 3304 4038 confusus
3333 3981 3644 4036 abscedere.

2063 4081 2266 4135 Praesta
2293 4088 2352 4134 ut
2375 4079 2475 4134 sim
2502 4076 2759 4146 parvulus
2804 4076 2857 4130 in
2897 4075 3068 4129 oculis
3096 4074 3262 4135 meis,
3292 4081 3354 4126 ut
3383 4087 3567 4126 coram
3599 4079 3648 4123 te

2064 4171 2336 4226 inveniam
2363 4169 2610 4240 gratiam.
2651 4167 2728 4220 Da
2758 4175 2814 4220 et
2845 4165 3054 4233 adauge
3086 4163 3215 4218 mihi
3243 4176 3463 4230 semper
3493 4161 3647 4215 ﬁdem

2065 4258 2297 4325 firmam,
2329 4275 2476 4330 spem
2517 4259 2921 4320 inconcussam,
2955 4255 3278 4310 cbaritatem
3317 4251 3646 4322 perfectam,

2065 4351 2806 4422 humilitatemprofundam,
2853 4349 3164 4424 patientiam
3214 4347 3645 4407 invictissimam,

2065 4446 2311 4514 corporis
2341 4445 2641 4512 animzeque
2668 4443 2972 4497 castitatem
3002 4449 3340 4510 perpetuam.
3371 4439 3448 4493 Da
3477 4438 3651 4493 cordis

2065 4535 2468 4597 contritionem,
2497 4539 2552 4585 et
2581 4530 2782 4586 fontem
2813 4530 3194 4599 lacrymarum,
3235 4530 3300 4583 da
3332 4529 3648 4598 simplicita-

2066 4635 2196 4690 tem,
2228 4625 2587 4680 innocentiam
2617 4633 2674 4678 et
2702 4623 2991 4692 puritatem
3024 4622 3237 4685 cordis,
3265 4621 3649 4683 stabilitatem,

2064 4715 2421 4772 constantiam
2446 4723 2500 4770 et
2522 4715 2883 4784 integritatem
2910 4712 3123 4766 mentis.
3143 4711 3218 4765 Da
3231 4711 3379 4766 vires
3401 4712 3649 4774 invictas,

2067 4816 2126 4861 ut
2167 4808 2342 4861 victor
2383 4806 2489 4860 mei
2521 4805 2574 4858 in
2603 4803 2811 4859 cunctis
2848 4805 3095 4858 cristam.
3144 4803 3467 4858 Dominetnr
3506 4805 3647 4858 carni

2067 4898 2229 4961 ratio,
2256 4906 2312 4952 et
2347 4896 2544 4950 rationi
2573 4896 2743 4966 gratia
2772 4903 2882 4958 tua,
2911 4903 2970 4948 ut
2995 4910 3100 4949 non
3128 4894 3303 4948 vivam
3333 4895 3645 4956 bestialiter,

2068 4995 2252 5058 raptus
2283 4987 2484 5056 impetu
2515 4987 2713 5049 carnis,
2753 4985 2846 5040 sed
2877 4985 2948 5039 sit
2978 4985 3319 5039 conversatio
3345 5001 3470 5041 mea
3493 4986 3649 5041 hone-

2068 5089 2151 5135 sta
2180 5088 2237 5134 ct
2264 5079 2564 5134 rationalis.
2593 5077 2702 5133 Fac
2732 5094 2817 5133 me
2845 5078 3128 5148 providum
3159 5079 3224 5131 ad
3246 5079 3430 5133 omnia
3472 5090 3526 5134 et
3551 5078 3649 5133 dis—

2068 5179 2276 5226 cretum
2298 5171 2352 5224 in
2379 5169 2606 5224 cunctis.
2622 5169 2820 5224 'l‘rihue
2841 5168 2970 5222 mihi
2992 5167 3118 5222 nulli
3141 5169 3484 5223 occasionem
3505 5184 3649 5224 scan-

2069 5261 2178 5316 dali
2207 5261 2467 5329 pratbcre,
2494 5259 2894 5329 simplicitatem
2924 5267 2979 5312 et
3001 5260 3285 5313 veritatem
3317 5260 3566 5331 diligere,
3599 5268 3650 5313 et

2070 5349 2336 5403 instanter
2361 5363 2447 5413 ea,
2495 5362 2614 5417 qum
2654 5347 2806 5417 pacis
2850 5355 2906 5401 et
2947 5347 3232 5404 charitatis
3275 5358 3430 5412 sunt,
3478 5349 3645 5418 sequi.

2071 5440 2252 5511 Longe
2277 5438 2361 5494 fac
2403 5455 2434 5493 a
2475 5452 2563 5493 me
2595 5453 2811 5493 omnem
2838 5437 3192 5508 hypocrisim,
3222 5454 3549 5508 omnemque
3581 5439 3648 5494 si-

2072 5531 2446 5596 mulationem,
2474 5537 2529 5586 et
2552 5528 2638 5585 fac
2665 5544 2752 5586 me
2782 5529 2878 5584 tibi
2907 5530 2960 5585 in
2983 5530 3214 5585 veritate
3243 5533 3477 5589 servire.

2142 5639 2234 5695 IX.
2261 5640 2508 5696 Concede
2537 5639 2695 5705 mihi,
2723 5656 2906 5711 qumso
2927 5682 2941 5707 ,
2967 5641 3110 5695 bono
3140 5643 3322 5699 animo
3357 5651 3576 5713 propter
3599 5651 3646 5695 te

2074 5731 2339 5799 majorum
2374 5731 2529 5789 subdi
2554 5731 2794 5803 imperiis
2812 5773 2826 5801 ,
2851 5740 2906 5788 et
2927 5731 3092 5790 alacri
3113 5734 3278 5790 corde
3301 5736 3367 5791 ad
3396 5735 3641 5792 obedien-
