3934 6180
269 289 405 346 1053

931 290 1081 348 opp.
1123 291 1350 348 uuam.
1394 321 1464 331 -
1499 288 1724 344 auum
1761 288 2141 346 conressno
2178 290 2380 346 FIDE].
2425 287 2490 332 ι-
2529 291 2706 348 rans
2744 266 2864 348 un

3367 302 3503 357 105‘

262 401 414 465 tiam,
450 398 516 454 ad
543 398 1000 470 compassionem,
1043 399 1110 454 ad
1139 399 1479 455 concordiam
1519 399 1635 454 sine
1675 411 1825 453 mora
1860 406 1899 462 Α
1999 397 2065 451 X.
2104 398 2307 455 Precor
2335 408 2386 455 te
2421 415 2518 471 per
2544 385 2738 457 Filium
2768 411 2938 470 tuum,
2965 405 3172 476 respice
3200 423 3288 465 me
3312 417 3368 464 et
3399 413 3502 466 mi—

256 506 604 547 coneurrere.
636 492 823 548 Excita
846 500 1116 563 torporem
1145 509 1323 548 meum
1351 493 1581 548 stimulis
1613 494 1748 557 tuis,
1778 503 1833 548 et

259 579 346 636 fac
366 595 450 635 me
473 589 692 636 strenue
715 597 1060 652 perseverare
1105 584 1156 637 in
1194 585 1476 654 prteceptis
1504 593 1559 639 et
1584 583 1831 638 laudibus

261 673 368 727 tuis
410 679 566 727 nocte
595 688 658 728 ac
686 673 793 728 die.
821 675 896 727 Da
934 675 1066 730 mihi
1103 675 1382 730 scientiam
1414 675 1670 730 humilem
1713 690 1831 743 qua:

257 762 506 825 aedificat,
538 771 592 817 et
625 762 857 833 linguam
888 766 1154 820 eruditam
1193 775 1248 820 et
1277 766 1651 836 eloquentem,
1695 775 1754 820 ut
1777 775 1833 821 et

258 854 430 908 bonos
456 852 666 906 valeam
692 854 759 906 ad
789 853 1011 909 meliora
1041 855 1340 919 exhortari,
1372 862 1426 911 et
1452 855 1620 910 malos
1641 857 1707 910 ad
1728 865 1832 910 tua:

256 942 594 998 rectitudinis
635 942 831 996 lineam
870 959 1143 998 revocare.
1189 943 1448 1010 infunde,
1480 959 1644 1012 rogo,
1680 945 1830 1000 cordi

255 1047 380 1088 meo
404 1047 500 1102 per
529 1031 722 1086 Filium
765 1041 935 1096 tuum,
981 1040 1033 1088 et
1071 1034 1135 1089 da
1165 1034 1294 1088 mihi
1334 1050 1456 1090 cum
1486 1050 1550 1089 eo
1582 1035 1829 1103 spiritum

255 1116 534 1197 sapientiae
555 1133 609 1180 et
630 1125 953 1191 intellectus,
970 1125 1176 1182 consilii
1204 1135 1258 1182 et
1281 1127 1629 1190 fortitudinis,
1656 1128 1830 1183 scien-

256 1221 347 1272 tiae
373 1227 429 1273 et
451 1219 683 1288 pietatis,
718 1226 773 1272 et
816 1219 961 1288 reple
1001 1233 1088 1273 me
1129 1227 1316 1274 sancto
1342 1220 1534 1275 timore
1563 1230 1617 1274 et
1641 1235 1830 1275 amore

254 1320 371 1366 tuo.
405 1311 478 1365 Da
504 1311 766 1381 irriguum
793 1311 1038 1381 superius
1057 1319 1111 1365 et
1131 1311 1388 1382 irriguum
1412 1310 1655 1365 inferius.
1680 1311 1827 1366 Dona

251 1403 389 1461 mihi
440 1402 868 1457 benedictionem
919 1401 986 1458 de
1036 1417 1160 1457 rore
1207 1402 1360 1466 cmli,
1405 1410 1460 1456 et
1504 1403 1827 1472 pinguedine

253 1501 434 1547 teme.
473 1492 548 1546 Da
580 1500 640 1546 ut
667 1493 840 1547 anima
878 1507 996 1548 mea
1021 1493 1209 1547 ardeat
1230 1492 1350 1563 igne
1371 1493 1572 1546 amoris
1593 1493 1691 1546 tui.
1718 1492 1827 1548 Fac

249 1597 344 1641 me
373 1583 571 1638 mundo
599 1583 813 1652 penitus
834 1583 1122 1653 exstingui.
1155 1582 1399 1638 Concede
1425 1583 1557 1638 mihi
1589 1599 1684 1639 cor
1698 1600 1827 1639 con—

251 1675 442 1727 tritum
486 1681 542 1727 et
580 1673 914 1727 humiliatum
950 1673 1148 1728 habere
1170 1688 1351 1727 coram
1378 1683 1450 1728 te.
1487 1673 1596 1729 Fac
1621 1690 1705 1729 me
1727 1691 1826 1745 per

249 1766 483 1834 gratiam
515 1772 658 1818 tuam
687 1771 904 1833 peccata
949 1779 1068 1818 mea
1112 1765 1290 1818 omnia
1327 1762 1485 1829 ﬂere,
1533 1773 1822 1834 antequam

249 1857 475 1911 moriar.
506 1855 581 1909 Da
606 1855 736 1909 mihi
773 1862 884 1909 tota
909 1854 1086 1908 anima
1111 1862 1168 1908 et
1189 1855 1314 1909 totis
1335 1854 1542 1910 viribus
1570 1856 1705 1910 meis
1729 1872 1823 1910 ex-

247 1946 473 2016 quirere
520 1944 712 2001 faciem
754 1954 898 1999 tuam
936 1959 1167 2013 semper.
1210 1944 1436 2001 lnl‘unde
1481 1946 1822 2002 dilectionem

249 2047 404 2091 tuam
431 2036 634 2105 pectori
668 2051 805 2100 meo,
837 2044 891 2089 et
927 2035 1102 2090 scribe
1141 2032 1350 2089 dulcem
1385 2036 1700 2090 memoriam
1742 2035 1821 2090 tui

247 2130 306 2184 in
335 2128 533 2182 tabulis
561 2127 737 2183 cordis
760 2127 885 2180 mei.
919 2126 1129 2181 lllustra
1166 2139 1253 2179 me
1281 2124 1400 2179 luce
1434 2125 1666 2180 ctelestis
1697 2141 1825 2195 pru-

248 2219 466 2276 dentiae.
494 2217 782 2288 imaginem
811 2225 956 2270 tuam
990 2217 1043 2270 in
1083 2229 1168 2269 me
1201 2230 1308 2271 non
1351 2215 1497 2270 sinas
1522 2215 1821 2278 obscurari,

248 2325 373 2379 quae
395 2309 440 2363 si
471 2317 521 2362 te
543 2315 832 2379 pnestante
856 2306 1202 2372 defendatur,
1235 2320 1447 2374 semper
1469 2306 1686 2376 egregia
1719 2314 1820 2361 est.

246 2399 407 2454 Adsit
435 2399 584 2464 mihi,
629 2413 832 2468 quzeso,
862 2398 1142 2452 beatorum
1180 2395 1492 2466 angelorum
1521 2396 1608 2465 pia
1635 2405 1690 2450 et
1718 2394 1823 2450 ﬁala

249 2490 495 2545 custodia
524 2490 723 2560 ubique
744 2497 798 2543 et
826 2503 1063 2558 semper,
1093 2495 1147 2541 et
1173 2495 1390 2557 praesta,
1419 2494 1478 2558 ut
1498 2487 1634 2556 apud
1658 2495 1707 2540 te
1728 2501 1826 2556 pro

247 2595 340 2638 me
370 2580 588 2647 misero,
613 2581 853 2634 omnium
890 2587 1198 2633 sanctorum
1227 2578 1439 2647 agmina
1467 2577 1822 2641 intercedant,

248 2681 314 2727 ut
337 2688 522 2726 eorum
545 2671 794 2742 precibus
814 2681 868 2724 et
888 2670 1118 2735 meritis,
1149 2685 1246 2740 pro
1284 2679 1372 2724 tua
1401 2670 1602 2739 pietate
1633 2668 1826 2738 dignus

248 2761 460 2817 efﬁciar
486 2760 928 2830 promissionibus
948 2759 1068 2814 Filii
1101 2761 1197 2814 tui.
1223 2759 1466 2815 Concede
1487 2758 1616 2813 mihi
1646 2757 1827 2828 fragil-

248 2852 410 2916 limo,
447 2853 730 2908 beatorum
775 2853 1158 2907 monachorum
1186 2860 1397 2922 patrum
1433 2866 1675 2907 meorum
1703 2851 1826 2905 imi-

169 2949 174 2952 '
250 2941 355 2996 tari
383 2941 626 3012 vestigia.
656 2940 732 2995 Da
767 2941 899 2996 mihi
918 2956 1105 3006 eorum
1127 2941 1610 3005 mansuetudinem,
1639 2940 1823 2995 mode-

245 3034 436 3098 stiam,
467 3041 523 3087 et
567 3033 926 3097 tolerantiam,
973 3033 1388 3102 benignitatem,
1428 3039 1819 3102 paupertatem,

248 3131 308 3178 et
348 3122 827 3193 longanimitatem,
867 3123 1044 3178 cordis
1071 3123 1476 3188 contritionem,
1523 3130 1578 3176 et
1619 3121 1825 3177 fontem

248 3213 633 3285 lacrymarum,
665 3213 769 3268 cibi
793 3220 1058 3284 potusque
1093 3214 1501 3280 abstinentiam,
1540 3214 1718 3269 cordis
1751 3213 1827 3266 la—

249 3305 575 3372 biorumque
609 3303 945 3368 munditiam,
971 3304 1247 3374 spirituale
1284 3304 1553 3375 gaudium,
1578 3312 1632 3358 et
1653 3302 1828 3372 perfe-

249 3405 402 3451 ctum
444 3393 628 3448 mundi
666 3402 1046 3464 contemptum.
1082 3395 1244 3466 397
1278 3396 1537 3460 Maxime,
1577 3395 1822 3460 Domine,

251 3483 572 3539 charitatem
613 3498 644 3537 a
686 3491 738 3538 te
779 3483 1028 3555 eillagito,
1065 3485 1418 3540 humilitatem
1449 3486 1682 3556 inquiro,
1729 3501 1825 3555 pa-

251 3575 500 3630 tientiam
523 3575 756 3645 postulo,
793 3576 1096 3631 individuas
1126 3578 1350 3632 comites
1380 3577 1500 3632 ﬁdei
1538 3590 1710 3642 mete;
1753 3577 1826 3630 si-

251 3666 368 3721 mul
401 3674 456 3721 et
484 3681 666 3721 veram
697 3666 890 3721 anima:
917 3668 1262 3738 corporisque
1301 3667 1634 3738 pudicitiam,
1687 3668 1828 3722 sicut

250 3756 362 3812 illis
386 3757 600 3812 dedisti.

1850 3081 1899 3146 (Ξ

1870 553 1888 575 Ι
1930 503 2113 545 serere
2150 491 2254 546 mei
2289 510 2303 546 :
2343 493 2537 548 exaudi
2581 495 2882 550 orationem
2923 511 3129 563 meam,
3171 507 3226 555 et
3265 501 3330 556 da
3369 503 3504 558 mihi

1928 579 2157 649 gratiam
2192 589 2336 636 tuam
2373 593 2591 653 prOpter
2635 584 3029 642 multitudinem
3073 589 3330 648 bonitatis
3377 601 3501 659 tum,

1929 685 2049 739 quae
2094 687 2305 727 mecum
2345 673 2550 745 jugiter
2587 692 2961 746 perseverans,
3002 681 3192 736 doceat
3231 699 3317 738 me
3356 685 3503 740 ince-

1929 763 2056 816 dere
2081 779 2264 818 coram
2300 773 2353 819 te
2392 768 2685 822 secundum
2710 769 3040 826 voluntatem
3077 782 3224 828 tuam
3253 777 3503 832 omnibus

1930 853 2121 909 diebus
2168 855 2293 908 vita:
2329 871 2481 910 meas.
2531 857 2681 913 Hanc
2713 867 2870 928 peto,
2918 861 2983 915 da
3025 863 3156 917 mihi
3192 879 3343 930 eam,
3385 882 3503 936 qua:

1930 960 2016 998 me
2051 961 2173 1001 cum
2224 949 2412 1004 amicis
2447 950 2754 1018 paciﬁcum,
2799 962 2852 1008 et
2895 969 3018 1009 eum
3050 955 3282 1010 inimicis
3313 957 3504 1013 reddat

1931 1039 2301 1108 tranquillum,
2333 1057 2453 1110 qua:
2483 1059 2570 1098 me
2603 1059 2632 1097 a
2658 1046 2823 1100 verbo
2850 1061 3041 1115 aspero
3072 1047 3314 1118 mitiget,
3352 1058 3405 1104 et
3437 1049 3505 1104 ab

1928 1130 2104 1185 otioso
2132 1145 2379 1185 sermone
2417 1141 2756 1199 compescat,
2802 1148 2922 1202 qua:
2956 1150 3041 1189 me
3079 1151 3292 1204 semper
3333 1137 3501 1192 Deum

1928 1218 2010 1273 vel
2041 1233 2160 1286 qua:
2200 1219 2296 1273 Del
2325 1228 2471 1286 sunt,
2515 1221 2753 1292 cogitare
2793 1224 3097 1294 compellat,
3128 1234 3183 1279 et
3217 1225 3401 1280 oculos
3435 1228 3502 1280 ab

1929 1308 2034 1364 isto
2057 1325 2193 1364 vano
2223 1311 2418 1365 saeculo
2448 1320 2659 1367 avertat
2687 1330 2699 1366 :
2738 1329 2858 1382 quae
2887 1315 3018 1370 mihi
3047 1317 3188 1370 omni
3221 1317 3348 1372 hora
3379 1327 3504 1372 ante

1927 1407 2272 1468 conspectum
2320 1410 2548 1456 mortem
2605 1404 2840 1474 ingerat,
2887 1414 2942 1460 et
2981 1407 3070 1461 hic
3109 1408 3344 1477 gaudere
3380 1423 3505 1477 pro-

1928 1489 2142 1556 hibeat;
2174 1505 2294 1560 qua:
2323 1494 2531 1547 trabem
2562 1507 2625 1546 ac
2651 1493 2844 1548 molem
2883 1503 3228 1565 peccatorum
3257 1511 3500 1551 meorum

1927 1581 2274 1638 considerare
2311 1597 2399 1638 me
2436 1593 2491 1639 et
2534 1583 2788 1654 plangere
2827 1585 3011 1649 faciat,
3044 1594 3100 1640 et
3129 1603 3234 1642 non
3273 1589 3500 1642 aliorum

1927 1672 2122 1728 delicta
2153 1673 2299 1728 velut
2326 1673 2590 1729 festucam
2616 1675 2945 1729 levissimam
2970 1679 3294 1744 perscrutari
3325 1677 3505 1732 dimit-

1857 1737 1901 1798 Β
1929 1771 2010 1818 tat
2039 1781 2051 1816 :
2082 1771 2356 1833 postremo
2378 1779 2498 1833 qua:
2525 1764 2706 1818 omnia
2747 1765 2931 1820 mundi
2961 1737 3060 1834 pro
3084 1767 3253 1822 nihilo
3274 1767 3494 1832 habere,

1921 1860 1977 1908 et
2005 1861 2058 1908 te
2097 1853 2269 1908 solum
2310 1853 2439 1908 totis
2481 1853 2636 1908 sitire
2675 1854 2972 1909 visceribus
3014 1855 3183 1910 Deum
3230 1864 3495 1920 nostrum,

1921 1923 2092 2012 usque
2123 1944 2176 1997 in
2227 1945 2388 1998 tinem
2429 1944 2620 1999 doceat
2675 1954 2988 2014 mc,.atque
3033 1957 3225 2017 potens
3269 1947 3498 2008 efﬁciat;

1923 2043 1978 2090 et
2001 2035 2142 2089 sicut
2167 2035 2405 2104 piissima
2436 2035 2801 2091 misericordia
2829 2037 3126 2096 tuadedisti
3154 2038 3283 2093 mihi
3310 2038 3495 2093 volun-

1923 2135 2090 2181 tatem
2121 2125 2382 2182 veniendo
2411 2128 2478 2181 ad
2501 2137 2555 2182 te
2589 2132 2686 2197 per
2713 2129 2881 2195 illam,
2910 2130 2989 2185 sic
3028 2130 3232 2186 donare
3259 2132 3500 2203 digneris

1924 2217 2241 2288 Sapientiam
2264 2227 2319 2273 et
2342 2217 2694 2280 intellectum.
2721 2220 2973 2274 virtutem
3003 2228 3060 2275 et
3083 2221 3497 2290 possibilitatem

1924 2307 2166 2376 corporis
2187 2314 2243 2361 et
2270 2307 2463 2362 animae
2489 2309 2557 2362 ad
2579 2308 2674 2363 tibi
2704 2325 2917 2378 semper
2935 2310 3279 2366 devotissime
3301 2311 3354 2365 in
3380 2327 3498 2365 om-

1924 2397 2083 2452 nibus
2101 2397 2463 2464 serviendum,
2476 2414 2574 2469 per
2587 2399 2832 2456 eamdem
2860 2402 3145 2472 benignam
3168 2402 3502 2473 magistram-

1925 2501 2030 2558 que
2049 2489 2274 2556 gratiam
2302 2497 2471 2554 tuam,
2503 2491 2620 2545 sine
2645 2506 2748 2560 qua
2787 2507 2888 2546 nec
2910 2493 3170 2561 cogitare,
3196 2508 3298 2548 nec
3330 2493 3498 2562 loqui,

1925 2592 2026 2632 nec
2065 2591 2226 2648 agere
2266 2578 2470 2649 aliquid
2508 2580 2634 2636 boni
2663 2580 2925 2636 valemus.
2967 2582 3035 2635 Et
3075 2582 3202 2652 quia
3232 2590 3358 2638 tuus
3387 2584 3500 2654 ipse

1927 2667 2245 2740 Unigenitus
2272 2671 2446 2726 dinit:
2488 2671 2658 2727 Nemo
2696 2674 2832 2727 venit
2857 2673 2926 2726 ad
2953 2690 3054 2738 me,
3077 2675 3178 2728 nisi
3205 2672 3387 2734 Pater.
3412 2675 3501 2744 qui

1924 2760 2066 2814 traicit
2091 2777 2191 2826 me,
2207 2763 2427 2816 traxerit
2453 2779 2570 2816 eum
2590 2761 2773 2834 (Joan.
2804 2779 2878 2828 vr,
2905 2762 3018 2833 44).
3044 2763 3108 2817 Ει
3131 2781 3143 2816 :
3175 2761 3342 2817 Nemo
3365 2764 3502 2817 venit

1925 2852 1994 2906 ad
2025 2848 2238 2905 Patrem
2263 2853 2362 2905 nisi
2380 2868 2473 2922 per
2485 2869 2567 2906 me
2589 2851 2770 2924 (Joan.
2798 2869 2909 2917 xiv,
2924 2854 2998 2924 6).
3029 2852 3286 2916 Obsecro,
3316 2863 3502 2908 sancte

1924 2941 2102 3006 Pater,
2130 2947 2185 2995 ct
2203 2941 2516 3010 suppliciter
2538 2957 2687 3012 rogo,
2711 2943 2854 2998 Deus
2877 2957 3046 3006 meus,
3064 2944 3218 2996 trahe
3240 2950 3404 2996 metu
3432 2942 3498 2993 ad

1932 3033 2125 3102 ipsum,
2156 3041 2210 3087 et
2235 3031 2350 3102 ipse
2375 3047 2461 3086 me
2483 3033 2744 3102 perducat
2763 3033 2830 3087 ad
2857 3041 2932 3098 te,
2959 3032 3087 3086 illuc
3115 3031 3208 3086 ubi
3236 3031 3324 3084 ille
3345 3039 3430 3085 est
3447 3031 3499 3084 in

1930 3124 2149 3180 dextera
2177 3130 2268 3176 tua
2297 3123 2508 3188 sedens,
2535 3123 2624 3178 ubi
2648 3131 2732 3178 est
2765 3121 3093 3192 sempiterna
3125 3119 3260 3185 vita,
3286 3129 3341 3175 et
3363 3133 3504 3173 scm-

1928 3215 2140 3284 piterne
2163 3213 2322 3268 heala
2351 3221 2552 3267 :rterna
2579 3212 2864 3276 securitas,
2902 3218 2958 3264 et
2983 3226 3173 3266 secura
3207 3209 3505 3280 tranquilli-

1908 3315 2035 3381 'tas,
2063 3303 2189 3359 felix
2224 3302 2523 3367 :eternitas,
2563 3310 2763 3356 aeterna
2811 3301 3041 3358 felicitas
3069 3315 3083 3354 :
3116 3299 3206 3355 ubi
3241 3306 3324 3353 est
3349 3313 3504 3352 amor

1930 3395 2223 3466 perlectus,
2261 3402 2318 3448 et
2343 3393 2520 3448 nullus
2551 3394 2731 3459 timor,
2770 3392 2862 3449 ubi
2901 3402 2986 3448 est
3027 3393 3142 3448 dies
3166 3399 3420 3454 mternus,
3451 3399 3506 3444 et

1930 3502 2071 3542 unus
2093 3485 2334 3542 omnium
2362 3485 2596 3555 Spiritus
2622 3501 2636 3538 :
2664 3485 2756 3539 ubi
2776 3491 2834 3538 tu
2856 3499 2978 3540 cum
3005 3484 3118 3548 illo,
3137 3491 3190 3538 et
3217 3482 3307 3537 ille
3329 3489 3502 3537 tecum

1924 3579 1978 3634 in
2007 3579 2385 3634 communione:
2425 3578 2598 3632 sancti
2628 3576 2864 3646 Spiritus
2901 3577 3232 3632 teternaliter
3257 3589 3324 3629 ac
3350 3590 3499 3629 sem-

1926 3669 2264 3738 piternaliter
2299 3668 2438 3722 vivis
2463 3676 2520 3723 et
2560 3682 2755 3738 regnas
2793 3666 2936 3722 Deus
2963 3681 3062 3736 per
3095 3665 3278 3721 omnia
3307 3663 3501 3718 stccula

1927 3760 2266 3817 surculorum.
2292 3758 2484 3813 Amen.

1134 3870 3498 3901 NW

1631 3957 1880 4036 PARS
1957 3957 2112 4034 ΙΙΙ.

303 4097 578 4159 ιτεηωι
617 4098 705 4156 DE
741 4097 876 4154 Ι)Εο
914 4096 1124 4155 TRINO
1161 4096 1250 4155 ET
1295 4095 1458 4160 UNO,
1498 4092 1588 4148 DE
1626 4089 1951 4156 CllRlSTO,
1991 4090 2079 4147 AC
2118 4092 2206 4150 DE
2244 4092 2421 4152 ALllS
2460 4090 2849 4160 PLERISQUE
2887 4087 3436 4147 ECCLESIASTICIS

1645 4182 2108 4240 DOGMATIBUS.

1771 4300 2022 4318 —-——u-

321 4371 369 4427 l.
407 4370 490 4425 Ad
529 4369 794 4440 justitiam
837 4366 1000 4421 corde
1036 4362 1218 4428 credo,
1263 4370 1318 4417 et
1357 4361 1425 4416 ad
1460 4361 1689 4417 salutem
1732 4375 1827 4416 ore
1856 4360 1904 4422 ι)
1929 4359 2214 4415 ell'abiliter
2240 4367 2458 4425 natum,
2493 4375 2512 4410 ι
2551 4369 2578 4399 α
2607 4356 2808 4413 Verum
2837 4357 3006 4412 Deum
3043 4355 3376 4426 unigenitum
3405 4396 3420 4421 ,
3451 4365 3506 4412 et

247 4464 517 4523 conﬁteor
555 4469 793 4516 sanctam
836 4467 892 4514 et
937 4456 1263 4513 individuam
1313 4453 1668 4518 Trinitatem,
1719 4453 1828 4507 vir-

247 4563 424 4610 tutem
457 4566 641 4614 unam,
663 4558 718 4604 et
745 4547 1090 4604 indiscretam
1123 4541 1480 4611 maiestatem.
1506 4541 1743 4605 Patrem,
1773 4547 1837 4605 et

248 4645 486 4707 Filium,
520 4649 575 4695 ct
609 4638 872 4710 Spiritum
916 4644 1193 4699 sanctum,
1231 4649 1396 4688 unum
1445 4633 1611 4686 Deum
1653 4631 1826 4688 omni-

247 4743 568 4808 potentem,
614 4729 734 4787 (εωιί
788 4738 1052 4796 terraque
1093 4725 1381 4787 factorem,
1429 4722 1720 4777 visibilium
1772 4729 1829 4776 et

249 4825 609 4884 invisibilium
649 4821 983 4878 conditorem
1009 4858 1024 4882 ,
1076 4817 1130 4871 in
1181 4814 1428 4886 personis
1472 4813 1670 4867 trinum
1700 4851 1715 4874 ,
1771 4812 1822 4866 in

248 4916 558 4975 substantia
607 4929 794 4968 unum.
841 4908 1040 4964 Verum
1083 4907 1299 4978 quidem
1340 4905 1554 4962 Patrem
1603 4917 1825 4958 summa:

248 5008 516 5066 bonitatis
553 5014 612 5061 et
651 5005 816 5058 totius
867 5001 1092 5055 Deitatis
1131 4996 1490 5067 principium,
1529 4993 1822 5048 incircum-

248 5101 471 5168 scriptze
514 5103 569 5150 ct
601 5093 850 5163 ingenitae
888 5089 1184 5158 majestatis
1213 5087 1400 5150 Deum,
1442 5097 1509 5138 ex
1552 5081 1697 5136 nullo
1725 5083 1821 5140 du-

247 5200 467 5248 centem
497 5187 726 5250 initium,
758 5183 852 5240 scd
889 5181 1136 5238 omnibus
1171 5179 1382 5234 initium
1413 5176 1653 5236 dantem,
1683 5187 1822 5228 sum-

249 5298 406 5340 mum
434 5283 658 5344 bonum,
705 5285 758 5332 et
803 5275 984 5330 omnia
1029 5273 1184 5328 valde
1223 5272 1362 5326 bona
1391 5275 1687 5331 crcantcm,
1720 5280 1827 5318 non

249 5372 525 5446 corporali
564 5370 821 5444 progenie
861 5379 1038 5436 neque
1073 5363 1430 5423 extrinsecus,
1462 5373 1569 5412 non
1598 5357 1829 5412 necessi-

251 5476 368 5526 tate
403 5479 579 5533 neque
603 5462 902 5525 voluntate,
947 5459 1040 5514 sed
1087 5465 1278 5512 natura
1327 5453 1521 5508 Filium
1565 5465 1828 5521 generan-

250 5567 388 5616 tem.
423 5553 622 5608 Verum
664 5564 842 5606 autem
880 5549 1073 5604 Filium
1103 5562 1170 5603 cx
1210 5545 1370 5599 Patre
1399 5542 1514 5599 sine
1556 5541 1710 5595 initio
1745 5539 1826 5595 in-

324 5663 368 5712 "
393 5668 661 5737 Pelagius.
693 5666 820 5726 Vide
843 5665 1082 5737 Append.
1109 5662 1175 5718 ad
1201 5659 1334 5732 Opp.
1368 5657 1424 5713 S.
1457 5655 1756 5729 Augustini.

1928 4461 2116 4500 verum
2182 4444 2278 4500 Dei
2328 4443 2598 4510 Verbum,
2642 4459 2750 4500 non
2808 4442 3044 4508 factum,
3087 4457 3195 4496 non
3239 4449 3506 4502 creatum.

1928 4553 2036 4596 non
2077 4537 2405 4611 adoptivum,
2456 4537 2552 4594 sed
2595 4537 2835 4608 genitum
2887 4544 2942 4592 et
2982 4535 3140 4590 unius
3182 4550 3305 4589 cum
3345 4533 3506 4590 Patre

1927 4628 2258 4684 substantiae.
2310 4627 2488 4696 Atque
2547 4627 2622 4682 ita
2675 4641 2774 4696 per
2840 4623 3022 4682 omnia
3084 4623 3342 4695 aqualem
3396 4625 3509 4680 Deo

1928 4716 2108 4784 Patri,
2138 4725 2201 4772 ut
2246 4733 2349 4772 nec
2395 4725 2666 4784 tempore.
2712 4729 2812 4770 nec
2855 4715 3056 4786 gradu,
3103 4729 3204 4769 nec
3243 4721 3509 4783 potestate

1927 4807 2100 4880 possit
2157 4821 2278 4864 esse
2333 4806 2574 4862 inferior.
2631 4805 2972 4874 Tantumque
3019 4819 3142 4859 esse
3187 4803 3509 4859 conﬁtemur

1929 4898 2111 4962 illum,
2139 4897 2230 4968 qui
2258 4905 2342 4951 est
2368 4897 2609 4966 genitus,
2649 4905 2882 4966 quantus
2909 4903 2994 4950 est
3022 4894 3141 4959 ille,
3179 4893 3270 4964 qui
3297 4894 3503 4965 genuit.

1928 4987 2047 5042 Non
2088 4997 2267 5042 autem
2305 4987 2428 5056 quia
2460 4986 2688 5041 dicimus
2718 4985 2957 5057 genitum
2997 5000 3028 5038 a
3078 4983 3241 5039 Patre
3275 4982 3496 5048 Filium,

1929 5078 2125 5135 divinat
2153 5078 2229 5134 illi
2267 5086 2322 5133 et
2356 5076 2612 5133 ineﬂ‘abili
2649 5075 2984 5148 generationi
3029 5074 3247 5145 aliquod
3293 5083 3508 5147 tempus

1931 5169 2288 5225 adscribimus
2315 5210 2330 5234 ,
2375 5169 2468 5224 sed
2516 5184 2617 5225 uec
2665 5167 2885 5226 Patrem
2943 5166 3174 5224 dicimus
3220 5163 3512 5238 aliquando

1932 5265 2183 5334 coepisse,
2218 5279 2319 5320 nec
2353 5263 2570 5318 Filium.
2609 5263 2727 5319 Non
2758 5265 2904 5322 enim
2926 5263 3084 5319 aliter
3108 5261 3352 5318 conﬁteri
3382 5275 3508 5332 pos-

1932 5371 2120 5411 sumus
2158 5365 2420 5411 :nternum
2462 5354 2714 5420 Patrem,
2771 5355 2876 5415 nisi
2937 5355 3298 5410 contiteamur
3342 5353 3508 5409 etiam

1935 5459 2259 5506 comternum
2299 5447 2512 5502 Filium.
2543 5432 2620 5502 Ex
2661 5447 2797 5504 Filio
2835 5461 2981 5502 enim
3020 5446 3179 5502 Pater
3202 5445 3418 5512 dicitur,
3447 5453 3504 5500 et

1935 5542 2026 5612 qui
2064 5554 2279 5609 semper
2301 5539 2480 5604 Pater,
2532 5555 2744 5611 semper
2781 5540 2968 5595 habuit
2994 5537 3210 5595 Filium.
3248 5557 3265 5590 ι
3306 5535 3512 5592 V‘crum
