3934 6180
209 387 340 444 1057

873 385 1024 443 ΟΡΡ.
1064 383 1292 442 DUBIA.
1333 415 1404 426 —
1436 385 1666 441 ALBlNl
1703 385 2080 444 CONFESSIO
2114 386 2312 444 FIDEI.
2342 417 2414 431 --
2437 387 2620 443 PARS
2649 386 2730 443 Ill.

3305 389 3446 446 1058

206 501 370 568 phus;
397 497 534 552 nihil
560 496 659 552 sibi
683 496 970 561 invisibile,
991 503 1052 550 ut
1073 497 1360 567 Origenes;
1391 496 1524 551 nihil
1550 504 1766 551 cneatu-
1793 502 1839 558 Α
1871 498 2128 564 Trinitas,
2153 513 2328 567 neque
2349 506 2596 568 separata
2611 537 2626 564 ,
2650 505 2748 552 aut
2768 497 2979 554 diversa
3002 496 3060 554 in
3083 508 3272 555 natura
3304 501 3447 555 divi-

206 591 284 644 ris
305 588 533 654 visibile,
563 597 624 642 ut
656 588 1012 653 Fortunatus;
1045 589 1180 642 nihil
1215 588 1454 642 moribus
1480 595 1535 642 et
1577 587 1766 641 volun-

206 685 312 732 tate
337 677 627 741 diversum,
649 685 710 730 ut
727 677 992 741 Marcion;
1024 678 1158 731 nihil
1181 692 1246 731 ex
1276 677 1559 731 Trinitatis
1580 693 1770 731 essen-

205 769 279 822 tia
315 766 379 820 ad
423 775 793 820 creaturarum
825 775 1074 822 naturam
1101 768 1412 828 deductum,
1442 777 1501 822 ut
1529 769 1682 822 Plato
1714 776 1770 823 et

206 855 578 920 Tertullianus;
597 856 730 910 nihil
750 858 924 912 ollicio
947 858 1217 929 singulare
1239 875 1340 914 nec
1355 861 1509 914 alteri
1533 876 1770 915 commu-

204 946 444 1011 nicabile,
467 954 525 1000 ut
546 945 836 1016 Origenes;
865 950 998 1003 nihil
1033 949 1337 1017 confusum,
1377 961 1440 1006 ut
1460 952 1725 1008 Sabellius
1751 971 1764 1008 :

203 1037 296 1093 sed
331 1045 499 1092 totum
545 1037 867 1108 perfectum,
899 1041 1023 1109 quia
1069 1049 1239 1095 totum
1266 1059 1333 1096 ex
1359 1059 1467 1098 uno
1493 1053 1548 1098 et
1580 1060 1764 1110 unum,

202 1145 306 1184 non
350 1137 526 1184 tamen
578 1129 880 1185 solitarium
911 1173 926 1198 ,
982 1141 1042 1187 ut
1097 1136 1373 1203 praesumit
1424 1135 1673 1193 Silvanus
1715 1147 1771 1194 et

199 1220 450 1284 Praxeas,
473 1220 877 1290 Pentapolitana
915 1224 1235 1280 damnabilis
1259 1236 1342 1280 est
1376 1226 1638 1282 doctrina.
1673 1248 1691 1281 ι

272 1310 329 1366 V.
376 1309 644 1365 Hactenus
684 1313 898 1380 quidem
924 1315 992 1368 de
1020 1331 1125 1369 una
1162 1317 1446 1372 Trinitate.
1489 1319 1564 1374 De
1593 1322 1766 1390 gratia

196 1408 391 1461 autem,
424 1415 527 1469 qua
553 1415 738 1456 sumus
767 1403 1048 1473 redempti,
1081 1406 1228 1472 hinc,
1253 1409 1396 1476 quod
1424 1411 1606 1475 credo,
1637 1427 1768 1466 con-

196 1490 336 1546 ﬁteri
379 1495 671 1547 secundum
719 1496 1060 1550 traditionem
1107 1500 1297 1554 matris
1344 1500 1597 1555 Ecclesiae
1635 1503 1768 1557 inci-

192 1585 358 1654 piam.
391 1583 664 1653 Siquidem
692 1586 759 1642 de
788 1589 1083 1644 mediatore
1107 1590 1201 1643 Dei
1228 1599 1283 1644 et
1311 1591 1608 1658 hominum,
1638 1609 1766 1648 vero

191 1675 534 1746 perfectoque
579 1677 816 1742 homine,
853 1677 1070 1734 Christo
1115 1680 1240 1734 Jesu
1290 1682 1518 1739 Domino
1559 1686 1669 1740 Deo
1711 1694 1765 1741 et

189 1765 458 1820 salvatore
489 1774 674 1821 nostro
705 1766 1054 1822 nihilominus
1096 1777 1242 1823 recta
1271 1771 1515 1839 credere,
1545 1783 1600 1828 et
1635 1790 1760 1829 vera

1873 592 2016 646 nitas
2045 610 2058 644 :
2097 592 2190 646 sed
2227 592 2362 645 alter
2398 593 2455 646 in
2492 607 2718 660 persona
2743 590 2926 657 Pater,
2962 590 3100 645 alter
3126 591 3176 645 in
3209 606 3442 661 persona

1871 680 2058 745 Filius,
2083 681 2222 734 alter
2238 682 2291 734 in
2315 695 2544 750 persona
2565 680 2798 750 Spiritus
2819 689 3057 744 sanctus,
3086 696 3224 735 unus
3247 690 3440 736 natura

1870 770 1923 823 in
1949 779 2132 823 sancta
2158 771 2419 825 Trinitate
2446 771 2586 826 Deus
2604 771 2786 836 Pater,
2813 779 2869 825 et
2896 771 3083 836 Filius,
3121 782 3174 826 et
3206 771 3442 842 Spiritus

1870 871 2105 916 sanctus.
2142 862 2168 900 δ
2189 860 2323 915 Cum
2352 862 2452 916 hoc
2481 863 2553 915 ita
2583 863 2674 926 sit,
2703 877 2809 916 non
2833 873 3010 917 tamen
3040 864 3200 918 Pater
3221 879 3439 918 carnem

1869 953 2189 1020 assumpsit,
2223 967 2394 1020 atque
2427 952 2658 1022 Spiritus
2703 964 2918 1008 sanctus
2941 996 2954 1018 ,
2996 956 3090 1009 sed
3120 955 3288 1009 Filius
3327 963 3442 1009 tann
3521 1011 3525 1015 ,

1869 1048 2011 1104 tum;
2045 1051 2103 1092 ut
2144 1041 2235 1109 qui
2267 1049 2384 1095 erat
2415 1042 2466 1094 in
2494 1043 2773 1098 divinitate
2813 1042 2906 1097 Dei
2935 1043 3122 1110 Filius,
3149 1046 3263 1114 ipse
3289 1044 3442 1099 ﬁeret

1869 1128 1922 1182 in
1954 1127 2172 1182 homine
2202 1129 2434 1182 hominis
2469 1129 2654 1195 Filius,
2689 1145 2756 1185 ne
2794 1131 2916 1184 Filii
2963 1147 3155 1188 nomen
3197 1134 3265 1187 ad
3308 1133 3442 1187 alte-

1868 1234 1989 1274 rum
2014 1233 2206 1272 nomen
2238 1219 2528 1285 transiret,
2556 1221 2647 1289 qui
2673 1236 2778 1274 non
2814 1231 2931 1274 erat
2964 1222 3237 1276 uativitate
3276 1223 3440 1277 Filius

1868 1309 1985 1364 Dei.
2038 1309 2133 1362 Dei
2187 1324 2317 1378 ergo
2381 1309 2549 1364 Filius
2617 1311 2850 1365 hominis
2909 1311 3086 1366 factus
3136 1322 3219 1367 est
3265 1313 3437 1377 ﬁlius,

1867 1410 2023 1455 natus
2058 1402 2364 1456 secundum
2414 1403 2698 1456 veritatem
2758 1412 2964 1457 natura:
3011 1421 3022 1456 :
3078 1418 3144 1457 ex
3199 1403 3308 1457 Deo
3345 1403 3436 1457 Dei

1864 1494 2054 1559 Filius,
2102 1503 2261 1550 natus
2302 1496 2592 1550 secundum
2621 1497 2906 1550 veritatem
2950 1505 3187 1563 natur-az;
3229 1514 3294 1552 ex
3344 1500 3441 1552 ho-

1864 1587 2009 1642 mine
2044 1589 2278 1643 hominis
2319 1588 2508 1654 Filius,
2542 1597 2602 1643 ut
2650 1590 2850 1644 veritas
2897 1591 3084 1659 geniti,
3131 1606 3236 1644 non
3283 1591 3441 1660 adop-

1866 1678 2033 1743 tione,
2079 1695 2184 1734 non
2229 1679 2606 1748 appellatione,
2649 1679 2744 1734 sed
2792 1680 2845 1733 in
2885 1689 3108 1748 utraque
3139 1681 3437 1746 nativitate,

1867 1770 1982 1824 Filii
2014 1786 2208 1824 nomen
2239 1771 2510 1825 nascendo
2538 1771 2782 1834 haberet,
2809 1778 2864 1824 et
2896 1778 3041 1828 esset
3088 1785 3250 1825 verus
3296 1769 3439 1825 Deus

155 1857 420 1921 'sentire,
453 1857 520 1911 ad
549 1866 806 1912 aeternam
836 1859 1210 1927 proculdubio
1237 1865 1473 1932 pertinet
1503 1838 1756 1922 salutem.
1791 1838 1836 1899 Β
1868 1871 1922 1916 et
1944 1877 2105 1917 verus
2148 1863 2329 1927 homo,
2367 1877 2508 1916 unus
2545 1861 2731 1916 Filius.
2777 1859 2893 1914 Non
2931 1862 3075 1914 enim
3119 1860 3252 1914 duos
3277 1860 3438 1915 Chri-

188 1947 507 2016 Quanquam
542 1948 707 2018 igitur
749 1949 1029 2004 credentes
1061 1950 1411 2008 conﬁteamur
1437 1955 1684 2024 Patrem,
1711 1967 1766 2013 et

188 2037 412 2104 Filium,
442 2047 496 2094 et
536 2038 796 2110 Spiritum
823 2050 1099 2109 sanctum,
1124 2059 1290 2099 unum
1318 2046 1485 2101 Deum
1503 2089 1517 2112 ,
1548 2049 1762 2105 Patrem

186 2129 398 2183 scilicet
461 2131 922 2200 omnipotentem,
977 2134 1364 2203 sempiternum
1427 2137 1760 2209 ingenitum;

187 2220 386 2275 Filium
411 2236 538 2276 vero
564 2237 630 2276 ex
653 2222 893 2292 ejusdem
921 2222 1100 2278 Patris
1135 2226 1436 2282 substantia
1457 2228 1540 2283 vel
1574 2237 1764 2284 natura

189 2313 426 2382 genitum
450 2320 572 2366 ante
593 2327 750 2367 omne
775 2313 994 2370 omnino
1018 2314 1101 2369 vel
1129 2317 1388 2386 temporis
1404 2317 1490 2371 vel
1509 2317 1765 2388 cujusque

187 2403 402 2457 initium
434 2405 535 2467 rei,
573 2405 990 2474 omnipotentem
1009 2445 1023 2471 ,
1053 2407 1313 2475 aequalem
1333 2448 1347 2474 ,
1380 2411 1764 2480 consempiter—

185 2511 338 2561 num,
363 2505 418 2550 et
439 2496 951 2552 consubstantialem
973 2497 1244 2563 Genitori;
1269 2498 1529 2569 Spiritum
1551 2517 1765 2572 quoque

183 2597 434 2644 sanctum
482 2589 918 2657 omnipotentem,
969 2591 1202 2660 utrique,
1256 2591 1403 2646 Patri
1451 2594 1658 2649 scilicet
1699 2610 1764 2650 ac

184 2677 324 2732 Filio
349 2675 637 2746 aequalem,
668 2677 1154 2746 consempiternum
1175 2719 1190 2744 ,
1221 2666 1384 2750 atqtfe
1411 2682 1767 2737 consubstan-

184 2766 392 2831 tialem,
441 2767 546 2820 hoc
591 2772 694 2830 est,
749 2773 856 2822 tres
900 2778 1176 2836 personas,
1228 2769 1342 2824 sive
1391 2771 1766 2826 subsistentias

182 2859 346 2911 unius
376 2856 624 2912 essentia:
658 2856 769 2910 sive
794 2863 1020 2922 natum,
1051 2857 1207 2912 unius
1235 2859 1474 2924 virtutis,
1501 2861 1770 2930 operatio-

178 2949 298 3013 nis,
329 2946 709 3010 beatitudinis,
740 2954 900 3015 atque
928 2949 1240 3016 potestatis,
1270 2959 1328 3002 ut
1355 2951 1497 3005 trina
1525 2951 1598 3005 sit
1639 2950 1767 3006 Uni-

179 3047 286 3103 tas,
315 3047 374 3092 et
400 3053 504 3092 una
531 3037 601 3092 sit
631 3037 883 3103 Trinitas,
903 3036 1058 3105 juxta
1082 3041 1230 3094 vocis
1258 3041 1546 3098 Dominicze
1569 3043 1768 3097 verita-

176 3143 316 3191 tem.
362 3132 590 3189 dicentis
615 3148 629 3187 :
659 3131 769 3201 Ite,
799 3132 975 3192 docete
1011 3149 1185 3191 omnes
1215 3149 1418 3208 gentes,
1446 3135 1766 3205 baptizantes

176 3247 267 3284 eos
290 3232 346 3283 in
366 3231 573 3283 nomine
596 3227 856 3295 Patris,et
881 3229 1032 3296 Filii,
1055 3242 1101 3284 et
1120 3230 1349 3301 Spiritus-
1361 3235 1528 3285 sancti
1547 3233 1734 3303 (Matt-it
1750 3274 1763 3288 .

177 3334 383 3382 xxvm,
412 3318 520 3388 ll).
555 3318 610 3372 ln
640 3319 874 3384 nomine,
906 3319 1097 3389 inquit,
1130 3335 1234 3374 non
1262 3319 1314 3373 in
1350 3321 1675 3386 nominibus,
1707 3328 1767 3375 ut

174 3423 231 3468 et
279 3425 452 3465 unum
495 3410 660 3464 Deum
700 3425 798 3480 per
829 3410 1195 3466 indistinctum
1227 3411 1418 3465 divine
1452 3411 1767 3466 substantiae

177 3517 386 3558 nomen
423 3499 751 3566 ostenderet,
777 3511 832 3555 et
857 3517 1206 3572 personarum
1244 3502 1626 3557 discretionem
1655 3501 1768 3557 suis

176 3593 615 3646 demonstratam
664 3592 1081 3661 proprietatibus
1123 3594 1406 3658 edoceret;
1454 3594 1580 3662 quia
1637 3593 1765 3648 dum

179 3680 364 3735 tribus
397 3697 566 3734 unum
603 3681 828 3735 Deitatis
871 3698 1062 3736 nomen
1090 3693 1198 3748 est,
1227 3684 1510 3752 mqualitas
1528 3684 1767 3739 ostendi-

178 3785 276 3829 tur
318 3791 704 3845 pcrsonarum,
745 3775 876 3828 nihil
900 3784 1244 3839 extraneum,
1275 3775 1408 3830 nihil
1437 3777 1686 3831 accidens
1712 3777 1765 3829 in

174 3867 264 3920 eis
292 3866 561 3935 permittit
605 3864 846 3936 intelligi,
882 3865 956 3918 ita
993 3873 1053 3918 ut
1079 3874 1134 3918 et
1171 3866 1539 3934 unusquisque
1577 3880 1765 3920 eorum

173 3971 351 4011 verus
375 3957 750 4027 perfectusque
776 3957 847 4010 sit
866 3956 1009 4010 Deus
1027 3996 1040 4020 ,
1072 3955 1318 4010 videlicet
1348 3965 1406 4008 ut
1431 3969 1496 4010 ex
1535 3955 1768 4026 plenitu-

173 4048 311 4103 dine
338 4048 642 4102 divinitatis
667 4048 798 4102 nihil
829 4049 1006 4104 minus
1027 4048 1080 4101 in
1110 4047 1352 4118 singulis,
1383 4046 1515 4100 nihil
1539 4044 1766 4116 amplius

177 4137 524 4208 intelligatur
553 4139 605 4191 in
639 4139 825 4192 tribus.

257 4226 349 4280 Vl.
395 4227 526 4281 Cum
557 4229 758 4282 veritas
786 4227 856 4280 ita
887 4242 944 4282 se
969 4226 1167 4281 habeat
1187 4267 1200 4292 ,
1237 4236 1290 4281 et
1323 4234 1495 4281 mater
1521 4227 1763 4282 Ecclesia

172 4319 402 4382 credat,
433 4317 774 4382 conﬁteatur,
807 4327 861 4370 et
903 4317 1112 4382 doceat,
1157 4318 1303 4370 omni
1347 4325 1553 4372 remota
1597 4317 1768 4371 ambi-

171 4409 415 4479 guitate,
461 4426 480 4461 ι
511 4421 535 4449 ει
561 4424 735 4462 unum
762 4409 926 4462 Deum
962 4422 1081 4462 esse
1109 4407 1344 4472 Patrem,
1387 4417 1441 4462 et
1466 4407 1680 4471 Filium,
1712 4416 1767 4461 et

172 4501 455 4569 Spiritum
482 4509 746 4554 sanctum.
784 4499 1000 4552 Patrem
1037 4511 1121 4563 eo,
1149 4499 1290 4566 quod
1318 4498 1515 4552 habeat
1545 4497 1761 4561 Filium,
1792 4536 1840 4596 υ

170 4589 386 4644 Filium
415 4590 662 4657 eoiquod
715 4587 909 4642 habeat
946 4588 1178 4652 Patrem,
1220 4586 1478 4657 Spiritum
1520 4596 1764 4641 sanctum

173 4693 249 4732 eo
296 4677 448 4747 quod
488 4678 559 4732 sit
601 4692 665 4730 ex
707 4677 867 4731 Patre
899 4685 953 4731 et
992 4677 1149 4730 Filio.
1190 4676 1350 4730 Pater
1387 4691 1518 4747 ergo
1557 4675 1764 4744 princi—

170 4771 331 4840 pium
385 4769 632 4833 Deitatis,
663 4769 776 4838 qui,
805 4769 943 4824 sicut
981 4783 1253 4836 nunquam
1299 4766 1398 4820 l'uit
1444 4782 1551 4820 non
1600 4767 1761 4831 Deus,

173 4860 252 4914 ita
297 4875 576 4929 nunquam
610 4861 709 4914 fuit
733 4876 836 4914 non
866 4860 1024 4914 Pater
1055 4877 1066 4912 τ
1100 4874 1130 4912 a
1161 4873 1266 4928 quo
1295 4857 1461 4911 Filius
1511 4867 1691 4921 natus,
1731 4873 1764 4910 a

173 4966 290 5019 quo
313 4949 554 5020 Spiritus
583 4962 799 5005 sanctus
827 4966 932 5004 non
960 4958 1136 5014 natus,
1166 4949 1291 5018 quia
1325 4963 1428 5002 non
1451 4957 1536 5001 est
1558 4946 1761 5010 Filius;

173 5053 361 5107 neque
409 5040 717 5110 ingenitus,
764 5041 887 5109 quia
937 5053 1043 5094 non
1087 5047 1170 5093 est
1212 5037 1402 5103 Pater;
1451 5051 1551 5091 nec
1599 5035 1766 5105 399

172 5129 387 5196 factus,
435 5131 563 5201 quia
613 5147 718 5186 non
764 5140 846 5186 est
887 5147 954 5187 ex
994 5131 1183 5195 nihilo,
1211 5131 1306 5185 sed
1341 5145 1406 5183 ex
1443 5129 1605 5183 Patre
1652 5128 1764 5182 Deo

169 5220 432 5292 Filioque
482 5222 625 5276 Deus
661 5222 977 5290 procedens.
1023 5220 1185 5275 Pater
1224 5230 1480 5283 aeternus,
1521 5233 1587 5272 eo
1619 5217 1764 5286 quod

168 5323 448 5371 aeternum
497 5314 695 5369 habeat
735 5313 949 5377 Filium,
987 5310 1141 5379 cuius
1181 5321 1418 5365 aeternus
1463 5309 1534 5363 sit
1578 5308 1759 5363 Pater.

170 5405 356 5464 Filius
381 5415 620 5460 tcternus
643 5445 657 5469 ,
687 5420 750 5460 eo
775 5404 916 5474 quod
947 5404 1019 5459 sit
1040 5402 1189 5456 Patri
1211 5410 1528 5456 coaeternus.
1563 5398 1762 5471 [Spiri-

168 5506 267 5551 tus
294 5503 525 5554 sanctus
544 5504 807 5559 aeternus,
851 5510 916 5550 eo
942 5494 1088 5564 quod
1119 5493 1188 5549 sit
1226 5491 1371 5546 Patri
1416 5499 1472 5546 et
1507 5490 1646 5545 Filio
1673 5505 1766 5546 co-

168 5586 472 5660 merens]
521 5587 640 5644 Non
688 5595 867 5642 autem
915 5585 1140 5642 confusa
1188 5584 1242 5638 in
1279 5598 1444 5638 unam
1485 5597 1770 5653 personam

245 5712 276 5740 ι
318 5700 656 5767 Gennadius,
684 5701 750 5755 de
777 5699 923 5753 Eccl.
954 5701 1157 5768 dogm.,
1204 5711 1320 5764 cap.
1354 5695 1400 5747 l.

248 5770 279 5810 δ
315 5771 593 5835 Gennad.,
617 5772 771 5837 il)id.,
813 5784 932 5838 cap.
971 5770 1024 5822 εξ.

1865 1961 2010 2019 stos,
2059 1969 2234 2023 neque
2285 1954 2420 2013 duos
2471 1952 2665 2018 Filios,
2715 1953 2807 2007 sed
2857 1953 3023 2007 Deum
3065 1959 3120 2006 et
3166 1953 3436 2008 hominem

1865 2063 2030 2101 unum
2053 2047 2248 2100 Filium
2279 2037 2614 2101 confitemur.
2651 2045 2820 2111 Quem
2855 2053 3144 2114 propterea
3167 2053 3221 2099 et
3250 2045 3438 2115 unige-

1866 2137 2038 2190 nitum
2088 2135 2316 2190 dicimus
2372 2146 2676 2190 manentem
2727 2136 2780 2189 in
2831 2137 3039 2190 duabus
3098 2137 3432 2202 substantiis,

1866 2227 2006 2282 sicut
2031 2227 2079 2281 ei
2102 2235 2308 2282 natura}
2328 2227 2532 2281 veritas
2553 2226 2797 2280 contulit.
2821 2225 2936 2280 Non
2963 2225 3202 2281 confusis
3227 2229 3438 2282 naturis

1864 2333 2041 2388 neque
2064 2318 2334 2382 immistis,
2372 2319 2510 2372 sicut
2531 2319 2750 2386 quidam
2781 2319 3021 2373 haeretici
3048 2317 3266 2389 [Genn..
3297 2321 3440 2374 sicut

1867 2407 2216 2481 Thimotiani]
2248 2409 2453 2472 volunt,
2485 2407 2579 2463 sed
2605 2408 2863 2462 societate
2891 2407 3074 2461 unitis.

1936 2499 2045 2554 Vll.
2062 2498 2204 2554 Deus
2225 2514 2355 2569 ergo
2380 2499 2651 2553 hominem
2677 2499 2986 2567 assumpsit,
3007 2499 3167 2553 homo
3188 2499 3240 2554 in
3269 2499 3434 2554 Deum

1867 2591 2132 2655 transivit,
2164 2606 2270 2644 non
2321 2597 2530 2645 naturas
2563 2588 2916 2644 versibilitate
2947 2588 3135 2661 [Genm
3171 2590 3297 2644 add.
3319 2631 3334 2656 ,
3364 2591 3438 2644 si—

1865 2691 1958 2737 cut
1979 2683 2374 2752 Apollinaristae
2399 2681 2630 2754 dicunt],
2663 2681 2758 2736 sed
2783 2681 2878 2736 Dei
2909 2682 3235 2751 dignatione,
3258 2689 3318 2736 ut
3336 2697 3437 2736 nec

1868 2775 2011 2830 Deus
2054 2782 2352 2830 mutaretur
2397 2775 2450 2830 in
2497 2778 2786 2829 humanam
2830 2772 3186 2828 substantiam
3214 2813 3229 2838 ,
3281 2789 3438 2829 assu-

1866 2864 2062 2920 mendo
2090 2865 2382 2928 hominem,
2413 2878 2513 2918 nec
2535 2864 2696 2918 homo
2733 2863 2786 2916 in
2817 2863 3074 2926 divinam,
3105 2861 3436 2931 gloriﬁcatus

1867 2953 1922 3006 in
1952 2953 2062 3008 Deo
2087 2951 2300 3024 [Genn.,
2331 2952 2384 3005 in
2416 2949 2606 3022 Deum]
2635 2969 2648 3003 :
2680 2951 2804 3021 quia
2849 2949 3077 3004 mutatio
3096 2949 3176 3004 vel
3202 2950 3434 3004 versibi-

1868 3043 1996 3098 iitas
2037 3050 2266 3106 natura,
2297 3049 2351 3096 et
2392 3040 2783 3105 confusionem,
2828 3049 2883 3094 et
2911 3040 3351 3106 diminutionem,
3380 3049 3438 3097 et

1868 3134 2216 3192 abolititmem
2266 3133 2579 3191 substantia:
2625 3129 2772 3188 facit.
2823 3131 2990 3187 Natus
3036 3143 3114 3186 est
3167 3147 3295 3201 ergo
3340 3133 3433 3186 Dei

1868 3227 2034 3281 Filius
2062 3241 2126 3279 ex
2164 3225 2380 3280 homine
2417 3239 2520 3278 non
2553 3238 2650 3292 per
2682 3223 2974 3286 hominem,
3017 3222 3069 3275 id
3110 3230 3194 3275 est
3234 3236 3338 3275 non
3367 3237 3433 3274 ex

1867 3318 1967 3372 viri
2003 3318 2168 3378 coitu,
2191 3318 2331 3372 sicut
2356 3315 2559 3370 Hebion
2593 3314 2740 3377 dicit,
2780 3312 2872 3368 sed
2898 3328 2963 3366 ex
3007 3313 3226 3383 Virgine
3249 3355 3264 3378 ,
3310 3327 3436 3366 car-

1867 3424 1989 3466 nem
2017 3425 2084 3462 ex
2121 3409 2356 3479 Virginis
2393 3421 2620 3476 corpore
2669 3407 2911 3468 trahens,
2937 3413 2992 3458 et
3032 3421 3137 3458 non
3189 3403 3256 3458 de
3300 3405 3439 3458 cmlo

1867 3515 2048 3556 secum
2079 3499 2332 3564 alTerens,
2381 3498 2522 3552 sicut
2571 3497 2803 3552 Marcion
2848 3494 3035 3568 [Germ
3070 3497 3221 3562 add.,
3251 3495 3438 3564 Orige-

1867 3593 1984 3666 nes]
2015 3601 2070 3647 et
2112 3593 2384 3671 Eutyches
2404 3589 2668 3644 allirmant
2696 3607 2708 3642 :
2744 3603 2918 3658 neque
2959 3589 3011 3642 in
3043 3589 3351 3657 phantasia,
3383 3589 3439 3643 id

1866 3691 1968 3746 est,
1999 3679 2200 3751 alisque
2223 3695 2406 3746 carne,
2435 3681 2574 3736 sicut
2604 3680 2952 3743 Valentinus,
2992 3694 3166 3748 neque
3195 3680 3436 3748 putativa

1867 3771 2124 3842 imagine,
2155 3770 2249 3825 sed
2283 3784 2477 3838 corpus
2498 3783 2683 3822 verum
2718 3785 2731 3820 :
2773 3783 2948 3836 neque
2987 3767 3066 3821 sic
3093 3783 3275 3820 verum
3318 3782 3441 3820 enr-

1866 3877 1986 3931 pus,
2008 3869 2068 3915 ut
2092 3869 2269 3914 tamen
2308 3875 2412 3913 non
2442 3859 2514 3912 sit
2540 3873 2668 3912 caro
2707 3873 2773 3911 ex
2819 3872 3013 3920 carne,
3043 3858 3181 3910 sicut
3213 3857 3440 3918 Marcia-

1867 3966 1989 4016 nus,
2018 3953 2111 4006 sed
2138 3965 2300 4005 verus
2323 3949 2466 4003 Deus
2487 3963 2550 4002 ex
2580 3947 2876 4008 divinitate,
2907 3955 2960 3999 et
2990 3961 3153 3998 verus
3182 3946 3340 3998 homo
3369 3960 3437 3999 ex

1867 4055 2030 4095 carne
2073 4055 2213 4093 unus
2259 4037 2427 4092 Filius
2454 4054 2467 4089 :
2500 4036 2558 4089 ιιι
2589 4035 2869 4090 divinitate
2895 4035 3128 4088 Verbum
3177 4034 3357 4088 Patris
3385 4043 3440 4088 ct

1867 4127 2030 4192 Deus,
2064 4128 2118 4181 in
2155 4125 2370 4180 homine
2401 4124 2582 4176 anima
2609 4131 2664 4176 et
2685 4138 2832 4176 caro.
2864 4121 3057 4175 Anima
3087 4136 3190 4174 non
3234 4123 3438 4190 absque

1867 4232 2027 4272 sensu
2053 4225 2108 4271 et
2134 4215 2363 4278 ratione,
2391 4221 2449 4267 ut
2473 4211 2832 4282 Apollinaris,
2872 4226 3048 4280 neque
3076 4227 3204 4266 caro
3233 4213 3440 4281 absque

1867 4309 2047 4364 anima
2072 4316 2130 4362 ut
2171 4307 2460 4362 Anomzcus
2489 4304 2704 4375 [Cenn.,
2735 4313 2793 4358 ut
2836 4303 3188 4376 Eunomius],
3244 4306 3337 4360 sed
3383 4314 3439 4360 et

1868 4402 2048 4454 anima
2087 4413 2209 4452 cum
2237 4397 2448 4452 ratione
2476 4409 2597 4460 sua,
2638 4402 2693 4449 et
2717 4408 2846 4449 caro
2876 4409 3000 4449 cum
3027 4395 3276 4450 sensibus
3303 4395 3435 4458 suis,

1867 4507 1962 4562 per
1987 4504 2123 4559 quos
2161 4503 2351 4544 sensus
2379 4501 2536 4542 veros
2563 4486 2618 4540 in
2661 4485 2942 4554 passione,
2972 4493 3028 4538 et
3070 4492 3192 4538 ante
3222 4485 3434 4554 passio-

1867 4597 2012 4644 nem,
2039 4580 2221 4635 carnis
2244 4594 2354 4634 sua:
2401 4577 2612 4632 dolores
2639 4575 2915 4630 sustinuit.
2949 4585 2971 4612 ο
3017 4573 3202 4642 Neque
3245 4574 3323 4628 sic
3355 4581 3438 4627 est

1867 4681 2028 4728 natus
2053 4686 2118 4726 ex
2145 4671 2386 4739 Virgine,
2411 4677 2472 4722 ut
2505 4667 2720 4722 deitatis
2742 4667 2949 4720 initium
2975 4667 3246 4720 nascendo
3276 4665 3440 4720 homo

1868 4767 2174 4836 acciperet,
2219 4765 2374 4835 quasi
2424 4773 2709 4832 antequam
2760 4771 3074 4817 nasceretur
3099 4778 3166 4816 ex
3196 4763 3435 4832 Virgine,

1867 4860 2008 4913 Deus
2035 4874 2142 4913 non
2171 4857 2356 4921 fuerit,
2387 4856 2526 4910 sicut
2560 4856 2778 4923 quidam
2818 4855 3190 4910 haereticorum
3219 4855 3437 4928 [Gem..,

1867 4951 2006 5006 sicut
2032 4951 2289 5004 Artemon
2334 4958 2388 5003 et
2432 4948 2657 5003 Berillus
2685 4957 2740 5002 et
2770 4949 3075 5022 Marcellus]
3117 4949 3438 5016 docuerunt,

1869 5042 1962 5097 sed
2003 5052 2236 5094 mternus
2273 5040 2435 5106 Deus,
2463 5049 2518 5094 et
2562 5039 2722 5094 homo
2765 5053 2830 5096 ex
2869 5041 3080 5110 Virgine
3124 5050 3282 5096 natus
3335 5051 3436 5095 est.

1867 5130 1894 5170 ἀ
1922 5129 2204 5184 Omousius
2257 5144 2418 5197 ergo,
2471 5129 2524 5182 id
2571 5137 2688 5196 est,
2739 5129 3092 5183 εοεεεεηείαιὶε
3146 5129 3200 5182 in
3241 5129 3439 5184 divini-

1869 5231 1981 5278 tate
2021 5221 2170 5276 Patri
2215 5221 2400 5285 Filius,
2437 5221 2716 5276 omousius
2765 5221 2914 5274 Patri
2957 5229 3014 5275 et
3037 5220 3176 5274 Filio
3205 5220 3444 5290 Spiritus

1871 5323 2124 5379 sanctus,
2171 5313 2448 5368 omousius
2482 5313 2591 5368 Deo
2645 5321 2700 5367 et
2744 5314 2944 5368 homini
2987 5313 3174 5368 Filius.
3220 5315 3444 5372 Manens

1869 5405 2014 5460 Deus
2042 5407 2095 5460 in
2127 5406 2345 5462 homine
2366 5422 2462 5461 suo
2485 5407 2537 5460 in
2565 5406 2734 5478 gloria
2774 5406 2954 5478 Patris
2972 5406 3207 5480 [videtur
3249 5417 3304 5464 et
3346 5409 3441 5462 de-

1861 5492 2140 5548 sideratur
2174 5494 2344 5548 videri
2389 5493 2458 5548 ab
2506 5494 2746 5564 Angelis,
2783 5503 2839 5549 ct
2883 5497 3138 5552 adoretur
3189 5497 3258 5552 ab
3292 5497 3441 5552 omni

1873 5591 2124 5639 creatura
2150 5581 2438 5656 (Gennad.,
2463 5584 2614 5640 Unus
2647 5586 3019 5644 desiderabilis
3044 5588 3210 5644 videri
3239 5591 3307 5645 ab
3349 5604 3444 5644 ano

1955 5708 1978 5736 ε
2008 5697 2272 5762 Gennad.,
2305 5697 2458 5764 ibid.,
2495 5710 2613 5766 cap.
2645 5698 2698 5752 5.

1956 5767 1980 5808 δ
2013 5766 2282 5834 Gennad.,
2311 5769 2464 5834 ibid.,
2494 5783 2611 5837 cap.
2641 5769 2694 5821 5.
