3934 6180
451 341 591 400 1059

1261 333 1324 388 Β.
1365 329 1425 385 F.
1457 326 1680 384 ALBINI
1718 324 1851 384 SEU
1891 321 2169 380 ALCUINI
2204 321 2490 380 OPERUM
2529 319 2708 379 PARS
2744 317 2878 376 VIII.

3581 316 3710 371 ιοα)

447 452 611 525 gelis;
644 448 786 504 sicut
825 443 988 500 Pater
1033 447 1089 496 et
1131 439 1368 511 Spiritus
1397 444 1617 493 sanctus
1659 435 1921 489 adoratur
1953 434 2022 488 ab
2049 440 2092 494 Α
2124 435 2230 488 illa.
2263 433 2321 488 Si
2369 433 2615 525 igiturin
2647 431 2806 525 nobis
2831 429 3162 525 “invenimus
3202 429 3303 484 tria
3339 431 3714 525 separabili-te‘r

449 541 655 614 angelis
677 547 736 594 et
775 537 844 592 ab
884 534 1034 590 omni
1087 528 1380 599 creatura).
1427 527 1546 583 Non
1592 528 1755 582 homo
1803 535 2023 595 propter

449 635 639 698 Deum,
677 631 763 686 vel
787 629 1035 686 Christus
1058 640 1180 680 cum
1209 625 1340 687 Deo,
1380 630 1441 676 ut
1469 620 1749 677 Nestorius
1767 619 2022 690 blasphe-

449 732 581 788 mat,
613 722 709 777 sed
739 722 900 775 homo
934 719 988 773 in
1025 719 1155 779 Deo,
1186 724 1240 768 et
1267 713 1323 768 in
1355 714 1572 768 homine
1598 713 1757 767 Deus.

521 813 651 869 Vill.
699 812 868 882 Hujus
895 823 1128 878 namque
1164 804 1377 859 Domini
1429 803 1598 857 nostri
1649 801 1778 856 Jesu
1824 800 2024 855 Christi

451 912 626 960 mater
661 905 820 958 beata
878 899 1045 953 Maria
1095 894 1281 967 procul
1321 894 1482 948 dubio
1515 903 1570 948 et
1605 893 1756 962 virgo
1819 891 2022 960 genuit,

451 1006 506 1049 et
537 1002 660 1066 post
684 1001 898 1063 partum
942 989 1092 1058 virgo
1135 985 1452 1056 permansit.
1507 983 1617 1038 Nec
1671 980 2023 1050 blasphemia:

453 1083 680 1140 Helvidii
706 1077 1177 1149 acquiescendum,
1199 1076 1290 1142 qui
1317 1075 1394 1128 ait
1425 1092 1436 1127 :
1472 1071 1627 1143 Virgo
1653 1081 1772 1124 ante
1795 1078 2024 1140 partum,

455 1192 558 1228 non
587 1174 730 1240 virgo
763 1178 876 1240 post
905 1175 1134 1236 partum.
1167 1165 1274 1219 Sed
1304 1165 1512 1234 integra
1546 1163 1650 1216 fide
1673 1160 2027 1223 credendum,

454 1263 815 1332 integritatem
847 1265 1008 1311 tantae
1039 1255 1359 1326 virginitatis
1401 1267 1614 1322 semper
1649 1250 1913 1306 mansisse
1943 1249 2030 1302 in-

453 1353 730 1406 violatam.
758 1349 850 1404 Sic
875 1364 998 1404 eum
1032 1348 1183 1418 virgo
1209 1360 1534 1416 permanens
1559 1344 1762 1414 genuit,
1796 1351 1856 1396 ut
1880 1341 2032 1409 virgo

455 1443 720 1512 concepit.
755 1442 980 1510 Dignum
1028 1438 1221 1508 quippe
1254 1436 1379 1502 fuit,
1415 1444 1470 1490 et
1508 1435 1663 1489 valde
1691 1435 1933 1504 dignum;
1975 1440 2034 1486 ut

460 1535 574 1589 lucc
602 1532 714 1586 sola
736 1530 954 1594 femina,
984 1537 1038 1584 et
1066 1529 1216 1598 virgo
1260 1534 1385 1580 ante
1428 1535 1664 1595 partum,
1703 1533 1754 1578 et
1803 1525 1954 1593 virgo
1980 1523 2034 1576 in

459 1635 639 1694 partu,
667 1631 721 1676 et
744 1623 895 1692 virgo
931 1629 1053 1689 post
1092 1626 1307 1689 partum
1339 1626 1504 1682 esset,
1548 1633 1667 1686 quae
1698 1617 2035 1670 incarnatum

463 1714 700 1769 Verbum
728 1713 819 1766 Dei
848 1710 1076 1782 peperit,
1107 1709 1161 1762 id
1194 1716 1296 1772 est,
1327 1721 1511 1762 verum
1551 1707 1721 1761 Deum
1751 1715 1806 1760 et
1847 1719 2035 1759 verum

2123 525 2510 586 demonstrata,
2541 519 2971 590 inseparabiliter
2997 529 3241 589 operata,
3260 529 3524 574 eteorum
3551 520 3715 592 ια)

2127 614 2287 666 trium
2336 610 2755 680 unumquodque
2787 625 2982 664 nomen
3021 625 3051 662 a
3099 610 3272 664 tribus
3312 609 3537 675 factum,
3569 614 3716 681 quod

2125 713 2305 760 tamen
2333 718 2438 756 non
2479 703 2547 756 ad
2585 702 2712 765 tria,
2744 702 2841 756 sed
2871 702 2939 756 ad
2988 702 3153 756 trium
3181 702 3374 756 horiun
3407 718 3574 756 unum
3614 703 3714 756 ali-

2124 795 2251 864 quid
2272 795 2586 864 pertineret,
2617 794 2902 848 credamus
2949 793 3185 858 Patrem,
3231 793 3424 847 Filium
3456 802 3510 848 et
3542 793 3719 865 Spirio
3761 817 3772 822 ·

2128 895 2240 939 tum
2291 895 2538 940 sanctum
2588 900 2685 956 per
2722 886 2873 956 signa
2904 887 3149 955 quaedam
3201 887 3456 952 visibilia,
3503 897 3563 942 et
3615 904 3720 958 per

2129 977 2338 1047 species
2379 978 2642 1047 quasdam
2687 986 2980 1046 assumpta:
3025 985 3292 1031 creatura:
3331 992 3490 1046 posse
3531 987 3587 1032 et
3623 995 3712 1033 ses

2129 1068 2444 1136 parabiliter
2487 1067 2867 1130 demonstrari,
2911 1076 2968 1120 et
3002 1067 3435 1138 inseparabiliter
3476 1071 3712 1138 operari.

2129 1160 2186 1212 In
2232 1157 2386 1212 nobis
2433 1159 2596 1222 enim,
2625 1159 2767 1226 quod
2813 1165 2919 1221 est,
2961 1173 3249 1227 possumus
3296 1174 3486 1222 nosse;
3518 1161 3574 1212 in
3605 1160 3712 1215 Deo

2132 1260 2349 1314 autem,
2403 1250 2494 1318 qui
2547 1265 2644 1304 nos
2684 1248 2852 1312 fecit,
2903 1250 3046 1318 quod
3098 1259 3215 1314 est,
3265 1251 3526 1320 quidquid
3581 1262 3709 1317 est,

2133 1343 2350 1412 quando
2401 1356 2688 1411 possumus
2738 1342 2931 1395 nosse?
2961 1341 3027 1394 Et
3082 1341 3128 1395 si
3193 1342 3530 1411 poterimus,
3582 1358 3713 1397 non-

2134 1435 2260 1488 dum
2299 1449 2619 1504 possumus,
2659 1440 2714 1486 et
2765 1441 2944 1486 tamen
3002 1447 3124 1487 cum
3180 1434 3519 1502 poterimus,
3578 1451 3714 1489 nun.

2134 1526 2261 1593 quid
2293 1525 2372 1578 sic
2399 1539 2558 1579 nosse
2589 1524 2755 1578 Deum
2799 1523 3113 1588 valebimus,
3139 1525 3409 1592 quomodo
3459 1541 3518 1579 se
3569 1528 3713 1580 novit

2137 1615 2317 1670 Deus?
2348 1613 2643 1670 Credamus
2670 1615 2784 1685 jam
2835 1615 2926 1680 ibi,
2964 1615 3106 1685 quod
3159 1631 3266 1669 non
3297 1631 3585 1686 possumus
3628 1620 3707 1672 vi-

2137 1707 2284 1770 dere,
2316 1721 2419 1761 nec
2453 1706 2542 1761 hic
2568 1705 2636 1760 ad
2668 1705 2884 1776 plenum
2933 1707 3409 1775 comprehendere.
3449 1706 3540 1762 Sol
3572 1710 3709 1763 enim

464 1805 758 1861 hominem.
800 1803 1028 1872 Propter
1059 1801 1200 1868 quod
1225 1799 1470 1853 eamdem
1514 1800 1726 1853 beatam
1768 1797 2031 1868 virginem
2069 1800 2108 1861 Β
2137 1813 2258 1852 cum
2289 1814 2428 1852 unus
2459 1798 2550 1863 sit,
2587 1798 2750 1852 habet
2778 1797 3030 1863 calorem,
3076 1797 3237 1852 habet
3262 1809 3318 1852 et
3352 1799 3707 1869 splendorem,

462 1895 715 1960 Θεοτόκον,
753 1894 804 1948 id
834 1902 938 1957 est,
984 1892 1079 1945 Dei
1129 1891 1442 1959 genitricem
1484 1889 1823 1944 confitemur.
1868 1888 2036 1942 Natus

463 1995 635 2042 estex
658 1999 721 2038 ea
744 1998 882 2038 unus
907 1990 1068 2050 atque
1098 1981 1239 2035 idem
1283 1979 1441 2035 Jesus
1479 1979 1728 2034 Christus
1763 1994 1922 2034 verus
1947 1978 2038 2032 Fi-

462 2076 568 2130 lius
606 2074 723 2140 Dei,
750 2080 805 2128 et
836 2073 975 2126 idem
1024 2070 1138 2138 ipse
1168 2085 1326 2122 verus
1367 2067 1533 2122 Filius
1584 2068 1839 2122 hominis.
1893 2068 2035 2122 Con-

461 2163 829 2221 substantialis
855 2161 1184 2230 :equalisque
1228 2159 1375 2213 Patri
1426 2159 1724 2214 secundum
1754 2159 2035 2222 deitatem,

460 2256 556 2310 sed
582 2253 704 2310 inde
729 2254 907 2308 minor
929 2251 1094 2306 Patre
1112 2292 1125 2316 ,
1171 2251 1324 2308 unde.
1343 2251 1500 2305 nobis
1541 2249 2036 2314 consubstantialis,

460 2348 586 2418 quia
613 2363 710 2416 per
735 2346 918 2400 omnia
941 2343 1095 2398 nobis
1121 2342 1316 2397 similis
1339 2343 1543 2412 absque
1573 2350 1816 2412 peccato.
1847 2341 2040 2408 Quam—

459 2439 541 2492 vis
570 2437 729 2506 igitur
750 2436 910 2490 Pater
931 2450 1038 2489 non
1068 2433 1138 2488 sit
1164 2443 1324 2488 natus
1361 2433 1428 2488 de
1460 2433 1688 2503 virgine,
1716 2448 1891 2502 neque
1917 2433 2039 2502 Spi-

460 2527 596 2582 ritus
639 2535 878 2591 sanctns,
911 2525 1006 2580 sed
1044 2523 1190 2580 solus
1213 2523 1383 2577 Filius
1405 2563 1421 2588 ,
1465 2524 1805 2578 nativitatem
1860 2530 2040 2576 tamen

460 2617 581 2671 Filii
630 2618 784 2672 istam
832 2624 889 2670 et
929 2615 1104 2678 Pater,
1149 2623 1205 2668 et
1234 2613 1274 2666 F
1280 2613 1423 2678 ilius,
1453 2621 1511 2666 et
1539 2611 1774 2682 Spiritus
1821 2622 2041 2667 sanctus

459 2708 668 2775 operati
695 2714 822 2761 sunt
859 2721 924 2760 ex
947 2703 1178 2773 virgine,
1210 2718 1311 2758 nec
1339 2718 1446 2757 non
1468 2711 1524 2758 et
1547 2703 1847 2772 passionem
1875 2713 1929 2758 et
1957 2719 2041 2760 re-

461 2795 846 2850 surrectionem
885 2791 1022 2860 ejus,
1067 2801 1124 2846 et
1157 2790 1364 2860 reliqua
1414 2798 1608 2846 cuncta
1647 2806 1767 2860 qua:
1819 2791 1886 2846 ad
1923 2790 2040 2860 ejus

465 2884 738 2953 pertinent
763 2883 1177 2938 humanitatem.

537 2975 626 3030 IX.
647 2975 932 3031 Videamus
957 2989 1086 3044 ergo
1109 2975 1154 3029 si
1185 2973 1323 3028 forte
1345 2973 1399 3028 in
1421 2982 1674 3028 creatura
1704 2973 2041 3030 inveniamus

461 3067 683 3136 aliquid,
735 3065 826 3120 ubi
883 3064 1170 3134 probemus
1219 3063 1399 3134 aliqua
1433 3063 1535 3118 tria
1565 3072 1620 3118 et
1667 3064 2041 3134 separabiiter

2137 1891 2232 1945 sed
2279 1889 2460 1946 calore
2493 1891 2680 1954 siccat,
2727 1881 3012 1959 splendore
3042 1888 3290 1944 illustrat.
3341 1889 3399 1944 Si
3456 1891 3508 1944 in
3560 1893 3715 1948 rebus

2135 1981 2334 2037 creatis
2377 1982 2492 2036 haec
2519 1989 2575 2036 et
2617 1980 2782 2035 multa
2815 1980 2918 2034 alia
2966 1980 3326 2044 inveniuntur,
3374 1995 3444 2034 ex
3497 1981 3712 2052 quibus,

2135 2074 2286 2127 verbi
2330 2075 2524 2144 gratia,
2558 2073 2739 2126 divina
2769 2071 3069 2127 consultius
3116 2071 3333 2127 valeant
3374 2073 3717 2143 aliquatenus

2137 2163 2511 2229 animadverti,
2539 2162 2762 2217 stultum
2784 2163 2956 2217 estde
2979 2161 3240 2218 Creatore
3269 2162 3569 2234 ambigere,
3594 2164 3716 2234 quia

2136 2263 2414 2312 creaturas
2447 2253 2582 2309 tales
2617 2252 2794 2309 facere
2824 2252 3012 2307 valuit.

2207 2345 2275 2400 Χ.
2301 2345 2651 2400 Inveniuntur
2679 2357 2893 2412 quoque
2935 2343 2992 2397 in
3033 2343 3298 2399 creaturis
3339 2359 3546 2404 comva.
3574 2344 3720 2397 inve.

2139 2437 2358 2510 niuutur
2377 2443 2433 2489 et
2453 2433 2701 2504 mqualia,
2747 2432 2842 2488 sed
2872 2449 2982 2488 non
3025 2444 3254 2504 utraque
3297 2434 3476 2488 simul.
3504 2434 3564 2488 In
3610 2434 3720 2489 Deo

2137 2527 2282 2581 enim
2341 2532 2469 2578 sunt
2529 2523 2689 2578 simul
2739 2531 3007 2592 utraque,
3059 2539 3199 2578 unus
3247 2522 3389 2578 Deus
3437 2531 3493 2577 et
3561 2521 3720 2578 Pater

2137 2617 2397 2681 omnium,
2425 2615 2717 2686 principale
2750 2630 2947 2672 nomen
2995 2617 3292 2670 divinitatis
3335 2631 3432 2686 per
3466 2631 3528 2671 se
3573 2613 3718 2686 quod

2139 2710 2393 2774 creditur,
2430 2718 2486 2763 et
2533 2709 2674 2777 quod
2723 2708 2922 2762 dicitur
2953 2707 3132 2774 Pater,
3183 2707 3326 2762 Deus
3373 2708 3490 2762 sine
3526 2709 3720 2778 princi-

2137 2799 2258 2868 pio,
2303 2799 2419 2853 sine
2448 2807 2706 2868 tempore,
2741 2800 2807 2852 de
2859 2798 3038 2868 seipse
3092 2798 3277 2867 genuit
3306 2796 3522 2862 Filium,
3567 2807 3618 2852 et
3648 2813 3721 2852 ex

2139 2889 2334 2942 virtute
2372 2903 2469 2941 sua
2503 2886 2726 2956 protulit
2768 2886 3029 2957 Spiritum
3075 2895 3342 2941 sanctum.
3383 2887 3508 2942 Ideo
3552 2887 3721 2942 Filius

2138 2992 2207 3032 ex
2244 2977 2422 3042 Patre,
2448 2993 2553 3032 non
2575 2991 2643 3030 ex
2675 2989 2754 3041 se,
2793 2975 2889 3030 sed
2914 2975 3111 3030 Patris.
3143 2975 3305 3030 Pater
3333 2976 3497 3042 Deus,
3532 2985 3586 3031 et
3619 2976 3719 3030 Fio

2141 3067 2244 3123 lius
2272 3067 2432 3131 Deus,
2462 3067 2558 3121 sed
2579 3081 2685 3120 non
2721 3066 2862 3120 idem
2888 3066 3066 3132 Pater,
3095 3067 3186 3136 qui
3217 3066 3384 3122 Filius
3431 3068 3484 3122 in
3534 3083 3722 3138 pem

461 3157 848 3223 demonstrari,
884 3159 954 3210 ct"
988 3155 1422 3227 inseparabiliter
1465 3157 1699 3226 operari.
1747 3155 2036 3211 Invisibilia
2063 3143 2110 3208 C
2141 3173 2242 3224 na,
2264 3158 2359 3212 sed
2391 3156 2550 3222 idem,
2582 3156 2723 3226 quod
2754 3157 2921 3211 Filius
2966 3157 3021 3211 in
3065 3165 3276 3210 natura.
3311 3155 3545 3226 Spiritus
3584 3173 3719 3211 san-

458 3251 604 3324 euint
625 3249 736 3318 ejus
770 3265 802 3300 a
829 3258 1071 3300 creatura
1101 3247 1283 3300 mundi
1313 3262 1406 3317 per
1449 3263 1534 3312 ea,
1559 3263 1678 3317 qum
1706 3247 1850 3316 facta
1890 3257 2034 3314 sunt,

457 3339 724 3396 intellectu
771 3339 1163 3409 conspiciuntur
1217 3338 1396 3406 (Rom.
1431 3354 1484 3404 ι,
1525 3337 1638 3410 20).
1689 3338 1844 3394 Licet
1878 3339 2038 3410 longe

459 3429 658 3483 distent
681 3443 713 3481 a
738 3426 962 3481 summis
993 3427 1118 3491 ima,
1149 3427 1216 3481 ab
1245 3426 1770 3482 incommutabilibus
1788 3423 2038 3482 Commu-

460 3522 666 3585 tabilia,
703 3536 734 3574 a
761 3519 1066 3575 creantibus
1109 3529 1312 3584 creata,
1349 3535 1380 3572 a
1426 3519 1620 3574 divinis
1656 3520 1910 3587 humana,
1957 3530 2039 3576 ta-

459 3629 582 3668 men
604 3612 657 3666 in
683 3613 798 3680 ipsa
826 3617 1074 3664 creatura
1115 3609 1223 3662 ima
1275 3618 1331 3663 et
1376 3609 1643 3675 mutabili,
1693 3609 2040 3665 inveniuntur

461 3703 640 3772 aliqua
685 3717 806 3771 qua:
874 3707 1102 3770 possunt
1147 3709 1202 3753 et
1260 3699 1632 3768 separabiliter
1677 3700 2038 3759 demonstraui

458 3803 514 3848 et
541 3792 974 3863 inseparabiliter
1006 3791 1240 3860 operari,
1271 3791 1414 3846 sicut
1450 3801 1576 3847 sunt
1617 3793 1877 3848 memoria
1897 3835 1912 3860 ,
1954 3795 2038 3849 in-

460 3885 704 3940 tellectus
729 3890 783 3936 et
806 3881 1072 3937 voluntas.
1103 3881 1359 3938 Memoria
1397 3884 1543 3939 enim
1573 3885 1866 3941 retinemus
1894 3887 2040 3956 quod

461 3977 725 4040 audimus,
761 3974 1033 4030 intellectu
1085 3976 1426 4044 agnoscimus
1463 3976 1607 4045 quod
1648 3984 1914 4044 tenemus,
1941 3993 2039 4033 vo—

460 4068 664 4122 luntate
685 4065 1006 4138 proferimus
1032 4068 1175 4136 quod
1202 4069 1546 4137 agnoscimus
1595 4087 1610 4123 :
1641 4069 1737 4124 sed
1791 4071 2038 4141 quamvis

460 4160 578 4214 hzec
620 4159 722 4212 tria
775 4157 1147 4228 separabihter
1187 4159 1558 4226 nominentur,
1616 4167 1792 4217 tamen
1841 4177 2038 4218 nomen

459 4249 621 4304 unius
646 4264 714 4304 ex
751 4249 837 4303 his
870 4248 1042 4303 tribus
1069 4248 1174 4302 tria
1215 4257 1529 4319 operantur.
1573 4249 1693 4305 Non
1726 4261 1903 4322 potest
1931 4253 2034 4311 dici

460 4340 574 4395 sola
597 4339 876 4402 memoria,
907 4339 1013 4393 nisi
1055 4349 1314 4410 operante
1340 4342 1637 4404 voluntate,
1667 4343 1944 4399 intellectu
1981 4352 2038 4399 et

461 4429 740 4484 memoria.
782 4427 896 4482 Non
953 4436 1134 4497 potest
1188 4428 1292 4482 dici
1340 4429 1485 4484 solus
1542 4430 1887 4498 intellectus,
1936 4435 2037 4490 nisi

460 4528 718 4589 operante
747 4519 1027 4582 memoria,
1063 4517 1339 4574 voluntate
1365 4528 1419 4574 et
1459 4520 1748 4576 intellectu.
1792 4522 1906 4577 Non
1937 4540 2038 4594 po-

461 4619 569 4664 test
592 4611 698 4664 dici
742 4609 856 4665 sola
883 4609 1161 4674 voluntas,
1195 4609 1298 4663 nisi
1329 4618 1588 4679 operante
1618 4613 1909 4677 memoria,
1950 4613 2037 4666 in-

461 4700 671 4755 tellecta
727 4709 783 4755 et
825 4699 1116 4754 voluntate.
1169 4699 1344 4755 Unum
1382 4700 1574 4754 horum
1624 4701 1900 4756 nominum
1931 4703 2034 4758 tria

459 4789 723 4856 fecerunt,
753 4791 847 4846 sed
888 4798 1066 4845 tamen
1096 4791 1200 4845 hoc
1244 4803 1428 4857 unum,
1459 4793 1600 4860 quod
1639 4791 1741 4845 tria
1774 4791 2033 4860 fecerunt,

459 4903 568 4943 non
597 4887 664 4942 ad
693 4888 793 4940 tria
834 4887 1097 4955 pertinet,
1131 4885 1228 4939 sed
1275 4884 1344 4938 ad
1389 4900 1573 4938 unum.
1628 4884 1753 4938 Tria
1794 4883 2038 4940 fecerunt

459 4999 656 5040 nomen
709 4982 1001 5046 memoriae,
1049 4980 1143 5035 sed
1173 4981 1275 5034 hoc
1312 4995 1419 5034 non
1457 4980 1689 5050 pertinet
1717 4979 1820 5034 nisi
1851 4979 1919 5034 ad
1949 4995 2038 5034 so-

457 5076 566 5132 lam
591 5075 924 5130 memoriam.
952 5073 1078 5127 Tria
1098 5057 1351 5127 fecerunt
1374 5087 1570 5126 nomen
1594 5071 1917 5134 intellectus,
1942 5071 2038 5126 sed

458 5182 567 5222 non
605 5165 840 5236 pertinet
883 5163 987 5218 nisi
1031 5162 1098 5216 ad
1126 5161 1301 5217 solum
1345 5160 1693 5216 intellectum.
1727 5161 1852 5214 Tria
1896 5160 2039 5215 fece-

462 5265 589 5312 runt
623 5269 816 5310 nomc
852 5253 1165 5318 voluntatis,
1191 5252 1285 5306 sed
1317 5267 1424 5306 non
1449 5251 1686 5322 pertinet
1715 5251 1815 5305 nisi
1859 5251 1925 5306 ad
1956 5266 2041 5305 so-

459 5347 566 5400 lam
619 5344 969 5399 voluntatem.
1007 5343 1085 5397 lta
1129 5329 1523 5400 Trinitas-fecit
1563 5355 1784 5396 carnem
1812 5338 2036 5406 Christi,

460 5438 554 5492 sed
593 5453 699 5492 non
739 5437 973 5507 pertinet
999 5435 1103 5490 nisi
1127 5435 1196 5489 ad
1221 5433 1394 5490 solum
1419 5431 1712 5487 Christum.
1742 5430 1869 5485 Tria
1897 5429 2040 5486 fece-

463 5537 588 5582 runt
628 5527 696 5584 de
733 5525 874 5583 cwlo
899 5525 1222 5590 columbam,
1249 5522 1345 5579 sed
1395 5537 1500 5579 non
1548 5523 1785 5593 pertinet
1812 5521 1917 5576 nisi
1970 5520 2040 5576 ad

461 5620 631 5673 solum
667 5619 926 5689 Spiritum
956 5628 1222 5674 sanctum.
1253 5619 1379 5673 Tria
1406 5617 1652 5673 fecerunt
1688 5619 1755 5673 de
1778 5618 1916 5674 εωιο
1944 5634 2036 5673 vo-

461 5722 601 5770 cum,
645 5709 739 5762 sed
775 5723 878 5760 non
927 5711 1158 5777 pertinet
1198 5710 1299 5762 nisi
1357 5711 1423 5763 ad
1472 5709 1644 5764 solum
1672 5709 1886 5763 Patrem
1937 5723 2036 5762 vox

2137 3257 2258 3304 ctus
2291 3263 2398 3302 non
2433 3247 2578 3302 Patri
2625 3247 2914 3317 ingenitus,
2951 3247 3046 3301 sed
3076 3245 3309 3316 Spiritus
3353 3248 3572 3318 ingeniti
3615 3247 3722 3301 Pa~

2139 3341 2256 3395 tris.
2283 3338 2451 3394 Filius
2487 3339 2698 3410 genitus
2720 3354 2824 3394 non
2853 3338 3086 3408 Spiritus
3119 3338 3313 3404 Filius,
3348 3340 3444 3394 scd
3488 3345 3602 3409 ipse
3635 3351 3722 3395 est

2138 3433 2322 3499 Filius,
2360 3448 2522 3502 super
2543 3447 2702 3502 quem
2737 3448 2767 3487 a
2809 3432 2970 3488 Patre
3000 3433 3195 3488 missus
3216 3442 3300 3489 est
3330 3433 3567 3504 Spiritus
3591 3451 3719 3490 san-

2137 3533 2276 3579 ctus.
2311 3523 2496 3592 Itaque
2517 3537 2639 3577 cum
2668 3523 2937 3594 ingenitus
2958 3523 3118 3577 Pater
3141 3524 3229 3590 sit,
3263 3525 3418 3595 cujus
3443 3537 3529 3580 est
3551 3525 3720 3597 Spiri-

2137 3623 2244 3680 tus,
2295 3613 2512 3668 incaute
2553 3611 2787 3684 Spiritus
2837 3622 3058 3667 sanctus
3091 3613 3288 3668 dicitur
3317 3630 3348 3667 a
3393 3615 3717 3684 quibusdam

2139 3703 2425 3777 ingenitus.
2471 3700 2703 3772 Spiritus
2734 3712 2954 3758 sanctus
2989 3703 3130 3758 Deus
3154 3719 3218 3758 ex
3265 3703 3427 3759 Patre
3461 3715 3518 3760 et
3561 3706 3716 3772 Filio,

2137 3810 2244 3851 non
2278 3809 2346 3849 ex
2386 3809 2469 3859 se,
2505 3809 2573 3848 ne
2607 3795 2713 3848 duo
2762 3793 3016 3863 ingeniti,
3058 3802 3151 3847 aut
3180 3795 3284 3848 duo
3311 3793 3506 3851 Patres
3536 3813 3567 3850 a
3597 3797 3722 3852 lide-

2138 3885 2279 3941 libus
2306 3885 2658 3938 aestimentur.
2709 3883 2872 3937 Filius
2904 3883 3100 3947 Patris,
3155 3886 3270 3939 sine
3319 3886 3474 3940 initio
3507 3888 3720 3958 genitus

2137 3991 2205 4031 ex
2234 3975 2412 4040 Patre,
2449 3989 2555 4029 non
2587 3983 2765 4044 potest
2787 3973 2949 4029 alium
2995 3975 3232 4046 genitum
3258 3976 3463 4032 habere
3507 3993 3721 4033 consor-

2138 4075 2266 4132 tem,
2298 4073 2358 4120 ut
2392 4066 2644 4120 credatur
2684 4066 3008 4137 uuigcnitus,
3044 4073 3100 4120 et
3140 4066 3246 4120 duo
3275 4068 3444 4138 geniti
3482 4084 3592 4123 nou
3638 4069 3720 4124 di-

2137 4166 2350 4215 cantur.
2382 4157 2541 4214 Pater
2569 4159 2712 4213 enim
2756 4173 2896 4213 unus
2938 4159 3224 4228 ingenitus,
3261 4159 3432 4214 Filius
3464 4177 3609 4217 unus
3640 4172 3720 4217 est

2137 4250 2368 4320 genitus,
2407 4248 2638 4319 Spiritus
2679 4258 2900 4304 sanctus
2943 4265 2973 4303 a
3021 4248 3181 4303 Patre
3229 4249 3474 4321 Filioque
3528 4268 3720 4323 ιιι-θαι

2137 4339 2293 4404 dens,
2324 4347 2379 4394 et
2415 4339 2631 4410 utrique
2653 4347 2973 4404 comternus,
2996 4357 3135 4396 unus
3165 4351 3248 4395 est
3277 4341 3537 4412 Spiritus.
3583 4346 3721 4412 Quo-

2138 4429 2285 4484 niam
2319 4444 2484 4484 unum
2511 4444 2665 4500 opus,
2691 4438 2744 4484 et
2778 4431 2930 4485 unita
2960 4431 3014 4485 in
3047 4431 3206 4487 Patre
3234 4443 3288 4487 et
3331 4432 3471 4488 Filio
3501 4446 3559 4490 et
3599 4437 3720 4506 Spi—

2140 4519 2243 4574 ritu
2266 4527 2458 4574 sancto
2491 4519 2782 4575 voluntatis
2807 4521 3050 4590 operatio
3089 4531 3191 4577 est.
3228 4521 3391 4578 Pater
3427 4525 3718 4596 ingenitus,

2138 4609 2304 4664 Filius
2333 4608 2562 4681 genitus,
2602 4609 2834 4680 Spiritus
2863 4619 3082 4666 sanctus
3132 4615 3450 4682 pmcedens.
3485 4616 3596 4672 Sed
3638 4620 3721 4672 ille

2138 4701 2397 4766 nascitur,
2422 4700 2509 4756 hic
2543 4702 2803 4771 procedit,
2829 4702 2968 4756 sicut
2994 4702 3048 4756 in
3069 4702 3359 4775 Evangelia
3388 4706 3535 4762 beati
3562 4709 3722 4764 Joano

2137 4793 2222 4847 nis
2254 4793 2449 4863 legitur
2487 4810 2502 4846 ε
2535 4792 2760 4863 Spiritus
2778 4794 2867 4864 qui
2895 4811 2926 4846 a
2951 4792 3112 4848 Patre
3149 4798 3403 4866 procedit,
3438 4801 3552 4870 ipse
3580 4803 3720 4856 nobis

2136 4885 2468 4940 annuntiabit
2502 4887 2679 4940 omnia
2733 4885 3032 4952 (Joan.xv,
3078 4886 3181 4953 26;
3226 4905 3336 4955 xxv,
3367 4891 3484 4960 26).
3537 4893 3718 4963 Itaque

2138 4973 2371 5045 Spiritus
2393 4984 2612 5030 sanctus
2643 4991 2741 5030 nec
2767 4976 2945 5033 Patris
2969 4992 3089 5032 esse
3135 4977 3429 5048 ingenitus,
3470 4997 3570 5036 nec
3600 4983 3715 5036 Filii

2137 5068 2345 5138 genitus
2386 5068 2742 5123 existimetur.
2788 5068 2833 5122 Α
2865 5068 3000 5139 Filio
3055 5069 3198 5124 enim
3251 5074 3480 5141 accepit.
3533 5073 3716 5128 Nullus

2137 5177 2266 5232 ergo
2295 5178 2324 5215 a
2353 5161 2640 5231 semetipso
2663 5161 2877 5232 accipit,
2915 5163 3015 5217 nisi
3041 5161 3219 5216 Pater.
3245 5162 3350 5217 Per
3368 5163 3569 5220 Filium
3595 5166 3718 5220 mit-

2137 5252 2268 5306 titur
2307 5250 2557 5320 Spiritus,
2583 5251 2674 5320 qui
2702 5265 2732 5303 a
2765 5249 2925 5304 Patre
2958 5251 3219 5321 procedit.
3247 5251 3401 5306 Alius
3445 5262 3532 5308 est
3571 5255 3714 5307 enim

2137 5343 2228 5412 qui
2257 5343 2528 5413 procedit,
2567 5341 2661 5396 sed
2691 5356 2796 5395 non
2823 5350 2906 5396 est
2935 5342 3078 5397 aliud
3106 5343 3250 5412 quod
3279 5346 3528 5413 procedit
3553 5362 3714 5416 quam

2139 5435 2193 5490 id
2215 5434 2354 5489 unde
2375 5435 2632 5504 procedit.
2651 5433 2707 5489 Si
2731 5449 2981 5504 persona,
2999 5443 3274 5504 quatiatur,
3291 5436 3434 5493 Deus
3460 5449 3566 5504 est,
3587 5439 3714 5509 quia

2139 5531 2195 5578 et
2215 5512 2356 5578 Deus
2368 5531 2452 5578 est
2466 5523 2723 5592 quidquid
2747 5523 2798 5576 in
2814 5523 2925 5578 Deo
2939 5533 3033 5577 aut
3053 5539 3119 5578 ex
3147 5524 3254 5578 Deo
3269 5535 3353 5580 est
3369 5540 3383 5578 :
3409 5541 3476 5580 ac
3499 5542 3598 5596 per
3611 5532 3715 5581 hoc

2143 5629 2304 5669 veras
2323 5614 2442 5668 fidei
2468 5612 2758 5678 confessio,
2787 5622 2840 5668 et
2853 5615 2908 5671 in
2925 5617 3170 5686 personis
3182 5616 3420 5671 excludit
3434 5619 3711 5682 unionem,

2145 5714 2195 5760 et
2223 5705 2275 5758 in
2300 5719 2658 5774 personarum
2691 5704 3041 5762 distinctione
3062 5708 3264 5762 obtinet
3286 5708 3571 5763 unitatem.
