3934 6180
379 338 523 397 ωὖὸ

1174 325 1245 401 Β.
1282 327 1348 384 F.
1378 322 1603 383 ΑιΒιΝι
1639 319 1772 380 SEU
1809 314 2087 374 Αιουιιιι
2123 312 2408 377 ΟΡΕΜᾸΜ
2443 313 2624 370 PARS
2659 311 2791 370 VII.

3490 310 3641 367 1061

376 470 486 533 pro
519 451 747 517 semine,
785 447 883 505 sed
908 445 1149 518 potentia
1187 460 1252 500 ac
1278 445 1479 499 virtute
1507 438 1782 495 Creatoris
1820 449 1951 505 opc—
1979 438 2024 495 Α
2052 445 2153 486 nec
2180 428 2453 487 hominem
2488 423 3161 533 wmp.?edaMr..Iiios
3189 434 3369 480 autem
3399 425 3473 479 ita
3502 425 3647 533 dicit

382 530 581 607 ἰ-ειιιω.
614 567 631 598 ι
664 543 939 613 Scriptum
969 548 1086 595 est:
1115 537 1394 609 Sapientia
1434 533 1713 604 cedi/icavit
1739 531 1838 586 sibi
1865 530 1961 585 ao.

383 655 528 696 mum
557 636 740 709 (Prov.
769 650 845 696 lx,
880 632 956 701 l),
985 633 1039 687 id
1062 639 1163 694 est,
1206 643 1424 683 carnem
1451 627 1507 680 in
1539 634 1693 680 utero
1722 623 1961 693 Virginis

386 726 616 790 creavit,
669 724 849 779 anima
900 719 1149 775 rationali
1199 717 1517 772 animatam.
1569 712 1723 768 Unde
1766 710 1961 765 merito

387 816 667 889 quaeritur,
699 828 822 868 cum
848 826 1011 882 opera
1041 808 1207 862 totius
1237 803 1523 860 Trinitatis
1550 803 1659 856 sint
1688 801 1963 867 insepara-

386 909 516 967 hilia
538 924 635 963 cur
665 905 993 960 creationem
1018 900 1199 954 carnis
1218 897 1364 952 solus
1391 902 1643 965 operatus
1670 907 1792 947 esse
1814 890 1965 945 dica—

390 1010 481 1056 tur
521 997 758 1069 Spiritus
787 991 1051 1048 sanctus?
1082 989 1190 1045 Sed
1217 989 1342 1059 quia
1374 984 1736 1043 sanctiﬁcatio
1766 981 1826 1036 lit
1866 996 1965 1050 per

391 1088 671 1159 Spiritum,
697 1093 751 1138 et
780 1083 919 1136 idem
948 1079 1186 1149 Spiritus
1212 1078 1293 1132 sic
1312 1087 1399 1131 est
1425 1078 1587 1140 Deus,
1610 1082 1670 1129 ut
1701 1074 1773 1129 sit
1797 1072 1965 1127 etiam

392 1180 590 1234 donum
622 1175 739 1237 Dei,
778 1173 983 1226 idcirco
1009 1171 1244 1241 Spiritus
1281 1176 1501 1225 sanctus
1526 1167 1722 1221 dicitur
1745 1178 1965 1220 carnem

389 1267 592 1323 Christi
636 1281 692 1319 in
738 1272 894 1319 utero
934 1260 1169 1332 Virginis
1215 1274 1451 1316 creasse.
1503 1265 1563 1313 ut
1604 1256 1969 1327 intelligamus

376 1366 513 1414 ‘eam
539 1355 965 1411 sanctiﬁcatione
994 1352 1189 1407 divinae
1220 1352 1409 1422 gratia:
1434 1363 1531 1418 per
1559 1348 1758 1403 donum
1789 1346 1967 1415 Spiri-

392 1454 480 1504 tus
523 1446 695 1503 sancti
738 1446 814 1500 ita
842 1452 1103 1510 creatam,
1144 1450 1204 1497 ut
1247 1450 1304 1497 et
1349 1442 1589 1499 divinum
1624 1446 1769 1496 esset
1812 1454 1968 1510 opus,

396 1547 455 1595 ut
482 1541 537 1592 in
564 1537 772 1592 unitate
802 1549 1045 1603 persona:
1068 1532 1210 1587 unici
1238 1531 1357 1585 Filii
1382 1531 1475 1585 Dei
1501 1530 1703 1598 absque
1726 1527 1835 1584 ulla
1860 1527 1973 1582 ori-

2059 537 2179 576 mus
2208 529 2517 587 susceptum
2540 515 2570 571 a
2599 517 2694 571 Dei
2724 516 2863 571 Filio
2883 515 3139 586 passibile
3165 524 3430 579 nostrum,
3459 524 3519 570 ut
3549 515 3649 571 Dei

2061 623 2241 669 tamen
2292 609 2624 682 impossibile
2671 616 3034 680 permaneret.
3093 608 3294 663 Passus
3341 608 3489 663 enim
3544 606 3650 664 Dei

2061 703 2230 757 Filius
2251 716 2357 756 non
2387 701 2648 770 putative,
2684 700 2778 755 sed
2809 714 2935 755 vere
2959 700 3164 764 omnia,
3204 714 3325 767 qua:
3361 698 3653 770 Scriptura

2064 804 2316 860 testatur,
2350 795 2401 848 id
2425 801 2532 857 est,
2561 793 2820 858 esuriem,
2865 793 3032 857 sitim,
3066 791 3464 855 lassitudinem,
3494 792 3654 848 dolo—

2064 902 2204 952 rem,
2234 894 2492 949 mortem,
2519 894 2574 939 et
2601 893 2795 940 uetera
2832 881 3157 952 hujusmodi.
3188 884 3499 939 Secundum
3514 882 3653 939 illud

2065 992 2257 1047 passus
2282 986 2389 1041 est,
2424 977 2565 1047 quod
2592 976 2705 1046 pati
2734 984 2968 1047 poterat,
3002 972 3054 1030 id
3079 982 3184 1041 est,
3213 991 3319 1029 non
3348 976 3648 1031 secundum

2067 1065 2213 1122 illam
2250 1067 2609 1122 substantiam
2638 1082 2760 1136 quae
2786 1067 3094 1136 assumpsit,
3122 1067 3215 1121 sed
3247 1066 3544 1121 secundum
3588 1065 3655 1121 il-

2067 1156 2173 1211 lam
2209 1171 2330 1226 quae
2352 1167 2627 1227 assumpta
2654 1164 2755 1210 est.
2786 1154 2905 1226 Ipse
2945 1155 3088 1209 enim
3116 1154 3212 1209 Dei
3243 1155 3413 1210 Filius
3455 1169 3651 1210 secum

2068 1250 2196 1304 dum
2233 1250 2497 1304 Deitatem
2536 1263 2690 1303 suam
2721 1247 3068 1316 hnpassibilis
3105 1255 3165 1301 ut
3193 1245 3373 1311 Pater,
3406 1243 3655 1302 invisibi-

2066 1339 2137 1396 lis
2178 1349 2239 1395 ut
2284 1337 2468 1403 Pater,
2495 1338 2924 1395 inconvertibilis
2966 1347 3026 1393 ut
3063 1336 3244 1393 Pater.
3285 1339 3353 1393 Et
3402 1341 3655 1409 quamvis

2069 1448 2299 1504 persona
2347 1431 2469 1487 Filii
2506 1432 2746 1503 propria,
2788 1431 2841 1485 id
2867 1439 2970 1496 est,
3003 1431 3098 1485 Dei
3130 1430 3384 1496 Verbum,
3416 1432 3659 1501 suscepit

2071 1523 2379 1595 passibiiem
2402 1524 2695 1588 hominem,
2720 1524 2795 1577 ita
2833 1531 3010 1577 tamen
3042 1521 3158 1591 ejus
3192 1523 3526 1577 habitatione
3573 1540 3655 1579 se-

396 1626 591 1698 ginalis
640 1625 851 1698 peccati
900 1623 1062 1679 sorde
1092 1623 1165 1677 ita
1198 1622 1269 1676 sit
1298 1628 1594 1689 assumpta,
1640 1628 1700 1672 ut
1741 1633 1809 1672 ex
1854 1618 1971 1686 ipsa
2072 1613 2307 1669 cundum
2336 1629 2490 1668 suam
2524 1613 2881 1668 substantiam
2921 1612 3106 1667 Deitas
3144 1612 3294 1667 verbi
3326 1612 3459 1667 nihil
3493 1630 3651 1684 passa

397 1702 751 1790 conceptione
793 1717 1149 1780 sanctificata,
1191 1723 1246 1770 et
1271 1714 1365 1769 Dei
1395 1716 1563 1769 verbo
1600 1709 1971 1767 substantiaii-
2005 1767 2044 1790 η
2071 1715 2179 1772 est,
2203 1713 2262 1761 ut
2291 1714 2401 1761 tota
2427 1706 2688 1771 Trinitas,
2716 1721 2877 1775 quam
2904 1705 3288 1774 impassibilem
3322 1721 3547 1762 necesse
3574 1716 3654 1762 est

397 1818 481 1865 tcr
502 1810 669 1872 unita,
699 1807 1101 1877 nullumposset
1129 1805 1381 1872 deinceps
1407 1803 1968 1872 reciperepcccatum.
2004 1798 2047 1826 ⁵
2077 1799 2343 1855 conﬁteri.
2386 1800 2631 1856 Mortuus
2666 1808 2751 1855 est
2797 1799 2891 1854 Dei
2935 1798 3102 1853 Filius
3139 1802 3436 1855 secundum
3477 1798 3655 1873 Scrip-

397 1899 468 1956 Et
511 1900 566 1954 in
604 1907 810 1955 tantum
856 1896 1192 1952 sanctiﬁcata
1231 1904 1334 1958 est,
1364 1903 1419 1949 et
1444 1894 1621 1948 divina
1652 1909 1780 1947 caro
1812 1892 1971 1956 facta,
2076 1900 2248 1956 turas,
2274 1892 2427 1961 juxta
2468 1892 2542 1955 id,
2574 1892 2719 1962 quod
2756 1891 2895 1946 mori
2924 1901 3154 1961 poterat.
3184 1893 3510 1948 ltesurrexit
3553 1904 3655 1948 ter-

398 2004 458 2052 ut
486 2011 592 2050 non
622 1994 793 2050 solum
832 1994 947 2063 ipse
975 1999 1252 2062 peccatum
1281 1990 1485 2044 habere
1510 2004 1619 2043 non
1648 1994 1852 2058 posset,
1885 2000 1976 2041 ve-
2075 1983 2149 2036 tia
2196 1984 2301 2049 die,
2344 1984 2587 2038 ascendit
2620 1984 2688 2037 ad
2732 1984 2918 2046 eteius,
2955 1985 3105 2038 sedet
3134 1986 3198 2038 ad
3229 1984 3514 2040 dexteram
3564 1986 3657 2041 Dei

399 2101 520 2141 rum
541 2085 780 2140 etiamin
801 2083 919 2138 aliis
940 2090 1161 2153 peccata
1182 2096 1415 2151 purgare
1443 2079 1975 2136 ellicacissimevale-
2074 2075 2274 2139 Patris,
2324 2087 2579 2130 manente
2631 2090 2695 2131 ea
2756 2083 2948 2129 natura
3001 2076 3204 2140 carnis,
3260 2076 3312 2129 in
3357 2090 3467 2146 qua
3503 2084 3659 2130 natus

398 2186 503 2235 ret.
532 2177 666 2233 Nam
695 2177 874 2232 emteri
903 2176 1151 2232 homines
1190 2175 1257 2230 ad
1294 2174 1398 2229 hoc
1436 2172 1867 2236 sanctificantur,
1917 2178 1978 2225 ut
2074 2163 2235 2234 M2
2281 2174 2336 2219 et
2364 2179 2558 2234 passus
2593 2174 2696 2230 est,
2738 2166 2792 2220 in
2829 2181 2933 2236 qua
2980 2167 3141 2219 etiam
3174 2168 3497 2221 resurrexit.
3543 2162 3658 2223 Non

398 2269 638 2342 peccatis
689 2273 929 2322 careant.
980 2265 1155 2321 llomo
1196 2272 1380 2318 autem
1426 2262 1517 2318 ille
1563 2260 1874 2316 Dominicus
1910 2260 1977 2316 ad
2075 2249 2219 2308 enim
2267 2255 2543 2311 exinanita
2585 2264 2669 2310 est
2716 2257 2769 2311 in
2813 2272 2879 2311 eo
2924 2256 3278 2312 humanitatis
3329 2259 3657 2326 substantia,

398 2359 504 2418 hoc
533 2358 899 2415 sanetiiicatus
926 2364 1029 2422 est,
1057 2363 1118 2410 ut
1145 2366 1428 2426 peceatum
1457 2352 1607 2407 nullo
1638 2351 1797 2408 modo
1829 2351 1882 2405 in
1917 2364 1978 2405 se
2075 2345 2169 2402 sed
2195 2344 2518 2416 gloriﬁcata,
2545 2356 2600 2402 et
2627 2348 2679 2402 in
2710 2356 2970 2403 aeternum
2988 2363 3109 2404 cum
3136 2347 3345 2404 Deitatc
3376 2366 3657 2406 mansura.

399 2450 687 2523 recipiens,
728 2456 1042 2519 peccatores
1079 2461 1146 2502 ex
1174 2445 1416 2516 potentia
1443 2443 1742 2497 divinitatis
1779 2439 1980 2510 justiti-
2147 2437 2285 2492 XVI.
2338 2438 2575 2509 Accepta
2601 2454 2730 2508 ergo
2779 2456 2807 2494 a
2856 2438 3016 2495 Patre
3072 2442 3313 2495 omnium
3364 2449 3658 2510 potestate,

398 2548 570 2598 caret.
616 2536 786 2595 Natus
830 2552 1065 2608 namque
1095 2545 1179 2593 est
1226 2537 1292 2591 de
1322 2532 1528 2604 Spiritu
1569 2540 1757 2589 sancto
1802 2540 1856 2586 ct
1908 2546 1979 2586 ex
2080 2542 2199 2597 quae
2225 2528 2278 2582 in
2303 2528 2446 2584 coelo
2476 2538 2623 2593 sunt,
2659 2537 2714 2582 ct
2749 2542 2868 2598 quae
2897 2527 2950 2584 in
2983 2538 3147 2595 terra,
3182 2537 3441 2585 venturus
3481 2540 3569 2585 cst
3594 2530 3662 2585 a-i

401 2631 570 2687 Maria
613 2629 858 2699 virgine:
886 2628 981 2683 sed
1009 2626 1079 2683 de
1106 2626 1311 2696 Spiritu
1337 2632 1527 2680 sancto
1558 2638 1664 2677 non
1692 2622 1772 2678 sic
1817 2629 1980 2676 natus
2072 2612 2336 2684 iudicium
2366 2620 2611 2673 vivorum
2638 2634 2701 2675 ac
2721 2627 3076 2685 mortuorum,
3106 2629 3165 2675 ut
3191 2631 3245 2676 et
3270 2620 3446 2690 iustos
3481 2638 3664 2677 remu-

402 2728 508 2784 est,
538 2727 797 2788 tanquam
822 2732 944 2772 eum
977 2718 1173 2773 habeat
1199 2717 1458 2781 Patrem;
1491 2715 1558 2770 de
1594 2714 1816 2784 Virgine
1843 2727 1976 2767 vero
2081 2713 2236 2760 neret
2279 2715 2336 2761 et
2380 2709 2569 2778 puniat
2605 2719 2940 2779 peccatores.
2974 2730 2992 2762 ι
3038 2709 3144 2765 Sed
3183 2722 3527 2767 sacramenta
3580 2713 3664 2767 in-

404 2809 574 2865 Maria
607 2809 688 2865 sic
731 2816 890 2867 natus
938 2815 1041 2873 est,
1073 2815 1134 2863 ut
1174 2822 1295 2863 eam
1337 2807 1567 2862 haberet
1602 2814 1854 2861 matrem.
1904 2803 1981 2857 De

404 2900 611 2971 Spiritu
648 2908 855 2963 saneto,
900 2900 1196 2955 secundum
1241 2897 1513 2952 hominem
1545 2895 1625 2951 sic
1670 2903 1830 2951 natus
1873 2899 1978 2957 est,

403 3000 463 3049 ut
483 3008 591 3048 non
627 2991 697 3047 de
731 2991 935 3061 Spiritu
986 2998 1171 3049 sancto
1213 2989 1572 3046 substantiam
1625 2987 1862 3053 habeat;
1912 2986 1981 3042 de

402 3094 577 3143 matre
604 3100 735 3142 vero
765 3094 944 3150 natus,
976 3101 1044 3141 ex
1078 3084 1198 3154 ejus
1225 3084 1525 3142 substantia
1557 3085 1769 3155 accepit
1798 3082 1980 3139 carnis
2005 3109 2051 3172 ς

404 3178 784 3243 substantiam,
813 3178 919 3233 hoc
940 3186 1044 3241 est,
1077 3179 1143 3234 de
1158 3192 1388 3248 corpore
1408 3177 1647 3249 Virginis
1673 3177 1838 3231 traxit
1856 3190 1981 3246 pro-

403 3269 581 3341 prium
627 3283 844 3338 corpus,
884 3275 948 3323 ut
983 3269 1124 3324 sicut
1167 3268 1223 3323 in
1252 3268 1535 3324 divinitate
1581 3277 1701 3323 erat
1746 3268 1981 3323 consub-

405 3356 677 3413 stantialis
703 3356 876 3421 Patri,
910 3357 984 3409 ita
1008 3357 1061 3411 in
1082 3357 1415 3414 humanitate
1443 3357 1598 3412 ﬁeret
1624 3355 1991 3411 consubstan~

405 3446 551 3503 tialis
584 3446 764 3512 Matri,
795 3455 858 3502 ut
885 3448 1441 3518 incomprehensibilis
1468 3455 1524 3501 et
1563 3445 1851 3501 invisibilis
1879 3445 1980 3499 ha-

405 3535 582 3601 beret,
622 3536 822 3605 inquo
855 3537 1131 3595 videretur
1154 3546 1211 3591 et
1233 3535 1802 3607 comprehenderetur.

477 3627 595 3685 XV.
656 3645 675 3681 ι
717 3640 743 3668 ι
775 3628 897 3684 ideo
943 3629 1023 3684 sic
1072 3626 1396 3687 conﬁtemur
1449 3628 1504 3683 in
1554 3626 1770 3683 Christo
1817 3642 1982 3683 unam

404 3717 531 3775 Filii
566 3735 688 3776 esse
719 3735 1030 3791 personam,
1062 3728 1120 3774 ut
1144 3720 1387 3777 dicamus
1414 3719 1547 3776 duas
1575 3718 1864 3790 perfectas,
1894 3726 1981 3773 at-

407 3826 513 3887 que
546 3811 797 3882 integras
846 3825 968 3867 esse
1013 3812 1365 3876 substantias,
1416 3809 1470 3866 id
1508 3818 1610 3876 est,
1652 3811 1879 3866 Deitatis
1927 3818 1985 3865 et

406 3902 782 3969 immanitatis,
825 3916 945 3973 quas
986 3917 1052 3956 ex
1084 3903 1264 3957 anima
1296 3901 1606 3958 continetur
1634 3909 1691 3957 ct
1733 3916 1978 3971 corpore.

405 3991 584 4065 Atque
618 4001 680 4048 ut
702 3993 1122 4057 condemnamus
1141 3992 1449 4057 Photinum,
1483 3992 1573 4061 qui
1601 3992 1774 4048 solum
1799 4000 1855 4046 et
1883 4007 1983 4045 nu-

407 4082 534 4137 dum
571 4081 845 4137 hominem
872 4084 1163 4137 conﬁtetur
1209 4082 1263 4137 in
1300 4081 1539 4146 Christo,
1566 4082 1643 4137 ita
1672 4082 1984 4136 anathema-

407 4174 641 4231 tizamus
685 4173 1072 4244 Apollinarem,
1118 4182 1177 4229 et
1216 4172 1334 4243 ejus
1389 4174 1613 4240 similes,
1662 4174 1758 4244 qui
1797 4174 1982 4228 dicunt

407 4261 506 4319 Dei
534 4262 731 4319 Filium
759 4262 939 4319 minus
975 4263 1179 4334 aliquid
1201 4264 1267 4318 de
1302 4253 1537 4321 humana
1562 4263 1864 4333 suscepisse
1885 4278 1983 4318 na-

396 4364 648 4419 turazet
688 4354 775 4412 vel
797 4356 851 4412 in
881 4370 1067 4422 carne,
1097 4356 1183 4412 vel
1228 4357 1283 4411 in
1327 4357 1530 4423 anima,
1580 4357 1667 4413 vel
1707 4357 1761 4412 in
1816 4371 1980 4412 sensu

2081 2799 2431 2864 carnationis,
2471 2802 2669 2868 crucis,
2701 2803 2912 2867 mortis,
2953 2802 3260 2874 sepultum,
3291 2811 3348 2858 et
3384 2820 3666 2859 resurrec-

2082 2886 2265 2953 tionis,
2296 2889 2434 2943 etin
2462 2890 2658 2945 caelum
2691 2890 3024 2947 ascensionis
3061 2891 3176 2961 ejus
3213 2894 3289 2951 ita
3338 2905 3468 2948 sunt
3506 2896 3665 2949 inex-

2081 2974 2371 3046 plicabilia,
2403 2987 2464 3034 ut
2498 2978 2697 3036 nullius
2726 2980 2921 3053 lingua:
2944 2983 3209 3046 laudibus,
3239 2984 3332 3039 sed
3365 3001 3468 3041 nec
3498 3001 3661 3042 sensu

2081 3068 2400 3139 cujusquam
2437 3072 2649 3141 possint
2671 3072 2831 3143 digne
2855 3073 3132 3144 explicari.
3167 3073 3277 3129 Hoc
3310 3083 3519 3130 tantum
3542 3091 3668 3130 con-

2079 3160 2230 3215 venit
2274 3161 2328 3215 in
2369 3162 2552 3217 crucis
2588 3162 3044 3233 contemplatione
3082 3180 3178 3220 nos
3223 3167 3483 3236 cogitare,
3537 3167 3664 3238 quia

2082 3251 2206 3309 ideo
2233 3252 2495 3307 Dominus
2522 3254 2666 3307 inter
2690 3264 2914 3310 caeteras
2943 3264 3163 3319 mortes,
3195 3256 3324 3327 ligni
3354 3258 3667 3328 suspensio-

2081 3357 2204 3398 nem
2246 3344 2540 3414 praeelegit,
2567 3352 2626 3398 ut
2659 3359 2759 3414 per
2804 3346 2949 3401 hunc
2987 3346 3228 3401 aboleret
3265 3349 3498 3417 primam
3535 3349 3665 3421 ligni

2081 3436 2563 3505 transgressionem
2589 3453 2603 3501 ;
2634 3445 2694 3490 ιιι
2721 3437 2861 3492 sicut
2885 3440 2937 3492 in
2963 3438 3135 3493 Adam
3157 3454 3256 3509 per
3299 3442 3444 3510 pomi
3487 3441 3668 3496 delec-

2082 3526 2336 3580 tationem
2380 3525 2523 3581 facta
2562 3534 2649 3581 est
2681 3526 2927 3595 dejectio,
2961 3529 3036 3583 ita
3076 3530 3128 3583 in
3162 3530 3381 3586 Christo
3410 3547 3509 3601 per
3534 3530 3662 3602 ligni

2080 3614 2429 3684 asperitatem
2457 3614 2613 3671 ﬂeret
2639 3616 2755 3685 ejus
2780 3619 3008 3673 erectio.
3042 3619 3115 3675 De
3140 3621 3534 3690 compositione
3569 3635 3665 3674 au-

2081 3716 2191 3761 tem
2233 3708 2476 3778 ejusdem
2519 3711 2718 3776 crucis,
2766 3713 2832 3766 ad
2868 3713 3282 3769 aedificationem
3335 3714 3663 3785 pertinentia

2081 3802 2250 3857 multa
2278 3803 2485 3858 utiliter
2505 3804 2775 3859 dicuntur.
2803 3805 2895 3859 [lla
2921 3806 3065 3860 enim
3091 3807 3253 3861 verba
3278 3806 3544 3876 Apostoli,
3575 3806 3663 3859 ubi

2081 3892 2185 3945 ait:
2208 3892 2277 3946 In
2296 3894 2551 3948 alacritate
2578 3895 2803 3950 radicati
2834 3907 2886 3951 et
2915 3897 3164 3966 fundati:
3191 3907 3248 3951 ut
3278 3899 3492 3968 possitis
3526 3915 3664 3951 com-

2078 3981 2395 4050 prehendere
2407 3998 2523 4036 cum
2537 3985 2777 4039 omnibus
2798 3988 2994 4042 sanctis
3022 4004 3138 4058 qum
3160 3989 3227 4041 sit
3257 3988 3484 4042 latitudo
3500 3998 3547 4041 et
3560 3989 3667 4042 [οη-

2079 4070 2279 4139 gituda,
2319 4070 2613 4125 sublimitas
2638 4083 2689 4126 et
2717 4076 3039 4145 profundum
3070 4076 3286 4148 (Ephes.
3322 4095 3404 4145 ιιι,
3438 4080 3524 4145 Π,
3554 4080 3662 4148 18),

2080 4162 2149 4217 ad
2196 4164 2376 4218 cmcis
2421 4166 2865 4235 compositionem
2923 4169 3245 4225 mirabiliter
3290 4179 3347 4226 et
3398 4173 3605 4227 veracit
3642 4192 3665 4227 r

2080 4263 2355 4323 aptantur.
2399 4255 2652 4312 Latitudo
2687 4260 2902 4328 quidem
2928 4262 3107 4317 crucis
3134 4270 3219 4316 est
3254 4265 3306 4317 in
3354 4272 3665 4319 transverso

2078 4344 2241 4417 ligno,
2289 4347 2379 4401 ubi
2408 4347 2645 4419 ﬁguntur
2676 4360 2886 4416 manus,
2918 4361 2971 4406 et
3001 4353 3376 4424 signiﬁcantur
3401 4370 3504 4426 per
3547 4370 3664 4409 eam

406 4454 740 4516 assumptum
779 4445 1053 4502 hominem
1092 4446 1198 4512 ωε,
1227 4453 1451 4517 μορίω
1491 4462 1630 4517 quos
1671 4454 1979 4517 assumptus
2008 4454 2054 4515 ι)
2079 4436 2351 4506 gaudium,
2389 4446 2555 4507 atque
2587 4439 2833 4495 hilaritas
2862 4443 3062 4498 mentis
3091 4460 3103 4507 ;
3131 4443 3270 4497 sicut
3309 4460 3408 4515 per
3449 4462 3662 4511 manus,

407 4546 510 4602 est.
554 4537 722 4595 fuisse
759 4536 1095 4599 dissimilem.
1146 4537 1317 4604 Quem
1360 4538 1563 4607 absque
1606 4538 1722 4594 sola
1774 4538 1981 4610 peccati

407 4625 640 4692 macula,
689 4642 808 4698 qua:
853 4626 1117 4687 naturalis
1155 4642 1263 4682 non
1307 4636 1411 4693 est,
1462 4628 1620 4685 nobis
1662 4628 1981 4685 conﬁtemur

408 4716 575 4774 fuisse
602 4717 957 4773 conformem.
985 4716 1202 4775 Illorum
1231 4733 1446 4788 quoque
1481 4718 1732 4775 similiter
1768 4719 1978 4775 abomi-

409 4806 589 4862 nanda
637 4814 721 4862 est
746 4806 1101 4878 blasphemia,
1132 4807 1223 4877 qui
1250 4823 1391 4864 novo
1434 4824 1596 4865 sensu
1622 4825 1869 4866 asserere
1892 4825 1981 4867 co-

407 4904 626 4964 nantur,
676 4911 708 4953 a
751 4904 999 4967 tempore
1036 4906 1328 4969 susceptae
1354 4900 1557 4967 carnis,
1600 4901 1803 4965 omnia,
1859 4917 1980 4971 qum

407 4997 566 5045 erant
594 4988 838 5056 Deitatis,
872 4990 927 5045 in
948 4990 1219 5055 hominem
1259 4991 1626 5062 demigrasse;
1649 5002 1705 5048 et
1740 5009 1977 5058 rursum,

406 5097 528 5152 qua:
556 5081 912 5137 humanitatis
938 5090 1115 5147 erant,
1156 5081 1211 5136 in
1241 5082 1406 5137 Deum
1434 5098 1558 5139 esse
1599 5084 1894 5151 transfusa,
1921 5093 1983 5139 ut

407 5174 553 5246 quod
591 5173 735 5229 nulla
780 5173 1003 5230 haeresis
1031 5187 1265 5242 unquam
1298 5173 1477 5229 dicere
1511 5189 1642 5231 ausa
1666 5183 1775 5239 est,
1798 5177 1982 5230 vidca-

408 5276 500 5322 tur
547 5268 652 5322 hac
699 5266 1014 5323 confusione
1070 5274 1301 5335 utraque
1337 5264 1613 5321 exinanita
1659 5264 1982 5330 substantia,

408 5356 637 5415 Deitatis
685 5357 899 5413 scilicet
939 5364 999 5411 et
1020 5355 1394 5419 humanitatis,
1433 5361 1488 5410 et
1517 5369 1548 5408 a
1581 5354 1805 5423 proprio
1834 5362 2003 5411 statu;

405 5448 460 5501 tn
484 5447 629 5502 aliud
649 5461 769 5501 esse
784 5445 1172 5516 mutatautqui
1186 5453 1294 5500 tam
1319 5446 1487 5499 Deum
1509 5442 1883 5513 imperfectum
1924 5443 1979 5498 in

408 5533 565 5601 Filio,
607 5550 770 5605 quam
805 5536 1082 5592 hominem
1128 5535 1472 5601 conﬁtentur,
1518 5550 1618 5591 nec
1645 5535 1812 5591 Deum
1853 5550 1980 5591 vere

480 5657 508 5684 ι
538 5643 802 5715 Pelagius.
835 5644 961 5715 [1pc
1006 5646 1259 5701 videntur
1302 5645 1625 5715 quibusdam
1655 5646 1799 5701 dicta
1849 5662 1976 5715 par-

413 5711 507 5763 tim
538 5711 800 5765 adve’rsus
838 5713 1205 5779 Nestorianos,
1259 5711 1454 5782 partim
1506 5717 1764 5770 adversus
1813 5711 1976 5786 Euty-

2086 4526 2321 4596 operari.
2367 4527 2670 4597 Longitudo
2710 4545 2843 4585 vero
2898 4530 3025 4585 illud
3064 4542 3269 4587 rectum
3310 4534 3539 4604 lignum,
3578 4535 3663 4588 ubi

2088 4625 2256 4671 totum
2303 4631 2499 4688 corpus
2532 4620 2962 4686 extenditur;ct
3004 4622 3377 4693 intelliguntur
3417 4641 3518 4696 per
3546 4641 3662 4679 eam

2084 4710 2341 4780 patientia
2376 4721 2538 4779 atque
2574 4712 2878 4779 tolerantia,
2922 4726 3019 4782 per
3049 4730 3209 4784 quam
3250 4730 3663 4784 perseveramus

2086 4803 2140 4856 in
2175 4802 2331 4857 bonis
2364 4816 2536 4871 usque
2571 4803 2624 4857 in
2658 4802 2835 4858 linem.
2878 4803 3191 4859 Sublimitas
3214 4820 3431 4876 quoque
3460 4808 3663 4862 esthoc

2084 4895 2228 4965 quod
2268 4908 2431 4964 super
2474 4904 2841 4951 transversum
2877 4896 3078 4967 lignum
3117 4897 3336 4962 eminet,
3366 4899 3457 4952 cui
3505 4904 3663 4969 caput

2083 4987 2394 5058 adjungitur
2416 5003 2431 5052 ;
2456 4997 2511 5041 ct
2526 4986 2859 5059 signiﬁcatur
2877 5003 2973 5058 per
3001 5004 3119 5043 eam
3148 4990 3486 5058 exspectatio
3514 4991 3660 5043 retri-

2081 5077 2319 5134 butionis
2339 5077 2406 5132 de
2426 5076 2641 5132 sublimi
2660 5078 2871 5147 justitia
2899 5077 3015 5143 Dei,
3044 5079 3134 5148 qui
3161 5079 3349 5133 reddet
3372 5080 3660 5148 unicuique

2083 5172 2377 5226 secundum
2405 5186 2568 5243 opera
2601 5187 2719 5226 sua.
2744 5170 3076 5226 Profundum
3100 5180 3279 5226 autem
3309 5181 3395 5226 est
3426 5171 3514 5225 illa
3538 5186 3659 5241 pars

2081 5261 2210 5334 ligni
2255 5277 2376 5332 qua;
2398 5271 2560 5317 terrae
2603 5262 2769 5317 inﬁxa
2810 5272 2937 5330 est;
2973 5271 3027 5317 et
3052 5262 3359 5334 prmﬁgurat
3390 5272 3656 5318 secretum

2086 5356 2408 5411 sacramenti
2455 5362 2507 5409 ct
2548 5356 2785 5425 pertinet
2848 5355 2917 5409 ad
2969 5355 3236 5409 occultam
3289 5357 3542 5426 gratiam,
3592 5370 3657 5409 ex

2083 5463 2188 5518 qua
2219 5447 2557 5503 invisibiliter
2591 5462 2897 5517 operamur.
2928 5448 3096 5519 Igitur
3124 5464 3248 5503 cum
3273 5463 3492 5503 crucem
3515 5446 3658 5503 Chri-

2083 5540 2153 5593 sti
2188 5539 2309 5608 quis
2340 5538 2498 5604 tollit,
2538 5546 2599 5593 nt
2624 5549 3046 5608 sequatureum,
3097 5546 3277 5594 teneat
3323 5539 3653 5595 latitudinem

2081 5650 2326 5772 cliianos,
2370 5650 2598 5719 ideoque
2644 5660 2766 5719 post
2812 5651 3084 5721 Pelagium
3127 5651 3274 5707 illius
3317 5652 3653 5707 Confessioni

2081 5729 2309 5772 attenta.

2081 5729 2309 5783 uincula.
