3934 6180
275 292 402 350 ιοθὸ
938 287 1086 344 orn.
1126 285 1352 341 orsu.
1396 314 1465 325 —
1497 279 1727 338 ALBINI
1767 279 2146 337 coxrsssm
2185 279 2383 335 FIDEI.
2425 312 2491 321 .-
2532 278 2712 335 rans
2747 279 2834 337 III.
3375 287 3512 340 im

272 406 567 473 eharitatis,
586 399 970 476 longitudinem
992 399 1424 474 perseverantiae.
1443 396 1652 451 Habeat
1673 395 1836 451 etiam
1867 397 1910 456 Α
1939 401 2082 463 pter.
2106 393 2212 447 Aut
2235 393 2364 464 quid
2394 407 2618 465 necesse
2645 391 2746 446 fuit
2779 393 2892 449 Deo
2916 393 3187 450 hominem
3220 397 3355 463 ﬁeri,
3381 417 3519 455 nam

272 499 668 559 sublimitatem,
711 502 772 550 ut
805 509 867 548 ea
908 508 1028 562 quae
1063 493 1173 563 agit
1203 498 1258 544 et
1303 486 1370 543 ad
1414 488 1583 542 Deum
1613 485 1836 551 referat,
1941 483 2069 554 quid
2098 501 2203 540 non
2228 485 2386 539 aliter
2418 484 2590 553 potuit
2614 499 2711 538 nos
2746 485 3202 542 saivare?Potuit
3237 489 3426 558 utique
3460 496 3520 544 ut

273 597 323 644 et
348 603 443 658 pro
479 588 590 642 Deo
626 584 811 649 faciat,
854 584 1122 654 patienter
1165 589 1221 633 et
1241 579 1486 634 hilariter
1516 583 1838 646 exspectans
1940 571 2102 640 Deus,
2150 583 2209 628 ut
2245 572 2607 645 om’nipotens,
2646 575 2690 629 si
2731 591 2838 630 non
2881 586 3181 632 assumeret
3222 578 3519 645 hominem,

271 695 381 752 quae
421 677 669 749 promisit
693 677 837 730 Deus
868 671 1212 744 diligentibus
1247 685 1326 724 se.
1370 669 1575 724 Teneat
1625 664 1841 737 quoque
1941 669 2208 724 redimere
2243 684 2362 733 nos,
2388 669 2480 722 sed
2517 669 2708 733 noluit,
2753 669 2881 738 quia
2921 671 3247 725 conveniens
3297 680 3414 725 erat
3443 673 3526 727 di-

273 770 605 844 p‘rofundum,
636 777 696 822 ut
725 768 860 822 sciat
891 766 1017 835 quia
1046 763 1227 819 omnia
1261 777 1381 832 qua:
1410 770 1557 816 recte
1587 760 1712 831 agit,
1743 775 1843 830 per
1941 756 2080 812 vina:
2115 754 2361 824 iustitiae,
2407 765 2468 810 ut
2513 756 2794 826 deceptum
2833 768 2887 812 et
2915 759 3182 828 perditum
3223 761 3522 826 hominem,

273 860 527 918 occultam
557 859 785 930 gratiam
817 857 958 912 Deus
987 869 1084 926 per
1109 855 1256 908 illum
1284 861 1338 907 et
1368 854 1422 908 in
1455 853 1544 908 ilio
1566 853 1692 922 agit.
1729 850 1844 904 lloc
1876 856 1878 858 ’
1944 861 2050 901 non
2077 845 2391 901 fortitudine
2420 856 2475 900 et
2498 846 2910 918 omnipotentia,
2951 850 3043 902 sed
3076 849 3301 904 consilio
3324 858 3377 903 et
3399 867 3526 921 pruo

273 951 477 1023 quidem
501 955 788 1004 senserunt
822 947 891 1002 de
932 946 1112 1001 verbis
1147 943 1373 1013 apostoli
1411 943 1561 997 multi
1594 944 1844 996 doctores

275 1041 354 1097 alii
380 1056 394 1105 ;
419 1040 514 1095 sed
541 1047 695 1109 pater
715 1037 1032 1092 Ambrosius
1073 1035 1415 1106 prmstantius
1442 1026 1642 1102 aliquid
1681 1029 1841 1086 intel-

273 1131 426 1204 ligere
445 1130 631 1193 voluit,
657 1128 844 1183 dicens
859 1129 924 1183 de
945 1127 1078 1192 Deo,
1103 1127 1246 1196 quod
1266 1139 1429 1194 opera
1452 1139 1549 1178 sua
1573 1133 1724 1178 extra
1747 1122 1846 1176 cir-

274 1222 497 1283 cumdat,
546 1227 601 1274 et
639 1221 777 1273 intra
820 1219 1011 1289 replet,
1054 1232 1217 1288 supra
1257 1217 1407 1285 tegit,
1451 1221 1506 1268 et
1537 1212 1677 1267 infra
1717 1212 1841 1265 fert.

272 1312 398 1368 Nam
423 1319 596 1368 status
631 1310 806 1365 crucis
831 1309 1100 1380 signiﬁcat
1122 1308 1531 1363 universitatem
1561 1305 1845 1377 potestatis

273 1401 486 1466 Christi,
523 1398 676 1468 cujus
699 1409 861 1470 caput
897 1401 1115 1465 coelum,
1142 1399 1307 1469 pedes
1329 1397 1622 1462 infernum,
1654 1389 1843 1451 dextra

272 1502 323 1549 et
353 1492 570 1548 sinistra
598 1505 814 1546 omnem
849 1491 1109 1546 mundum
1153 1497 1358 1544 tenent.
1405 1487 1475 1543 At
1509 1487 1554 1542 si
1578 1503 1698 1541 eam
1738 1501 1845 1540 non

270 1592 499 1640 erectam
531 1583 626 1637 sed
657 1582 891 1650 planam,
932 1591 988 1636 et
1011 1580 1204 1651 aequali
1244 1590 1431 1634 tenore
1473 1577 1722 1633 libratam
1766 1585 1846 1630 ιε-

270 1690 414 1738 neas,
451 1681 682 1744 quatuor
708 1672 894 1742 plagas
916 1669 1103 1725 mundi
1126 1677 1434 1724 monstrare
1457 1665 1690 1730 videtur,
1715 1663 1843 1733 quia

1945 937 2123 991 dentia
2154 937 2383 991 miseros
2426 947 2791 1007 recuperaret.
2823 937 2941 992 F-ilii
2976 953 3205 1007 namque
3250 953 3318 993 ex
3367 955 3526 994 servo

1945 1035 2000 1082 et
2022 1026 2215 1080 ancilla
2245 1027 2379 1092 nati,
2413 1027 2540 1096 quid
2567 1028 2711 1082 aliud
2739 1043 2859 1083 esse
2881 1037 3124 1097 possunt,
3149 1044 3306 1098 quam
3328 1045 3525 1100 paren-

1946 1126 2028 1172 tes
2053 1119 2286 1172 eorum?
2315 1116 2606 1173 Decretum
2644 1128 2823 1173 autem
2873 1131 2974 1186 est,
3005 1128 3058 1174 et
3105 1121 3284 1175 divina
3334 1130 3388 1174 et
3429 1121 3526 1176 bu-

1948 1221 2107 1260 mana
2137 1205 2271 1277 lege,
2304 1216 2362 1261 ut
2393 1207 2446 1260 in
2487 1209 2746 1263 servitute
2788 1218 3060 1273 maneant,
3109 1211 3199 1279 qui
3242 1226 3311 1266 ex
3359 1213 3531 1266 servis

1946 1306 2260 1352 nascuntur.
2286 1295 2409 1352 Ideo
2438 1297 2670 1353 infantes
2699 1301 2797 1353 sub
2823 1301 3069 1371 originali
3095 1312 3322 1371 peccato
3348 1313 3529 1358 tenen—

1947 1397 2053 1451 tur,
2105 1400 2162 1443 ut
2185 1391 2297 1444 nati
2341 1398 2486 1454 sunt,
2540 1390 2643 1446 nisi
2691 1391 2942 1460 baptismi
2990 1393 3160 1463 gratia
3207 1394 3523 1449 liberentur.

1947 1479 2073 1536 Hcce
2104 1481 2336 1552 denique
2365 1497 2525 1539 causa
2557 1492 2658 1546 est,
2697 1498 2802 1552 qua
2831 1484 3076 1538 diabolus
3107 1486 3160 1538 in
3185 1486 3274 1540 illa
3306 1501 3406 1541 nos
3434 1502 3529 1556 pa-

1948 1570 2118 1624 rentis
2145 1571 2307 1641 primi
2332 1571 2514 1626 radice
2548 1572 2920 1642 suppiantans,
2948 1575 3048 1630 sub
3079 1575 3392 1645 captivitate
3434 1590 3534 1629 sua

1950 1660 2105 1729 quasi
2132 1659 2278 1728 juste
2305 1663 2477 1716 tenuit
2510 1661 2810 1727 hominem,
2839 1663 2930 1732 qui
2966 1663 3136 1719 libero
3159 1665 3384 1720 arbitrio
3411 1681 3533 1722 eon-

269 1741 516 1817 Christus
568 1741 766 1814 cuncta
810 1741 1086 1829 gubernat
1112 1771 1132 1810 :'
1171 1763 1430 1824 tanquam
1482 1769 1600 1818 eos,
1645 1753 1842 1823 quibus
1874 1741 1916 1802 Β
1945 1750 2110 1817 ditus,
2146 1751 2195 1806 ei
2221 1750 2424 1822 'injust'a
2450 1754 2702 1809 suadenti
2745 1755 3052 1809 consensit.“
3082 1754 3163 1809 Ad
3193 1758 3359 1810 vitam
3390 1759 3530 1812 enim

270 1849 498 1904 mundus
529 1848 822 1903 crucifixus
864 1855 968 1911 est,
1017 1853 1072 1902 et
1102 1846 1202 1917 ipsi
1235 1845 1457 1909 mundo,
1494 1857 1524 1897 a
1555 1843 1686 1898 solis
1723 1851 1844 1897 ortu

268 1949 322 1993 et
353 1953 570 2002 occasu,
604 1941 674 1992 a’o
704 1937 953 2007 aquilone
993 1946 1048 1992 et
1089 1937 1246 2002 mari,
1281 1950 1311 1989 a
1346 1936 1455 1990 Deo
1479 1934 1635 2004 elegi,
1671 1943 1726 1988 et
1755 1949 1848 1988 vo-

268 2029 402 2093 cari,
437 2037 493 2083 et
521 2043 618 2098 per
643 2042 859 2082 crucem
897 2015 1086 2082 omnes
1107 2032 1266 2096 posse
1293 2025 1511 2080 salvari.

337 2121 492 2177 XVII.
545 2121 714 2176 Natus
761 2123 925 2192 igitur
969 2121 1219 2175 Christus
1265 2128 1350 2175 est
1399 2118 1468 2172 de
1517 2116 1756 2188 Virgine,
1790 2125 1849 2170 ut

269 2227 365 2266 nos
399 2227 814 2267 renasceremur
857 2227 923 2266 ex
951 2210 1209 2265 Ecclesia:
1245 2209 1471 2280 virginis
1505 2217 1682 2262 utero.
1732 2205 1852 2260 Cir-

267 2303 538 2360 cumcisus
575 2313 678 2370 est,
721 2311 783 2358 ut
815 2318 917 2358 nos
941 2301 1453 2358 circumclderemur
1484 2300 1632 2355 vitiis
1663 2299 1850 2355 carnis

267 2405 323 2453 et
357 2395 600 2468 spiritus,
623 2395 676 2450 in
701 2395 1096 2467 exspoliatione
1121 2395 1326 2450 veteris
1345 2393 1603 2449 hominis.
1633 2391 1850 2461 Reprae-

268 2495 510 2543 sentatus
546 2498 630 2543 est
653 2488 705 2541 in
732 2485 955 2556 templo,
989 2495 1052 2540 ut
1080 2502 1182 2542 nos
1201 2501 1302 2556 per
1335 2487 1504 2557 ipsam
1530 2483 1848 2540 reconcilia-

269 2592 448 2634 remur
466 2577 599 2633 Deo.
629 2577 942 2648 Baptizatus
963 2585 1069 2643 est,
1097 2585 1160 2632 ut
1184 2584 1371 2632 nostra
1391 2575 1703 2631 lavarentur
1723 2589 1852 2645 pec-

268 2675 408 2723 cata.
437 2667 698 2722 Testatus
717 2674 822 2732 est,
845 2676 905 2721 ut
927 2681 1026 2722 nos
1054 2682 1086 2721 a
1110 2667 1405 2722 testatione
1427 2665 1623 2721 diaboli
1650 2666 1851 2720 libera—

269 2767 371 2815 ret.
403 2758 606 2814 Tentus
628 2767 732 2823 est,
765 2766 827 2812 ut
845 2773 946 2814 nos
979 2758 1379 2814 dimitteremur
1397 2759 1464 2813 de
1491 2755 1719 2827 subjugo
1743 2757 1850 2811 dae-

269 2851 528 2906 moniacaa
553 2851 848 2906 servitutis.
873 2850 1226 2906 Venundatus
1249 2858 1353 2915 est,
1377 2857 1438 2904 ut
1466 2863 1564 2903 suo
1585 2863 1687 2903 nos
1732 2862 1854 2902 san-

269 2943 430 3014 guine
459 2943 767 2998 redimeret.
795 2942 1019 3013 Ligatus
1037 2950 1138 3007 est,
1158 2950 1220 2995 ut
1239 2956 1337 2997 nos
1361 2954 1391 2993 a
1418 2940 1561 2994 nodo
1589 2937 1850 2994 maledic-

1947 1841 2195 1897 eonditus
2251 1843 2304 1897 in
2351 1841 2660 1899 libertatem
2703 1846 2936 1915 propriae
2980 1846 3293 1913 voluntatis,
3346 1858 3538 1920 sponte

1947 1948 2043 1988 sua
2095 1933 2270 1988 factus
2318 1944 2403 1990 est
2437 1936 2653 1991 debitor
2699 1939 2913 1991 mortis.
2951 1937 3186 1994 Delenda
3235 1955 3363 2010 ergo
3414 1940 3540 1996 talis

1947 2036 2066 2081 erat
2091 2027 2268 2097 culpa,
2309 2029 2403 2084 sed
2436 2031 2538 2084 nisi
2569 2043 2668 2099 per
2700 2030 3034 2086 sacrificium
3067 2032 3231 2088 deleri
3265 2049 3372 2088 non
3395 2041 3544 2104 pote-

1949 2126 2053 2172 rat.
2079 2117 2435 2186 Qucerendum
2465 2129 2586 2174 erat
2617 2121 2976 2186 sacriﬁcium,
3014 2122 3107 2176 sed
3132 2122 3291 2191 quale
3331 2122 3542 2177 sacrifi—

1949 2207 2094 2262 cium
2138 2214 2345 2276 poterat
2381 2222 2481 2276 pro
2525 2209 2870 2263 absolvendis
2920 2211 3231 2266 hominibus
3270 2213 3545 2270 inveniri?

1950 2295 2134 2368 Neque
2159 2298 2361 2352 etenim
2397 2296 2602 2365 justum
2637 2297 2737 2353 fuit
2770 2308 2830 2354 ut
2869 2316 2969 2371 pro
3000 2302 3252 2358 rationali
3301 2303 3541 2366 homine,

1948 2385 2230 2441 brutorum
2265 2386 2581 2442 animalium
2623 2389 2858 2444 victima:
2899 2390 3256 2446 crederentur.
3291 2391 3442 2448 Unde
3469 2394 3546 2448 ait

1949 2477 2279 2549 Apostolus:
2311 2477 2536 2533 Necesse
2587 2488 2665 2534 est
2717 2497 2840 2550 ergo
2884 2481 3209 2552 ereznplaria
3260 2481 3544 2539 mlestium
3582 2498 3585 2499 '

1949 2570 2029 2623 his
2062 2571 2332 2636 mandari,
2371 2570 2485 2641 ipsa
2515 2582 2689 2626 autem
2737 2572 2965 2626 cmlestia
2991 2572 3297 2630 melioribus
3338 2576 3545 2641 hostiis,

1949 2680 2107 2733 quam
2151 2663 2264 2718 istis
2308 2663 2495 2734 (Hebr.
2531 2679 2604 2728 IX,
2637 2664 2751 2737 25).
2805 2665 2946 2738 Ergo
2989 2666 3035 2720 si
3083 2667 3241 2721 bruta
3285 2668 3546 2723 animalia

1949 2766 2171 2827 propter
2208 2757 2475 2811 rationale
2508 2757 2732 2824 animal,
2777 2759 2831 2812 id
2883 2767 2966 2813 est
3003 2774 3101 2828 pro
3131 2760 3350 2815 homine
3377 2761 3551 2832 digna:

1951 2850 2186 2905 victima:
2242 2865 2349 2904 non
2387 2849 2626 2912 fuerunt,
2652 2849 3016 2918 requirendus
3052 2857 3171 2905 erat
3212 2850 3399 2916 homo,
3455 2851 3547 2920 qui

1951 2941 2111 3015 403
2133 2955 2232 3011 pro
2259 2941 2570 2996 hominibus
2593 2939 2777 2994 offerri
2817 2939 3112 3004 debuisset,
3159 2950 3218 2993 ut
3240 2956 3340 3012 pro
3389 2942 3552 2996 ratio-

271 3035 432 3090 tionis
477 3032 796 3088 absolveret.
845 3033 1039 3088 irrisus
1079 3041 1184 3097 est,
1231 3040 1295 3086 ut
1340 3046 1439 3086 nos
1487 3032 1560 3085 ab
1595 3030 1852 3085 irrisione
1891 3095 1925 3101 _
1954 3033 2061 3088 nali
2087 3039 2342 3101 peccante
2377 3029 2658 3085 rationalis
2693 3029 2870 3085 hostia
2894 3038 3246 3084 maetaretur.

268 3127 571 3181 daemonum
594 3125 825 3179 tolleret.
847 3095 1177 3178 Ιίιιωίιίειιιε
1213 3131 1318 3187 εει,
1339 3130 1401 3176 ιιι
1424 3137 1523 3177 nos
1565 3121 1847 3175 exultaret.
1880 3095 1928 3159 Ο
2029 3095 2171 3188 ΧίΧ,
2215 3129 2321 3185 Sed
2355 3130 2507 3204 quid,
2535 3131 2678 3200 quod
2715 3129 2877 3185 homo
2907 3131 3022 3184 sine
3057 3139 3282 3200 peccato
3320 3129 3550 3185 inveniri

269 3220 552 3277 Exaltatus
575 3229 658 3274 est
680 3220 732 3274 in
767 3232 948 3281 cruce,
971 3225 1030 3271 ut
1065 3225 1164 3275 nos
1190 3217 1259 3272 ad
1285 3231 1346 3270 se
1372 3216 1632 3270 traheret.
1657 3213 1862 3284 Captus

267 3321 376 3378 est,
408 3319 470 3366 ut
499 3326 597 3366 nos
624 3327 653 3364 a
683 3325 844 3365 manu
868 3309 1065 3363 diaboli
1093 3307 1337 3378 captivos
1367 3306 1627 3362 auferret.
1654 3306 1864 3375 Exspe-

271 3406 439 3461 liatus
493 3411 597 3468 est,
631 3411 692 3456 ut
733 3403 1032 3456 nuditatem
1078 3399 1428 3455 mortalitatis
1461 3407 1662 3453 nostne
1703 3399 1861 3452 beata

269 3493 680 3551 immortalitate
701 3493 967 3546 indueret.
993 3491 1174 3562 Spinis
1205 3499 1498 3546 coronatus
1528 3498 1634 3553 est,
1667 3499 1728 3544 ut
1751 3492 1865 3561 spi-

271 3602 374 3642 nas
403 3594 460 3642 et
505 3585 736 3640 tribulos
755 3584 958 3654 prima;
987 3582 1385 3637 maledictionis
1429 3581 1495 3636 de
1526 3583 1683 3636 nobis
1717 3582 1865 3636 evel-

273 3678 434 3732 leret.
478 3675 625 3731 Felle
649 3683 869 3745 potatus
897 3681 992 3727 est
1035 3681 1092 3726 et
1133 3681 1312 3734 aceto,
1350 3679 1410 3725 ut
1442 3687 1546 3726 nos.
1570 3667 1778 3728 faceret
1811 3671 1868 3724 in

271 3779 476 3822 terram
501 3765 720 3821 laete-et
739 3763 898 3820 melle
919 3773 1232 3817 manantem
1261 3763 1484 3816 intrare.
1516 3762 1798 3816 Postremo
1813 3761 1867 3815 in

269 3858 436 3914 altari
463 3858 640 3913 crucis
666 3855 1011 3912 saeriﬂcatus
1029 3862 1134 3918 est,
1167 3862 1227 3908 ut
1244 3854 1409 3908 totius
1438 3852 1623 3906 mundi
1649 3857 1870 3923 peccata

269 3949 502 4005 deleret.
527 3949 768 4002 Mortuus
793 3955 898 4010 est,
926 3953 986 4000 ut
1025 3946 1214 4000 mortis
1237 3946 1540 4015 eaptivaret
1561 3944 1868 4012 imperium.

271 4041 536 4114 Sepultus
564 4048 647 4097 est
690 4048 750 4094 ut
775 4040 1023 4110 sepulcra
1056 4045 1371 4093 sanctorum
1388 4037 1752 4092 benediceret.
1777 4035 1880 4089 ile-

271 4131 538 4196 surrexit,
561 4138 622 4185 ut
643 4130 873 4186 mortuis
891 4131 1056 4184 vitam
1079 4129 1348 4193 redderet,
1370 4136 1426 4182 et
1461 4139 1610 4197 spem
1635 4138 1876 4180 resurre-

273 4223 480 4277 ctionis
493 4221 608 4277 suis
623 4221 798 4276 daret.
812 4219 1071 4275 Ascendit
1084 4220 1150 4274 ad
1165 4219 1352 4282 caelos,
1367 4224 1428 4273 ut
1440 4213 1642 4272 homini
1665 4230 1772 4271 non
1785 4229 1877 4271 so-

265 4313 396 4368 lum
422 4313 753 4384 paradisum,
771 4327 932 4382 quem
957 4313 1234 4375 amiserat,
1257 4309 1692 4375 restitueret,sed
1714 4308 1880 4363 cmin-

1961 3240 2068 3279 non
2091 3230 2302 3292 poterat
2330 3240 2342 3276 :
2369 3229 2423 3276 et
2450 3220 2628 3276 oblata
2672 3236 2771 3291 pro
2803 3222 2958 3277 nobis
2991 3221 3169 3277 hostia
3208 3221 3423 3291 quando
3454 3237 3555 3276 nos

1961 3330 1991 3369 a
2021 3320 2246 3385 peccato
2275 3311 2538 3366 mundare
2567 3313 2853 3382 potuisset,
2884 3313 2928 3366 si
2960 3313 3073 3382 ipsa
3114 3313 3323 3382 peccati
3366 3317 3557 3368 conta-

1963 3409 2119 3482 gione
2179 3423 2284 3461 non
2333 3407 2586 3461 careret?
2659 3405 2941 3477 lnqninata
2998 3407 3195 3478 quippe
3247 3407 3559 3477 inquinatos

1965 3501 2226 3555 mundare
2255 3514 2360 3554 non
2390 3507 2594 3568 posset.
2649 3497 2787 3572 Ergo
2815 3507 2872 3552 ut
2904 3497 3242 3553 rationabilis
3289 3507 3434 3552 esset
3461 3495 3552 3552 h0-

1966 3591 2091 3655 stia,
2140 3591 2302 3645 homo
2350 3585 2527 3643 fuerat
2575 3585 3015 3645 olferenduszut
3061 3603 3189 3643 vero
3242 3605 3271 3642 a
3317 3589 3558 3659 peccatis

1969 3680 2255 3735 mundaret
2277 3677 2572 3744 hominem,
2605 3679 2767 3734 homo
2797 3687 2852 3733 et
2880 3672 2995 3733 sine
3024 3688 3266 3749 peccato.
3300 3678 3405 3733 Sed
3438 3680 3560 3748 quis

1970 3759 2114 3825 esset
2141 3770 2301 3824 homo
2336 3769 2450 3822 sine
2478 3777 2722 3839 peccato,
2756 3770 2799 3822 si
2833 3785 2897 3822 ex
2929 3771 3132 3840 peccati
3176 3769 3561 3822 commixtione

1973 3857 2358 3914 descenderet?
2403 3857 2639 3912 Proinde
2686 3857 2830 3910 venit
2874 3866 3097 3927 propter
3149 3873 3247 3912 nos
3299 3858 3353 3911 in
3401 3863 3560 3911 utero

1975 3947 2212 4019 Virginis
2243 3947 2413 4002 Filius
2440 3947 2555 4011 Dei,
2585 3947 2656 4000 ibi
2693 3962 2790 4016 pro
2834 3949 2989 4002 nobis
3036 3945 3210 4002 factus
3254 3958 3336 4002 est
3371 3949 3554 4005 homo.

1978 4039 2200 4108 Sumpta
2232 4046 2315 4092 est
2347 4039 2413 4093 ab
2445 4037 2536 4092 illo
2564 4046 2758 4091 natura
2785 4053 2888 4091 non
2917 4038 3093 4109 culpa,
3126 4037 3253 4096 fecit
3279 4054 3376 4110 pro
3403 4025 3561 4095 nobis

1978 4128 2304 4186 sacriﬁcium
2337 4145 2533 4199 corpus
2563 4144 2736 4190 suum,
2790 4129 3033 4184 exhibuit
3062 4145 3158 4200 pro
3186 4132 3564 4200 peccatoribus

1981 4222 2255 4278 victimam
2286 4221 2402 4277 sine
2432 4230 2675 4291 peccato,
2706 4237 2825 4290 quae
2854 4231 2905 4274 et
2937 4219 3276 4276 humanitate
3317 4223 3477 4288 mori,
3509 4231 3565 4279 et

1976 4315 2187 4384 justitia
2233 4313 2494 4370 mundare
2533 4313 2816 4385 potuisset.
2878 4313 3030 4368 "Illic
3078 4329 3224 4385 ergo,
3275 4331 3395 4369 cum
3442 4324 3565 4386 post

272 4419 406 4462 rum
427 4419 643 4474 quoque
655 4405 875 4474 januam
894 4403 1148 4504 aperiret.
1173 4401 1337 4457 Sedet
1354 4401 1582 4510 nunc‘fm
1601 4401 1879 4455 dexteram
1908 4447 1962 4510 Β
1982 4408 2254 4479 baptisma
2304 4405 2437 4461 vidit
2482 4407 2737 4476 antiquus
2767 4406 2959 4471 hostis,
3011 4423 3132 4460 mox
3184 4407 3565 4461 tentationibus

274 4495 484 4561 Patris,
509 4503 571 4548 ut
593 4494 846 4563 precibus
867 4492 1202 4557 credentium
1235 4499 1456 4546 annuat.
1485 4491 1758 4546 Venturus
1796 4501 1880 4545 est

267 4585 526 4656 judicare
548 4586 702 4639 vivos
714 4599 778 4639 ac
802 4593 1064 4648 mortuos,
1081 4593 1142 4638 ut
1155 4585 1312 4640 bonis
1325 4585 1484 4648 bona,
1499 4592 1553 4638 et
1568 4582 1723 4638 malis
1735 4581 1878 4639 mala

277 4678 482 4734 reddat
511 4677 630 4732 sine
649 4676 774 4732 fine.
827 4675 1034 4732 Defecit
1053 4677 1237 4747 itaque
1257 4687 1636 4747 argumentum
1657 4676 1876 4742 diaboli,

277 4769 384 4842 qui
409 4768 638 4824 vitulum
673 4776 862 4823 contra
919 4768 1167 4834 vitulum,
1199 4768 1412 4822 hircum
1443 4777 1632 4823 contra
1663 4766 1881 4822 hircum

278 4860 567 4932 opposuit,
591 4861 686 4915 sed
709 4875 905 4933 agnum
943 4859 1348 4915 immaculatum
1379 4859 1624 4913 invenire
1656 4873 1762 4914 non
1785 4872 1880 4929 po-

281 4951 419 5005 tuit.
452 4951 777 5008 Hine-miser
803 4952 983 5006 victus
1009 4951 1172 5020 jacet,
1216 4958 1269 5004 et
1304 4949 1422 5003 viso
1452 4950 1604 5019 signo
1647 4949 1885 5004 victoriae

278 5040 498 5096 Christi
522 5042 707 5114 pallet,
739 5043 927 5097 tremit
949 5050 1006 5096 et
1037 5039 1190 5114 fugit.

370 5131 554 5188 XVIII.
612 5132 720 5190 Sed
746 5147 907 5189 nemo
951 5133 1098 5187 intra
1124 5145 1183 5187 se
1209 5129 1378 5194 dicat,
1415 5138 1470 5185 et
1493 5131 1644 5200 quasi
1693 5135 1881 5183 contra

284 5225 471 5281 Deum
501 5235 888 5296 conqueratur,
922 5225 1048 5297 quia
1069 5224 1230 5296 primi
1267 5232 1522 5294 parentes
1552 5225 1724 5279 nostri
1758 5233 1884 5295 pec-

281 5323 583 5381 caverunt,
613 5323 672 5371 et
705 5316 1052 5372 admittentes
1082 5313 1468 5372 inobedientiae
1497 5310 1710 5384 culpem
1740 5317 1884 5371 ceci-

279 5408 500 5464 derunt
527 5407 582 5462 in
612 5415 844 5463 mortem
871 5426 884 5462 :
913 5407 1042 5479 quid
1057 5407 1228 5478 culpae
1250 5421 1348 5476 pro
1371 5406 1476 5460 hoc
1503 5405 1726 5476 reliquis
1769 5421 1884 5462 om-

278 5498 463 5554 nibus
484 5497 684 5554 ascribi
711 5498 917 5565 debuit,
940 5507 1003 5553 ut
1020 5497 1227 5572 pariter
1269 5497 1450 5552 cuncti
1481 5506 1703 5568 propter
1724 5498 1886 5554 unius

278 5599 588 5660 peceatum
610 5599 926 5647 tenerentur
937 5592 1038 5646 sub
1057 5596 1325 5663 potestate
1342 5589 1537 5646 diaboli
1557 5589 1580 5642 1
1601 5591 1718 5662 Ipse
1739 5591 1885 5649 enim

284 5685 454 5740 scius
480 5684 663 5741 debuit
685 5686 796 5756 pati
831 5695 885 5740 et
913 5687 1164 5743 meritam
1204 5685 1408 5743 sentire
1452 5685 1585 5738 iram
1628 5699 1886 5753 prrsum-

669 5781 918 5839 Pn'aOL
984 5780 1078 5841 Cl.

1987 4498 2236 4570 impctiit,
2284 4507 2338 4552 et
2381 4515 2476 4568 per
2517 4497 2762 4553 diversos
2809 4498 2985 4553 aditus
3029 4498 3093 4551 ad
3141 4495 3400 4553 interiora
3447 4498 3567 4568 ejus

1985 4591 2204 4646 molitus
2243 4590 2506 4661 irrepere,
2536 4589 2711 4643 victus
2747 4597 2846 4654 est,
2877 4598 3038 4658 atque
3078 4589 3190 4658 ipsa
3233 4589 3566 4662 inexpugna-

1985 4683 2109 4738 bilis
2139 4684 2338 4738 mcntis
2370 4681 2485 4750 ejus
2511 4681 2821 4752 integritate
2847 4688 3171 4750 prostratus.
3203 4681 3307 4735 Sed
3344 4682 3467 4752 quia
3497 4683 3564 4737 ad

1987 4773 2242 4828 interiora
2277 4787 2384 4826 non
2414 4769 2599 4832 valuit,
2635 4768 2701 4823 ad
2731 4770 2848 4837 ejus
2877 4783 2934 4824 se
2965 4769 3236 4824 exteriora
3276 4772 3567 4836 convertit,

1987 4873 2045 4916 ut
2072 4863 2196 4933 quia
2241 4861 2438 4917 mentis
2466 4860 2667 4914 virtute
2708 4860 2884 4915 victus
2910 4867 3014 4925 est,
3047 4874 3189 4926 eum,
3219 4877 3377 4930 quem
3420 4859 3569 4917 deei-

1989 4969 2117 5023 pere
2150 4951 2444 5006 tentatione
2489 4965 2595 5006 non
2635 4949 2823 5013 valuit,
2859 4949 3037 5023 carnis
3072 4949 3261 5006 saltem
3293 4951 3569 5006 videretur

1989 5045 2162 5100 inerte
2193 5059 2468 5114 superare,
2509 5051 2670 5114 atque
2699 5043 2993 5114 permissus
3025 5051 3107 5098 est
3153 5043 3204 5096 in
3235 5041 3381 5105 illud,
3425 5043 3567 5115 quo-.i

1987 5152 2052 5192 ex
2103 5135 2260 5191 nobis
2302 5135 2619 5190 mortalibus
2660 5133 2924 5189 mediator
2967 5143 3268 5203 acceperat.
3323 5130 3428 5188 Sed
3477 5135 3570 5188 ubi

1986 5225 2163 5298 potuit
2190 5223 2390 5294 aliquid
2423 5223 2616 5287 facere,
2651 5222 2720 5278 ibi
2753 5239 2819 5278 ex
2847 5223 2994 5277 omni
3018 5231 3173 5292 parte
3190 5223 3432 5278 devictus
3456 5232 3537 5278 est
3556 5211 3580 5278 ε’

1988 5326 2044 5372 ει
2073 5318 2213 5374 unde
2242 5317 2448 5387 accepit
2471 5318 2710 5372 exterius
2735 5323 3058 5386 potestatem
3085 5317 3364 5373 dominicae
3391 5319 3569 5372 carnis

1989 5410 2315 5476 occidenda,
2348 5409 2469 5464 inde
2514 5408 2741 5464 interior
2784 5416 3024 5480 potestas
3054 5409 3198 5480 ejus,
3230 5423 3333 5480 qua
3363 5425 3461 5464 nos
3489 5417 3572 5463 te-

1992 5503 2174 5566 nebat,
2210 5502 2386 5556 occisa
2432 5511 2532 5557 est.
2579 5497 2698 5572 lpse
2737 5517 2966 5572 namque
3007 5499 3231 5556 interius
3257 5500 3431 5558 victus
3462 5506 3571 5565 est,

1992 5595 2115 5649 dum
2143 5592 2295 5660 quasi
2327 5592 2453 5646 vicit
2487 5591 2724 5646 exterius
2755 5610 2764 5642 :
2797 5601 2851 5645 et
2890 5591 2980 5660 qui
3019 5606 3116 5645 nos
3141 5590 3263 5659 jure
3302 5591 3576 5646 debitores

1993 5684 2182 5739 morti..-
2238 5683 2437 5745 temrit,
2487 5678 2606 5749 jure
2664 5679 2716 5736 in
2768 5681 2919 5737 nobis
2967 5679 3055 5749 jus
3115 5681 3302 5734 mortis
3357 5681 3568 5743 amisit;

3142 5772 3213 5830 ἰι
