3934 6180
321 243 464 305 I069

993 241 1143 298 OPP.
1186 241 1414 299 DUBIA.
1459 272 1526 282 —-
1565 236 2212 297 ALBINICONFESSIO
2259 236 2457 292 FIDEI.
2498 253 2570 276 -έ-
2603 236 2786 294 PARS
2824 238 2907 294 Ill.

3445 246 3584 302 I070

317 374 478 426 meae,
518 358 642 413 licet
680 357 971 428 separatim
1007 357 1201 422 dicant,
1245 357 1498 412 crede-ct
1537 356 1734 421 credo;
1773 354 1899 424 quia
1928 358 1975 413 Α
2004 361 2061 406 et
2085 353 2314 423 Spiritus
2352 361 2572 407 sanctus
2609 334 2870 422 sapientia
2896 355 3205 412 etebaritas
3225 359 3330 414 dici
3354 365 3580 430 possint.

319 454 552 507 indivisa
602 461 658 507 et
711 450 1087 521 inseparabilis
1127 459 1213 505 cst
1250 450 1428 505 Patris
1463 458 1522 504 et
1538 449 1659 530 Filii
1689 448 1898 504 Deitas.

316 542 528 598 Idcirco
565 543 814 612 quamvis
851 541 997 596 solus
1029 541 1098 595 sit
1133 542 1332 596 missus
1362 539 1633 606 Christus,
1670 555 1778 594 non
1813 548 1900 594 ta-

317 648 443 688 men
475 631 622 686 solus
648 639 903 700 operatus
927 640 1011 685 est
1045 629 1230 684 mundi
1257 629 1510 684 salutem.
1548 629 1731 684 Missio
1755 630 1906 683 enim

316 723 435 793 ejus
465 730 548 776 est
581 721 914 791 personalis,
947 720 1192 789 operatio
1225 735 1359 775 vero
1394 719 1766 776 substantialis
1802 737 1814 771 :
1845 729 1902 799 et

316 812 584 882 sieutjam
617 827 779 882 supra
805 813 1004 865 dictum
1038 819 1144 875 est,
1164 810 1310 879 quod
1339 811 1625 880 personale
1653 819 1757 876 est,
1795 825 1900 864 non

316 907 683 965 communicat
715 905 866 959 alteri
895 919 1172 975 personae;
1211 904 1358 974 quod
1384 918 1515 958 vero
1548 903 1901 958 substantiale

313 1009 428 1064 est,
482 997 793 1052 indill'erens
836 1004 890 1049 et
929 1009 1218 1050 commune
1259 1003 1346 1048 est
1390 995 1555 1050 totius
1597 994 1942 1050 Trinitatis“

317 1092 432 1147 Hoc
472 1098 654 1145 autem
699 1087 1038 1153 vocabulum,
1083 1087 1225 1157 quod
1252 1086 1500 1143 Christus
1539 1087 1754 1151 dicitur,
1792 1101 1902 1140 non

315 1184 546 1238 habetur
579 1193 864 1235 commune
897 1193 1022 1233 cum
1051 1176 1212 1233 Patre
1241 1184 1297 1231 et
1327 1177 1529 1248 Spiritu
1563 1185 1772 1242 saneto,
1803 1177 1898 1230 scd

314 1274 484 1329 solius
509 1281 594 1326 est
616 1269 849 1341 speciale
875 1283 999 1323 cum
1020 1268 1178 1333 Filio,
1201 1276 1257 1322 et
1279 1270 1384 1323 hoc
1410 1276 1632 1338 propter
1653 1281 1892 1324 carnem.

316 1365 527 1421 Unctus
558 1363 703 1418 enim
744 1362 1148 1430 interpretatur,
1185 1359 1280 1414 sed
1315 1361 1370 1413 in
1398 1367 1675 1429 assumpta
1709 1372 1894 1421 carne,

314 1471 425 1511 non
457 1450 861 1510 in'assumentis
885 1449 1048 1505 Verbi
1074 1449 1373 1504 divinitate.
1423 1448 1529 1505 Sed
1567 1457 1746 1504 tamen
1771 1449 1894 1517 quia

312 1550 588 1605 carniset
609 1547 770 1603 Verbi
801 1559 909 1600 una
939 1552 1022 1600 est
1043 1559 1298 1616 persona,
1325 1544 1574 1599 Christus
1609 1551 1695 1598 est
1727 1542 1896 1596 etiam

313 1638 612 1695 secundum
633 1650 872 1700 carnem,
886 1634 1138 1690 Christus
1152 1633 1445 1688 secundum
1465 1629 1898 1697 animam,Chri-

2004 443 2141 497 Vere
2166 443 2268 498 istc
2293 451 2374 498 est
2400 442 2636 500 Charitas
2668 451 2722 497 et
2751 445 3010 500 sanctitas
3038 456 3095 501 et
3125 449 3302 504 unitas
3324 450 3500 506 Patris
3529 463 3586 509 et

2002 533 2153 600 Filii,
2209 542 2264 588 et
2300 533 2422 588 ideo
2480 535 2696 604 proprie
2731 543 3071 605 nuncupatur
3107 539 3366 594 vocabulo
3399 542 3583 597 chari-

2002 626 2146 680 tatis.
2184 624 2241 678 In
2269 624 2413 680 hunc
2440 634 2686 679 sanctum
2711 624 2970 697 Spiritum
3001 627 3166 683 Deum
3187 645 3373 686 verum
3395 633 3581 701 credo,

2003 719 2145 773 hunc
2173 718 2352 778 laudo.
2380 719 2662 786 benedice,
2697 719 2836 787 colo,
2877 730 2932 776 et
2962 720 3148 788 adoro,
3182 738 3369 779 verum
3400 725 3580 782 lumen

2000 820 2056 864 et
2078 808 2561 865 sanctiﬁcationem
2605 809 2924 876 animarum,
2951 809 3046 882 qui
3075 821 3160 868 est
3192 819 3382 886 pignus
3411 815 3582 872 haere-

2000 899 2186 954 ditatis
2206 908 2406 955 nostra:
2429 916 2442 952 :
2468 899 2560 970 qui
2589 899 2854 955 illuminet
2875 915 3089 974 semper
3110 916 3320 961 mentes
3345 918 3578 973 nostras,

1998 1002 2056 1047 et
2077 993 2239 1047 ducat
2269 1008 2371 1049 nos
2409 993 2464 1048 in
2489 1007 2705 1049 omnem
2729 994 3035 1061 veritatem,
3062 1004 3118 1050 et
3150 995 3315 1052 faciat
3347 998 3602 1054 omlesth

2000 1084 2100 1138 bus
2132 1084 2414 1149 inhaerere,
2465 1094 2628 1155 atque
2670 1095 2936 1155 praaparet
2981 1087 3194 1157 dignam
3245 1090 3580 1145 mansionem

1999 1173 2053 1226 in
2075 1173 2328 1229 cordibus
2351 1175 2552 1229 nostris
2573 1175 2703 1242 Deo,
2730 1176 2870 1231 sicut
2892 1178 3139 1246 promisit
3155 1178 3412 1234 Dominus
3423 1179 3582 1236 Jesus

1997 1262 2246 1317 Christus
2274 1263 2602 1334 Redemptor
2629 1274 2814 1320 noster
2843 1266 2909 1321 de
2938 1267 3054 1337 ipse
3071 1277 3256 1325 sancto
3278 1268 3575 1326 Paracleto.

2071 1354 2256 1408 XXIII.
2298 1355 2378 1409 Ex
2426 1364 2540 1410 toto
2584 1357 2747 1428 igitur
2795 1361 2959 1414 corde
3003 1376 3124 1416 meo
3167 1371 3221 1417 et
3270 1363 3580 1420 dulcissime

1998 1459 2203 1510 amore,
2227 1461 2336 1516 quo
2373 1446 2572 1502 refecta
2609 1459 2694 1504 est
2721 1450 2901 1506 anima
2934 1467 3052 1506 mea
3081 1469 3243 1522 super
3272 1457 3580 1528 integritate

1998 1536 2140 1601 ﬁdei,
2169 1553 2266 1608 per
2297 1539 2527 1609 gratiam
2567 1540 2663 1594 Dei
2713 1543 2896 1608 crede,
2941 1545 3128 1612 procul
3171 1546 3339 1614 pulsis
3367 1551 3578 1605 cunctis
3668 1573 3670 1580 ·

1998 1643 2246 1684 errorum
2295 1631 2564 1696 tenebris,
2615 1639 2670 1686 et
2717 1647 2938 1702 semper
2984 1636 3205 1690 credere
3250 1653 3336 1694 me
3386 1638 3575 1695 fateor.

313 1739 432 1787 stus
451 1729 742 1785 secundum
774 1727 1132 1782 divinitatem.
1170 1724 1326 1780 Sicut
1363 1724 1595 1779 dicimus
1619 1723 1894 1778 Christum
1926 1705 1976 1765 Β
1999 1717 2174 1774 Credo
2209 1731 2357 1775 certe
2387 1721 2441 1774 in
2484 1737 2650 1776 unum
2673 1723 2840 1777 Deum
2871 1722 3090 1779 Patrem
3132 1727 3574 1797 omnipotentem.

311 1821 658 1877 descendisse
687 1819 755 1874 ad
781 1817 1001 1883 inferos,
1033 1816 1306 1872 Christum
1346 1814 1584 1885 jacuisse
1630 1815 1685 1869 in
1711 1813 1895 1884 sepul-

311 1928 441 1969 cro:
467 1921 522 1967 et
548 1912 623 1966 ait
644 1910 934 1980 Apostolus
966 1924 982 1963 :
1011 1909 1133 1963 Non
1159 1916 1414 1962 tentemus
1435 1907 1728 1971 Christum,
1760 1908 1895 1961 sicut

309 2001 529 2074 quidam
559 2013 742 2055 eorum
775 1999 826 2070 (ι
856 1999 980 2053 Car.
1005 2013 1062 2064 χ,
1090 1996 1200 2069 19).
1265 1996 1494 2064 Quando
1535 2011 1636 2066 per
1674 1996 1894 2066 Moysen

311 2093 493 2150 educti
543 2101 705 2157 sunt,
750 2105 860 2161 quo
905 2099 1150 2160 tempore
1210 2089 1447 2143 nondum
1482 2095 1604 2142 erat
1644 2086 1894 2142 Christus

310 2184 418 2238 nisi
444 2183 740 2238 secundum
768 2182 1157 2251 sempiternam
1194 2179 1482 2233 Deitatem.
1514 2195 1531 2228 ε
1564 2176 1672 2232 Eos
1708 2177 1890 2248 igitur,

309 2275 406 2345 qui
427 2275 632 2339 dicunt,
665 2282 786 2328 erat
813 2274 1030 2342 quando
1057 2287 1169 2327 non
1193 2280 1332 2335 erat,
1366 2279 1420 2326 et
1445 2270 1762 2340 priusquam
1791 2284 1891 2323 na-

310 2376 557 2420 sceretur
607 2377 714 2418 non
750 2371 871 2418 erat
897 2381 912 2416 :
936 2369 992 2416 et
1021 2363 1148 2432 quia
1173 2376 1242 2416 ex
1275 2360 1436 2418 nullis
1474 2359 1895 2416 subsistentibus

310 2455 487 2510 factus
515 2463 622 2520 est,
648 2462 743 2508 aut
764 2468 830 2508 ex
860 2453 966 2508 alia
1001 2451 1306 2508 substantia
1333 2449 1416 2510 vel
1448 2451 1680 2506 essentia
1708 2448 1896 2506 dicunt

308 2561 453 2612 esse,
478 2553 574 2600 aut
592 2542 1002 2601 convcrtibilem
1024 2551 1078 2597 et
1099 2540 1532 2596 commutabilem
1558 2539 1651 2596 Dei
1673 2538 1711 2604 Ε
1718 2538 1890 2604 ilium,

309 2637 710 2693 anathematizo
737 2643 796 2691 et
825 2635 1042 2706 penitus
1075 2648 1292 2704 respuo.
1331 2632 1440 2688 llos
1476 2647 1710 2702 namque
1758 2647 1891 2687 eon-

308 2728 533 2783 demnat
577 2726 846 2782 catholica
887 2734 943 2782 et
980 2723 1269 2796 apostolica
1306 2723 1564 2789 Ecclesia,
1611 2738 1644 2780 a
1679 2738 1775 2778 sua
1807 2738 1893 2780 se-

309 2833 544 2889 gregans
582 2818 862 2874 societate.
893 2836 912 2871 ι

383 2911 548 2966 XXII.
586 2911 762 2966 Crede
790 2912 845 2966 in
876 2909 1139 2980 Spiritum
1173 2917 1418 2964 sanetum
1456 2907 1706 2963 similiter
1744 2915 1803 2962 ut
1834 2907 1888 2962 in

313 3003 528 3058 Patrem
557 3011 613 3058 et
649 3002 874 3066 Filium,
922 3001 1049 3069 quia
1090 2999 1235 3054 Deus
1267 3005 1353 3053 est
1380 2997 1616 3066 Spiritus
1667 3004 1889 3053 sanctus

310 3106 374 3151 ut
422 3095 580 3154 Pater
625 3103 691 3151 'ct
738 3094 924 3148 Filius.
964 3092 1026 3146 In.
1058 3090 1262 3146 nullum
1305 3089 1472 3145 alium
1516 3089 1737 3145 credere
1791 3104 1889 3146 nos

309 3193 546 3257 oportet,
577 3185 690 3240 nisi
717 3185 769 3239 in
804 3184 992 3238 Deum.
1041 3181 1198 3237 Sicut
1225 3181 1370 3238 enim
1396 3195 1506 3236 non
1535 3189 1712 3250 potest
1747 3179 1894 3236 aliud

309 3291 436 3333 esse
459 3291 745 3347 generatis,
779 3285 845 3344 .et
868 3273 1013 3328 aliud
1038 3273 1273 3343 genitus,
1306 3272 1400 3326 sed
1429 3272 1534 3326 hoc
1566 3280 1652 3330 est
1681 3271 1892 3341 genitus

311 3366 745 3436 quodvgenerans
766 3364 935 3427 Dens;
966 3362 1046 3417 sic
1065 3361 1207 3443 aliud
1229 3377 1340 3422 non
1356 3369 1680 3432 potest‘esse
1700 3374 1890 3430 prooe-

310 3455 450 3510 dens
469 3454 726 3524 Spiritus,
747 3464 803 3509 et
823 3453 970 3508 aliud
991 3453 1124 3523 ipse,
1161 3468 1193 3507 a
1215 3468 1326 3522 quo
1342 3451 1602 3523 procedit.
1653 3451 1758 3510 Sed
1790 3451 1896 3508 hoc

309 3547 459 3617 quod
494 3547 607 3616 ipse
643 3552 757 3609 est,
793 3547 898 3600 hoc
937 3545 1102 3600 etiam
1141 3544 1210 3598 ab
1251 3561 1317 3602 ee
1352 3545 1594 3614 procedit
1621 3584 1664 3608 ,.
1692 3545 1742 3599 id
1786 3552 1892 3608 est,

313 3639 461 3693 Deus
485 3638 552 3692 de
576 3637 685 3693 Deo
709 3637 978 3700 nascitur,
997 3636 1066 3690 de
1082 3636 1192 3690 Dee
1217 3635 1358 3690 Dens
1385 3637 1644 3706 procedit.
1681 3637 1746 3693 Et
1771 3639 1896 3696 ideo

311 3744 424 3784 non
454 3729 578 3793 alia,
615 3743 722 3783 non
745 3728 978 3791 diversa,
1011 3725 1236 3782 seduna
1264 3726 1564 3795 eademque
1599 3725 1701 3782 ﬁde
1730 3730 1895 3784 credo

311 3830 378 3876 et
415 3821 470 3875 in
501 3819 759 3890 Spiritum
793 3827 1066 3884 sanctum,
1097 3817 1382 3872 Dominum
1419 3827 1475 3873 et
1507 3818 1890 3886 viviﬁcantem,

310 3911 410 3981 qui
430 3927 498 3966 ex
523 3911 678 3965 Patre
698 3903 942 3978 Filioque
960 3907 1223 3977 procedit,
1249 3907 1340 3978 qui
1365 3923 1488 3964 cum
1506 3907 1669 3964 Patre
1685 3919 1739 3964 et
1759 3909 1900 3965 Filio

311 3998 478 4056 simul
501 4001 757 4056 adorator
777 3996 1309 4068 et-congloriﬁcatur,
1343 3997 1435 4068 qui
1466 3997 1674 4055 locutus
1693 4009 1780 4056 est
1799 4015 1900 4072 per

313 4091 642 4162 prophetas;
679 4089 770 4159 qui
812 4089 866 4143 in
907 4087 1167 4144 columba:
1201 4088 1382 4158 specie
1425 4089 1704 4144 descendit
1735 4106 1898 4162 super

315 4181 603 4238 Dominum
646 4178 832 4234 Jcsum
876 4177 1184 4243 Christum;
1225 4177 1318 4247 qui
1363 4177 1417 4232 in
1465 4178 1590 4250 igne
1620 4179 1900 4252 discipulis

311 4272 584 4342 apparuit,
613 4272 853 4327 tribuens
881 4270 961 4326 eis
986 4269 1375 4332 charismatum
1401 4270 1540 4326 dona
1568 4278 1624 4326 et
1655 4273 1906 4328 omnium”

313 4363 623 4432 linguarum
647 4361 946 4416 scientiam.
985 4358 1086 4426 Qui
1113 4357 1350 4415 viviﬁeat
1381 4360 1584 4426 omnia,
1616 4362 1712 4432 qui
1745 4378 1906 4420 scru-.

313 4462 466 4508 tatur
493 4451 748 4521 mysteria
792 4450 957 4517 solus,
999 4459 1054 4505 et
1078 4448 1464 4521 profundaDei
1491 4470 1504 4506 :
1527 4452 1619 4522 qui
1654 4461 1894 4525 tempore

311 4542 570 4614 baptismi
606 4543 814 4598 animas
841 4541 1178 4598 credentium
1221 4551 1277 4596 et
1305 4556 1532 4612 corpora
1571 4545 1891 4602 sanctiﬁcat.

313 4636 420 4691 llic
440 4650 581 4690 unus
604 4633 820 4704 quidem
841 4641 944 4698 est,
973 4633 1067 4692 sed
1092 4631 1365 4702 multiplex
1395 4634 1447 4688 iu
1469 4635 1890 4704 operationibus.

314 4729 440 4799 Ipse
461 4726 652 4782 dividit
673 4726 974 4796 gratiarum
1003 4726 1140 4780 dena
1168 4724 1393 4796 singulis
1416 4737 1573 4796 prout
1597 4727 1748 4784 vult;
1775 4729 1894 4784 sine

312 4832 428 4889 quo
459 4832 553 4872 cor
576 4817 847 4886 stupidum
871 4823 957 4872 est
993 4823 1047 4871 et
1075 4816 1328 4882 stultum;
1362 4817 1479 4872 sine
1511 4817 1666 4887 cujus
1694 4819 1893 4877 virtute

314 4910 464 4966 nulla
489 4915 735 4964 creatura
767 4916 942 4978 potest
971 4908 1042 4962 ad
1073 4907 1427 4963 aeternitatem
1463 4908 1685 4963 venire:
1713 4910 1805 4980 qui
1839 4922 1896 4968 et

316 5001 603 5056 universas
639 4998 896 5056 caelorum
931 5006 1228 5069 potestates
1261 5014 1358 5053 sua
1385 4997 1660 5066 Maiestate
1696 5003 1904 5058 sancti-.

319 5092 468 5148 ﬁeat.
501 5090 755 5158 Mirabilis
781 5092 985 5155 doctor,
1024 5098 1079 5146 et
1111 5100 1301 5161 potens
1333 5089 1550 5156 artifex,
1583 5092 1696 5161 qui.
1720 5092 1774 5148 in
1813 5093 1896 5149 fa-

316 5183 514 5238 ciendo
566 5183 766 5238 nullam
817 5197 1026 5238 meram
1071 5182 1202 5253 agit,
1245 5181 1338 5252 qui
1391 5181 1555 5238 corda
1595 5185 1891 5253 molliﬁcat,

314 5282 378 5331 et
406 5273 654 5344 producit
693 5274 1082 5345 ptenitemibus
1117 5273 1404 5343 lacrymas,
1430 5275 1521 5346 qui
1547 5285 1894 5345 peccatorum

319 5365 418 5421 dat
446 5365 840 5430 reniissienem,
882 5364 934 5419 in
963 5379 1144 5434 quem,
1171 5366 1216 5420 si
1258 5365 1381 5434 quis
1421 5366 1904 5436 blasphemaverit,

321 5458 625 5514 nonhabet
653 5459 1048 5522 remissionem,
1085 5458 1244 5526 juxta
1273 5458 1483 5512 Domini
1519 5460 1756 5514 dictum.-
1795 5460 1896 5516 Hic

320 5548 558 5620 Spiritus
605 5565 822 5607 sanctus
852 5552 1093 5606 charitas
1115 5548 1342 5616 dicitur;
1383 5551 1521 5606 sicut
1549 5551 1763 5607 unicum
1799 5552 1895 5609 Dei

326 5641 559 5698 Verbum
582 5641 843 5712 sapientia
871 5643 1200 5707 nominatur,
1221 5641 1464 5712 quamvis
1479 5639 1639 5699 Pater
1659 5651 1711 5700 et
1731 5642 1896 5700 Filius

1994 1819 2050 1865 et
2082 1811 2138 1864 in
2170 1825 2339 1865 unum
2375 1811 2660 1868 Dominum
2698 1812 2885 1868 Iesum
2910 1814 3185 1870 Christum
3229 1818 3421 1874 Filium
3461 1819 3578 1890 ejus

1996 1901 2166 1955 Deum
2193 1901 2638 1973 omnipotentem,
2669 1913 2724 1959 et
2765 1905 2822 1960 in
2849 1920 3014 1962 unum
3043 1915 3292 1964 sanctum
3321 1909 3575 1968 Paracle-

1997 2003 2134 2058 tum,
2166 1993 2385 2059 donum,
2423 2003 2478 2049 et
2502 1993 2764 2065 Spiritum
2795 1997 3097 2065 amborum,
3126 1999 3296 2055 Deum
3329 2003 3594 2073 omnipo~-

1998 2091 2218 2136 tentem.
2254 2083 2313 2137 In
2338 2084 2480 2138 hanc
2513 2094 2758 2140 sanctam
2787 2095 2844 2140 et
2877 2087 3206 2146 individuam
3232 2091 3572 2161 Trinitatem,

1995 2187 2116 2240 qua:
2137 2183 2220 2228 est
2249 2174 2423 2229 virtus
2449 2190 2553 2230 una
2585 2184 2639 2231 et
2669 2176 2960 2234 indiscreta
2983 2179 3256 2250 Majestas,
3288 2186 3578 2243 cllicaciter

1994 2272 2051 2318 et
2079 2264 2446 2321 desideranter
2478 2267 2660 2323 crede.
2711 2268 2862 2325 Hanc
2908 2269 3066 2328 labiis
3105 2275 3386 2343 conﬁteor,
3434 2279 3576 2334 hanc

1994 2352 2162 2419 omni,
2187 2368 2293 2423 qua
2335 2354 2506 2421 valeo,
2551 2355 2750 2413 virtute
2781 2357 2902 2414 celo
2933 2367 2989 2415 et
3036 2360 3212 2429 laudo,
3262 2368 3569 2437 magniﬁce,

1994 2445 2216 2512 invoco,
2253 2445 2544 2512 benedice,
2577 2462 2674 2503 ore
2705 2457 2868 2520 atque
2898 2450 3084 2508 adero.
3149 2453 3286 2511 Ilu‘lc
3319 2472 3477 2515 servo
3511 2460 3584 2514 ἰξο-

1995 2537 2138 2603 dem,
2164 2536 2290 2594 huic
2310 2553 2397 2593 me
2420 2545 2528 2593 tota
2555 2539 2838 2597 devotione
2862 2544 3162 2613 committo,
3203 2547 3343 2615 vivo,
3367 2559 3424 2605 ct
3443 2565 3572 2606 vero

1995 2634 2050 2680 et
2081 2628 2436 2697 omnipotenti
2469 2629 2598 2685 Dee.
2627 2628 2764 2686 Cum
2798 2633 2944 2688 enim
2982 2635 3105 2691 dico
3144 2636 3339 2706 Deum,
3374 2657 3574 2698 nomen

1994 2715 2256 2774 conﬁteor
2282 2722 2552 2788 essentim,
2588 2724 2714 2792 quia
2750 2739 2944 2781 nomen
2987 2736 3072 2784 est
3109 2732 3378 2799 essentiaz,
3410 2735 3577 2792 totius

1994 2807 2242 2865 videlicet
2272 2809 2550 2870 Trinitatis
2584 2823 2820 2882 naturae,
2861 2832 2970 2872 non
3011 2819 3170 2876 unius
3199 2827 3410 2878 tantum
3444 2841 3569 2896 per-

1993 2913 2156 2955 senm.
2199 2900 2334 2958 Cum
2361 2914 2542 2959 autem
2572 2905 2825 2978 adjungo,
2854 2910 2938 2966 vel
2957 2911 3196 2979 Patrem,
3233 2916 3317 2971 vel
3351 2917 3572 2984 Filium,
3661 2955 3664 2958 -

1991 2990 2076 3045 vel
2105 2989 2365 3061 Spiritum
2389 3003 2653 3062 sanctum,
2679 2998 2968 3067 specialem
2993 3002 3249 3060 denuntio
3279 3021 3567 3075 personam

1994 3081 2345 3154 singulorum.
2385 3083 2520 3141 Nam
2565 3101 2687 3143 cum
2728 3089 2838 3145 Dee
2885 3090 3172 3162 loquimur,
3208 3095 3296 3150 illa
3329 3099 3568 3164 nomina,

1993 3189 2114 3244 qua:
2154 3175 2224 3231 ad
2265 3176 2624 3233 substantiam
2669 3178 2786 3248 ejus
2827 3183 3134 3252 pertinent,
3183 3187 3408 3258 aequalia
3451 3200 3580 3246 sunt

1993 3276 2047 3322 et
2073 3269 2380 3325 communia
2423 3271 2568 3326 Patri
2609 3282 2665 3328 et
2703 3273 2838 3328 Filio
2870 3285 2925 3330 et
2947 3275 3172 3348 Spiritui
3226 3291 3432 3339 sancto.
3481 3284 3573 3340 Illa

1994 3373 2290 3430 vero,.qua:
2316 3375 2576 3431 personas
2606 3365 2906 3440 designant,
2949 3370 3172 3426 relative”
3211 3375 3483 3443 dicuntur,
3521 3389 3577 3432 et

1993 3449 2350 3519 proprietates
2415 3453 2656 3511 indicant
2712 3467 2919 3514 tantum
2976 3475 3348 3532 personarum.
3423 3467 3573 3523 lianc

1995 3548 2253 3608 pmeterea
2289 3557 2472 3598 veram
2511 3555 2565 3601 et
2591 3550 2912 3607 catholicam
2943 3568 3070 3611 esse
3103 3556 3366 3613 conﬁteor
3390 3557 3573 3616 ﬁdem.

1996 3630 2120 3688 ll:ec
2143 3642 2228 3689 est
2251 3650 2518 3708 mea,-pro
2540 3655 2648 3709 qua
2687 3644 2824 3698 mori
2853 3655 3073 3715 paratus
3103 3663 3240 3703 sum.
3273 3650 3424 3708 Hanc
3453 3653 3578 3709 ﬁdei

1997 3727 2238 3797 regulam
2279 3744 2311 3784 a
2342 3729 2569 3785 Domino
2597 3732 2838 3803 Apesteli
2878 3750 3221 3808 acceperunt,
3270 3749 3332 3796 ut
3377 3743 3428 3796 in
3471 3761 3572 3800 no-

1995 3817 2140 3872 mine
2162 3818 2340 3876 Patris
2373 3829 2430 3875 et
2462 3821 2581 3876 Filii
2609 3832 2666 3877 et
2692 3823 2926 3894 Spiritus
2962 3831 3135 3884 sancti
3166 3832 3449 3887 credentes
3479 3834 3577 3890 ba-

1994 3909 2435 3976 ptizarent.-Per
2462 3913 2604 3968 hanc
2633 3914 2813 3980 ﬁdem,
2861 3917 2952 3987 qui
2997 3935 3212 3978 eramus
3257 3923 3349 3978 ﬁlii
3389 3928 3590 3982 mortis:

1996 4007 2052 4053 et
2064 3999 2278 4067 diaboli,
2297 4000 2472 4058 eﬁ‘ecti
2511 4013 2695 4062 sumus
2723 4007 2814 4061 lilii
2844 4007 2957 4074 Dei,
2983 4010 3117 4067 lucis
3145 4022 3199 4068 et
3225 4019 3578 4074 resnrrectio~

1998 4087 2102 4142 nis.
2129 4087 2233 4144 Per
2258 4089 2399 4146 hanc
2426 4093 2686 4164 eripimur
2711 4098 2778 4153 de
2805 4105 3072 4170 potestate
3098 4105 3440 4162 tenebrarum
3463 4149 3477 4175 ,
3522 4122 3577 4164 et

1997 4179 2377 4236 transferimur
2399 4183 2452 4237 in
2473 4197 2694 4255 regnum
2712 4185 2828 4242 Filii
2868 4190 3149 4249 charitatis
3178 4193 3292 4250 Dei.
3336 4197 3392 4251 In
3418 4197 3583 4267 hujus

1998 4269 2121 4326 ﬁdei
2165 4269 2502 4342 professione
2526 4275 2688 4348 m5
2721 4289 2778 4334 et
2813 4280 3042 4351 virtute,
3091 4284 3158 4342 de
3205 4287 3293 4342 die
3337 4289 3391 4344 in
3423 4290 3569 4346 diem

1924 4406 1975 4466 Β
1996 4362 2262 4434 proﬁcere
2284 4374 2433 4437 opto,
2454 4377 2644 4438 petens
2669 4383 2700 4427 a
2726 4372 2952 4430 Domine
2971 4391 3094 4432 cum
3122 4379 3251 4450 ipsis
3273 4382 3528 4452 apostolis
3557 4401 3572 4438 :

2001 4465 2218 4538 Adauge
2236 4468 2362 4522 mihi
2383 4469 2540 4538 ﬁdem
2585 4470 2737 4544 (Luc.
2768 4489 2899 4542 xvu,
2929 4475 3004 4548 5).
3041 4475 3192 4534 Ilanc
3212 4477 3573 4537 Christianam

2000 4552 2159 4610 ﬁdem
2185 4556 2316 4612 Novi
2353 4573 2415 4614 ac
2444 4559 2656 4618 Veteris
2681 4563 3010 4622 Testamenti
3039 4570 3224 4639 pandit
3249 4574 3542 4630 auctoritas
3561 4575 3588 4628 :'

2003 4655 2058 4701 et
2113 4650 2358 4717 quamvis
2413 4666 2610 4707 nomen
2669 4655 2844 4723 ipsum
2893 4656 3089 4713 Christi
3128 4669 3287 4717 vetus
3335 4663 3472 4719 intra
3517 4681 3577 4722 se

1998 4740 2326 4794 continuerit
2358 4741 2794 4811 instrumentum,
2822 4763 3052 4819 eumque
3087 4767 3298 4825 semper
3332 4756 3576 4828 designa-

1998 4831 2137 4885 verit
2165 4831 2492 4900 adfuturum,
2516 4850 2674 4904 quem
2704 4840 2970 4896 credimus
2997 4857 3094 4912 per
3114 4856 3326 4916 partem
3354 4847 3578 4920 virginis

1987 4919 2100 4988 jam
2130 4922 2360 4990 venisse,
2381 4931 2568 4981 tamen
2600 4927 2652 4982 in
2687 4925 2870 4986 orbem
2903 4941 3165 4989 terrarum
3200 4919 3459 5009 abipsius
3483 4956 3576 4996 no-

1993 5012 2089 5066 stri
2139 5010 2438 5070 Salvatoris
2477 5016 2705 5074 mirabili
2751 5035 2998 5078 manasse
3025 5026 3286 5094 probatur
3319 5031 3588 5087 adventu.’

2071 5100 2257 5157 XXIV.
2301 5101 2425 5159 llaec
2458 5113 2640 5162 autem
2690 5109 2877 5183 religio
2925 5125 3108 5170 nostra
3136 5157 3150 5181 ,
3180 5131 3302 5187 qum
3351 5105 3577 5178 vocatur

1997 5188 2302 5248 Christiana
2329 5203 2492 5266 atque
2517 5198 2806 5267 catholica,
2835 5202 2920 5258 his
2940 5202 3586 5276 fundamentisﬁhristo,‘

1999 5288 2060 5334 ut
2085 5283 2681 5354 eredimus,revelante,
2708 5291 3076 5364 principaliter
3096 5299 3304 5364 nititur,
3327 5317 3574 5360 asserens

2001 5385 2065 5424 ex
2093 5381 2298 5429 διενηο
2319 5377 2553 5432 divinam
2575 5379 2754 5436 Patris
2799 5392 2857 5438 et
2881 5385 3004 5441 Filii
3031 5397 3084 5442 et
3115 5389 3349 5461 Spiritus
3397 5402 3571 5454 sancti

2001 5463 2270 5519 exstitisse
2291 5467 2665 5524 substantiam.
2702 5465 2913 5529 Patrem
2939 5491 2967 5530 a
2991 5475 3153 5543 nullo,
3179 5479 3374 5540 Filium
3393 5478 3426 5541 a
3468 5487 3580 5544 Pa-'

2001 5561 2106 5616 tre,
2132 5553 2388 5623 Spiritum
2417 5571 2660 5616 sanctum
2688 5579 2718 5616 a
2747 5564 2904 5622 Patre
2925 5577 2978 5623 et
3007 5569 3142 5625 Filio
3169 5577 3585 5643 procedentem:

1999 5645 2101 5713 Qui
2133 5647 2204 5703 sit
2229 5656 2406 5708 tamen
2436 5654 2625 5710 modus
2643 5659 3001 5727 processionis
3027 5661 3347 5737 istiusmodi,
3373 5669 3444 5726 ita
3469 5687 3571 5726 non
