3934 6180
421 249 550 302 1071

1231 244 1290 296 n.
1333 242 1394 297 ιθ.
1438 239 1661 297 suum
1701 236 1831 295 seu
1869 235 2144 294 unum
2202 235 2482 296 OPERCM
2518 239 2694 294 ntus
2737 235 2870 294 vui:~
3493 246 3606 306 407.3

416 373 705 430 possumus
730 356 1002 412 evidenter
1022 355 1222 420 dicere,
1263 359 1405 410 sicut
1445 354 1846 426 generationem
1876 349 1996 405 Filil
2029 352 2074 413 Α
2103 353 2402 408 stituendus
2432 353 2656 407 ulterius
2691 352 2746 406 in
2774 352 2921 410 illam
2951 353 3234 422 angelicam
3255 356 3609 427 dignitatemmt

421 470 528 509 non
552 461 732 523 potest
760 451 1026 504 humanus
1052 449 1262 504 animus
1313 448 1604 502 :estimare.
1654 445 1777 499 llzec
1822 452 2001 498 autem

423 553 486 599 ut
512 543 823 604 credantur,
849 545 1004 592 vetus
1033 553 1098 593 ac
1117 551 1252 592 nova
1282 535 1536 591 informat
1567 533 1850 588 instructio
1875 573 1891 597 ,
1937 533 2004 588 de

423 650 530 704 qua
559 631 704 686 velut
729 644 852 684 arce
878 628 1152 699 religionis
1174 635 1372 681 nostrae
1407 624 1560 678 multi
1589 624 1801 679 diversa
1829 631 1884 677 et
1908 623 2007 677 hu-

426 721 678 784 manitcr,
707 728 890 790 atquc,
919 719 1078 773 ut-ita
1119 717 1318 781 dicam,
1346 715 1634 769 carnaliter
1671 713 2002 776 sentientes,

423 813 650 868 adversa
674 811 836 866 locuti
867 819 1011 864 sunt.
1038 807 1192 863 Unde
1213 805 1472 862 nonnulli
1505 818 1692 858 eorum
1717 818 1820 858 nec
1839 802 2006 857 Vetus

429 903 695 974 recipiunt
745 903 1174 962 Testamentum,
1222 897 1479 968 nequein
1539 897 1750 965 integro
1775 893 2003 949 Novum.

425 997 735 1051 Christiana
782 994 913 1049 fides
939 1001 1228 1060 utrumque
1257 988 1470 1060 recipit,
1493 989 1722 1043 credens
1751 986 1929 1041 Patris
1951 995 2007 1040 et

427 1087 549 1142 l-‘ilii
578 1094 634 1141 et
655 1085 890 1154 Spiritus
919 1083 1093 1137 sancti
1121 1096 1282 1136 unam
1328 1089 1579 1134 naturam
1603 1086 1657 1134 et
1689 1088 1798 1132 tres
1818 1092 2005 1146 perso-

430 1197 547 1245 nas,
574 1181 665 1234 sed
680 1194 842 1232 unum
860 1177 1030 1231 Deum
1050 1184 1106 1231 et
1132 1191 1300 1230 unum
1325 1173 1646 1244 principium
1673 1190 1684 1223 :
1716 1171 1770 1225 in
1793 1170 2007 1225 Christo

428 1272 656 1328 Domino
685 1281 870 1326 nostro
897 1269 1042 1331 Jcsu,
1064 1269 1156 1339 qui
1176 1277 1260 1325 est
1278 1283 1440 1322 verus
1466 1266 1628 1328 Deus,
1655 1273 1708 1318 et
1734 1262 2007 1334 perfectus

427 1367 589 1419 homo
617 1365 750 1418 duas
777 1362 1108 1418 substantias
1137 1368 1195 1415 et
1216 1374 1378 1414 unum
1421 1372 1731 1428 personam.
1761 1356 1902 1425 Ergo
1923 1353 2007 1407 di-

423 1458 548 1513 vina
577 1472 640 1510 ex
673 1463 876 1510 aeterno
904 1461 1098 1507 natura
1123 1492 1138 1516 ,
1200 1461 1257 1506 et
1294 1451 1348 1504 in
1377 1458 1636 1504 :eternum
1669 1447 1786 1500 sine
1826 1445 2005 1513 aliqua

427 1545 791 1602 mutabilitate
817 1545 1136 1613 perduratus,
1164 1541 1266 1597 sibi
1321 1547 1530 1596 tantum
1579 1537 1795 1593 conscia
1815 1535 2004 1590 volun—

428 1646 554 1699 tate,
587 1645 775 1704 sponte
800 1634 1058 1688 mundum
1084 1632 1254 1688 voluit
1304 1632 1592 1694 fabricare,
1626 1642 1859 1698 eumque
1882 1640 2004 1681 cum

2107 444 2363 516 Origenes
2387 445 2619 507 delirat;
2660 443 2754 498 sed
2785 443 3195 514 praecipitandus
3239 461 3350 502 cum
3399 459 3494 506 toto
3531 470 3611 509 suo

2105 549 2331 606 corpore
2363 543 2488 606 post
2540 533 2805 604 judicium
2855 534 2912 589 in
2943 535 3118 604 ignem
3155 548 3466 607 perpetuum,
3489 552 3538 597 ut
3554 544 3606 600 ibi

2106 627 2160 681 in
2184 634 2446 681 aeternum
2477 625 2616 680 male
2643 624 2830 680 vivens
2863 625 3126 680 moriatur
3165 626 3277 682 sine
3302 627 3415 684 fine.
3438 631 3613 702 Absque

2104 718 2218 774 sola
2247 717 2412 785 igitur
2437 715 2726 780 Trinitate,
2747 730 2911 785 quam
2963 715 3133 770 solam
3159 733 3317 772 unum
3343 719 3613 791 principium

2106 806 2300 874 fateor,
2328 815 2382 862 et
2410 807 2590 872 credo,
2618 822 2779 862 omne
2798 807 2942 875 quod
2961 806 3016 862 in
3043 806 3215 872 cretis,
3237 815 3390 875 terra,
3418 812 3617 882 marique

2105 909 2211 966 est,
2236 899 2433 969 agitur,
2456 898 2541 952 vel
2563 906 2830 964 movetur,
2853 906 3154 954 creaturam
3176 913 3290 954 esse
3317 899 3443 959 dico.
3464 901 3618 958 Malum

2106 1006 2238 1062 ergo
2263 990 2348 1044 vel
2374 990 2637 1045 malitiam
2662 1004 2695 1044 a
2719 989 2830 1044 Deo
2855 1005 2963 1044 non
2990 1005 3109 1046 esse
3147 998 3344 1055 creata,
3371 992 3455 1046 sed
3477 1008 3505 1048 a
3524 993 3618 1048 dia-

2107 1081 2230 1138 bolo
2256 1081 2473 1136 inventa
2493 1079 2676 1136 credo.
2699 1077 2951 1136 Omnium
2991 1087 3356 1139 creaturarum
3374 1082 3475 1136 sive
3497 1084 3622 1152 spiri-

2109 1171 2328 1227 tualium
2364 1171 2478 1226 sive
2503 1169 2865 1239 corporalium
2909 1171 3106 1228 bonam
3152 1170 3399 1226 conllteor
3420 1172 3621 1228 substan-

2108 1267 2236 1319 tiam
2262 1273 2315 1319 et
2341 1263 2467 1318 mali
2489 1264 2690 1320 nullam
2719 1277 2841 1318 esse
2868 1272 3139 1318 naturam.
3181 1263 3255 1318 Ex
3285 1271 3482 1320 auctore
3505 1265 3618 1325 mali,

2107 1356 2382 1411 concurrit
2405 1355 2609 1410 malitia
2651 1354 2706 1409 in
2733 1363 2978 1409 exteros.
3011 1353 3163 1410 Unde
3185 1353 3313 1409 nihil
3347 1363 3425 1409 est
3470 1362 3622 1409 natura

2107 1447 2462 1512 immutabile,
2493 1445 2598 1501 nisi
2644 1445 2791 1502 solus
2814 1445 2994 1511 Deus,
3049 1446 3141 1517 qui
3184 1460 3288 1500 non
3313 1452 3470 1515 potest
3511 1445 3620 1498 aliud

2108 1539 2238 1608 quid
2268 1553 2390 1594 esse
2417 1537 2520 1592 nisi
2551 1538 2744 1602 bonus,
2774 1537 2867 1608 qui
2890 1537 3259 1592 universitatis
3281 1536 3503 1593 conditor
3520 1535 3621 1590 nihil

2111 1645 2216 1684 non
2247 1629 2448 1683 bonum
2473 1627 2621 1683 fecit.
2649 1626 2798 1683 Bona
2830 1635 2915 1683 est
2939 1643 3071 1698 ergo
3095 1641 3224 1688 eam
3250 1635 3444 1690 nostra,
3459 1635 3507 1680 ut
3529 1634 3622 1695 puto

437 1701 659 1782 omnino
711 1740 817 1780 non
845 1734 1015 1788 esset,
1043 1720 1196 1786 fecit,
1223 1730 1282 1776 ut
1320 1730 1465 1776 esset
1498 1739 1510 1773 :
1542 1734 1643 1774 nec
1668 1718 1734 1772 de
1757 1731 1855 1772 sua
1883 1716 2010 1771 sub-
2043 1701 2090 1760 Β
2114 1740 2143 1778 a
2173 1725 2314 1778 bono
2340 1730 2395 1776 et
2419 1721 2534 1777 solo
2561 1721 2671 1776 Deo
2706 1721 2941 1784 condita,
2968 1729 3026 1776 et
3076 1733 3186 1776 non
3232 1728 3315 1776 est
3357 1719 3482 1776 mala
3501 1757 3515 1783 ,
3551 1731 3623 1773 nec

436 1818 633 1872 stantia
657 1816 899 1888 protulit,
923 1829 993 1869 ne
1037 1813 1252 1868 divinus
1297 1819 1486 1867 natura
1518 1810 1831 1866 crederetur
1852 1847 1868 1873 ,
1915 1807 2010 1862 sed

434 1911 664 1980 primum
691 1908 986 1980 angelicam
1038 1914 1290 1961 naturam
1321 1914 1381 1960 et
1415 1903 1699 1959 informem
1727 1901 2011 1956 materiam

426 2016 643 2056 creasse
694 2000 1049 2071 perhibetur,
1113 1998 1254 2052 sicut
1315 1997 1576 2066 scriptum
1625 2002 1710 2050 est
1767 1994 1821 2048 in
1871 1993 2012 2048 libro

426 2092 568 2149 Job:
612 2092 732 2163 Ipse
761 2101 834 2146 est
871 2090 1187 2160 principium
1216 2089 1419 2143 uiarum
1455 2087 1552 2142 Dei
1595 2086 1738 2157 (Job.
1763 2102 1854 2151 ιι..
1888 2084 2010 2152 M),

428 2193 488 2238 ut
509 2199 617 2239 non
644 2191 787 2237 esset
810 2182 986 2236 otiosa
1013 2178 1109 2235 Dei
1135 2178 1373 2244 bonitas,
1399 2177 1493 2233 sed
1543 2175 1788 2242 haberet,
1819 2175 1876 2230 in
1900 2176 2013 2246 qui—

427 2276 530 2329 bus
552 2289 651 2345 per
674 2273 841 2327 multa
877 2278 1002 2326 ante
1031 2268 1206 2340 spatia
1239 2267 1537 2324 bonitatem
1586 2281 1739 2321 suam
1765 2264 2012 2319 ostende-

427 2373 531 2420 ret.
569 2363 678 2419 Nec
705 2363 848 2418 enim
871 2361 1167 2431 putandum
1189 2367 1292 2425 est,
1311 2366 1372 2413 ut
1393 2359 1509 2413 habe
1547 2355 1763 2411 aliunde
1792 2354 2013 2410 molitus

422 2464 591 2523 esset,
608 2470 706 2510 nec
723 2463 976 2524 tanquam
989 2451 1290 2508 exstitisset
1309 2449 1529 2518 aliquid,
1545 2448 1690 2519 quod
1702 2445 1787 2516 cju
1796 2463 1821 2501 s
1832 2445 2014 2500 volun-

430 2556 592 2604 tatem
608 2546 894 2601 existentia
926 2544 1156 2614 propriae
1168 2551 1375 2597 natura
1392 2540 1638 2609 iuvaret;
1659 2549 1820 2608 atque
1845 2547 2009 2604 esset,

430 2646 485 2696 ct
510 2639 652 2709 quod
679 2651 851 2706 neque
880 2639 946 2691 ab
973 2638 1090 2704 ipso
1118 2634 1320 2690 factum
1345 2641 1512 2698 esset,
1541 2640 1597 2687 et
1636 2640 1814 2688 tamen
1844 2639 2009 2696 esset,

431 2731 574 2800 quod
599 2729 739 2783 absit
782 2729 852 2782 ab
878 2726 1153 2780 intellectu
1203 2723 1438 2780 ﬁdelium
1465 2764 1480 2789 ,
1534 2730 1590 2778 et
1611 2723 1751 2777 Deus
1779 2730 2008 2776 avertat.

501 2820 668 2876 XXV.
710 2820 786 2873 Ex
825 2819 911 2873 his
937 2818 1098 2888 igitur
1123 2833 1242 2887 quze
1267 2826 1447 2873 creata
1475 2814 1714 2880 fuerunt,
1745 2814 1798 2869 id
1822 2823 2009 2879 est,ex

430 2914 521 2970 illa
543 2910 759 2967 informi
783 2910 1010 2964 materia
1041 2911 1127 2964 hic
1156 2907 1385 2963 visibilis
1408 2907 1659 2973 mundus,
1685 2921 1808 2961 cum
1837 2905 2013 2961 omni-

429 3007 547 3064 bus.
579 3019 699 3074 qua:
721 3003 778 3058 in
804 3017 870 3055 eo
891 3010 1016 3056 sunt
1040 3043 1054 3066 ,
1097 3009 1154 3056 et
1181 2999 1353 3055 factus
1388 3000 1630 3054 creditur
1651 3007 1706 3056 et
1747 3007 1970 3054 ornatus
1994 3039 2009 3062 ,

427 3096 524 3149 sed
553 3094 716 3149 verbo
741 3092 908 3146 caelos
929 3092 1201 3162 produxit,
1226 3099 1282 3145 et
1327 3101 1518 3146 cuncta
1544 3091 1752 3147 creavit
1775 3131 1791 3155 ,
1841 3092 1914 3146 ita
1953 3099 2012 3146 ut

426 3184 551 3240 caeli
583 3183 844 3247 cmlestia,
880 3192 936 3238 et
962 3191 1123 3236 terrae
1146 3191 1358 3237 terrena
1396 3189 1764 3250 componeret,
1794 3180 2013 3252 dispen-

431 3290 557 3330 sans
606 3275 803 3342 cuique
858 3273 1000 3342 quod
1046 3287 1204 3327 suum
1230 3279 1369 3327 erat.
1402 3271 1601 3326 Verum
1651 3271 1788 3326 tales
1842 3271 2012 3326 creati

430 3375 558 3422 sunt
587 3365 780 3435 angeli,
815 3371 874 3419 ut
902 3364 947 3418 si
965 3363 1182 3428 vellent,
1217 3363 1269 3416 in
1295 3361 2008 3432 beatitudinepersisterent.

435 3458 496 3514 Si
522 3466 703 3514 autem
727 3455 934 3510 nollent
961 3455 1124 3508 etiam
1161 3453 1268 3506 labi
1291 3451 1609 3520 potuissent.
1640 3450 1790 3505 Unde
1838 3458 1894 3504 et
1915 3449 2015 3506 Sa-

433 3562 526 3606 tan
563 3558 686 3604 cum
713 3546 1036 3616 sequacibus
1062 3544 1362 3615 legionibus
1399 3543 1598 3599 cecidit
1621 3560 1634 3596 :
1655 3543 1761 3597 sed
1781 3543 2012 3598 virtutes

429 3638 706 3710 angelicm,
737 3649 857 3707 quin
893 3636 946 3691 in
992 3635 1176 3690 divino
1223 3646 1407 3689 amore
1443 3633 1564 3687 ﬂxae
1608 3632 1966 3704 perstiterunt
1998 3673 2011 3699 ,

359 3751 364 3756 -
431 3729 598 3798 lapsis
619 3725 1049 3798 superbientibus
1086 3721 1290 3793 angelis
1321 3722 1424 3778 hoc
1446 3720 1499 3776 in
1531 3734 1756 3778 munere
1782 3721 2012 3776 retribu—

431 3819 599 3874 tionis
625 3822 970 3886 acceperunt,
999 3821 1058 3870 ut
1082 3813 1278 3876 cadere
1296 3812 1517 3868 omnino
1547 3826 1650 3868 nec
1681 3810 2014 3876 vellent,nec

428 3910 660 3982 possint,
684 3909 947 3964 habentes
973 3923 1002 3960 a
1034 3905 1144 3960 Deo
1161 3905 1410 3964 virtutem
1431 3903 2008 3962 incmnmutabilitatis.

432 3999 690 4056 Diabolus
708 4000 890 4068 itaque
917 4013 1022 4052 non
1045 3997 1119 4053 ita
1142 3996 1318 4053 factus
1343 4004 1448 4062 est,
1479 4003 1537 4051 ut
1581 3996 1825 4054 diabolus
1845 4005 2008 4058 esset,

429 4094 558 4164 quia
589 4093 732 4150 Deus
760 4091 959 4146 malum
995 4106 1104 4144 non
1137 4088 1284 4155 fecit,
1313 4090 1406 4145 sed
1459 4105 1582 4145 cum
1635 4095 1780 4145 esset
1831 4102 1863 4145 a
1900 4088 2012 4143 Deo

433 4183 609 4241 factus
632 4181 852 4251 angelus
879 4181 1074 4242 bonus,
1101 4193 1200 4248 per
1244 4179 1434 4233 vitium
1462 4178 1726 4248 superbiae
1751 4193 1782 4233 a
1809 4191 1867 4234 se
1895 4178 2012 4248 ipso

434 4279 610 4334 lactus
637 4285 719 4332 est
743 4274 1007 4332 diabolus.
1039 4273 1141 4342 Qui
1182 4289 1306 4329 eum
1349 4273 1465 4330 suis
1512 4272 1863 4343 complicibus
1914 4286 2013 4341 per

433 4369 598 4424 istum
622 4375 846 4438 vagatur
862 4379 1064 4427 aerem,
1097 4363 1355 4419 insidians
1375 4363 1532 4417 saluti
1557 4362 1815 4418 fidelium.
1839 4362 2011 4418 luter-

435 4474 534 4513 nas
554 4466 760 4512 tantum
797 4454 1153 4527 cogitationes
1172 4455 1385 4518 animm,
1410 4453 1730 4524 quibusdam
1774 4453 2008 4510 forinse-

432 4552 531 4605 cus
578 4547 982 4618 deprehendere
1009 4543 1245 4611 indiciis,
1273 4543 1573 4614 praesertim
1618 4558 1686 4599 ex
1723 4544 1853 4613 ipsis
1881 4561 2009 4600 con-

434 4642 803 4714 sparsionibus
825 4639 1150 4702 animarum,
1172 4652 1290 4708 quae
1321 4637 1373 4693 in
1401 4637 1642 4694 moribus
1673 4636 2010 4708 singulorum

433 4731 811 4796 inveniuntur,
843 4745 948 4784 non
980 4737 1157 4784 autem
1188 4728 1329 4783 scire
1349 4742 1470 4782 eum
1500 4737 1648 4796 puto.
1683 4725 1841 4782 Solus
1863 4727 2007 4782 enim

437 4823 578 4878 Deus
600 4828 808 4876 secreta
821 4819 1002 4876 cordis
1038 4818 1207 4874 novit.
1226 4817 1394 4874 Malas
1414 4817 1767 4888 cogitationes
1791 4818 2007 4888 quidem

433 4928 540 4968 non
569 4926 782 4981 semper
817 4926 885 4966 ex
914 4911 1031 4981 ejus
1055 4909 1310 4964 instinctu
1338 4908 1586 4973 excitari,
1611 4909 1705 4964 sed
1740 4910 2007 4965 interdum

431 5021 498 5059 ex
524 5005 697 5062 nostri
722 5001 933 5059 arbitrii
963 5010 1108 5056 motu
1142 5001 1323 5067 nasci;
1365 5002 1534 5058 bonas
1584 5010 1763 5058 autem
1799 5016 2012 5073 semper

427 5115 464 5150 ,ει
481 5097 590 5154 Deo
607 5098 858 5160 dicimus,
875 5093 1117 5152 diabolus
1138 5093 1282 5149 enim
1309 5103 1589 5164 suggestor
1615 5094 1882 5150 malorum
1904 5101 2010 5157 est,

423 5207 541 5246 non
571 5189 830 5260 Impulsor
857 5207 868 5242 :
902 5185 1328 5242 substantialiter
1351 5199 1481 5240 vero
1500 5200 1621 5239 eum
1648 5183 1794 5239 illabi
1815 5183 2012 5239 anima:

433 5295 541 5335 non
567 5279 858 5343 credimus,
886 5277 981 5332 sed
1019 5275 1377 5346 applicatione
1399 5280 1454 5330 et
1475 5275 1824 5346 Oppressione
1849 5273 2008 5329 uniri.

435 5369 595 5428 Solus
619 5383 850 5440 namque
896 5379 1109 5424 creator
1131 5376 1324 5423 natura
1373 5367 1706 5431 subsistens,
1757 5367 2007 5437 incorpo-

426 5477 578 5526 reus,
606 5459 865 5533 capabilis
886 5469 969 5515 est
991 5475 1101 5516 sua:
1128 5457 1368 5516 factum.
1405 5459 1532 5518 Fuit
1557 5475 1686 5530 ergo
1714 5457 1897 5530 refuga
1922 5460 2009 5514 ille

422 5537 724 5618 aliquando
757 5549 810 5602 in
835 5548 1079 5604 contuitu
1095 5547 1370 5605 Creatoris
1398 5547 1566 5621 gloria
1593 5557 1648 5604 et
1675 5550 1878 5606 honore
1903 5553 2008 5607 cir-

423 5642 737 5704 cum-latus,
766 5640 858 5695 sed
883 5655 1007 5696 mox
1055 5648 1112 5695 ut
1139 5640 1332 5708 elatus,
1363 5641 1536 5712 patuit
1563 5641 1753 5707 rulime,
1786 5658 1890 5696 non
1927 5658 2008 5697 rc-

2113 1814 2238 1870 mali
2267 1829 2454 1877 causa,
2470 1827 2570 1868 nec
2594 1827 2657 1866 ex
2685 1813 2826 1867 bono
2849 1811 3102 1882 maloque
3132 1821 3416 1882 compacta,
3437 1811 3518 1866 sed
3533 1823 3623 1864 cum

2113 1908 2185 1960 sit
2213 1904 2490 1961 creatione
2517 1904 2682 1969 bona,
2695 1903 2924 1958 arbitrio
2948 1903 3148 1959 anima
3168 1902 3386 1958 edicitur
3405 1901 3480 1958 vel
3501 1901 3624 1960 bona.

2113 1999 2196 2054 vel
2229 1997 2402 2064 mala;
2433 1998 2550 2067 ipsa
2573 2005 2674 2062 est,
2705 2011 2826 2066 qua:
2851 1996 3017 2051 stabit
3039 2003 3171 2052 ante
3195 1993 3412 2052 tribunal
3450 1992 3627 2048 Christi.

2184 2089 2371 2146 XXVI.
2413 2087 2590 2144 Credo
2645 2095 2889 2144 sanctam
2939 2086 3240 2142 Ecelesiam
3269 2125 3284 2151 ,
3339 2083 3628 2155 apostolicam

2116 2193 2276 2253 atque
2299 2182 2682 2247 universalem,
2706 2185 2762 2234 et
2791 2181 3152 2236 orthodoxam
3177 2221 3193 2243 ,
3240 2193 3352 2248 quae
3397 2191 3485 2232 nos
3524 2175 3632 2232 hanc

2114 2289 2300 2331 sanam
2315 2272 2498 2328 docuit
2518 2271 2838 2326 doctrinam.
2865 2268 2983 2324 Non
3009 2269 3067 2324 in
3089 2268 3235 2323 illam
3257 2267 3409 2322 credo
3429 2273 3633 2333 tanquam

2113 2369 2168 2423 in
2193 2367 2383 2432 Deum,
2412 2364 2507 2421 sed
2534 2379 2654 2419 eam
2687 2364 2740 2418 in
2765 2362 2906 2426 Deo,
2954 2367 3010 2415 et
3037 2361 3212 2416 Deum
3244 2359 3296 2415 in
3319 2373 3378 2416 ea
3415 2371 3518 2412 esse
3536 2370 3637 2411 cou-

2116 2462 2299 2526 llteor;
2339 2473 2446 2513 non
2475 2456 2628 2527 quasi
2667 2457 2783 2526 ipsa
2813 2454 3093 2510 contineat
3122 2455 3285 2508 Deum
3307 2493 3322 2518 ,
3367 2450 3450 2506 sed
3494 2449 3639 2519 potius

2114 2553 2228 2622 ipsa
2253 2550 2560 2621 continetur
2581 2562 2610 2602 a
2656 2546 2786 2601 Deo.
2818 2545 2943 2601 Haec
2984 2547 3182 2600 domus
3217 2544 3331 2608 Dei,
3352 2543 3452 2596 haec
3473 2554 3637 2609 sponsa

2112 2641 2333 2699 Christi.
2391 2639 2540 2695 Hanc
2586 2639 2708 2694 dico
2745 2646 3060 2693 sanctorum
3112 2637 3349 2693 omnium
3392 2644 3641 2702 congrega-

2115 2736 2333 2790 tionem.
2368 2734 2428 2788 ln
2452 2734 2556 2790 hac
2582 2733 2928 2790 continentur
2961 2747 3158 2788 omnes
3181 2730 3326 2801 justi.
3351 2737 3403 2784 et
3420 2726 3500 2797 qui
3521 2733 3640 2784 sunt,

2113 2837 2169 2882 et
2192 2827 2284 2897 qui
2310 2826 2551 2890 fuerunt,
2578 2833 2634 2880 et
2681 2825 2772 2895 qui
2799 2832 2978 2878 erunt.
3032 2823 3231 2878 Adhuc
3271 2820 3386 2875 dico
3434 2813 3646 2885 amplius.

2113 2917 2289 2971 Etiam
2319 2928 2508 2970 omnes
2533 2913 2814 2970 beatorum
2836 2913 3128 2982 spirituum
3157 2911 3368 2967 ordines
3387 2909 3437 2963 in
3456 2907 3545 2961 hac
3560 2916 3643 2956 una

2117 3009 2558 3066 confoederantur
2611 3006 2854 3062 Ecclesia
2879 3045 2895 3070 ,
2953 3004 3219 3076 Apostolo
3279 3017 3374 3057 nos
3417 2999 3642 3054 docente:

2067 3091 2086 3138 ~‘
2118 3101 2254 3167 Quia
2283 3103 2339 3154 in
2363 3097 2568 3154 Christo
2599 3095 2932 3152 reconciliata
2963 3104 3089 3149 sunt
3116 3094 3290 3149 onm'a
3311 3133 3327 3155 ,
3375 3105 3470 3143 ιιοιι
3490 3082 3644 3142 solum.

2115 3209 2230 3266 qua
2250 3195 2304 3246 in
2333 3201 2473 3245 terra
2513 3198 2634 3244 sunt
2656 3230 2670 3253 ,
2725 3205 2900 3244 verum
2930 3188 3092 3243 etiam
3127 3204 3247 3258 qum
3292 3187 3350 3240 in
3390 3181 3515 3236 cali:
3549 3183 3647 3232 sui

2117 3283 2338 3355 (Co/oss.
2369 3298 2409 3346 t,
2432 3281 2543 3351 20).
2579 3279 2704 3334 Haec
2749 3279 2931 3335 omnia
2961 3293 3124 3335 sacra
3151 3279 3349 3345 unitas,
3374 3275 3549 3330 dicitur
3583 3267 3648 3324 ci-

2117 3375 2255 3428 vitas
2285 3372 2400 3427 Dei.
2426 3371 2526 3426 Hic
2573 3368 2724 3428 locus
2751 3378 2839 3426 est
2861 3411 2876 3436 ,
2925 3369 2980 3424 in
3019 3385 3134 3439 quo
3180 3367 3435 3424 conﬂatur
3470 3373 3646 3417 aurum.

2116 3464 2266 3519 llanc
2291 3477 2453 3516 unam
2483 3461 2778 3517 Ecclesiam
2797 3460 3126 3516 catholicam
3147 3468 3204 3514 et
3227 3471 3433 3514 sursum
3457 3463 3505 3508 et
3522 3452 3650 3506 deor-

2116 3568 2236 3608 sum
2265 3552 2464 3621 ubique
2484 3549 2731 3608 diffusam
2775 3551 2828 3606 in
2854 3565 3019 3605 unam
3063 3547 3410 3622 colligendam
3459 3539 3652 3602 beatitu-

2116 3643 2294 3697 dinem
2317 3639 2501 3708 credo,
2530 3643 2696 3707 idest,
2722 3649 2892 3695 totam
2921 3641 3087 3696 simul
3114 3641 3168 3696 in
3195 3638 3333 3695 ctelo
3354 3640 3654 3707 regnatum

2115 3749 2238 3788 cum
2269 3731 2510 3795 Christo,
2535 3733 2627 3802 qui
2655 3741 2818 3802 caput
2835 3739 2924 3786 est
2943 3731 3119 3802 ipsius
3140 3728 3408 3790 Ecclesiae,
3433 3724 3543 3795 quia
3561 3721 3652 3792 ipsa

2114 3831 2197 3878 est
2226 3838 2424 3892 corpus
2448 3821 2585 3893 ejus.
2628 3819 2804 3890 Hujus
2819 3835 3054 3892 namque
3103 3820 3350 3892 corporis
3374 3817 3534 3872 factus
3559 3823 3656 3867 sum

2113 3928 2211 3983 μεν
2237 3913 2469 3982 gratiam
2496 3912 2589 3967 Dei
2617 3913 2936 3976 membrum,
2970 3913 3100 3969 licet
3113 3911 3400 3984 parvulum
3443 3915 3495 3961 et
3529 3900 3654 3958 inﬁr—

2113 4018 2282 4058 mum.
2301 4001 2468 4071 Hujus
2495 4003 2830 4058 consortium
2855 4015 2908 4058 et
2931 4003 3034 4059 fide
3061 4013 3118 4060 et
3137 4019 3305 4075 opere
3327 3999 3539 4057 ﬁrmiter
3557 3993 3659 4049 reti-

2115 4107 2246 4148 nere
2275 4107 2447 4162 usque
2462 4081 2518 4147 in
2537 4093 2731 4159 'flnem,
2761 4103 2818 4150 ct
2840 4103 2968 4164 opto
2992 4095 3158 4152 nimis
3182 4103 3282 4151 eta
3312 4095 3422 4149 Deo
3443 4085 3623 4160 postulo
3640 4121 3654 4144 ι

2113 4185 2204 4254 qui
2227 4185 2385 4240 dator
2432 4193 2519 4241 est
2547 4187 2785 4240 omnium
2827 4186 3113 4244 bonorum.
3164 4188 3309 4259 Ergo
3354 4186 3408 4241 in
3444 4185 3537 4238 hac
3571 4191 3654 4232 una

2112 4276 2354 4334 Ecclesia
2373 4289 2560 4336 sancta
2581 4288 2756 4337 matre
2781 4290 2964 4338 nostra
3003 4283 3277 4338 catholica
3292 4323 3308 4347 ,
3357 4294 3470 4350 qua:
3495 4277 3542 4332 in
3567 4282 3656 4328 toto

2115 4371 2245 4426 urbe
2285 4371 2468 4426 laudat
2497 4367 2663 4426 Deum
2690 4413 2705 4438 ,
2761 4387 2848 4427 me
2897 4383 3216 4428 sanctorum
3267 4367 3658 4427 communionem

2113 4468 2526 4515 consecuturum
2553 4476 2676 4517 esse
2705 4461 2887 4526 credo,
2911 4477 3018 4518 non
3048 4463 3103 4517 in
3131 4463 3272 4518 meis
3308 4459 3506 4516 nieritis
3531 4496 3543 4520 ,
3580 4450 3658 4507 sed

2111 4550 2168 4605 in
2205 4551 2405 4606 Christi
2435 4566 2699 4624 sanguine
2727 4559 2782 4605 et
2822 4552 2981 4622 hujus
3011 4553 3207 4609 matris
3237 4549 3484 4608 Ecclesiae
3517 4540 3660 4616 βιαία

2112 4642 2210 4696 bus
2245 4643 2563 4714 meritisque
2588 4643 2883 4699 confidens.
2916 4644 3053 4699 Sunt
3069 4645 3241 4718 406
3267 4653 3322 4700 et
3345 4644 3457 4698 alite
3473 4634 3658 4710 μεθύον

2109 4732 2353 4789 ecclesiae
2373 4733 2688 4788 daemonicis
2716 4733 2954 4804 decepta:
2980 4735 3250 4790 doctrinis
3279 4749 3385 4790 non
3409 4730 3657 4800 sequentes

2112 4820 2406 4888 Christum,
2430 4839 2660 4895 quarum
2694 4833 2749 4878 et
2774 4826 2980 4880 scelera
2999 4835 3055 4880 et
3079 4826 3308 4880 nomina
3333 4823 3490 4894 pudet
3511 4831 3585 4872 me
3605 4825 3656 4868 ac

2111 4914 2254 4982 piget
2271 4913 2412 4968 inter
2429 4929 2584 4968 sacra
2601 4912 2764 4968 verba
2778 4913 3138 4970 confessionis
3167 4915 3297 4970 fidei
3324 4926 3453 4969 mea
3471 4905 3652 4965 refeth

2111 5005 2255 5060 Nihil
2279 5005 2409 5061 mihi
2446 5021 2570 5062 cum
2602 5006 2706 5061 illis
2727 5022 3030 5072 commune,
3057 5007 3277 5062 cunctis
3298 5006 3378 5061 eis
3412 4998 3653 5058 anathem

2111 5099 2264 5163 dico;
2316 5114 2422 5154 non
2465 5099 2597 5153 mihi
2650 5101 2929 5169 contingat
2981 5113 3104 5154 cum
3139 5099 3250 5154 illis
3277 5096 3362 5153 vel
3412 5087 3653 5167 paciﬁci"!

2113 5191 2398 5260 aliquando
2417 5189 2620 5245 habere
2644 5205 2966 5245 sermonem.
2995 5190 3050 5245 Si
3099 5190 3256 5245 locus
3293 5197 3348 5244 et
3375 5195 3564 5254 mpm
3587 5187 3658 5246 Ρ⁰¹

2110 5283 2348 5353 posuerit
2377 5283 2628 5355 persequi
2658 5283 2776 5338 illas
2807 5294 2862 5337 et
2911 5299 3014 5354 pro
3038 5283 3188 5338 scire
3223 5291 3280 5338 et
3313 5293 3498 5352 posse.
3538 5262 3655 5342 (Ιωδ

2089 5372 2241 5426 mihi
2264 5371 2405 5427 Deus
2435 5372 2586 5427 dabit
2639 5381 2696 5427 et
2725 5371 2839 5438 dat,
2882 5373 3021 5428 sicut
3052 5373 3245 5428 hostes
3271 5368 3467 5428 Chriin
3516 5365 3658 5429 impu-

2111 5476 2276 5533 gnare
2303 5476 2581 5532 nunquam
2611 5463 2874 5518 desinam.
2926 5463 3122 5519 Divisa:
3155 5463 3308 5518 enim
3354 5467 3471 5515 sunt
3509 5461 3656 5507 aeor-

2110 5568 2241 5622 pore
2261 5555 2478 5610 Cbrhtti.
2508 5555 2615 5610 Illae
2641 5555 2858 5625 quidem
2903 5568 3153 5610 errorum
3185 5563 3348 5609 nocte
3399 5544 3656 5604 tenebrosc

2111 5644 2248 5698 ultra
2284 5653 2334 5698 et
2363 5643 2520 5712 infra,
2545 5661 2707 5714 quam
2737 5655 2794 5699 ut
2817 5651 3074 5716 oporteat,
3090 5643 3388 5695 trahuntur
3409 5654 3436 5691 ιι
3457 5626 3652 5690 diaboli).
