3934 6180
314 407 449 463 1073

979 392 1130 449 OPP.
1167 388 1396 446 DUDIA.
1436 413 1505 427 -κ
1544 382 1772 441 ΑιΒιΝι
1810 382 1890 439 α]

1992 378 2194 436 BSSIO
2231 375 2430 432 FIDEI.
2471 401 2540 415 ια-
2579 372 2760 428 PMIS
2798 373 2884 427 lli.

3423 372 3557 426 107$

311 521 562 592 magistro
595 529 800 571 eorum.
855 512 1027 566 linter
1064 523 1195 563 vero
1246 504 1482 561 Ecclesia
1531 499 1766 557 medium
1797 509 1876 554 te-
1907 507 1954 566 Α
1981 506 2107 592 tant-
2125 507 2279 592 suam
2307 491 2534 547 Domino
2559 497 2897 592 protegente“
2918 486 2987 540 ab
3017 484 3162 592 omni
3199 485 3412 592 capitali
3460 487 3563 592 eri:

309 621 418 670 net,
449 609 594 678 quod
613 620 754 661 verae
786 601 1000 658 virtutis
1033 598 1310 672 proprium
1335 605 1438 651 est.

375 698 584 755 XXVII.
623 697 751 751 llaec
769 694 985 765 quidem
1020 699 1195 746 mater
1217 688 1477 752 Ecclesia,
1514 699 1634 755 quae
1677 683 1880 738 dicitur

309 790 592 854 catholica,
617 803 716 858 per
736 787 922 841 orbem
952 783 1007 838 in
1043 795 1150 836 una
1184 781 1482 848 eademque
1512 777 1616 832 ﬁde
1645 773 1837 830 ditfusa
1861 811 1876 837 ,

311 883 480 938 tribus
513 878 688 934 modis
731 874 990 946 probatur
1017 873 1270 928 existere.
1308 867 1580 938 Quidquid
1608 867 1664 921 in
1694 879 1759 919 ea
1805 871 1882 918 te-

311 983 482 1036 netur,
515 977 605 1024 aut
629 965 926 1023 auctoritas
957 971 1039 1019 est
1058 961 1460 1034 Scripturarum
1490 999 1506 1021 .
1550 965 1644 1013 aut
1662 953 1883 1012 traditio

310 1063 646 1128 universalis,
681 1069 774 1115 aut
791 1066 940 1116 certe
965 1057 1182 1129 propria
1207 1064 1263 1112 et
1309 1053 1652 1126 particularis
1684 1052 1884 1106 instru-

309 1157 434 1221 ctio,
460 1153 555 1210 sed
595 1151 918 1207 auctoritate
962 1155 1073 1202 tota
1127 1144 1543 1214 constringitur,
1590 1137 1880 1196 universali

309 1243 594 1300 traditione
620 1239 884 1310 majorum
908 1235 1256 1292 nihilominus
1283 1243 1396 1288 tota
1421 1248 1436 1296 ;
1488 1231 1714 1302 privatis
1754 1242 1883 1282 vero

309 1329 778 1389 constitutionibus
829 1337 885 1382 et
937 1325 1171 1397 propriis
1227 1320 1696 1382 informationihus
1749 1335 1884 1373 una-

308 1437 531 1494 quaeque
555 1419 634 1475 vel
663 1433 764 1490 pro
792 1418 1036 1473 locorum
1072 1417 1350 1479 varietate,
1381 1413 1465 1468 vel
1501 1419 1660 1483 prout
1689 1409 1883 1480 cuique

311 1517 444 1570 bene
467 1512 644 1568 visum
700 1517 802 1575 est,
831 1507 1074 1564 subsistit
1102 1514 1158 1562 et
1211 1506 1433 1577 regitur.
1467 1499 1882 1558 Consuetudinis

309 1608 502 1677 quippe
527 1611 653 1660 sunt
678 1603 903 1656 diversa:
923 1641 940 1664 ,
992 1597 1088 1654 sed
1123 1611 1230 1652 una
1283 1597 1578 1665 eademque
1600 1605 1685 1648 est
1715 1593 1771 1647 in
1817 1605 1878 1646 ea

311 1696 429 1751 fllei
456 1695 768 1750 orthodoxa:
799 1690 1092 1762 integritas.
1109 1687 1254 1744 Intra
1280 1687 1422 1742 hanc
1438 1694 1679 1742 sanctam
1701 1683 1884 1740 Eccle-

306 1787 463 1850 siam,
487 1783 578 1838 ubi
607 1797 746 1838 unus
777 1782 917 1836 Deus
947 1780 1050 1834 rite
1073 1779 1286 1844 colitur,
1319 1785 1377 1834 et
1427 1768 1535 1838 una
1589 1784 1676 1832 est
1724 1774 1877 1831 ﬁdes.

1976 587 2126 642 mine
2156 585 2450 640 immnnem
2503 586 2806 638 servarunt.
2837 578 2970 634 Dico
3017 577 3180 632 etiam
3223 576 3342 648 plus
3365 616 3379 644 ,
3415 578 3561 646 quod

1978 673 2083 732 illis
2115 671 2526 728 excellentiores
2549 669 2664 725 ﬁeri
2691 677 2919 738 possunt
2960 667 3014 722 in
3057 665 3244 738 gloria.
3300 665 3424 720 llzec
3477 675 3566 722 est

1978 765 2197 834 quidem
2225 763 2294 818 de
2335 762 2521 827 sanis;
2556 762 2624 815 de
2658 759 2888 815 inﬁrmis
2917 774 3046 814 vero
3078 760 3181 813 hoc
3223 759 3416 823 sentio,
3446 773 3565 828 spe-

1981 871 2108 911 rans
2137 853 2519 922 dcjustissima
2549 853 2750 922 pietate
2763 851 2880 917 Dei,
2903 850 3047 923 quod
3077 851 3123 906 si
3155 852 3278 921 quis
3299 866 3484 906 eorum
3508 852 3562 905 in

1979 946 2172 1002 ultimo
2200 947 2326 1001 vitae
2343 945 2536 1016 spiritu
2559 944 2920 1000 admissurum
2947 942 3227 1014 poeniteat,
3264 952 3318 998 et
3343 952 3563 1014 peccata

1981 1051 2078 1093 sua
2087 1035 2298 1107 publica
2313 1035 2683 1092 satisfactione
2695 1035 3115 1103 lamentationis,
3133 1049 3315 1091 coram
3331 1036 3561 1100 cunctis,

1981 1130 2072 1198 qui
2101 1129 2172 1185 ibi
2217 1128 2450 1193 adstant,
2483 1127 2716 1200 prodat,
2769 1127 3089 1199 pcenitentia
3137 1127 3254 1198 ejus
3302 1125 3560 1196 recipitur

1979 1221 2166 1290 procul
2196 1220 2358 1277 dubio
2379 1219 2560 1276 abillo
2595 1221 2688 1290 qui
2728 1237 2820 1276 cor
2849 1219 3128 1274 contritum
3158 1229 3207 1274 et
3228 1217 3562 1273 Itumiliatum

1979 1327 2086 1367 non
2121 1313 2316 1382 spernit
2355 1307 2528 1383 (Paul.
2556 1326 2608 1366 ι..
2633 1311 2745 1377 19).
2775 1321 2825 1366 et
2855 1319 3074 1364 mortem
3095 1325 3199 1364 non
3229 1308 3334 1363 vult
3373 1323 3564 1378 pecca-

1979 1414 2153 1459 torum
2189 1403 2404 1475 (Emit.
2438 1402 2658 1474 1",“),
2681 1403 2847 1459 etiam
2892 1399 3011 1473 [Ρη
3042 1399 3278 1471 etiamsi]
3311 1398 3566 1454 continuo

1979 1493 2088 1548 vita
2110 1492 2420 1558 exceditur;
2465 1491 2805 1563 propositum
2831 1491 2976 1546 enim
3011 1490 3103 1546 Dei
3135 1529 3152 1554 ,
3201 1503 3306 1558 quo
3331 1487 3571 1545 decrevit

1977 1585 2192 1641 salvare
2239 1585 2382 1654 quod
2428 1585 2682 1654 perierat,
2712 1592 2822 1638 stat
2851 1582 3144 1638 immobile.
3200 1582 3469 1638 Catterum
3526 1581 3571 1636 si

1978 1690 2140 1746 quem
2170 1684 2351 1732 movet
2383 1678 2525 1746 quod
2550 1677 2809 1746 scriptum
2844 1685 2929 1732 est
2950 1716 2966 1741 ,
3015 1677 3143 1746 quia
3175 1675 3315 1730 Deus
3368 1675 3569 1729 nullum

1977 1771 2182 1826 crimen
2212 1771 2294 1826 vel
2317 1779 2598 1842 peccatum
2633 1769 2727 1842 [F.
2772 1769 2912 1824 deest
2947 1768 3200 1842 inultum]
3235 1767 3386 1822 abire
3428 1768 3571 1836 pati-

313 1893 332 1928 ι
377 1887 402 1915 ι
428 1873 603 1930 Unum
653 1883 844 1927 tenens
880 1869 1145 1924 conﬁteor
1167 1869 1460 1940 baptisma,
1511 1883 1673 1938 quam
1701 1867 1891 1922 iisdem
1921 1858 1965 1919 Β
1993 1867 2124 1914 tur:
2157 1859 2202 1917 si
2240 1861 2402 1918 homo
2451 1875 2560 1916 non
2604 1859 2775 1929 punit,
2836 1859 2978 1914 Deus
3028 1867 3178 1914 certe
3235 1857 3406 1928 punit.
3449 1856 3559 1910 Res

307 1965 628 2023 sacramenti
644 1964 823 2020 verbis
849 1963 903 2018 in
926 1961 1240 2028 infantibus,
1267 1959 1462 2032 quibus
1483 1961 1648 2014 etiam
1674 1960 1728 2013 in
1765 1974 1882 2013 ma-

305 2055 537 2126 ioribus,
567 2071 688 2112 esse
713 2053 1095 2111 celebrandum
1128 2054 1268 2118 dico,
1299 2072 1318 2108 ι
1356 2062 1526 2122 atque
1549 2052 1736 2106 dicens
1763 2065 1887 2104 con-

303 2149 484 2205 firmo.
512 2147 634 2202 illos
665 2146 892 2217 quidem
918 2144 1292 2200 tantummodo
1337 2143 1641 2213 baptizatos
1662 2157 1883 2208 assero,

305 2240 396 2313 qui
427 2241 481 2296 in
520 2239 733 2294 nomine
768 2236 972 2302 Patris,
1027 2248 1083 2292 et
1134 2236 1274 2302 Filii,
1301 2248 1358 2293 et
1383 2235 1614 2306 Spiritus
1667 2233 1884 2299 sancti,

300 2330 456 2404 iuxta
476 2331 718 2403 regulam
745 2345 777 2383 a
805 2329 1032 2384 Domino
1076 2327 1310 2399 positam
1343 2327 1494 2382 tincti
1527 2335 1672 2381 sunt.
1697 2325 1762 2379 In
1781 2340 1886 2396 qua

306 2421 713 2495 regeneratione
759 2419 1132 2476 remissionem
1158 2418 1396 2473 omnium
1433 2425 1800 2487 peccatorum,
1834 2423 1890 2469 et

303 2510 646 2582 originalium
670 2519 726 2566 et
748 2510 1040 2566 actualium
1071 2509 1188 2564 dari
1213 2549 1228 2574 ,
1275 2516 1330 2564 et
1359 2508 1571 2562 animas
1623 2505 1890 2576 simulque

305 2616 533 2672 corpora
561 2602 952 2673 baptizatorum
983 2599 1311 2658 sanctiﬁcarl
1334 2614 1430 2671 per
1469 2598 1732 2670 Spiritum
1763 2613 1890 2653 san-

305 2701 456 2749 ctum
479 2694 643 2750 credo
668 2712 681 2748 :
711 2709 869 2763 quem
899 2695 1194 2764 accipimus
1216 2709 1282 2748 ex
1305 2701 1429 2747 tunc
1453 2693 1646 2764 pignus
1670 2693 1893 2747 incredi-

309 2785 440 2841 tatis
472 2794 692 2850 nostras,
715 2795 771 2840 et
812 2801 910 2856 per
935 2801 1095 2856 quem
1116 2785 1429 2842 diffunditur
1454 2785 1690 2840 charitas
1714 2784 1809 2839 Dei
1836 2783 1890 2839 in

304 2876 560 2932 cordibus
585 2877 804 2932 nostris.
840 2877 982 2933 Deus
1035 2886 1217 2934 sacrat
1270 2893 1484 2948 aquam,
1523 2884 1578 2932 et
1611 2876 1886 2946 haptizat,

307 2969 402 3039 qui
441 2968 567 3024 talia
596 2974 725 3024 tunc
771 2969 826 3024 in
858 2971 1015 3026 nobis
1048 2979 1325 3040 operatur,
1351 2969 1479 3024 licet
1505 2970 1739 3023 humana
1769 2983 1888 3038 my-

307 3062 474 3117 steria
501 3061 632 3116 foris
663 3061 966 3116 videantur.
997 3061 1305 3133 Baptizatos
1340 3071 1539 3126 autem,
1573 3061 1618 3116 si
1650 3069 1770 3130 post
1796 3075 1889 3115 ac—

305 3162 522 3222 ceptam
549 3152 800 3224 baptismi
845 3153 1076 3224 gratiam
1104 3153 1240 3223 lapsi
1272 3151 1470 3208 fuerint
1493 3193 1507 3218 ,
1566 3153 1888 3223 rebaptizari

1984 1950 2286 2022 pendemus
2335 1951 2464 2022 quia
2507 1960 2591 2007 est
2645 1949 2992 2022 purgatorius
3044 1949 3225 2021 ignis,
3275 1949 3369 2004 ubi
3414 1964 3572 2004 mun-

1984 2041 2102 2097 dari
2154 2051 2445 2112 poterunt,
2479 2051 2537 2099 et
2585 2044 2666 2099 sic
2713 2043 2936 2114 purgati.
2971 2041 3265 2113 iungentur
3319 2041 3424 2096 illis
3485 2042 3576 2110 qui

1984 2132 2056 2188 ad
2103 2133 2396 2188 dexteram
2430 2133 2663 2204 ponendi
2712 2141 2891 2188 erunt.
2941 2130 3185 2200 Qualitas
3211 2140 3268 2188 et
3299 2130 3591 2200 quantitas

1983 2237 2267 2293 pmoarum
2314 2238 2417 2294 pro
2474 2222 2814 2293 poenitentia,
2849 2237 2975 2294 qua
3027 2223 3233 2293 agenda
3281 2221 3459 2277 fuerat
3511 2222 3571 2276 in

1987 2313 2117 2377 vita,
2143 2311 2200 2368 in
2224 2311 2318 2368 Dei
2353 2321 2438 2368 est
2465 2311 2727 2378 arbitrio,
2781 2312 2874 2384 qui
2920 2309 3249 2383 proﬂuentes
3303 2309 3582 2380 laerytmas

1986 2401 2206 2457 contriti
2228 2401 2408 2458 cordis
2437 2402 2698 2472 suscepit.
2733 2401 2874 2473 Ergo
2901 2400 3039 2457 bene
3069 2400 3354 2472 agentibus
3401 2398 3572 2471 bapti-

1987 2494 2128 2550 zatis
2150 2493 2253 2550 iter
2273 2505 2394 2550 esse
2418 2493 2635 2549 salutis:
2665 2491 2866 2548 nullum
2894 2503 3074 2547 alitem
3105 2492 3573 2556 eatechumenum,

1985 2587 2235 2660 quamvis
2262 2586 2316 2642 in
2339 2585 2497 2642 bonis
2540 2584 2795 2656 operibus
2825 2583 3157 2650 defunctum,
3184 2584 3348 2638 vitam
3378 2582 3579 2638 habere

1987 2690 2247 2735 mternam
2281 2677 2541 2743 dicimus;
2589 2685 2817 2747 excepto
2861 2673 3122 2748 martyrio
3146 2715 3161 2740 ,
3198 2674 3291 2730 ubi
3327 2680 3436 2729 tota
3484 2673 3579 2728 bu-

1987 2773 2171 2841 ptismi
2197 2779 2536 2828 sacramenta
2569 2769 2925 2840 complentur.
2967 2769 3240 2840 Sanguine
3263 2767 3442 2833 enim,
3491 2765 3577 2822 vel

1987 2861 2132 2930 igne,
2160 2861 2243 2917 vel
2265 2861 2440 2931 poenis
2469 2860 2589 2916 aliis
2613 2859 2962 2931 baptizantur
2983 2858 3344 2915 confessores.

2061 2969 2252 3025 XXIX.
2290 2969 2466 3026 Credo
2491 2971 2672 3026 carnis
2697 2971 3174 3034 resurrectionem,
3202 2985 3310 3025 non
3338 2969 3532 3025 animae
3552 3009 3568 3035 ,

1987 3075 2109 3131 qu:e
2130 3059 2264 3116 licet
2293 3074 2323 3115 a
2347 3075 2444 3116 sua
2467 3061 2598 3125 vita,
2628 3075 2748 3131 quae
2775 3061 2920 3116 Deus
2948 3069 3056 3126 est,
3090 3061 3375 3116 deseratur
3400 3097 3416 3126 ,
3470 3057 3575 3115 hoc

1995 3161 2080 3207 est
2107 3152 2223 3224 eius
2249 3152 2410 3218 mori,
2432 3160 2612 3223 potest
2655 3153 2801 3209 enim
2836 3153 2972 3209 bene
3008 3155 3077 3208 ab
3130 3153 3235 3209 hac
3260 3160 3434 3209 morte
3487 3166 3579 3224 per

303 3215 526 3308 debere,
557 3215 894 3314 nequaquam
940 3215 1191 3309 dicimus,
1242 3258 1309 3299 ne
1356 3215 1622 3300 invocatio
1651 3215 1735 3298 vel
1770 3259 1896 3300 con-
1919 3215 1970 3278 θ
1996 3215 2375 3314 paenitentiam
2397 3215 2721 3316 resurgere,
2752 3252 2932 3300 tamen
2953 3244 3383 3300 substantialiter
3426 3215 3578 3306 vivit.

306 3334 480 3391 fessio
511 3343 712 3390 sanctae
770 3334 1047 3389 Trinitatis
1088 3333 1428 3400 annulletur;
1461 3335 1556 3389 sed
1580 3333 1776 3390 salvari
1801 3349 1894 3390 eos

306 3440 472 3496 posse
496 3426 768 3480 credimus
787 3440 883 3496 per
906 3425 1299 3496 paenitentiam,
1335 3440 1456 3496 quae
1485 3426 1668 3483 multis
1719 3426 1894 3482 modis

305 3515 490 3587 agitur
521 3515 574 3569 in
604 3524 774 3571 matre
798 3516 1059 3580 Ecclesia,
1097 3532 1216 3588 quae
1261 3515 1452 3572 domus
1484 3519 1577 3572 Dei
1607 3517 1893 3583 est,'extra

305 3621 475 3677 quam
507 3605 710 3662 nullam
745 3608 966 3663 credere
1014 3608 1097 3663 fas
1133 3616 1218 3663 est
1265 3610 1655 3675 remissionem,
1692 3611 1892 3666 nullam

301 3702 611 3773 justitiam:
645 3703 898 3772 quoniam
944 3712 1098 3756 extra
1155 3702 1299 3755 illam
1335 3704 1566 3772 positis,
1612 3713 1665 3758 et
1713 3720 1895 3759 sacra-

306 3799 495 3846 menta
519 3789 906 3855 ecclesiastica,
931 3799 988 3845 et
1013 3789 1270 3860 quidquid
1303 3791 1428 3845 boni
1451 3792 1534 3860 agi
1562 3800 1759 3861 potest,
1790 3808 1894 3846 non

308 3881 633 3949 proveniunt
662 3881 728 3936 ad
754 3880 1001 3945 salutem,
1040 3880 1132 3935 sed
1155 3880 1332 3950 potius
1354 3881 1419 3934 ad
1452 3881 1764 3950 perniciem.
1786 3881 1893 3936 Ex-

308 3980 397 4023 tra
432 3969 573 4024 hanc
601 3970 745 4025 enim
797 3972 933 4026 mori
973 3970 1200 4026 diversis
1245 3967 1496 4025 crucibus
1554 3969 1735 4026 carnis
1773 3972 1896 4042 quis

305 4067 512 4130 potest,
527 4060 622 4114 sed
648 4059 760 4116 Deo
777 4069 1032 4131 acceptus
1047 4077 1170 4117 esse
1194 4076 1300 4117 non
1326 4071 1520 4133 potest.
1553 4060 1675 4119 llaec
1699 4065 1897 4137 quippe

307 4156 401 4202 est
424 4146 594 4211 locus,
629 4148 682 4204 in
709 4163 816 4219 quo
843 4148 1110 4205 conflatur
1133 4163 1351 4206 aurum.

389 4237 615 4293 XXVIII.
657 4238 771 4296 Hoc
829 4241 995 4296 etiam
1041 4242 1336 4296 secundum
1369 4241 1528 4298 ﬁdem
1576 4245 1896 4301 catholicam

309 4341 498 4397 teneo,
520 4331 663 4400 quod
687 4347 878 4388 omnes
892 4333 1160 4388 veraciter
1179 4333 1437 4404 baptizati
1462 4334 1574 4390 Deo
1603 4336 1897 4392 auxiliante

306 4429 376 4475 et
394 4431 741 4492 cooperante,
769 4437 888 4492 qua
905 4424 974 4478 ad
997 4423 1224 4478 salutem
1244 4425 1436 4479 anima:
1455 4427 1746 4496 pertinent,
1775 4443 1899 4498 pos-

1996 3344 2053 3390 et
2072 3352 2177 3392 non
2203 3335 2429 3392 moritur
2449 3351 2685 3407 unquam
2712 3377 2728 3401 ,
2770 3345 2827 3392 et
2850 3336 2970 3392 ideo
2993 3335 3312 3393 substantia:
3341 3352 3452 3392 sua:
3474 3349 3581 3392 non

1995 3435 2120 3498 eget
2147 3426 2565 3483 resurrectione.
2621 3425 2679 3481 In
2711 3426 2826 3481 sola
2877 3425 3062 3497 itaque
3094 3440 3256 3481 carne
3285 3427 3448 3482 credo
3494 3442 3581 3480 me

1997 3533 2306 3591 resurgere.
2329 3519 2387 3576 in
2425 3534 2534 3591 quo
2557 3518 2745 3590 procul
2774 3518 2937 3576 dubio
2982 3519 3278 3575 moriturus
3302 3535 3443 3574 sum.
3474 3518 3570 3573 Rc-

1995 3618 2182 3680 surgct
2203 3618 2351 3665 certe
2380 3625 2530 3677 caro,
2561 3611 2657 3666 sed
2680 3610 2754 3664 ita
2777 3609 3100 3667 immortalis
3126 3620 3291 3681 atque
3316 3611 3577 3682 spiritua-

1994 3700 2080 3766 lis,
2109 3710 2168 3754 ut
2191 3701 2446 3770 deinceps
2475 3702 2612 3756 mori
2663 3718 2769 3756 non
2797 3702 2989 3770 possit.
3047 3701 3167 3756 Erit
3217 3701 3458 3767 ejusdem
3489 3719 3570 3757 na

1991 3798 2154 3853 torte,
2179 3791 2273 3845 sed
2305 3790 2529 3844 alterius
2567 3791 2864 3860 qualitatis.
2895 3791 3021 3861 quia
3054 3790 3346 3844 seminatur
3394 3807 3583 3861 corpus

1996 3878 2244 3942 animale,
2261 3888 2434 3949 surget
2451 3895 2638 3948 corpus
2655 3877 2990 3949 spiritualeU
3016 3877 3139 3932 Cor.
3164 3894 3255 3945 xv,
3274 3878 3384 3948 Η).
3413 3879 3442 3920 ι)
3462 3879 3582 3935 Om-

1995 3966 2145 4022 n'um
2173 3967 2448 4022 hominum
2472 3967 2615 4022 sicut
2641 3975 2695 4021 et
2743 3981 2918 4022 meam
2944 3969 3209 4023 conﬁteor
3231 3969 3588 4025 resurrectio-

1997 4073 2141 4122 nem,
2171 4057 2266 4113 sed
2302 4071 2465 4112 unam
2490 4064 2545 4112 et
2571 4057 2757 4122 semel,
2788 4057 2950 4112 simul
2997 4074 3187 4114 onmes
3213 4074 3578 4131 resurgemus.

1999 4151 2112 4205 Non
2139 4149 2370 4219 primam
2398 4147 2668 4217 iustorum
2697 4156 2751 4204 ct
2780 4150 3072 4206 secundam
3113 4151 3435 4223 impiorum,
3487 4153 3582 4208 sed

1998 4258 2158 4298 unam
2185 4241 2449 4296 omnium.
2480 4262 2498 4294 ›
2533 4241 2650 4297 Non
2673 4242 2818 4297 aliud
2847 4258 3046 4299 novum
3071 4259 3269 4315 corpus
3293 4260 3391 4316 pro
3418 4261 3583 4300 carne

1999 4335 2102 4389 hac
2125 4340 2582 4397 resurrecturum,
2609 4332 2702 4388 sed
2730 4334 2870 4389 hanc
2895 4334 3068 4404 ipsam
3089 4335 3233 4390 nullo
3265 4337 3484 4390 omnino
3534 4339 3580 4392 ci

1995 4424 2083 4480 vel
2107 4425 2352 4480 membro
2373 4433 2670 4496 amputato,
2694 4425 2779 4480 vel
2809 4426 2985 4497 aliqua
3035 4427 3275 4499 corporis
3302 4438 3456 4498 parte
3493 4429 3582 4483 de-

307 4511 428 4620 sint
451 4519 507 4566 et
527 4512 774 4620 debeant,
799 4513 846 4569 si
874 4514 1104 4570 ﬁdeliter
1129 4515 1376 4573 laborare
1406 4519 1690 4586 voluerint,
1725 4520 1898 4576 adim—
1922 4555 1978 4620 Β
2002 4513 2216 4570 fectu-1
2257 4514 2389 4570 Tam
2411 4513 2680 4585 iustorum
2699 4559 2713 4580 ,
2763 4531 2928 4586 quam
2977 4515 3296 4585 injustorum
3327 4533 3454 4573 caro
3501 4517 3583 4572 in-

310 4599 484 4670 plere.
506 4600 731 4672 Aliquos
757 4619 888 4660 vero
911 4605 978 4659 ad
1003 4605 1204 4662 malum
1238 4608 1418 4664 divina
1463 4619 1730 4682 potestate
1756 4628 1896 4684 pra:-

308 4691 618 4749 destinatos
640 4709 762 4752 esse
784 4711 888 4750 non
922 4695 1093 4752 solum
1137 4715 1244 4755 non
1271 4702 1432 4756 credo
1454 4744 1470 4767 ,
1523 4705 1616 4759 sed
1657 4705 1820 4760 etiam
1851 4707 1896 4762 si

307 4793 466 4851 sunt,
497 4787 588 4856 qui
621 4796 829 4842 tantum
855 4789 976 4843 mali
994 4791 1214 4846 credere
1236 4791 1418 4859 velint,
1447 4808 1568 4848 cum
1590 4797 1735 4851 omni
1761 4797 1901 4851 dcte

310 4876 554 4932 statione
585 4877 868 4934 anathema
897 4879 1003 4936 illis
1022 4881 1161 4937 dico.
1194 4881 1336 4938 Deus
1373 4885 1516 4939 enim
1547 4894 1602 4940 et
1625 4885 1822 4954 bonus,
1845 4897 1900 4942 et

311 4969 464 5038 pius,
495 4979 552 5023 et
582 4969 923 5039 omnipotens
983 4980 1084 5027 est.
1119 4973 1259 5044 Ergo
1298 4974 1344 5027 si
1380 4975 1503 5028 mali
1547 4991 1749 5041 sumus,
1789 4993 1894 5033 non

313 5057 484 5121 illius,
516 5058 610 5113 sed
631 5066 816 5115 nostra
845 5068 930 5116 est
949 5061 1124 5133 culpa,
1153 5071 1207 5117 et
1231 5062 1450 5128 diaboli,
1473 5064 1626 5134 cujus
1648 5066 1897 5123 nefandis

310 5148 563 5204 tonsiliis
584 5149 997 5219 acquiescimus.
1021 5151 1126 5208 Sed
1145 5153 1287 5208 illam
1301 5164 1559 5226 praeterea
1575 5171 1758 5212 veram
1779 5158 1898 5213 dico

313 5238 718 5309 penitentiam.
745 5256 866 5310 qua
889 5242 1123 5298 admissa
1146 5243 1323 5311 deﬁet,
1357 5255 1412 5300 et
1443 5247 1772 5316 paenitenda,
1804 5263 1902 5302 ne-

313 5341 432 5397 que
461 5326 572 5392 illa,
602 5343 776 5398 neque
807 5332 886 5386 eis
917 5332 1130 5398 similia,
1153 5351 1252 5406 pro
1275 5337 1469 5406 quibus
1511 5338 1898 5407 paenitudinem

312 5419 487 5493 gerit,
514 5419 766 5491 deinceps
804 5421 1056 5478 admittit.
1113 5424 1274 5480 Pauci
1308 5427 1671 5494 inveniuntur,
1699 5428 1790 5499 qui
1820 5439 1899 5484 ta-

313 5511 451 5568 liter
471 5512 721 5568 studeant
752 5515 1035 5586 panitere.
1063 5516 1178 5572 Non
1207 5528 1386 5574 autem
1421 5521 1607 5576 dubito
1635 5522 1769 5577 bene
1791 5539 1900 5594 pm-

315 5605 561 5658 nitentes
582 5605 647 5658 ad
685 5604 893 5659 illorum
924 5615 1276 5676 perventuros
1310 5611 1654 5678 consortium,
1683 5615 1773 5683 qui
1825 5616 1900 5670 vi-

399 5796 420 5823 ι
468 5784 542 5836 Ex
567 5782 764 5853 Pelagii
791 5783 1156 5839 Confessione.

1999 4608 2365 4679 corruptibilis
2389 4617 2669 4679 resurget,
2711 4617 2770 4663 ut
2797 4607 2883 4663 vel
2908 4623 3098 4678 poenas
3139 4606 3365 4663 sufferre
3413 4608 3583 4678 possit

2000 4715 2098 4772 pro
2122 4702 2378 4771 peccatis,
2409 4701 2492 4754 vel
2529 4701 2581 4755 in
2615 4701 2782 4772 gloria
2837 4709 3038 4755 αξιοι-ηδ
3069 4715 3290 4757 manere
3320 4717 3420 4772 pro
3470 4717 3583 4757 me-

2001 4789 2140 4844 ritis.
2180 4807 2200 4840 »
2238 4777 2422 4845 υιτίιιέ
2450 4804 2610 4845 sexus
2637 4787 2867 4844 formam
2897 4804 3002 4844 non
3031 4791 3343 4846 mutandam
3380 4793 3541 4848 credo
3565 4833 3580 4857 ,

2000 4881 2096 4933 sed
2141 4879 2314 4934 virum
2344 4879 2397 4933 in
2434 4877 2606 4935 forma
2643 4879 2774 4946 viri,
2819 4889 2874 4935 et
2913 4879 3167 4936 feminam
3195 4883 3248 4936 in
3284 4880 3457 4938 forma
3505 4881 3582 4939 fe-

2003 4972 2162 5026 minze
2186 4985 2485 5042 resurgere.
2526 4971 2772 5028 Conditio
2799 4972 3055 5039 cessabit,
3087 4991 3190 5030 non
3239 4976 3445 5048 species
3485 4991 3581 5031 na-

1999 5061 2206 5124 turalis,
2239 5062 2376 5116 sicut
2413 5063 2670 5134 scriptum
2699 5073 2781 5118 est
2805 5082 2818 5116 :
2854 5061 3036 5136 Neque
3064 5067 3276 5129 nubent,
3299 5084 3459 5138 neque
3479 5085 3577 5122 nu-

2000 5155 2184 5207 bentur
2212 5152 2424 5225 (Matth.
2457 5170 2592 5221 χχιι,
2616 5153 2726 5225 30).
2755 5154 2871 5210 Non
2901 5157 3044 5212 enim
3072 5173 3199 5212 vera
3226 5167 3369 5213 esset
3396 5175 3578 5215 resur-

1999 5243 2189 5308 rectio,
2218 5245 2262 5298 si
2293 5244 2343 5298 id
2389 5244 2531 5314 quod
2557 5245 2752 5300 cecidit
2777 5287 2792 5311 ,
2846 5261 2950 5300 non
3006 5256 3333 5318 resurgeret.
3369 5267 3387 5298 ‹
3427 5247 3577 5316 Quod

2003 5343 2180 5389 autem
2207 5332 2368 5406 407
2390 5334 2619 5389 dicimus
2650 5334 2702 5388 in
2723 5335 2989 5406 symbolo,
3021 5337 3076 5392 in
3105 5338 3337 5394 adventu
3362 5339 3575 5396 Domini

2005 5425 2155 5479 vivos
2181 5438 2245 5478 ac
2272 5431 2514 5480 mortuos
2543 5422 2886 5494 iudicandos,
2917 5443 3023 5482 non
3043 5426 3220 5496 iustos
3247 5444 3312 5484 ac
3331 5440 3576 5500 peccato-

2006 5530 2112 5579 res,
2138 5521 2198 5568 ut
2224 5513 2439 5583 quidam
2472 5514 2687 5579 volunt;
2716 5514 2808 5569 sed
2843 5515 2991 5571 vivos
3028 5532 3149 5584 eos,
3207 5520 3296 5589 qui
3323 5522 3380 5576 in
3410 5536 3574 5576 carne

2005 5606 2308 5663 inveniendi
2331 5607 2786 5677 sunt,signiﬁcari
2824 5611 2994 5680 magis
3051 5625 3172 5666 reor
3196 5625 3220 5666 :‘
3246 5613 3336 5682 qui
3379 5613 3443 5668 ad
3473 5616 3572 5670 hoc

2079 5788 2102 5826 ὓ
2155 5786 2352 5851 Genu,
2377 5787 2439 5841 de
2468 5783 2606 5840 Eccl.
2639 5784 2847 5855 Doson,
2879 5803 2994 5857 ευρ.
3035 5789 3087 5844 6.
