3934 6180
376 369 512 426 i075

1221 359 1281 415 Β.
1323 361 1385 416 F.
1424 357 1642 414 ALBINI
1683 355 1815 412 εει]
1855 351 2129 410 ALCUINI
2166 350 2449 410 OPEIIUM
2489 349 2668 406 PARS
2707 350 2839 406 VIII.

3439 427 3446 431 ν
3495 322 3646 400 {676'

375 481 624 539 morituri
651 477 962 540 creduntur,
985 483 1045 530 ut
1067 473 1312 530 suscitati
1363 471 1624 528 continuo
1662 484 1788 526 cum
1826 474 1952 522 ante
1982 469 2030 530 Α
2055 474 2217 536 atque
2241 464 2492 530 obscura,
2524 478 2646 533 qua:
2669 477 2700 517 a
2737 462 2954 518 nemine
2983 460 3177 531 legitur
3199 459 3465 523 absoluta,
3493 463 3632 515 sicut

381 573 606 630 mortuis
626 570 936 642 iudicentur
961 581 1006 621 ει.
1049 587 1066 619 ι
1106 565 1345 620 Fuerunt
1396 561 1619 632 quidam
1660 558 1954 624 catholici,

379 666 471 734 qui
507 679 621 727 eos,
644 663 824 716 anima
849 660 903 714 in
931 671 1157 729 corpore
1191 662 1464 718 manente,
1486 652 1844 707 immutandos
1891 649 1960 704 ad

381 733 860 822 incorruptionem,
876 750 1056 804 ethoc
1075 746 1155 802 eis
1178 743 1415 814 reputari
1442 756 1541 812 pro
1566 733 1962 796 resurrectione

382 860 451 899 ex
478 844 735 908 mortuis,
783 841 926 912 quod
967 837 1353 893 mortalitatem
1400 834 1672 904 deponant
1719 832 1964 887 immuta-

385 935 555 999 tione,
577 949 682 987 non
715 928 1295 995 morte,crediderunt;
1330 939 1431 979 nos
1469 932 1649 978 autem
1693 921 1965 977 credimus

384 1038 594 1088 onmes,
623 1023 714 1090 qui
741 1021 794 1075 in
820 1035 986 1076 carne
1013 1018 1220 1082 vivunt,
1249 1014 1438 1086 procul
1461 1013 1624 1070 dubio
1649 1011 1963 1068 morituros.

389 1116 527 1170 Nulli
551 1116 694 1171 enim
720 1114 1015 1178 hominum,
1045 1125 1076 1166 a
1106 1111 1281 1182 prima
1317 1122 1486 1179 usque
1537 1106 1605 1162 ad
1634 1107 1774 1160 hanc
1797 1145 1812 1170 ,
1835 1105 1838 1109 ’
1861 1119 1967 1174 qua

386 1210 639 1274 vivimus,
676 1215 913 1271 (etatem,
950 1217 1264 1261 concessum
1310 1211 1396 1257 est
1440 1215 1548 1254 non
1576 1198 1732 1252 mori.
1781 1195 1968 1250 Enoch

387 1309 442 1355 et
482 1299 646 1353 Helia)
675 1295 920 1352 differtur
943 1310 1106 1361 mors,
1140 1293 1232 1349 sed
1254 1308 1359 1346 non
1386 1289 1645 1346 aufertur.
1671 1287 1763 1342 Sic
1791 1294 1846 1341 et
1867 1285 1972 1340 illis

389 1391 621 1446 dicimus
664 1389 898 1453 evenire,
928 1395 988 1441 ut
1027 1401 1174 1441 mors
1198 1384 1252 1438 in
1295 1382 1466 1437 Adam
1509 1381 1668 1445 data,
1723 1377 1974 1434 omnibus

390 1481 508 1550 ejus
543 1480 666 1535 ﬁliis
701 1479 1023 1535 dominetur.
1061 1476 1262 1532 Omnes
1295 1488 1425 1545 ergo
1457 1471 1595 1526 mori
1619 1510 1632 1535 ,
1680 1480 1975 1538 omnesque

397 1585 684 1641 resurgere
719 1570 898 1633 credo,
929 1568 1005 1622 ita
1045 1576 1105 1622 ut
1136 1566 1315 1620 dicam
1347 1580 1445 1619 nos
1493 1563 1548 1616 in
1595 1562 1784 1617 eadem
1810 1600 1824 1622 ,
1868 1573 1974 1628 qua

391 1660 846 1725 sumus,veritate
869 1657 1229 1713 membrorum
1251 1670 1372 1711 esse
1402 1653 1747 1724 reparandos,
1773 1649 1980 1719 quales-

398 1764 505 1821 que
536 1749 703 1805 semel
729 1757 850 1818 post
876 1747 1323 1804 resurrectionem
1375 1745 1633 1800 fuerimus
1677 1741 1890 1806 effecti,
1922 1740 1978 1794 in

2058 563 2289 626 oportet,
2318 562 2503 608 tamen
2528 567 2651 608 eam
2681 552 2748 607 ad
2775 552 3066 624 imaginem
3089 553 3184 608 Dei
3214 560 3476 617 creatam,
3505 551 3634 607 libe-

2061 659 2122 699 re
2143 643 2390 700 confiteri
2423 656 2714 714 possumus
2743 661 2758 696 :
2795 641 3088 712 imaginem
3114 641 3170 696 in
3193 642 3511 704 aeternitate,
3564 643 3635 696 si-

2062 733 2416 790 militudinem
2443 733 2500 788 in
2527 733 2768 790 moribus
2797 732 3049 790 inveniri.
3079 731 3290 787 Sufficit
3319 733 3376 786 in
3402 731 3637 787 Ecclesia

2063 826 2306 892 credere,
2343 826 2580 881 animam
2621 835 2677 881 et
2717 841 2750 880 a
2795 825 2907 880 Deo
2940 824 3134 890 creari,
3163 833 3220 880 et
3265 824 3335 879 ab
3363 825 3481 896 ipso
3502 825 3634 880 dari.

2065 911 2172 968 Sed
2197 913 2319 982 quis
2348 912 2486 968 alius
2513 927 2709 983 corpus
2747 911 2802 966 in
2832 921 2986 966 utero
3013 911 3205 966 matris
3239 909 3459 976 format,
3489 921 3546 967 et
3569 912 3642 967 ita

2065 1021 2163 1077 per
2208 1005 2454 1061 membra
2497 1005 2807 1076 componit?
2831 1004 2948 1061 Hoc
2973 1013 3155 1061 autem
3174 1004 3365 1060 beatus
3385 1005 3486 1060 Job
3513 1007 3645 1062 satis

2067 1096 2314 1166 exponit,
2364 1095 2455 1166 qui
2487 1095 2646 1152 dicit:
2679 1093 2870 1150 Nonne
2907 1096 3042 1151 sicut
3082 1095 3166 1150 lac
3209 1095 3438 1151 ηιαιεὶεεί
3468 1114 3570 1160 me,
3599 1108 3645 1151 et

2067 1189 2202 1244 sicut
2219 1203 2428 1242 caseum
2447 1186 2761 1258 coagufasti,
2784 1185 2917 1258 pelle
2941 1195 2989 1240 et
3012 1187 3258 1240 carnibus
3283 1185 3428 1256 (Job.
3455 1203 3510 1248 ι.
3535 1188 3644 1258 l0),

2069 1287 2125 1334 et
2164 1286 2381 1335 etetera.
2420 1297 2438 1328 ι
2474 1277 2700 1335 {Solum
2723 1277 2998 1333 hominem
3030 1277 3260 1332 dicimus
3293 1277 3494 1333 habere
3536 1280 3648 1334 ani-

2071 1385 2219 1427 mam
2263 1370 2674 1434 substantivam,
2733 1384 2856 1438 quae
2879 1376 2934 1424 et
2959 1375 3123 1424 exuta
3145 1383 3371 1437 corpore
3409 1369 3560 1434 vivit,
3596 1378 3650 1424 et

2074 1476 2265 1516 sensus
2285 1476 2412 1516 suos
2454 1469 2617 1530 atque
2651 1461 2863 1532 ingenia
2892 1467 3016 1531 post
3047 1468 3276 1516 mortem
3299 1461 3544 1516 vivacius
3574 1471 3647 1517 te-

2077 1561 2187 1609 net.
2223 1555 2250 1596 σ
2278 1552 2604 1608 Animalium
2631 1567 2762 1608 vero
2781 1553 2975 1608 anima:
2996 1569 3103 1609 non
3127 1560 3254 1608 sunt
3276 1553 3642 1620 substantivae,

2071 1645 2204 1715 quia
2228 1660 2351 1700 cum
2395 1659 2562 1700 came
2588 1646 2915 1711 moriuntur,
2947 1654 3003 1701 et
3030 1644 3153 1701 ideo
3197 1661 3298 1701 nec
3329 1647 3538 1702 ratione
3573 1663 3648 1704 re-

2079 1749 2295 1809 guntur,
2323 1745 2382 1792 ut
2418 1737 2636 1808 quidam
2665 1746 3012 1808 putaverunt,
3036 1739 3128 1793 sed
3154 1737 3220 1792 ad
3246 1740 3428 1793 omnia
3455 1750 3649 1794 natura

402 1851 720 1913 perpetuum
766 1855 1164 1912 permansuros.
1213 1838 1320 1896 Sed
1361 1846 1702 1910 putrescente
1729 1838 1781 1892 in
1837 1846 1981 1892 terra
2013 1829 2058 1889 Β
2086 1829 2432 1886 incitamento
2479 1829 2766 1886 ducuntur.
2808 1849 2826 1882 ι
2877 1829 3098 1886 Duabus
3145 1831 3308 1902 igitur
3341 1833 3651 1888 substantiis

400 1947 647 2003 corpore,
683 1931 918 1986 animam
945 1931 1110 1986 autin
1137 1931 1256 1986 loco
1296 1929 1434 1984 lucis
1470 1937 1563 1983 aut
1604 1927 1854 1999 caliginis
1903 1939 1986 1983 re-

402 2023 609 2080 servari
630 2023 848 2077 interim
870 2037 975 2076 non
993 2021 1195 2087 dubito,
1213 2032 1440 2090 eamque
1451 2019 1694 2089 protinus
1721 2018 1775 2072 iu
1789 2032 1984 2087 corpus

401 2117 781 2173 resuscitatum
801 2111 994 2178 redire,
1022 2120 1081 2167 ut
1119 2112 1278 2168 simul
1309 2111 1648 2182 perfruamur
1694 2109 1779 2164 vel
1822 2123 1983 2180 pmna

399 2205 483 2260 vel
509 2205 698 2278 gloria.
735 2204 766 2244 ιι
799 2203 928 2258 Post
956 2201 1406 2257 resurrectionem
1435 2207 1616 2254 autem
1649 2207 1702 2253 et
1724 2197 1984 2266 judicium

402 2296 594 2365 impios
627 2294 874 2350 homines
925 2290 1082 2362 quasi
1129 2290 1306 2361 poema
1321 2296 1591 2360 purgatos
1636 2288 1986 2344 miseratione

397 2384 618 2452 iudicis,
641 2390 1029 2440 ctsanetorum
1081 2379 1364 2452 precibus,
1409 2385 1626 2432 aeterna:
1681 2376 1865 2448 gloria:
1897 2389 1986 2431 so-

403 2477 561 2542 ciari,
598 2485 659 2531 ut
693 2475 844 2531 stulti
885 2480 1093 2545 putant,
1127 2471 1304 2536 absit,
1365 2478 1426 2524 ut
1445 2470 1652 2534 dicam,
1703 2468 1800 2525 sed
1822 2470 1986 2524 credo

407 2567 624 2622 veritati
655 2565 857 2622 dicenti
888 2582 902 2620 :
934 2563 1091 2619 Ibunt
1132 2562 1279 2634 impii
1301 2561 1356 2617 in
1395 2560 1705 2632 supplicium
1733 2569 1985 2616 cternum

409 2657 625 2726 (Matth.
649 2673 775 2728 xxv,
803 2655 916 2727 46).

477 2745 648 2800 XXX.
688 2745 1082 2801 lntellectuales
1131 2752 1374 2812 naturas,
1417 2758 1537 2815 quae
1574 2757 1742 2800 carne
1775 2750 1982 2808 carent,

408 2835 742 2893 immortales
791 2851 914 2893 esse
956 2837 1205 2892 dicimus.
1245 2854 1263 2890 ι
1313 2847 1334 2877 ο
1374 2837 1599 2891 Animas
1639 2851 1671 2891 a
1712 2835 1823 2891 Deo
1869 2835 1986 2891 dari

406 2942 498 2983 ere
520 2927 588 2992 lo,
619 2942 755 2998 quas
784 2927 852 2983 ab
887 2927 1004 2998 ipso
1035 2927 1206 2984 factas
1238 2943 1348 2984 non
1384 2927 1590 2992 dubito,
1626 2926 1987 2983 anathemati-

409 3036 542 3076 zans
592 3036 686 3078 eos
736 3021 830 3092 qui
881 3021 1119 3077 animam
1162 3023 1318 3092 quasi
1365 3032 1573 3092 partem
1623 3021 1740 3087 Dei,
1794 3021 1989 3076 divina:

405 3113 591 3168 dictmt
634 3129 758 3169 esse
805 3113 1140 3170 substantiae.
1187 3134 1207 3168 ι
1253 3115 1398 3171 Deus
1447 3115 1591 3172 enim
1625 3114 1986 3186 impassihilis

407 3212 510 3271 est,
544 3205 722 3260 anima
751 3219 880 3261 vero
901 3205 1129 3262 diversis
1156 3206 1397 3277 subjaeet
1439 3207 1802 3279 passionibus,
1846 3207 1988 3263 sicut

408 3297 754 3366 quotidianus
801 3313 984 3352 rerum
1031 3299 1208 3354 exitus
1253 3299 1430 3355 docet.
1473 3316 1493 3352 ‹
1529 3297 1556 3338 ἀ
1598 3297 1800 3354 Eorum
1855 3312 1990 3368 quo—

409 3400 517 3455 que
571 3386 868 3440 condemno
911 3402 1173 3452 errorem,
1204 3389 1297 3458 qui
1325 3403 1420 3445 eas
1445 3399 1573 3444 ante
1597 3402 1870 3458 peccasse,
1905 3387 1991 3444 vel

415 3476 471 3530 in
491 3475 644 3532 cmlis
679 3485 1028 3533 eonversatas
1053 3475 1221 3534 ﬁnisse
1265 3479 1469 3546 dicunt,
1494 3479 1736 3550 quamin
1761 3493 1990 3549 corpora

416 3564 775 3621 mitterentur.
817 3584 837 3618 ι
874 3565 930 3620 Si
958 3574 1138 3622 autem
1180 3568 1458 3638 qumritur,
1505 3568 1649 3624 unde
1702 3568 1775 3623 sit
1825 3565 1988 3633 facta,

415 3655 500 3712 vel
533 3655 765 3726 quando,
799 3655 882 3712 vel
927 3658 1216 3727 quomodo,
1266 3657 1476 3714 nescire
1523 3673 1612 3713 me
1640 3657 1831 3714 fateor.
1882 3657 1993 3715 Nec

393 3759 598 3816 tamen
629 3747 695 3804 de
722 3757 971 3804 creatura
1019 3749 1197 3820 aliqua
1235 3749 1434 3806 factam
1461 3764 1582 3808 esse
1600 3751 1743 3818 dico,
1769 3766 1842 3807 ne
1870 3765 1993 3807 eam

416 3838 656 3896 viliorem
669 3839 866 3896 faciam
880 3840 1090 3897 caeteris
1109 3840 1396 3907 creaturis,
1409 3841 1606 3912 quibus
1625 3842 1844 3898 domina
1864 3857 1996 3898 con-

413 3927 604 3983 stituta
626 3936 732 3994 est,
773 3930 868 3986 sed
895 3945 1090 4001 corpus
1114 3938 1322 3986 tantum
1361 3946 1460 4001 per
1485 3932 1718 4004 conjugii
1745 3932 1992 4004 copulam

414 4019 671 4074 seminari
699 4017 888 4076 fateor.
914 4019 1254 4078 Creationem
1276 4037 1404 4078 vero
1423 4023 1617 4078 animae
1637 4022 1808 4080 solum
1834 4022 1996 4080 Crea-

417 4117 590 4165 torem
614 4111 872 4176 omnium,
905 4112 998 4183 qui
1026 4111 1199 4169 factor
1223 4111 1342 4182 ejus
1365 4121 1423 4169 et
1469 4115 1628 4170 dator
1655 4123 1760 4180 est,
1809 4128 1988 4171 nosse.

420 4200 585 4270 Cujus
613 4202 866 4272 potentia:
900 4218 1008 4258 non
1038 4202 1348 4260 necessaria
1389 4212 1475 4260 est
1501 4204 1752 4272 materia,
1774 4220 1839 4261 ex
1865 4221 1990 4275 qua,

415 4293 558 4362 quod
608 4291 856 4360 voluerit,
907 4303 1180 4364 operetur,
1221 4295 1316 4351 sed
1345 4295 1460 4365 ipsa
1492 4295 1739 4352 voluntas
1767 4296 1995 4351 materia

415 4391 500 4442 est
543 4399 727 4440 eorum
762 4398 882 4454 quae
911 4384 1025 4439 fieri
1057 4395 1151 4440 aut
1176 4400 1296 4441 esse
1320 4384 1672 4440 mandaverit.
1703 4403 1722 4438 ‹
1758 4397 1781 4426 ο
1811 4384 1996 4457 Neque

417 4476 552 4530 duas
580 4473 790 4529 animas
816 4473 870 4528 in
914 4487 1021 4527 uno
1049 4487 1169 4529 esse
1196 4474 1412 4528 homine
1438 4472 1622 4540 credo,
1669 4489 1834 4530 unam
1876 4478 1995 4533 anl-

417 4567 634 4633 iualem,
657 4581 760 4637 qua
781 4565 1052 4622 animetur
1069 4581 1284 4636 corpus,
1311 4574 1365 4623 et
1389 4565 1614 4622 alteram
1635 4568 1988 4638 spiritualem,

415 4672 536 4727 qua:
584 4656 849 4712 rationem
890 4656 1178 4722 ministret,
1226 4657 1365 4712 sicut
1408 4654 1626 4727 quidam
1677 4658 1990 4726 voluerunt;

418 4747 513 4802 sed
541 4761 704 4802 unam
731 4746 1084 4816 eamdemque
1109 4747 1345 4802 animam
1371 4746 1424 4802 in
1447 4746 1748 4803 substantia
1762 4748 1996 4805 hominis

417 4852 537 4896 esse
574 4837 712 4903 dico,
741 4852 861 4907 qua:
910 4846 965 4892 et
991 4853 1187 4908 corpus
1235 4853 1332 4894 sua
1368 4838 1630 4895 societate
1674 4840 1913 4896 vivificet
1939 4851 1997 4897 et

419 4928 762 4998 semetipsam
790 4942 886 4983 sua
911 4927 1118 4983 ratione
1147 4929 1414 4999 disponat.
1461 4947 1479 4982 ο
1516 4929 1643 4986 11ωο
1667 4941 1722 4985 et
1748 4931 1989 5000 spiritus,

417 5026 472 5073 ct
497 5019 729 5083 animus,
752 5026 806 5073 et
830 5033 1000 5083 meus,
1026 5027 1079 5073 et
1097 5017 1256 5084 ratio,
1287 5022 1341 5073 et
1368 5017 1686 5085 intellectus,
1710 5028 1764 5074 et
1790 5036 1992 5076 memo-

421 5110 587 5176 ria,et
611 5123 822 5173 sensus,
843 5122 964 5162 cum
989 5118 1166 5163 tamen
1190 5124 1295 5163 una
1323 5109 1415 5171 sit,
1435 5107 1648 5165 dicitur.
1675 5110 1991 5181 Quanquam

418 5199 645 5268 quaestio
700 5213 862 5268 super
924 5198 1117 5254 animae
1171 5197 1376 5270 origine
1423 5199 1582 5255 nimis
1627 5201 1696 5256 sit
1739 5203 1994 5272 perplexa

491 5366 515 5393 ιι
553 5350 796 5408 Gennad.
833 5350 986 5416 ibid.,
1021 5367 1134 5420 cap.
1165 5354 1198 5406 8
1236 5369 1247 5404 :
1294 5370 1310 5401 σ
1355 5351 1506 5417 Quod
1529 5362 1766 5405 autem..
1799 5393 1849 5406 ..
1890 5369 1994 5409 non

420 5422 593 5477 solum
617 5421 796 5491 justus
815 5431 873 5476 ct
897 5433 1207 5491 peccatores
1233 5421 1547 5491 siguilicari,
1575 5421 1717 5476 sicut
1734 5422 1995 5478 Diodorus

420 5499 594 5558 putat,
623 5492 720 5546 sed
751 5502 806 5548 et
831 5492 980 5547 vivos
1005 5508 1119 5556 eos,
1149 5493 1239 5560 qui
1269 5493 1321 5545 in
1355 5507 1520 5547 carne
1542 5494 1844 5548 inveniendi
1871 5505 1995 5548 sunt

423 5561 712 5630 credimus,
740 5562 830 5630 qui
854 5563 1030 5617 adhuc
1056 5562 1299 5616 morituri
1331 5563 1651 5628 creduntur;
1698 5564 1781 5618 vel
1807 5566 1996 5618 innnu-

424 5629 569 5682 tandi
599 5629 833 5692 sunt,’ut
856 5630 944 5684 alii
969 5631 1173 5694 volunt,
1206 5639 1265 5685 ut
1305 5632 1574 5698 suscitati,
1605 5634 1681 5688 vel
1717 5634 1993 5690 reformati

423 5715 542 5772 cuin
557 5705 695 5772 laute
719 5700 942 5772 mortuis
965 5700 1311 5772 jtuliccntur._
1333 5719 1352 5751 ι
1580 5765 1584 5772 ,

499 5767 523 5804 b
549 5766 812 5832 Gennad,
845 5782 956 5833 cap.
989 5770 1040 5831 9,
1064 5785 1184 5822 cum
1213 5770 1528 5824 differentia.

2084 1925 2297 1974 constat
2325 1919 2508 1984 homo,
2539 1917 2676 1973 alter
2698 1918 2942 1975 mundus"
2973 1920 3028 1974 in
3081 1920 3257 1984 brevi,
3290 1920 3498 1976 habens
3549 1922 3647 1975 ani-

2083 2022 2230 2064 mam
2251 2015 2309 2064 et
2351 2023 2564 2080 corpus.
2603 2007 2812 2078 Corpus
2847 2009 3066 2079 quidem
3104 2024 3232 2066 suos
3261 2011 3426 2066 habet
3448 2027 3652 2074 sensus,

2085 2099 2179 2155 sed
2209 2113 2317 2156 non
2336 2115 2434 2158 eos
2460 2101 2579 2157 sine
2599 2101 2781 2157 anima
2803 2111 3001 2171 movet,
3034 2101 3162 2173 quia
3183 2101 3294 2158 vita
3319 2104 3566 2174 corporis
3583 2117 3658 2162 est

2086 2191 2286 2256 anima,
2325 2191 2438 2247 vita
2463 2192 2656 2248 anima:
2675 2191 2834 2249 Deus.

2157 2281 2349 2338 XXXI.
2400 2281 2598 2338 Anima
2657 2297 2789 2341 vero
2832 2285 3046 2341 ratione
3073 2286 3235 2358 viget,
3268 2285 3475 2342 habens
3524 2287 3578 2342 in
3607 2301 3663 2344 sc

2088 2373 2392 2430 libertatem
2438 2373 2649 2430 arbitrii
2696 2376 2767 2430 ad
2819 2375 3122 2448 eligendum
3166 2379 3309 2448 quod
3370 2378 3503 2432 vult.
3560 2377 3661 2434 Sed

2070 2465 2318 2521 liberum
2343 2465 2628 2522 arbitrium
2656 2467 2902 2523 vitiatum
2943 2476 3028 2525 est
3057 2484 3156 2540 per
3179 2469 3436 2525 offensam
3461 2482 3666 2538 prter:-

2089 2557 2367 2613 ricationis
2384 2556 2533 2624 Adae,
2561 2568 2617 2614 et
2635 2559 2768 2615 adeo
2796 2559 3145 2623 inﬁrmatam,
3171 2551 3246 2614 uti
3258 2568 3493 2630 nequeat
3511 2575 3665 2631 repa-

2089 2647 2198 2704 rari
2235 2648 2340 2705 nisi
2371 2665 2468 2720 per
2497 2648 2701 2706 Christi
2745 2651 2991 2722 gratiam.
3029 2650 3228 2707 Natura
3256 2653 3527 2722 siquidem
3571 2653 3667 2708 bu-

2089 2754 2270 2805 mana,
2297 2741 2513 2796 etiamsi
2541 2742 2598 2798 in
2627 2742 2715 2798 illa
2745 2743 3077 2814 integritate,
3101 2745 3155 2799 in
3185 2760 3290 2814 qua
3317 2754 3402 2800 est
3427 2746 3660 2804 condita.

2089 2842 2448 2901 permaneret,
2484 2832 2628 2888 nullo
2658 2835 2817 2889 modo
2861 2835 3112 2907 seipsam,
3145 2835 3406 2892 Creatore
3435 2853 3536 2894 suo
3563 2853 3664 2892 non

2091 2919 2396 2990 adiuvante,
2425 2931 2686 2978 servaret.
2717 2923 3000 2991 Quomodo
3042 2941 3171 2996 ergo
3197 2926 3312 2981 sine
3339 2927 3452 2981 Deo
3495 2935 3668 2997 potest

2089 3027 2410 3084 recuperare
2457 3014 2600 3084 quod
2638 3015 2907 3084 perdidit?
2957 3015 3050 3071 Illa
3093 3017 3237 3072 enim
3270 3017 3664 3088 pmvmicatio.

2089 3114 2146 3159 et
2166 3103 2314 3171 Adae,
2331 3114 2387 3161 et
2417 3105 2596 3161 omnis
2617 3105 2736 3175 ejus
2763 3108 3096 3179 propaginis,
3115 3107 3346 3163 liberum
3385 3109 3666 3164 arbitrium

2013 3181 2060 3244 ο
2088 3194 2400 3264 infirmavit,
2430 3206 2596 3270 atque
2619 3198 2832 3270 dejecit.
2883 3199 3001 3256 Non
3027 3200 3200 3256 solum
3225 3209 3458 3256 mortem
3485 3216 3660 3272 corpo-

2090 3289 2188 3354 ris,
2215 3305 2336 3360 qum
2360 3305 2516 3361 pmna
2541 3291 2748 3361 peccati
2772 3301 2876 3357 est,
2899 3293 2998 3348 sed
3013 3293 3177 3347 etiam
3196 3301 3507 3362 peccatum,
3529 3293 3670 3364 quod

2091 3385 2175 3434 est
2199 3393 2344 3435 mors
2373 3381 2584 3446 animae,
2611 3395 2711 3452 per
2735 3397 2902 3438 unum
2929 3383 3200 3438 hominem
3239 3382 3293 3437 in
3319 3397 3486 3438 omne
3507 3398 3676 3451 genus

2091 3469 2387 3526 humanum
2413 3473 2673 3529 transisse
2691 3475 2855 3530 credo
2883 3481 2939 3530 et
2979 3473 3173 3541 fateor,
3204 3475 3346 3530 sicut
3373 3475 3506 3530 dicit
3534 3476 3674 3546 Apo-

2091 3560 2262 3618 stolus
2303 3581 2315 3616 :
2362 3563 2468 3618 Per
2512 3581 2673 3620 unum
2725 3566 2985 3621 hominem
3033 3576 3304 3637 peccatum
3359 3567 3577 3623 intrarit
3622 3570 3678 3622 in

2093 3656 2367 3722 mundum,
2402 3667 2448 3713 et
2474 3673 2568 3728 per
2591 3667 2859 3728 peccatum
2881 3674 3022 3714 mora
3050 3672 3067 3710 :
3097 3669 3146 3713 ct
3171 3659 3247 3712 ita
3274 3659 3329 3714 in
3357 3675 3540 3714 omnes
3585 3661 3683 3713 Iw-

2091 3749 2258 3804 mines
2283 3751 2604 3820 pertransiit,
2635 3750 2690 3805 in
2721 3767 2824 3821 quo
2869 3767 3044 3805 omnes
3073 3751 3308 3805 homines
3337 3765 3677 3820 peccat-enm!

2095 3836 2269 3907 (Rom.
2308 3854 2361 3905 ν,
2412 3840 2521 3909 12).
2559 3839 2787 3909 Propter
2833 3841 2976 3897 hanc
3025 3839 3264 3912 regulam
3315 3842 3464 3906 fidei,
3507 3843 3672 3896 etiam

2095 3928 2367 3998 parvulos,
2392 3929 2484 3999 qui
2515 3929 2649 3986 nihil
2674 3939 3019 4000 peccatorum
3050 3931 3103 3986 in
3133 3947 3191 3986 se
3218 3931 3563 3986 committere
3587 3947 3670 4002 po-

2096 4027 2334 4085 tuerunt,
2381 4019 2502 4076 ideo
2533 4019 2797 4090 baptizari
2829 4022 2883 4076 in
2915 4023 3290 4079 remissionem
3329 4032 3678 4092 peccatorum

2095 4123 2217 4166 cum
2249 4118 2420 4167 matre
2466 4111 2705 4168 Ecclesia
2731 4113 2894 4168 credo
2931 4123 3096 4185 atque
3120 4115 3402 4184 perhibeo,
3437 4124 3499 4168 ut
3529 4129 3670 4185 rege

2095 4201 2376 4256 neratione
2422 4201 2731 4268 mandetur,
2779 4203 2924 4271 quod
2971 4203 3320 4272 generatione
3371 4209 3679 4258 traxerunt.

2101 4294 2251 4351 Unde
2298 4308 2404 4349 non
2437 4293 2614 4350 otioso
2659 4296 3032 4366 contemplari.
3069 4297 3269 4351 intuitu
3323 4297 3478 4359 volo,
3540 4297 3680 4366 quod

2094 4383 2298 4439 fontem
2327 4383 2452 4440 vita:
2479 4383 2630 4454 prius
2656 4399 2761 4440 non
2793 4386 2992 4441 adeunt
3019 4385 3354 4456 baptizandi,
3381 4387 3682 4456 cujuscun-

2096 4489 2201 4546 que
2241 4475 2351 4529 sint
2392 4476 2584 4542 astatis,
2617 4492 2780 4546 quam
2816 4477 3155 4543 exorcismis,
3195 4486 3249 4532 et
3276 4479 3675 4534 exsumationi-

2101 4567 2202 4623 bus
2238 4566 2554 4622 clericorum
2594 4568 2817 4638 spiritus
2862 4570 3167 4625 immundus
3205 4571 3274 4624 ab
3305 4570 3387 4625 eis
3427 4571 3683 4641 pellatur.

2103 4659 2256 4715 Tunc
2287 4673 2420 4714 vero
2455 4669 2679 4729 apparet
2719 4659 2990 4730 quomodo
3019 4661 3172 4730 prius
3214 4659 3470 4732 alligatur
3499 4661 3686 4722 fortis,

2102 4758 2158 4804 et
2182 4749 2375 4806 deinde
2395 4763 2522 4804 vasa
2549 4748 2677 4821 ejus.
2691 4749 2742 4804 in
2767 4759 2974 4820 partem
3007 4751 3250 4818 victoris,
3282 4753 3376 4821 qui
3408 4753 3682 4823 captivam

2103 4840 2250 4895 ducit
2277 4839 2662 4910 captivitatem,
2693 4841 2903 4910 direpta
2934 4841 3365 4897 transferuntur.

2173 4933 2198 4972 ιι
2244 4930 2336 4987 Sic
2361 4931 2523 5002 igitur
2550 4932 2778 4988 liberum
2809 4933 3130 4990 confitemur
3153 4934 3467 5001 arbitrium,
3510 4946 3572 4991 ut
3607 4936 3684 4990 di«

2097 5037 2239 5086 cam,
2286 5037 2388 5077 nos
2436 5018 2650 5092 semper
2683 5024 2924 5096 indigere
2966 5024 3060 5080 Dei
3109 5027 3314 5081 auxilio
3362 5026 3678 5099 [Pelagius,

2100 5122 2159 5169 ut
2199 5114 2443 5169 dicamus
2501 5129 2607 5169 non
2662 5129 2873 5185 semper
2933 5115 3026 5170 Dei
3083 5116 3325 5188 indigere
3375 5117 3680 5189 auxilio]:

2099 5213 2154 5260 et
2175 5213 2282 5260 tam
2312 5204 2430 5260 illos
2455 5219 2662 5270 errare,
2692 5205 2785 5276 qui
2817 5221 2938 5261 cum
2965 5206 3262 5263 Manio:th
3298 5203 3485 5265 dicunt
3510 5209 3685 5266 homi-

2179 5369 2199 5430 ς
2232 5357 2505 5430 Pelagius.

2171 5429 2196 5468 ά
2231 5429 2496 5499 Pelagius.

2178 5512 2200 5571 εξ
2229 5498 2496 5571 Qemiad.,
2531 5516 2647 5571 cap.
2685 5502 2764 5555 I5.

2181 5570 2196 5607 ι’
2231 5569 2496 5640 Genuam,
2525 5569 2644 5640 cap.
2684 5574 2744 5628 l6

2177 5644 2199 5675 κ
2232 5637 2394 5702 Idem,
2425 5655 2543 5707 cap.
2585 5637 2662 5695 Π.

2174 5711 2195 5748 ιι
2229 5708 2490 5779 I’clagius.
