3934 6180
994 396 1145 453 ΟΡΡσ.
1187 392 1412 450 DUBlA.
1454 422 1523 431 -—
1547 387 1775 444 ALBINI
1811 384 1930 442 C0)

2033 380 2191 439 .SSIO
2229 378 2428 435 FlDEl.
2469 409 2539 419 —-
2575 374 2757 433 PARS
2788 374 2873 431 Ill.
3432 374 3569 432 1078

319 533 444 572 nem
478 522 759 584 peceatum
793 510 966 564 vitare
1013 524 1119 562 non
1167 519 1346 576 posse,
1403 516 1565 570 quam
1611 499 1751 564 illos,
1803 496 1894 567 qui
1927 502 1968 557 Α
1999 491 2149 561 quid,
2194 489 2338 559 quod
2387 488 2457 544 ad
2484 504 2667 542 veram
2713 487 2937 543 salutem
2963 487 3218 557 pertinet,
3251 487 3367 543 ﬁeri
3412 505 3572 559 posse

319 620 443 661 cum
471 603 754 659 Joviniano
776 608 1023 656 asserunt
1043 597 1315 652 hominem
1341 611 1446 649 non
1471 606 1626 663 posse
1645 602 1888 662 peccare.

320 699 563 766 Uterque
591 697 737 751 enim
764 692 899 748 tollit
926 689 1140 745 arbitrii
1176 688 1499 743 libertatem.
1531 681 1640 738 Nos
1661 695 1790 736 vero
1815 677 1896 734 di-

321 795 496 854 cimus
523 790 799 846 hominem
846 799 1059 855 semper
1081 790 1137 838 et
1160 795 1414 853 peccare,
1456 787 1510 833 et
1535 790 1640 831 non
1669 784 1898 846 peccare

316 899 510 964 posse;
548 886 608 934 ut
634 891 846 948 semper
888 889 988 928 nos
1014 870 1170 927 liberi
1213 868 1566 925 cou'ﬁteamur
1601 876 1721 919 esse
1761 858 1900 915 arbi-

323 951 435 1030 irii.
468 992 488 1026 ι
538 972 597 1027 ιιι
640 983 747 1039 quo
791 974 971 1021 tamen
1014 963 1186 1018 Deum
1225 960 1301 1014 ita
1344 954 1557 1028 operari
1602 951 1796 1015 credo,
1840 954 1901 1002 ut

322 1070 512 1119 sancta
542 1057 820 1131 cogitatio,
848 1055 998 1125 pium
1044 1049 1353 1115 consilium,
1392 1045 1680 1114 omnisque
1720 1046 1902 1095 motus

324 1157 479 1211 home
502 1129 798 1207 voluntatis
827 1146 899 1202 sit
919 1160 986 1200 ex
1016 1158 1102 1209 eo,
1126 1140 1218 1212 qui
1235 1151 1443 1196 summe
1460 1136 1636 1195 bonus
1656 1138 1760 1199 est,
1784 1129 1903 1185 sine

324 1259 433 1316 quo
461 1241 593 1298 nihil
619 1240 747 1296 boni
775 1249 1082 1309 possumus.
1116 1233 1287 1289 Nemo
1315 1230 1460 1285 enim
1489 1225 1594 1282 nisi
1619 1238 1720 1295 per
1744 1220 1902 1278 Chri-

326 1347 469 1395 stum
496 1335 666 1390 libero
687 1332 825 1388 bene
878 1326 1050 1382 utitur
1079 1322 1326 1379 arbitrio.
1357 1317 1526 1374 Nemo
1564 1329 1663 1386 per
1707 1325 1822 1368 sem
1855 1318 1903 1364 t-

327 1428 504 1499 ipsum
516 1425 689 1480 bonus
702 1426 805 1486 est,
823 1417 926 1474 nisi
953 1411 1366 1487 participatione
1392 1407 1475 1464 sui
1502 1405 1590 1460 ille
1612 1403 1796 1466 donet,
1811 1399 1903 1470 qui

326 1517 473 1574 solus
501 1523 585 1572 est
611 1514 802 1570 bonus.

396 1648 564 1721 508
592 1642 802 1701 XXXII.
842 1639 1180 1698 Firmissime
1204 1632 1531 1691 credendum
1552 1637 1661 1721 est,
1685 1629 1738 1683 in
1769 1639 1911 1721 prat-

329 1717 662 1796 varieatione
687 1734 820 1790 Adae
844 1745 1036 1793 omnes
1072 1726 1319 1785 homines
1349 1720 1653 1779 naturalem
1676 1717 1910 1789 possibi-

330 1831 536 1887 litatem
563 1834 623 1884 et
644 1822 1007 1883 innocentiam
1039 1816 1357 1890 perdidisse.
1400 1812 1468 1869 Et
1502 1811 1628 1868 ideo
1661 1808 1910 1880 quamvis

330 1937 400 1979 ex
434 1927 582 1975 recta
615 1914 722 1971 ﬁde
746 1913 917 1969 Deum
939 1907 1289 1981 proﬁteamur
1312 1910 1589 1959 auctorem
1607 1913 1717 1954 non
1736 1897 1916 1953 solum

331 2010 575 2067 omnium
591 2006 854 2062 bonorum
872 2000 1185 2063 affectuum,
1201 2005 1364 2064 atque
1375 2004 1635 2062 operum,
1646 1987 1915 2045 omnium-

331 2119 442 2177 que
469 2099 768 2158 studiorum
796 2103 852 2153 et
878 2094 1158 2151 virtutum.
1190 2087 1389 2158 quibus
1415 2082 1484 2139 ab
1508 2080 1663 2136 initio
1692 2077 1821 2141 ﬁdei
1846 2077 1916 2132 ad

334 2170 505 2251 Deum
546 2190 812 2255 tenditur;
859 2194 917 2242 et
948 2185 1018 2241 ab
1050 2182 1220 2253 ipsius
1246 2176 1424 2250 gratia
1456 2173 1637 2231 omnia
1680 2170 1917 2227 hominis

332 2350 632 2437 desiderari
657 2374 950 2445 incipiatur
969 2378 1024 2427 et
1047 2366 1186 2433 ﬁeri,
1217 2363 1313 2421 sed
1335 2361 1501 2416 etiam
1528 2356 1743 2412 initium
1768 2350 1916 2445 ﬁdei,

334 2476 622 2545 ipsumque
661 2442 998 2524 credulitatis
1029 2459 1303 2535 allectum,
1331 2468 1439 2525 quo
1485 2450 1540 2545 in
1582 2463 1706 2504 eum
1742 2442 1918 2545 credi-

333 2535 478 2629 mus,
509 2535 601 2631 qui
623 2557 889 2629 justiﬁeat
917 2554 1163 2626 impium,
1193 2556 1248 2604 et
1275 2545 1345 2602 ad
1370 2543 1637 2614 baptisma
1665 2535 1917 2610 perveni-

334 2669 480 2719 mus,
502 2652 622 2708 ﬁeri
645 2665 743 2721 per
762 2649 880 2721 ejus
901 2660 1007 2701 non
1033 2642 1342 2699 dubitemus
1355 2632 1786 2721 inspirationem,
1809 2641 1918 2698 qua

337 2718 588 2804 voluntas
627 2718 813 2797 nostra
859 2739 929 2793 ab
960 2732 1276 2791 inﬁdelitate
1324 2733 1566 2783 mutatur
1599 2720 1669 2778 ad
1710 2718 1913 2774 ﬁdem:

336 2851 450 2891 non
479 2843 660 2890 tamen
685 2830 919 2885 liberum
960 2822 1258 2880 auferimus
1285 2815 1599 2880 arbitrium,
1648 2809 1745 2866 sed
1771 2816 1927 2863 tanta

342 2926 439 2983 Dei
458 2941 563 2996 ope
588 2931 645 2981 et
667 2920 844 2994 gratia
867 2914 1088 2974 liberari
1109 2911 1429 2975 asserimus,
1451 2915 1514 2963 ut
1533 2905 1601 2962 de
1635 2900 1923 2996 tenebroso

344 2991 601 3085 lucidum,
629 2991 696 3074 de
722 3028 890 3086 pravo
918 3017 1148 3073 rectum,
1192 3006 1259 3075 de
1288 3000 1537 3073 languido
1588 3009 1814 3060 sanum,
1856 2991 1925 3047 de

341 3111 684 3184 imprudente
712 3106 927 3179 sapiens
950 3111 1007 3159 et
1033 3100 1318 3173 providum
1346 3095 1458 3152 ﬁat.
1496 3092 1557 3149 Si
1584 3091 1730 3150 enim
1757 3089 1927 3144 liber.-

342 3215 433 3261 tas
459 3218 565 3261 non
592 3208 738 3257 esset
762 3195 996 3262 arbitrii,
1025 3206 1200 3262 neque
1231 3189 1377 3260 leges
1404 3192 1462 3242 et
1495 3196 1671 3254 pana:
1711 3187 1922 3245 essent,
1951 3192 1998 3259 ο

345 3310 525 3368 neque
570 3293 776 3352 monita
821 3288 1248 3360 Scripturarum,
1280 3288 1336 3337 et
1362 3277 1780 3368 praedicamenta
1806 3287 1933 3368 san-

346 3360 562 3445 ctorum
591 3383 800 3439 ﬁerent.
834 3379 898 3435 Et
928 3391 1166 3441 rursum,
1198 3371 1306 3429 nisi
1335 3368 1509 3442 gratia
1540 3365 1634 3423 Dei
1670 3364 1729 3419 in
1755 3360 1930 3417 cordi-

348 3489 453 3537 bus
484 3474 782 3539 hominum,
831 3477 992 3540 atque
1017 3467 1074 3522 in
1117 3465 1234 3536 ipso
1272 3462 1445 3518 libero
1474 3453 1701 3513 arbitrio
1727 3465 1888 3509 omne
1911 3490 1927 3513 ,

348 3566 497 3640 quod
520 3566 720 3622 bonum
748 3570 846 3627 est,
877 3564 1216 3631 operaretur,
1250 3551 1378 3624 quid
1404 3565 1542 3621 opus
1569 3546 1710 3640 foret
1744 3558 1935 3640 preces

350 3634 426 3717 ad
474 3659 679 3716 Deum?
714 3655 905 3711 Nonne
947 3666 1042 3722 per
1096 3646 1417 3703 sacerdotes.
1444 3638 1658 3697 Domini
1686 3637 1742 3692 in
1786 3634 1934 3692 omni

353 3748 601 3807 Ecclesia
629 3744 917 3810 catholica,
952 3740 1039 3797 die
1080 3737 1407 3792 Paraseeves
1440 3745 1537 3802 per
1566 3736 1736 3785 totum
1780 3740 1937 3779 mun-

353 3843 489 3899 dum
539 3837 843 3912 postulatur
877 3849 906 3890 a
956 3832 1090 3897 Deo,
1137 3823 1485 3884 coorantibus
1528 3817 1759 3912 populis,
1789 3814 1939 3912 sicut

357 3906 619 3993 traditum
650 3937 735 3986 est
761 3928 829 3983 ab
872 3924 1004 3996 ipsis
1033 3918 1308 3993 apostolis,
1336 3922 1398 3970 ut
1422 3910 1732 3969 inﬁdelibus
1774 3906 1940 3963 done-

358 4033 452 4079 tur
481 4021 647 4078 ﬁdes?
676 4026 737 4074 ut
763 4015 964 4073 Iudaeis
991 4012 1174 4070 ablato
1210 4006 1392 4065 cordis
1417 4001 1685 4059 velamine
1724 3998 1818 4054 lux
1848 4010 1943 4051 ve-

359 4109 543 4170 ritatis
575 4106 865 4181 appareat?
893 4111 953 4160 ut
980 4099 1218 4159 haeretici
1244 4105 1301 4153 et
1343 4090 1677 4152 sebismatici
1716 4088 1785 4145 ad
1804 4100 1944 4181 ima-

364 4212 510 4259 trem
534 4198 831 4256 Ecclesium
859 4209 956 4266 per
981 4193 1142 4251 ﬁdem
1170 4197 1227 4246 et
1251 4187 1539 4245 caritatem
1565 4180 1823 4238 redeant?
1848 4193 1949 4249 pro

363 4291 619 4348 ﬁdelibus
644 4295 826 4344 autem
855 4298 962 4341 non
982 4281 1156 4338 solum
1176 4278 1269 4333 illo
1293 4275 1405 4341 die,
1434 4273 1532 4329 sed
1557 4278 1613 4326 et
1638 4268 1791 4325 omni
1810 4275 1947 4323 tem-

362 4398 501 4457 pore
524 4388 715 4440 oratur
740 4377 905 4443 Deus,
928 4383 989 4429 ut
1016 4373 1130 4443 ipse
1159 4384 1258 4427 nos
1283 4383 1315 4424 a
1339 4365 1480 4422 malo
1506 4364 1702 4420 liberet
1738 4367 1794 4415 et
1819 4374 1950 4415 con-

365 4482 553 4536 servet
598 4474 654 4529 in
696 4471 861 4530 bono.
893 4466 1188 4525 Verissime
1235 4463 1419 4533 itaque
1461 4457 1791 4516 credendum
1834 4460 1948 4517 est,

1995 583 2197 650 absque
2223 582 2355 647 Deo,
2383 578 2669 634 conﬁrmat
2692 578 2774 633 vel
2795 577 3014 649 cogitat.
3040 577 3230 634 Omnia
3259 590 3570 655 sanctorum

1996 671 2210 738 merita,
2241 680 2295 725 et
2316 676 2511 725 cuncta
2540 667 2739 733 studia,
2763 675 2819 723 et
2845 683 3009 738 opera
3037 667 3205 735 bona,
3235 669 3499 739 cogitatus
3518 681 3574 725 et

1997 762 2178 824 verba,
2234 762 2302 819 ad
2329 760 2428 817 Dei
2475 759 2701 831 gloriam
2756 759 3078 830 laudemque
3124 759 3404 816 referenda
3453 777 3573 817 esse

1998 853 2274 925 perhibeo,
2304 853 2490 907 dicens
2518 866 2641 906 cum
2669 850 2925 922 Apostolo
2956 866 3053 922 pro
3074 850 3300 922 singulis
3322 853 3526 907 sanctis
3556 870 3568 904 :

2000 943 2187 1000 Gratia
2212 942 2311 997 Dei
2336 958 2452 997 sum
2501 941 2556 996 id
2581 941 2726 1014 quod
2749 959 2866 997 sum
2899 940 2951 1013 (I
2980 940 3102 997 Cor.
3134 959 3227 1010 xv,
3264 943 3374 1015 10).
3407 943 3573 999 Nemo

2002 1032 2221 1089 aliunde
2244 1033 2293 1089 ei
2320 1033 2534 1104 placere
2558 1032 2701 1088 valet
2720 1032 2823 1090 nisi
2844 1049 2909 1089 ex
2942 1048 3008 1090 eo
3032 1034 3180 1105 quod
3207 1035 3321 1104 ipse
3346 1036 3575 1092 donare»

2003 1125 2095 1179 rit.
2125 1122 2369 1180 Gratiam
2404 1132 2585 1179 tamen
2611 1123 2728 1194 ej’us
2753 1139 2943 1181 omnes
2968 1125 3170 1181 habere
3196 1135 3441 1195 possunt,
3487 1122 3580 1194 qui

2001 1228 2259 1270 exercere
2287 1214 2493 1280 volunt,
2524 1214 2669 1285 quod
2713 1216 2958 1271 credunt.
2989 1215 3097 1271 Nos
3125 1216 3215 1287 qui
3246 1215 3341 1270 ﬁlii
3389 1224 3580 1277 matris

2002 1303 2257 1361 Ecclesia:
2300 1318 2506 1370 sumus,
2556 1319 2654 1374 pro
2688 1315 2838 1360 certo
2878 1304 3169 1371 credimus,
3214 1306 3339 1375 quia
3374 1305 3577 1366 Adam.

2004 1396 2106 1451 nisi
2148 1405 2448 1466 peccasset,
2490 1410 2599 1450 non
2625 1403 2951 1463 moreretur,
2984 1397 3078 1451 sed
3104 1397 3219 1452 sine
3249 1404 3421 1452 morte
3462 1412 3583 1452 eor—

2004 1483 2176 1554 poris,
2206 1500 2330 1540 cum
2360 1484 2474 1540 suis
2522 1484 2774 1539 omnibus
2810 1483 2936 1540 ﬁliis
2980 1485 3048 1540 ad
3094 1484 3319 1555 gloriam
3350 1484 3586 1545 coelestia

2008 1571 2167 1643 regni
2192 1570 2598 1628 transferretur.
2624 1570 2750 1627 I'deo
2793 1572 2920 1642 quia
2960 1587 3064 1627 non
3107 1572 3255 1626 stetit
3277 1572 3434 1644 iuxta
3480 1572 3585 1629 Do-

2008 1663 2137 1718 mini
2166 1670 2521 1734 praeeeptum,
2571 1677 2679 1732 non
2731 1660 2974 1718 ascendit
3026 1677 3187 1731 supra
3228 1677 3286 1717 se
3328 1670 3586 1732 tanquam

2007 1752 2286 1820 obediens,
2339 1753 2434 1810 sed
2480 1752 2674 1809 cecidit
2702 1751 2892 1808 subtus
2944 1767 3001 1808 se
3048 1760 3108 1808 ut
3155 1751 3499 1820 inobediens,
3535 1762 3589 1809 et

1943 1850 1987 1911 Β
2014 1842 2187 1897 traxit
2204 1857 2386 1899 secum
2414 1856 2627 1922 omnem
2651 1843 3025 1913 posteritatem
3064 1858 3217 1898 suam
3249 1843 3303 1899 in
3334 1852 3588 1910 mortem,

2011 1945 2067 1991 et
2114 1935 2169 1990 i'n
2220 1935 2320 1992 bas
2358 1934 2556 1992 multas
2584 1934 2857 2001 miserias,
2898 1949 3035 2005 quas
3077 1943 3131 1990 et
3160 1943 3340 1992 mente
3371 1943 3425 1991 et
3465 1950 3588 1992 cor-

2014 2044 2143 2102 pore
2181 2029 2422 2100 quotidie
2464 2028 2719 2100 patimur.
2772 2016 3097 2097 Redemptio.
3120 2025 3345 2094 Christi,
3390 2038 3446 2084 et
3496 2029 3591 2084 ba-

2015 2119 2241 2188 ptismus
2266 2126 2322 2173 et
2343 2118 2549 2189 reliqua
2579 2124 2937 2181 sacramenta,
2976 2131 3096 2187 quae
3124 2124 3374 2172 tenentur
3410 2121 3463 2172 in
3490 2117 3594 2173 Ec—

2015 2208 2199 2272 clesia,
2226 2222 2333 2264 non
2384 2207 2453 2262 ad
2480 2221 2743 2277 praesens,
2794 2206 2888 2261 sed
2938 2205 3005 2259 ad
3054 2203 3292 2261 futurum
3337 2208 3593 2263 saeculum

1919 2308 1925 2313 '
2013 2296 2309 2368 pertinent,
2349 2302 2414 2352 et
2443 2296 2646 2352 idcirco
2676 2311 2783 2351 non
2811 2295 3045 2350 liberant
3068 2311 3166 2351 nos
3193 2297 3261 2352 ab
3304 2298 3405 2352 hac
3431 2314 3589 2369 pLBllﬂ

2015 2388 2244 2458 peccati.
2281 2388 2422 2443 Dum
2443 2386 2588 2443 enim
2617 2400 2805 2442 sumus
2830 2386 2885 2441 in
2914 2400 3158 2456 corpore,
3189 2387 3591 2457 ingemiscimus

2016 2482 2158 2536 intra
2184 2496 2305 2548 nos,
2331 2480 2628 2550 duramque
2650 2478 2871 2535 ferimus
2893 2480 3242 2547 servitutem;
3274 2481 3367 2536 sed
3388 2489 3587 2536 certam

2017 2587 2167 2642 spem
2197 2571 2481 2639 habemus,
2525 2569 2808 2627 transferri
2836 2584 2935 2626 nos
2968 2569 3021 2623 in
3076 2569 3383 2625 libertatem
3410 2570 3597 2641 gloria:

2019 2662 2253 2718 ﬁliorum
2286 2663 2405 2719 Dei.
2458 2660 2690 2733 Sanguis
2731 2661 2875 2717 enim
2902 2660 3102 2717 Christi
3135 2662 3399 2717 reseravit
3443 2662 3598 2717 nobis

2014 2752 2236 2822 ianuam
2271 2752 2395 2808 vitae
2421 2758 2655 2809 aeternae.
2686 2750 2827 2806 Ante
2855 2751 3229 2807 ascensionem
3255 2751 3467 2806 Domini
3484 2768 3598 2807 om-

2022 2859 2119 2900 nes
2147 2852 2456 2900 sanctorum
2484 2842 2678 2898 anima:
2721 2842 2773 2898 in
2811 2840 3041 2907 inferno,
3073 2843 3319 2913 quamvis
3360 2844 3413 2898 in
3451 2852 3601 2900 trans

2023 2934 2306 3005 quillitatis
2345 2934 2489 3000 sinu,
2538 2933 2879 2989 tenebantur.
2910 2932 3039 2989 Post
3071 2935 3443 2991 ascensionem
3486 2935 3603 3006 eius

2024 3036 2285 3084 exeuntes
2313 3026 2380 3082 de
2408 3039 2653 3096 corpore,
2685 3024 2752 3080 ad
2800 3023 3077 3079 Christum
3107 3024 3337 3090 vadunt,
3381 3032 3437 3079 et
3477 3041 3599 3080 cum

2026 3133 2092 3174 eo
2118 3124 2244 3174 sunt
2270 3115 2325 3172 in
2358 3113 2551 3187 gloria,
2575 3114 2702 3184 quia
2723 3112 3143 3184 chirographum
3171 3111 3301 3169 illud
3324 3130 3352 3167 a
3377 3114 3609 3170 Domino

2025 3207 2141 3280 jam
2185 3205 2420 3262 deletum
2464 3211 2571 3271 est,
2610 3212 2665 3259 et
2692 3218 2790 3258 nos
2836 3202 3046 3260 liberati
3080 3219 3267 3261 sumus
3311 3205 3378 3261 de
3426 3205 3608 3261 servili

1948 3352 1961 3361 ,
2032 3295 2360 3353 conditione.

2101 3386 2340 3443 XXXIV.
2398 3384 2518 3442 Non
2568 3387 2712 3442 enim
2777 3402 2872 3459 per
2935 3388 3135 3444 bonum
3189 3396 3418 3455 naturae,
3468 3390 3610 3458 quod

2033 3479 2183 3550 prius
2227 3477 2284 3532 in
2325 3478 2495 3533 Adam
2524 3477 2709 3534 datum
2739 3476 2938 3543 fuerat,
2989 3479 3083 3534 sed
3126 3480 3297 3551 gratia
3331 3479 3422 3535 Dei
3478 3479 3617 3537 salvi

2036 3570 2164 3626 facti
2190 3578 2316 3627 sunt
2331 3585 2428 3641 per
2448 3569 2609 3625 ﬁdem
2631 3570 2795 3626 etiam
2818 3569 3011 3626 Patres
3033 3570 3243 3626 Veteris
3260 3569 3611 3627 Tcstamenti.

2037 3652 2168 3730 Qum
2189 3664 2357 3734 gratia
2390 3662 2538 3729 facit,
2579 3670 2637 3718 ut
2655 3662 2938 3720 christiani
2962 3662 3154 3728 simus,
3183 3671 3238 3717 et
3266 3671 3488 3732 accepta
3513 3660 3617 3717 ﬁde

2037 3753 2169 3809 facit
2209 3770 2309 3810 nos
2336 3752 2609 3809 declinare
2659 3768 2690 3806 a
2731 3752 2891 3817 malo,
2921 3758 2976 3807 et
3017 3765 3177 3821 agere
3218 3750 3451 3815 bonum;
3492 3749 3617 3819 quia

2042 3859 2191 3898 omne
2218 3842 2400 3897 datum
2426 3843 2700 3913 optimum,
2738 3850 2785 3895 et
2816 3856 2966 3894 omne
2989 3842 3185 3893 donum
3220 3839 3509 3910 perfectum
3534 3838 3619 3893 ἀέ-

2040 3950 2249 3988 sursum
2271 3942 2345 3988 est
2368 3931 2510 4004 (Jac.
2543 3947 2584 3998 ι,
2612 3929 2722 4002 17).
2744 3927 3080 3984 Medicinalia
3107 3928 3351 3998 quaedam
3371 3926 3621 3983 Christus

2044 4023 2234 4078 tribuit
2256 4027 2616 4086 sacramenta,
2643 4026 2703 4073 ut
2729 4031 3148 4089 agnosceremus
3176 4015 3320 4071 aliud
3347 4015 3502 4072 nobis
3522 4016 3614 4072 de—

2043 4113 2159 4170 beri
2186 4127 2286 4184 per
2312 4118 2518 4166 natum
2535 4109 2810 4174 meritum,
2840 4107 2984 4164 aliud
3006 4120 3104 4179 per
3114 4108 3299 4179 gratia:
3323 4106 3542 4172 donum,
3559 4118 3623 4162 ut

2047 4212 2240 4260 natura
2257 4201 2391 4258 nihil
2410 4201 2554 4256 aliud
2569 4200 2671 4256 nisi
2691 4214 2866 4272 preme
2880 4199 3260 4264 summitteret,
3278 4199 3451 4268 gratia
3473 4213 3622 4265 vero,

2049 4313 2169 4369 quae
2193 4296 2356 4352 nullis
2385 4294 2596 4350 meritis
2620 4294 2883 4350 attributa
2912 4300 2994 4348 est
3020 4290 3168 4365 (quia
3200 4304 3300 4347 nec
3329 4290 3502 4363 gratia
3544 4291 3625 4345 di-

2049 4396 2282 4454 ceretur,
2312 4386 2359 4444 si
2385 4386 2596 4443 meritis
2634 4383 3008 4455 tribueretur),
3033 4392 3223 4447 totum,
3253 4381 3397 4452 quod
3438 4380 3627 4436 salutis

2052 4489 2152 4544 est,
2197 4477 2434 4535 all‘erret.
2499 4476 2687 4533 Nullus
2730 4483 2952 4531 sanctus
2997 4483 3053 4530 et
3088 4474 3268 4545 justus
3311 4472 3366 4527 in
3411 4471 3628 4527 mortali

366 4567 520 4640 ‘|“°d
549 4566 694 4621 De“
724 4563 780 4618 in
815 4560 972 4616 “oms
1016 4556 1136 4613 δίηθ
1183 4552 1374 4615 “Obis’
1403 4548 1547 4620 ¹ι¹¹⁰δ
1587 4548 1787 4642 δοΡυηξ
1832 4550 1949 4606 es"
1982 4550 2029 4610 Β
2055 4585 2284 4642 corpore
2325 4569 2511 4624 vivens
2536 4574 2687 4622 caret
2714 4573 2955 4637 peccato,
2984 4572 3040 4619 et
3083 4565 3203 4619 ideo
3226 4578 3325 4635 pro
3353 4570 3501 4618 certo
3536 4562 3630 4617 illa

370 4636 588 4730 incipit,
615 4655 713 4713 sed
738 4653 1016 4711 nobiscum
1040 4649 1096 4704 in
1124 4646 1278 4703 nobis
1307 4643 1435 4698 illud
1462 4639 1675 4711 operari
1701 4636 1846 4702 vult;
1873 4650 1959 4690 re-

370 4753 602 4823 quirens
619 4765 653 4805 a
666 4747 822 4805 nobis
844 4749 1148 4817 promptam
1167 4738 1518 4800 voluntatem,
1535 4741 1592 4789 et
1603 4730 1818 4787 fervens
1843 4737 1953 4783 stu-

375 4817 551 4909 dium,
595 4847 759 4908 atque
801 4832 1140 4906 quotidianos
1180 4827 1422 4890 labores,
1454 4831 1513 4878 ut
1558 4828 1615 4875 et
1653 4833 1753 4874 nos
1791 4817 1962 4872 simus

378 4941 764 5006 cooperatores
804 4925 991 5001 gratia:
1036 4922 1154 4979 Dei.
1202 4915 1601 4977 Laborantibus
1646 4909 1790 4965 enim
1833 4909 1964 4962 dare

378 5003 500 5083 vult
522 5023 739 5097 praemia
769 5035 865 5077 sua
905 5036 918 5073 :
950 5016 1044 5073 sed
1072 5020 1220 5069 tanta
1247 5019 1333 5067 est
1355 5007 1474 5078 ejus
1494 5003 1734 5066 bonitas,
1757 5009 1816 5097 ut
1862 5013 1958 5097 no-

380 5128 501 5177 stra
523 5088 657 5172 velit
677 5127 798 5168 esse
823 5109 1039 5173 merita,
1070 5118 1191 5176 qua:
1215 5108 1341 5158 sunt
1380 5097 1549 5168 ipsius
1574 5093 1733 5148 dona.
1780 5089 1861 5144 Ad
1901 5088 1964 5143 il-

384 5212 502 5265 lum
534 5217 766 5274 namque
792 5196 1180 5257 recurrendum
1223 5200 1329 5256 est,
1358 5190 1404 5244 si
1449 5185 1578 5257 quid
1616 5185 1670 5239 in
1702 5182 1855 5274 nobis
1897 5196 1965 5236 ex

388 5304 581 5355 nostra
600 5271 896 5360 viderimus
920 5284 1238 5344 remissione
1263 5282 1633 5350 languescere,
1659 5271 1752 5345 qui
1775 5284 1968 5325 sanare

391 5395 577 5463 potest
599 5384 890 5454 lauguores
914 5385 1149 5435 nostros.

466 5512 707 5574 XXXIII.
746 5512 854 5570 Sed
879 5526 986 5567 non
1015 5516 1098 5566 est
1127 5505 1433 5568 tacendum,
1471 5501 1612 5571 quod
1656 5500 1699 5555 si
1726 5496 1973 5553 voluntas

396 5614 649 5681 prompta
673 5612 777 5671 est,
814 5612 869 5659 et
896 5601 1133 5657 studium
1163 5597 1356 5659 fervet,
1388 5596 1433 5649 si
1460 5593 1610 5647 labor
1649 5599 1704 5646 et
1732 5589 1874 5644 vires
1895 5588 1948 5642 vi

399 5680 551 5775 gent,
593 5698 805 5755 Domini
836 5691 1207 5751 misericordia
1255 5690 1370 5743 haec
1414 5685 1597 5739 omnia
1626 5682 1782 5736 ﬁunt.
1832 5680 1974 5735 Salis

400 5770 601 5850 stultus
631 5798 710 5846 est
742 5796 793 5843 ct
821 5785 1104 5857 superbus,
1140 5779 1229 5851 qui
1262 5794 1357 5849 per
1388 5784 1589 5831 naturae
1622 5772 1858 5844 vigorem
1880 5770 1973 5825 ali-

2054 4663 2219 4716 verba
2256 4658 2541 4716 dominicae
2569 4656 2832 4728 orationis
2880 4654 3063 4723 credo,
3102 4654 3193 4711 ubi
3222 4653 3489 4710 dicimus:
3536 4650 3634 4707 Di—

2060 4753 2202 4806 mitte
2249 4750 2395 4805 nobis
2440 4748 2616 4803 debita
2648 4755 2824 4800 nostra
2855 4743 3071 4814 (Matth.
3118 4743 3327 4816 νι,1⁴ὶ),
3369 4742 3635 4799 veraciter

2062 4842 2168 4897 diei
2200 4840 2255 4894 in
2285 4840 2388 4894 hac
2413 4837 2524 4892 vita
2560 4836 2627 4891 ab
2654 4834 2905 4891 omnibus
2930 4834 3154 4897 sanctis,
3182 4835 3306 4904 quia
3333 4834 3384 4887 in
3409 4832 3631 4888 veritate

2067 4937 2297 4999 habent,
2327 4931 2470 5004 quod
2496 4930 2787 5001 plangant,
2820 4942 2922 4983 nec
2954 4936 3132 4982 tamen
3160 4941 3227 4981 ex
3254 4926 3357 4981 hoc
3392 4924 3641 4980 desinunt

2065 5040 2186 5083 esse
2201 5024 2359 5095 justi,
2386 5036 2509 5078 cum
2531 5018 2726 5074 affectu
2750 5025 2972 5074 teneant
2998 5018 3360 5073 sanctitatem.
3390 5014 3637 5070 Libera!»

2069 5128 2158 5173 tur
2181 5114 2325 5171 enim
2353 5128 2384 5168 a
2427 5111 2546 5183 lege
2586 5109 2814 5181 peccati,
2843 5117 2899 5165 et
2939 5107 3305 5178 justiﬁeantur
3341 5106 3513 5178 gratia
3546 5103 3639 5160 Dei

2070 5220 2169 5277 per
2190 5203 2374 5261 Jesum
2400 5201 2681 5259 Christum
2704 5200 2990 5257 Dominum
3017 5208 3280 5256 nostrum.
3310 5199 3479 5255 Nemo
3498 5208 3645 5255 certe

2070 5308 2279 5355 natura:
2299 5296 2527 5363 viribus,
2557 5294 2652 5351 sed
2673 5292 2933 5365 propositi
2963 5291 3272 5363 adjumento
3293 5306 3390 5361 per
3417 5292 3645 5366 gratiam

2077 5397 2171 5454 Dei
2197 5394 2433 5465 adquirit
2478 5392 2840 5449 sanctitatem.
2873 5388 3025 5445 Unde
3054 5403 3136 5443 va:
3183 5386 3417 5453 miseris,
3448 5387 3539 5456 qui
3583 5386 3650 5440 de

2072 5502 2175 5548 sua
2212 5493 2544 5560 pratsmnunt
2567 5482 2798 5553 iustitia,
2851 5487 2907 5535 et
2944 5479 3172 5549 iustitia:
3226 5478 3322 5534 Dei
3369 5493 3478 5532 non
3525 5485 3652 5532 sunt

2080 5580 2326 5652 subjecti.
2368 5579 2532 5649 Signa
2581 5575 2696 5629 ﬁeri
2737 5574 2901 5629 etiam
2945 5589 2974 5626 a
3022 5570 3177 5627 malis
3215 5570 3270 5625 iu
3312 5569 3524 5639 Domini
3555 5585 3651 5624 no-

2083 5675 2225 5729 mine
2272 5686 2449 5740 posse,
2505 5668 2616 5737 ipsa
2650 5664 2875 5718 veritate
2916 5662 3160 5726 docente,
3191 5659 3447 5714 discimus
3494 5676 3506 5709 τ
3560 5657 3652 5712 sed

2083 5765 2284 5832 absque
2320 5759 2597 5828 signorum
2646 5753 2847 5808 virtute
2898 5759 3141 5807 sanetum
3169 5758 3219 5806 et
3255 5750 3470 5820 justum
3497 5755 3655 5819 atque
