3934 6180
412 382 547 438 ίοῖθ

1222 381 1286 437 Β.
1323 380 1388 436 F.
1429 378 1651 435 ALBINI
1692 380 1822 436 SEU
1853 378 2129 437 ALCUlNl
2165 378 2448 439 OPERUM
2476 383 2654 440 PARS

3512 386 3652 445 {080

406 496 680 550 hominem
716 494 811 550 Dei
861 492 977 549 ﬁeri
1008 507 1165 565 posse
1207 507 1315 547 non
1352 491 1556 553 dubito,
1593 490 1636 545 si
1664 489 1975 560 temperatis
2003 490 2051 553 Δ
2080 491 2169 561 pio
2204 491 2257 547 in
2289 506 2355 549 eo
2378 492 2640 550 librorum
2669 509 2913 559 numero,
2950 510 3111 563 quem
3140 502 3342 551 sanctae
3368 497 3653 554 catholicae

403 593 464 642 et
489 585 715 655 placidis
742 584 984 641 moribus
1009 591 1153 655 agat.

482 690 509 720 ι
545 676 721 734 Bonas
747 678 867 733 dico
891 677 1125 748 nuptias,
1157 689 1275 746 quae
1318 681 1537 730 auctore
1574 672 1684 728 Deo
1713 686 1981 729 concessze

409 778 535 825 sunt
568 783 729 823 causa
774 767 1049 822 ﬁliorum:
1080 780 1365 821 exsecraris
1393 779 1507 828 eos,
1566 781 1583 814 ι
1621 762 1704 818 vel
1736 763 1827 834 qui
1870 763 1981 834 pri-

409 875 526 916 mas
559 874 682 915 cum
721 857 1033 923 Manichaee,
1073 866 1168 913 aut
1201 855 1467 911 secundas
1504 870 1629 910 cum
1675 852 1978 929 Cataphry—

406 953 490 1023 gis
517 952 795 1008 damnant.
835 971 853 1004 ι
884 950 989 1005 Sed
1013 949 1099 1004 his
1127 948 1405 1004 meliorem
1436 963 1556 1002 esse
1589 947 1978 1002 continentiam

407 1057 613 1108 assero,
657 1044 702 1097 si
742 1057 900 1098 causa
943 1040 1171 1095 vacandi
1206 1039 1319 1095 Deo
1344 1038 1597 1108 eligatur,
1627 1039 1825 1109 spretis
1850 1054 1981 1093 cun-

405 1135 509 1190 ctis
534 1133 760 1189 deliciis.
800 1132 1067 1186 Humilem
1098 1147 1229 1185 vero
1257 1130 1621 1201 virginitatem
1640 1172 1653 1195 ,
1684 1139 1739 1186 et
1766 1130 1979 1201 plenam

407 1222 697 1280 laboribus
719 1238 818 1294 pro
838 1222 1066 1278 Domino
1094 1222 1404 1277 castitatem
1433 1221 1676 1291 corporis
1710 1229 1763 1275 et
1787 1221 1980 1274 animae

404 1312 689 1384 magniﬁco
735 1318 893 1382 atque
939 1312 1153 1382 utrique
1189 1311 1265 1366 illi
1289 1311 1430 1367 bono
1457 1327 1731 1382 praepono,
1762 1320 1817 1366 ut
1854 1317 1981 1380 pote

397 1404 676 1475 egregium
706 1418 943 1474 germen.

473 1494 690 1551 XXXV.
728 1495 759 1535 ι»
787 1494 1102 1549 Creaturam
1133 1495 1230 1550 Dei
1254 1507 1490 1559 omnem,
1514 1509 1633 1564 quae
1657 1494 1724 1549 ad
1755 1508 1883 1547 usus
1904 1492 1981 1548 ci-

403 1588 594 1641 borum
626 1601 658 1640 a
704 1584 962 1641 Creatore
990 1598 1245 1641 concessa
1290 1593 1389 1647 est,
1421 1582 1631 1657 ibonam
1669 1598 1789 1639 esse
1815 1580 1981 1637 conﬁ-

401 1685 541 1740 tcor,
574 1675 714 1730 sicut
741 1683 795 1728 et
832 1673 972 1730 facta
1005 1682 1109 1729 est.
1140 1673 1207 1729 Et
1253 1674 1339 1731 his
1365 1673 1433 1728 ad
1462 1681 1674 1744 tempus
1706 1674 1981 1728 abstinere

2081 581 2336 640 Ecclesiae
2359 585 2523 639 tradit
2551 586 2866 642 auctoritas.
2907 586 3158 653 Historiae
3184 585 3345 643 ﬁdem
3375 604 3484 645 non
3522 603 3653 647 eva-

2081 690 2247 731 cuans
2273 676 2434 732 credo
2456 676 2709 733 universa
2749 687 2898 749 gesta
2924 694 3043 733 esse
3066 717 3081 742 ,
3128 694 3249 748 quae
3275 678 3475 751 scripta
3502 690 3650 746 sunt,

2080 766 2172 823 sed
2192 765 2345 836 juxta
2375 764 2676 822 doctrinam
2701 769 3053 839 apostolicam
3075 784 3289 824 sensum
3316 770 3653 840 spiritualem

2081 856 2135 909 in
2162 857 2242 911 eis
2271 857 2570 929 intelligere
2598 867 2743 928 opto.
2769 856 2957 915 Omnis
2978 859 3123 914 enim
3149 859 3327 914 divina
3358 861 3655 916 auctoritas

2080 948 2166 1003 his
2192 949 2365 1004 modis
2384 958 2635 1023 constare
2663 948 2896 1017 videtur,
2928 958 2988 1005 ut
3026 958 3119 1004 aut
3143 950 3433 1006 historialis
3461 953 3654 1009 modus

2081 1042 2172 1107 sit,
2201 1041 2292 1112 qui
2322 1040 2453 1095 nihil
2488 1041 2631 1096 aliud
2660 1041 2763 1096 nisi
2786 1056 2874 1096 res
2906 1050 3090 1116 gestas
3121 1045 3426 1110 annuntiet,
3458 1045 3656 1101 autal-

2080 1133 2355 1203 Iegoricus,
2386 1143 2444 1187 ut
2469 1149 2575 1189 non
2600 1132 2709 1188 illic
2728 1132 2898 1204 possit
2914 1133 3046 1189 ordo
3061 1134 3356 1190 consistere
3374 1136 3651 1204 historiae;

2080 1233 2174 1281 aut
2191 1233 2339 1280 certe
2358 1238 2425 1279 ex
2448 1225 2690 1294 utrisque
2717 1225 3070 1295 compositus,
3092 1234 3152 1281 ut
3171 1226 3468 1283 secundum
3486 1228 3659 1285 histo-

2079 1317 2214 1373 riam
2239 1324 2293 1371 et
2317 1317 2611 1373 secundum
2645 1317 2954 1389 allegoriam
2973 1332 3195 1374 manere
3221 1318 3489 1375 videatur.
3506 1320 3654 1376 Non-

2077 1421 2352 1476 nunquam
2386 1414 2442 1462 et
2465 1407 2681 1463 moralis
2710 1423 2902 1464 sensus
2926 1408 2993 1464 de
3026 1407 3226 1464 divinis
3254 1410 3490 1464 trahitur
3511 1414 3655 1469 scri-

2079 1496 2270 1565 pturis,
2291 1495 2380 1565 qui
2411 1510 2532 1550 cum
2565 1497 2909 1567 sitoptimum
2924 1510 3092 1567 genus
3117 1486 3366 1563 decendi,
3383 1498 3451 1554 ad
3471 1513 3656 1555 emetk

2080 1586 2352 1641 dationem
2377 1587 2502 1642 vitae
2529 1587 3080 1657 compositionemque
3102 1602 3315 1641 morum
3360 1588 3517 1643 valde
3535 1605 3655 1660 ιιι-οι

2080 1676 2213 1732 ﬁcit.
2244 1678 2372 1733 llzec
2401 1686 2579 1733 autem
2602 1677 2877 1733 humiliter
2896 1677 3274 1734 accedentibus
3302 1687 3360 1734 et
3384 1681 3473 1749 pie
3491 1679 3653 1735 intel-

400 1780 510 1822 non
531 1779 632 1835 pro
657 1764 1044 1834 superstitione
1066 1762 1362 1835 religionis,
1381 1777 1555 1834 neque
1579 1762 1980 1818 abominatione
2008 1837 2039 1840 _
2079 1768 2387 1840 ligentibus,
2412 1774 2573 1838 atque
2608 1768 2791 1823 veraci
2843 1768 3012 1823 corde
3038 1769 3353 1824 tenentibus
3378 1770 3513 1825 satis
3557 1766 3652 1826 ab-

401 1850 815 1919 creaturteDei,
844 1854 937 1908 sed
960 1868 1061 1923 pro
1091 1853 1422 1909 continentia
1466 1852 1664 1919 carnis,
1697 1852 1828 1908 utile
1850 1867 1977 1909 esse
2007 1837 2048 1898 Β
2080 1837 2329 1930 [Indeque
2359 1837 2619 1916 relucent.
2653 1858 2778 1915 Haec
2806 1859 3050 1915 doctrina
3080 1859 3316 1915 caelestis
3339 1867 3397 1916 et
3421 1874 3654 1931 praesen-

401 1945 680 2018 perhibeo.
710 1944 887 2016 Atque
915 1945 1000 2000 his
1027 1960 1147 2000 cum
1162 1944 1380 2001 libuerit
1405 1946 1503 2010 uti,
1521 1952 1723 2002 etcum
1751 1946 1980 2001 delecta-

401 2036 544 2092 verit
576 2036 937 2100 abstinere,in
967 2036 1201 2092 hominis
1226 2030 1493 2107 p‘otestate
1519 2039 1813 2094 consistere
1833 2038 1974 2094 dico.

401 2127 671 2185 Moderari
701 2128 846 2182 enim
877 2143 1033 2183 usum
1055 2143 1243 2183 eorum
1263 2144 1362 2198 pro
1389 2130 1713 2185 necessitate
1740 2128 1902 2203 5,09
1920 2137 1978 2184 et

400 2228 644 2292 tempore
664 2220 882 2291 proprie
907 2219 1331 2275 Christianorum
1371 2229 1476 2285 est,
1506 2221 1738 2276 maxime
1750 2221 1975 2278 ’illorum

400 2310 494 2380 qui
531 2308 859 2379 virginitatis
892 2308 1034 2365 bono
1063 2308 1421 2378 delectantur,
1444 2320 1506 2365 ut
1530 2310 1740 2367 facilius
1761 2311 1979 2367 vincant

401 2415 459 2462 et
486 2412 735 2461 naturam
760 2403 1006 2476 corporis
1036 2402 1367 2475 integritate.
1388 2411 1443 2460 et
1466 2418 1703 2477 pugnam
1729 2404 1977 2459 castimo-

402 2496 506 2553 nize
528 2511 681 2567 pace.

474 2585 857 2642 Paenitentiam
887 2584 1043 2655 plena
1074 2583 1180 2640 ﬁde
1209 2583 1466 2653 suscipio,
1495 2592 1660 2653 atque
1695 2582 1927 2639 honoro.

473 2676 785 2741 Facultates
797 2690 921 2730 cum
938 2674 1291 2743 dispositione
1306 2673 1634 2743 pauperibus
1654 2673 1864 2744 erogari
1887 2675 1981 2730 bo-

404 2784 534 2823 num
552 2782 671 2823 esse
686 2766 969 2831 conﬁrmo,
993 2765 1089 2821 sed
1110 2763 1304 2820 melius
1323 2763 1376 2818 in
1401 2763 1569 2820 semel
1591 2762 1804 2829 donari,
1825 2762 1979 2818 utsic

404 2861 579 2932 possit
600 2874 722 2915 cum
746 2856 968 2913 Christo
998 2870 1178 2928 egere.

480 2949 803 3005 Sanctorum
818 2962 1046 3019 corpora
1058 2955 1111 3002 et
1126 2946 1394 3017 praecipue
1406 2953 1703 3016 martyrum
1720 2944 1976 3015 reliquias

405 3042 770 3107 honorandas,
788 3048 843 3095 et
853 3039 1106 3095 basilicas
1127 3052 1317 3094 eorum
1333 3036 1641 3092 nominibus
1656 3035 1972 3108 appellatas,

406 3132 550 3188 ﬁdeli
569 3131 854 3188 devotione
883 3128 1329 3201 frequentandas,
1354 3142 1419 3182 ac
1444 3126 1489 3182 si
1511 3126 1754 3182 membra
1784 3133 1841 3182 et
1859 3125 1974 3182 loca

405 3223 624 3287 Christi,
659 3230 829 3277 testor
849 3229 902 3275 et
931 3219 1110 3275 laudo.

480 3310 733 3367 Mundum
775 3311 959 3376 istum,
994 3308 1123 3365 licet
1152 3307 1319 3363 multa
1354 3308 1509 3377 quasi
1545 3306 1767 3363 confusa
1800 3313 1859 3363 et
1890 3306 1976 3360 in-

405 3401 655 3458 ordinata
684 3415 805 3455 esse
838 3398 1092 3455 videntur
1114 3400 1166 3454 in
1195 3414 1278 3462 eo,
1309 3413 1415 3454 non
1450 3405 1627 3455 tamen
1673 3396 1977 3454 temerariis

409 3493 646 3548 motibus
681 3492 765 3559 agi
794 3530 808 3555 ,
841 3488 934 3545 sed
967 3489 1144 3550 divina
1177 3488 1517 3560 providentia
1547 3488 1661 3559 regi
1695 3488 1974 3543 conﬁteor.
2018 3486 2041 3503 ‘

406 3583 550 3657 Nihil
580 3583 723 3639 enim
749 3581 809 3637 lit
834 3582 887 3637 in
914 3590 1059 3637 terra
1082 3582 1199 3637 sine
1213 3596 1395 3636 causa.
1423 3579 1693 3653 Solirecti
1714 3581 1876 3636 corde
1902 3581 1980 3635 in-

408 3676 655 3748 telligunt
700 3685 965 3732 rectorem
1000 3675 1053 3730 in
1087 3674 1339 3730 omnibus
1372 3673 1564 3728 Deum.
1614 3672 1691 3728 De
1739 3672 1978 3728 minimis

404 3769 571 3825 etiam
601 3769 763 3825 rebus
790 3766 949 3841 audio
974 3764 1177 3821 dictum
1211 3781 1242 3819 a
1268 3764 1513 3828 Domino,
1554 3781 1690 3819 unus
1707 3780 1978 3835 passerum

404 3877 514 3917 non
550 3858 689 3915 cadit
712 3857 766 3913 in
796 3866 939 3915 terra
970 3856 1081 3912 sine
1116 3852 1276 3913 Patre
1303 3865 1469 3910 vestro
1518 3852 1735 3925 (Matth.
1776 3870 1832 3920 ι,
1857 3853 1972 3927 29).

477 3950 656 4009 Unum
680 3948 1003 4022 principium
1053 3948 1215 4003 credo
1234 3987 1250 4014 ,
1282 3955 1339 4002 et
1371 3962 1535 4007 unum
1568 3961 1837 4001 summum
1881 3946 1980 4002 bo-

406 4059 578 4112 num,
630 4059 663 4099 a
717 4057 828 4114 quo
860 4042 1042 4103 omnia
1090 4041 1233 4097 bona
1269 4039 1601 4112 procedunt,
1661 4039 1977 4096 anathema-

406 4137 582 4195 tizans
618 4135 770 4201 illos,
807 4133 892 4190 vel
914 4134 1005 4206 qui
1036 4135 1141 4190 duo
1170 4133 1436 4205 principia
1468 4134 1573 4189 sibi
1596 4134 1778 4206 ignota
1799 4134 1981 4208 intro-

408 4231 637 4296 ducunt,
662 4236 722 4284 ut
742 4226 936 4293 Cerdo,
967 4234 1024 4282 et
1041 4227 1282 4283 Marcion
1311 4244 1328 4284 :
1359 4226 1443 4281 vel
1486 4225 1581 4298 qui
1603 4226 1875 4283 contraria
1919 4235 1981 4281 ut

409 4322 756 4389 lanichaeus,
784 4321 871 4376 vel
904 4320 1000 4393 qui
1027 4320 1131 4377 tria
1155 4327 1216 4375 ut
1241 4319 1575 4386 Theodotus,
1595 4318 1681 4375 vel
1699 4323 1793 4390 qui
1810 4317 1979 4375 multa

406 4424 469 4472 ut
491 4414 830 4472 Valentinus.

2079 1963 2188 2011 tem
2217 1955 2382 2009 vitam
2421 1953 2579 2009 bonis
2605 1951 2864 2011 informat
2915 1952 3198 2023 operibus,
3232 1958 3287 2005 et
3330 1960 3457 2020 post
3493 1951 3654 2009 ﬁnem

2077 2045 2201 2099 vitae
2228 2051 2486 2100 aeternam
2521 2043 2801 2115 pollicetur
2815 2043 3065 2115 gloriam.
3096 2041 3365 2098 Praeterea
3388 2050 3655 2100 tractatus

2076 2138 2218 2203 illos,
2246 2145 2300 2192 et
2320 2152 2628 2202 sermones,
2665 2134 2933 2205 simulque
2970 2133 3389 2189 commentarios
3434 2148 3649 2198 omnes,

2076 2245 2210 2301 quos
2232 2244 2264 2283 a
2286 2228 2720 2284 catholicissimis
2745 2226 3146 2296 nominatisque
3167 2226 3480 2281 auctoribus
3500 2226 3650 2280 novi-

2075 2342 2196 2383 mus
2215 2326 2541 2390 elaboratos,
2568 2330 2845 2395 gratanter
2867 2320 3007 2394 lego,
3035 2327 3091 2376 et
3117 2318 3378 2390 Spiritum
3406 2327 3654 2375 sanctum

2075 2416 2131 2472 in
2165 2418 2243 2473 eis
2272 2416 2581 2485 loquentem
2621 2415 2882 2470 attonitus
2910 2428 3043 2469 aure
3068 2412 3249 2468 cordis
3271 2412 3537 2482 percipio,
3569 2419 3654 2467 at-

2075 2523 2181 2579 que
2204 2524 2271 2564 ex
2302 2507 2511 2563 illorum
2536 2507 2672 2562 mira
2701 2505 2948 2570 scientia,
2974 2519 3096 2561 mea
3117 2502 3426 2575 insipientia
3445 2511 3654 2573 quanta

2077 2602 2141 2656 sit
2160 2642 2175 2665 ,
2208 2598 2513 2655 evidentius
2543 2597 2905 2668 deprehendo.
2938 2595 3048 2650 Nec
3060 2610 3165 2650 non
3191 2603 3248 2650 et
3271 2595 3489 2649 decreta
3509 2608 3651 2664 pon-

2077 2689 2303 2755 tiﬁcum,
2338 2696 2392 2743 et
2417 2687 2645 2744 concilia
2669 2687 2758 2743 illa
2781 2728 2796 2752 ,
2836 2702 2956 2757 quae
2982 2685 3227 2742 Romana
3258 2684 3499 2741 Ecclesia
3528 2699 3651 2741 sus-

2075 2780 2224 2851 cipit,
2252 2787 2306 2833 et
2327 2779 2511 2833 laudat
2537 2777 2687 2848 (quia
2712 2776 3036 2833 universalis
3065 2776 3323 2832 Ecclesia:
3351 2776 3646 2832 documen-

2075 2881 2191 2928 tum
2222 2881 2276 2926 et
2303 2879 2546 2926 tutamen
2574 2868 2730 2942 sunt)
2758 2885 2859 2942 ego
2885 2884 3120 2925 veneror
3138 2910 3154 2936 ,
3202 2876 3258 2924 et
3283 2883 3383 2940 pro
3429 2868 3573 2924 scire
3601 2876 3656 2925 et

2074 2977 2235 3033 posse
2281 2977 2402 3017 meo
2433 2960 2520 3015 illa
2552 2968 2742 3017 contra
2768 2961 2950 3016 hostes
2983 2974 3173 3016 eorum
3214 2958 3464 3015 defendo.
3499 2959 3657 3016 Unde

2074 3069 2175 3125 ego
2204 3052 2456 3108 maritum
2487 3054 2711 3108 duarum
2752 3060 2875 3123 post
2899 3052 3230 3121 baptismum
3256 3058 3647 3113 matronarum,

2001 3180 2049 3246 Β
2079 3144 2340 3201 clericum
2389 3160 2498 3199 non
2543 3144 2901 3200 ordinandum
2929 3144 3089 3209 dico;
3132 3158 3306 3213 neque
3352 3142 3525 3208 illum,
3564 3143 3653 3212 qui

2078 3252 2242 3293 unam
2278 3236 2514 3307 quidem,
2539 3236 2634 3292 sed
2659 3234 3035 3300 concubinam,
3069 3250 3175 3290 non
3206 3243 3519 3290 matronam
3560 3236 3655 3291 ha-

2078 3329 2234 3393 buit;
2277 3342 2379 3384 nec
2416 3327 2586 3393 illum,
2623 3327 2716 3397 qui
2762 3326 3011 3391 viduam,
3041 3326 3126 3381 vel
3152 3326 3486 3396 repudiatam
3510 3365 3526 3391 ,
3568 3323 3652 3381 vel

2079 3419 2416 3474 meretricem
2449 3417 2503 3472 in
2534 3417 2939 3472 matrimonium
2964 3416 3225 3487 sumpsit;
3261 3429 3442 3485 neque
3483 3414 3652 3480 illum,

2078 3510 2169 3579 qui
2196 3524 2295 3580 per
2335 3507 2684 3562 ambitionem
2709 3507 2776 3561 ad
2814 3507 3169 3562 imitationem
3220 3504 3461 3561 Simonis
3515 3504 3653 3576 Magi

2077 3599 2363 3672 pecuniam
2379 3597 2558 3654 offert.
2575 3596 2621 3654 Ο
2643 3595 2879 3652 infelicia
2908 3606 3153 3665 tempora
3175 3602 3380 3660 nostra,
3413 3609 3536 3664 quae
3554 3608 3658 3650 nec

2079 3692 2249 3747 Deum
2276 3689 2500 3754 timent,
2525 3704 2629 3745 nec
2655 3689 2765 3743 vim
2797 3702 3075 3743 sacrorum
3108 3701 3379 3743 canonum
3404 3700 3658 3741 reveren-

2079 3784 2196 3840 tur!
2223 3782 2414 3839 Nullus
2438 3782 2601 3839 modo
2626 3780 2921 3852 sacrilegus
2950 3779 3036 3835 vel
3065 3779 3422 3843 criminosus,
3470 3793 3542 3833 ne
3584 3777 3653 3833 ad

2077 3874 2219 3931 sacri
2247 3874 2454 3930 ordinis
2493 3872 2724 3929 ofﬁcium
2748 3872 2992 3937 accedat,
3020 3871 3316 3928 inhibetur.
3352 3868 3412 3925 Si
3453 3871 3658 3927 marito

2078 3966 2310 4022 duarum
2334 3965 2678 4022 interdicitur
2717 3964 3033 4030 clericatus,
3065 3977 3172 4034 qua
3216 3962 3395 4018 fronte
3422 3962 3532 4028 ille,
3560 3962 3657 4032 qui

2078 4058 2261 4114 furore
2300 4058 2537 4114 libidinis
2588 4071 2687 4127 per
2733 4056 2931 4111 diversi
2983 4057 3200 4126 generis
3248 4055 3659 4124 inquinamenta

2078 4157 2326 4221 raptatus
2348 4158 2451 4216 est,
2485 4147 2570 4202 vel
2594 4147 2871 4213 diaconus,
2896 4147 2981 4203 vel
3004 4147 3308 4218 presbyter,
3344 4145 3429 4201 vel
3448 4146 3661 4217 episco-

2077 4231 2179 4311 pus
2213 4238 2328 4295 ﬁeri
2371 4239 2567 4295 audet?
2610 4238 2667 4294 Si
2702 4238 2981 4294 usurarius
3028 4254 3137 4294 non
3170 4246 3255 4293 est
3298 4238 3657 4304 ordinandus,

2077 4337 2133 4386 et
2163 4330 2271 4394 ille,
2300 4328 2391 4399 qui
2422 4329 2727 4384 membrum
2770 4328 2853 4383 sui
2890 4328 3134 4398 corporis
3161 4343 3262 4398 pro
3295 4328 3662 4398 qualicunque

2079 4419 2413 4477 truncaverit
2426 4434 2610 4477 causa.
2629 4426 2712 4474 est
2732 4417 3094 4473 removendus
3112 4416 3269 4486 juxta
3290 4419 3511 4472 decreta
3536 4432 3665 4472 eon-

482 4525 503 4559 ί
536 4519 557 4547 ε
588 4507 857 4592 Essecror
877 4520 1064 4562 eorum
1099 4519 1313 4576 quoque
1340 4501 1750 4575 blasphemiam,
1781 4500 1875 4571 qui
1897 4500 1978 4556 di-
2010 4528 2055 4587 ο
2080 4508 2349 4575 ciliornm,
2377 4508 2505 4578 quid
2536 4506 2801 4578 agendum
2842 4507 3037 4564 estde
3082 4506 3384 4562 simoniaco
3408 4514 3467 4561 et
3494 4507 3663 4561 totius

405 4606 535 4656 cunt
562 4598 894 4669 impossibile
914 4597 1119 4668 aliquid
1140 4595 1347 4654 homini
1388 4610 1420 4650 a
1447 4594 1560 4650 Deo
1592 4609 1713 4650 esse
1740 4607 1978 4664 praecepv
2079 4600 2429 4671 turpitudinis
2453 4598 2610 4654 vim?
2650 4597 2765 4653 Heu
2814 4598 2983 4652 miser
3007 4596 3146 4668 ego!
3183 4594 3367 4665 qualia
3409 4603 3660 4666 tempora

408 4702 520 4748 tum
551 4709 568 4749 :
597 4699 653 4748 et
674 4692 928 4748 mandata
959 4691 1052 4747 Dei
1096 4704 1206 4746 non
1243 4705 1274 4745 a
1296 4687 1523 4761 singulis
1544 4726 1560 4754 ,
1594 4685 1691 4743 sed
1712 4687 1782 4742 ab
1810 4685 1981 4741 omni-

406 4788 507 4842 bus
528 4787 584 4840 in
622 4800 904 4841 commune
929 4801 1088 4858 posse
1121 4785 1348 4842 servari.
1380 4805 1399 4838 ι

483 4893 501 4926 ι
522 4874 549 4915 d
569 4874 694 4931 illos
731 4875 892 4932 etiam
915 4890 1110 4944 respuo
1130 4882 1186 4931 et
1208 4876 1529 4939 condemno,
1552 4873 1643 4944 qui
1664 4872 1759 4929 Dei
1781 4871 1979 4928 Filium

406 4969 731 5026 necessitate
781 4969 962 5024 carnis
1009 4969 1297 5024 mentitum
1348 4983 1470 5023 esse
1500 4967 1703 5028 dicunt,
1753 4973 1811 5020 et
1855 4978 1979 5020 eum

405 5069 627 5133 propter
645 5067 981 5131 assumptum
1029 5058 1305 5116 hominem
1338 5073 1446 5114 non
1472 5057 1657 5113 omnia
1680 5055 1860 5112 fawre
1884 5069 1983 5126 po-

410 5153 577 5215 tuisse
601 5194 617 5219 ,
649 5168 772 5224 qua:
797 5150 983 5206 voluit.
1014 5150 1214 5205 Eorum
1245 5164 1459 5220 quoque
1484 5148 1750 5204 hteresem
1773 5143 1981 5202 abomi-

405 5256 530 5308 nor,
550 5242 644 5314 qui
661 5240 863 5298 nullam
897 5240 954 5296 in
985 5238 1169 5296 futuro
1191 5240 1509 5297 meritorum
1530 5251 1649 5294 esse
1669 5235 1979 5293 distantiam

404 5341 673 5394 asserunt.
690 5346 898 5405 nosque
916 5347 1010 5389 eas
1031 5332 1104 5388 ibi
1128 5331 1409 5388 habituros
1431 5343 1553 5386 esse
1573 5327 1821 5392 virtutes,
1842 5338 1981 5395 quas

405 5420 494 5480 hic
521 5423 875 5495 negleximus.
914 5441 934 5477 ι

477 5514 715 5572 XXXVI.
762 5535 781 5567 ι
825 5528 848 5556 ο
878 5514 1088 5572 Novum
1116 5523 1171 5575 et
1194 5514 1364 5572 Vetus
1397 5512 1805 5571 Testamentum
1850 5507 1985 5566 reci-

479 5675 506 5705 ι
537 5664 880 5738 concordant
907 5669 1184 5738 sequentia
1211 5666 1390 5738 quoad
1416 5682 1655 5731 sensum,
1684 5679 1790 5720 non
1814 5662 1977 5720 verba

407 5750 529 5795 cum
550 5734 819 5805 _Gennad.,
850 5734 1004 5805 capp.
1030 5737 1120 5799 30,
1149 5734 1246 5801 διξ
1266 5736 1355 5792 52.

477 5806 506 5849 δ
535 5802 800 5871 Gennad.,
829 5802 1065 5873 cap’fﬁ,
1092 5807 1212 5863 aliis
1242 5806 1439 5863 verbis.

2075 4691 2208 4747 mihi
2238 4690 2464 4760 contigit
2485 4687 2696 4743 videre!
2737 4688 3024 4742 Decentius
3052 4701 3197 4741 nunc
3235 4694 3540 4741 tractantur
3566 4698 3659 4740 res

2077 4783 2198 4839 usui
2243 4781 2488 4851 corporis
2531 4780 2854 4836 necessariae
2879 4820 2893 4843 ,
2948 4794 3110 4849 quam
3154 4785 3506 4833 sacrosancta
3546 4791 3666 4847 my-

2078 4872 2282 4937 steria;
2316 4869 2460 4939 iuste
2506 4869 2634 4925 illud
2672 4870 2781 4924 dici
2809 4868 2966 4924 nobis
3005 4876 3185 4939 potest
3225 4886 3238 4923 :
3270 4866 3526 4934 Quaeritis
3548 4882 3662 4933 me,

2080 4979 2184 5017 non
2214 4962 2338 5034 quia
2367 4961 2573 5016 uidistis
2602 4962 2756 5031 signa
2772 5000 2788 5025 ,
2812 4960 2901 5015 sed
2924 4961 3050 5031 quia
3089 4959 3460 5016 manducastis
3485 4960 3554 5015 de
3571 4976 3664 5031 per

2080 5052 2232 5109 nibus
2257 5053 2533 5123 (locum,
2557 5050 2671 5122 26).

2148 5143 2410 5201 XXXVII.
2453 5143 2565 5199 Has
2596 5142 2782 5215 igitur,
2832 5158 2970 5214 quas
3003 5142 3265 5209 diximus,
3302 5144 3663 5216 suscipiemes

2079 5252 2203 5293 cum
2249 5236 2396 5292 omni
2430 5236 2662 5307 puritate
2691 5244 2910 5290 sanctas
2959 5234 3303 5305 Scripturas,
3355 5234 3662 5307 peregrinis

2080 5338 2243 5401 atque
2288 5328 2485 5399 ignotis
2529 5327 2596 5382 de
2645 5326 3047 5397 Scriptum-um
3096 5326 3433 5381 continentia
3465 5321 3663 5381 fabulis

2080 5436 2189 5477 non
2228 5420 2388 5477 facile
2418 5419 2895 5477 accommodamus
2919 5433 3222 5474 assensum.
3251 5416 3510 5473 Doctrina
3539 5415 3661 5481 illa,

2080 5519 2443 5582 quaeruntum
2477 5510 2532 5567 in
2562 5518 2773 5567 secreto
2804 5509 2907 5567 sibi
2948 5507 3154 5583 placet,
3203 5508 3342 5567 etin
3385 5507 3662 5583 publicum

2155 5674 2177 5700 ε
2212 5662 2484 5733 Pelagius.

2119 5759 2129 5778 ι
2150 5733 2182 5773 «ι’
2219 5731 2484 5802 Pelagius.

2157 5816 2179 5842 ι
2219 5801 2487 5875 Pelagius.
