3934 6180
255 381 393 440 1081

937 380 1086 437 ΟΡΡ.
1127 379 1353 438 DUBlA.
1393 411 1464 422 -ο
1501 381 1732 436 ALBINI
1769 381 2152 440 CONFESSIO
2189 384 2390 440 FlDEl.
2431 415 2504 426 —
2541 385 2722 448 PARS
2760 386 2846 443 Ill.

3388 393 3528 449 1083

246 497 528 553 erubescit
552 496 726 560 exire,
775 497 918 558 absit
943 506 1004 552 ut
1053 498 1266 552 aurium
1315 506 1624 553 nostrarum
1668 497 1836 552 intret
1860 496 1912 554 Δ
1939 497 2076 563 buit,
2107 498 2155 553 si
2184 498 2520 570 signaculum
2549 499 2646 556 Dei
2678 497 3049 558 similitudinis
3088 490 3224 557 fuit?
3273 521 3290 553 ι
3323 503 3530 562 Νοωηο

241 605 530 647 cavernas.
561 589 714 644 Hanc
742 588 906 643 talem
954 604 1060 644 non
1115 589 1288 644 solum
1349 588 1613 661 fugimus,
1642 604 1833 644 verum

242 685 416 743 etiam
435 683 726 737 anathema
753 680 826 735 illi
857 681 1124 747 dicimus;
1153 690 1380 736 cunctos
1401 681 1686 736 haereticos
1709 695 1832 736 sen-

242 793 344 836 sus
373 790 474 832 nec
509 774 721 839 audire,
747 789 847 828 nec
878 773 1062 828 videre
1089 772 1353 828 volentes.
1379 771 1608 828 Omnem
1634 773 1835 828 doctri-

243 884 394 933 nam,
427 880 549 937 quae
575 863 947 922 ecclesiastico
976 865 1172 919 canoni
1216 880 1322 919 non
1349 866 1626 928 convenit,
1655 879 1834 934 neque

242 960 552 1022 consentit,
581 972 688 1012 non
717 956 890 1011 solum
919 971 1027 1011 non
1069 957 1413 1025 suscipimus,
1463 956 1559 1012 sed
1584 963 1640 1010 et
1668 954 1834 1011 veluti

239 1051 475 1108 alienam
510 1065 542 1104 a
573 1049 696 1104 fidei
720 1049 951 1103 veritate
986 1048 1330 1103 damnamus.

313 1141 677 1215 lgnorantiam
702 1139 920 1210 quidem
948 1154 1123 1194 meam
1144 1139 1391 1194 conﬁteri
1422 1153 1530 1193 non
1545 1138 1828 1193 erubesco.

234 1233 298 1289 In
332 1233 528 1289 divinis
552 1233 724 1296 libris,
760 1232 1030 1300 przecipue
1060 1231 1277 1286 Veteris
1293 1229 1830 1298 Testamenti,plura

238 1343 331 1382 me
352 1325 555 1390 latent;
586 1339 756 1395 pauca
791 1324 944 1378 valde
983 1332 1146 1387 sunt,
1195 1338 1315 1392 qua:
1341 1322 1474 1378 mihi
1511 1330 1702 1391 patere
1745 1336 1831 1373 ar-

234 1418 433 1474 bitror.
466 1418 662 1470 Beatus
688 1414 919 1486 Moyses,
950 1413 1035 1468 cui
1076 1415 1216 1468 Deus
1249 1420 1304 1468 et
1333 1411 1519 1466 mundi
1564 1410 1828 1481 originem

234 1520 297 1567 et
342 1509 567 1566 humani
597 1506 812 1579 generis
857 1505 1220 1561 conditionem
1265 1503 1433 1558 voluit
1465 1503 1826 1565 innotescere,

237 1602 311 1658 de
338 1602 426 1658 his
467 1600 772 1672 praesertim
796 1641 808 1662 ,
845 1613 1018 1668 quaen
1048 1597 1161 1651 Deo
1189 1611 1257 1650 ex
1282 1595 1453 1652 nihilo
1498 1593 1640 1649 facta
1676 1602 1823 1656 sunt,

235 1695 484 1751 breviter
510 1693 671 1748 nimis
709 1693 1047 1759 obscureque
1069 1689 1280 1743 locutus
1304 1695 1407 1742 est.
1443 1685 1595 1742 Unde
1625 1685 1825 1740 factum

239 1793 348 1850 est,
385 1793 444 1838 ut
466 1783 621 1838 multi
645 1782 815 1836 multa
839 1779 1052 1836 diversa
1081 1784 1434 1849 exponerent.
1459 1775 1666 1844 Quibus
1693 1791 1825 1831 sane

236 1893 306 1933 ex
343 1885 496 1947 parte
525 1876 678 1931 lectis
709 1891 813 1930 non
847 1873 975 1928 mihi
1008 1873 1144 1928 satis
1183 1872 1380 1935 elucet,
1412 1869 1610 1935 fateor,
1639 1869 1767 1939 quid
1791 1884 1824 1924 a

233 1968 354 2022 Deo
383 1967 633 2038 primitus
684 1965 849 2020 fuerit
891 1963 1112 2019 factum.
1143 1963 1268 2018 Ideo
1297 1960 1521 2016 diillnite
1544 1975 1650 2015 non
1677 1960 1824 2025 dico,

229 2061 379 2118 sicut
406 2062 472 2115 de
500 2059 721 2128 reliquis
767 2072 914 2113 nunc
945 2069 1137 2125 usque,
1171 2069 1292 2123 qute
1336 2053 1404 2108 ad
1453 2051 1824 2108 ecclesiastica

230 2153 491 2225 dogmata
518 2151 814 2222 pertinent,
843 2148 940 2205 sed
961 2156 1018 2203 et
1045 2149 1314 2218 majorum
1358 2152 1669 2200 nostrorum
1699 2158 1825 2198 sen-

229 2262 328 2302 sus
364 2255 418 2300 et
449 2245 744 2300 sententias
772 2257 936 2314 pono.
967 2241 1105 2296 Sunt
1134 2254 1390 2309 namque,
1432 2238 1526 2308 qui
1571 2236 1820 2302 credunt,

230 2335 524 2392 informem
560 2335 845 2390 materiam
894 2334 1132 2405 primum
1181 2330 1380 2386 factam
1419 2327 1606 2394 fuisse,
1646 2336 1703 2383 et
1730 2342 1825 2397 po-

228 2437 351 2484 stea
384 2428 680 2500 angelicam
715 2434 990 2483 naturam.
1035 2424 1278 2493 Quorum
1327 2435 1507 2487 unus,
1562 2427 1624 2475 ut
1673 2434 1818 2485 reor,

226 2527 391 2575 aetate
447 2529 501 2574 et
547 2520 814 2591 sapientia
866 2519 952 2573 vir
1003 2532 1270 2589 magnus,
1322 2515 1700 2570 incunctanter
1747 2512 1820 2566 ita

227 2611 497 2681 scriptum
520 2611 782 2681 reliquit:
819 2629 838 2662 ‹
868 2610 928 2664 in
960 2607 1228 2680 principio
1266 2605 1472 2662 creavit
1523 2605 1667 2659 Deus
1709 2615 1822 2658 cre-

224 2700 373 2766 lum,
407 2711 461 2758 et
486 2711 707 2767 terram,
742 2711 796 2757 et
817 2717 1014 2771 aquam
1051 2716 1120 2755 ex
1149 2699 1342 2764 nihilo,
1371 2707 1426 2754 et
1474 2712 1597 2753 cum
1643 2697 1820 2752 adhuc

225 2791 470 2847 tenebrre
497 2793 672 2862 ipsam
700 2807 898 2862 aquam
938 2791 1307 2856 occultarent,
1336 2799 1394 2844 et
1448 2801 1586 2857 aqua
1617 2796 1818 2841 terram

225 2885 624 2948 absconderet,
658 2883 785 2939 facti
834 2892 962 2938 sunt
1004 2882 1178 2952 angeli
1223 2889 1280 2936 et
1321 2897 1511 2935 omnes
1567 2878 1820 2934 cmlestes

219 2973 457 3029 virtutes
489 2987 537 3028 α.
576 2994 595 3027 ι
643 2973 861 3030 Utinam
907 2973 1116 3044 Moyses
1160 2973 1266 3026 hoc
1305 2971 1382 3025 ita
1427 2971 1657 3025 haberet
1702 2970 1819 3023 sine

221 3066 580 3136 ambiguitate
609 3065 943 3134 descriptum
965 3105 980 3130 ,
1023 3064 1090 3118 de
1116 3061 1272 3132 cnjus
1307 3061 1609 3116 assertione
1658 3075 1819 3116 nemo

219 3155 472 3211 dubitare
509 3154 936 3224 permitteretur.
967 3153 1072 3209 Sed
1094 3168 1306 3209 mecum
1335 3153 1686 3207 vehementer
1715 3151 1808 3205 ad-

218 3247 415 3310 miror,
448 3222 546 3300 cur
570 3244 658 3300 ille
689 3253 874 3300 tantus
905 3244 1024 3310 vir,
1068 3259 1194 3298 cum
1222 3243 1509 3298 manifesta
1537 3242 1681 3313 loqui
1718 3258 1814 3313 po-
1841 3222 1886 3284 ο

219 3337 351 3402 tuit,
380 3344 440 3391 ut
466 3345 618 3407 puto,
659 3351 770 3406 prae
797 3335 1010 3391 cunctis
1041 3334 1383 3400 hominibus,
1413 3334 1578 3406 ﬁlo
1603 3333 1671 3390 de
1701 3342 1810 3389 tam

218 3428 457 3485 excelsis
482 3429 647 3483 rebus
676 3428 748 3481 ita
777 3427 966 3482 maluit
996 3436 1194 3482 tacere.
1228 3425 1399 3494 Hujus
1428 3425 1676 3480 videlicet
1702 3424 1810 3478 dif-

218 3519 482 3575 ﬁnitionis
507 3519 668 3574 Pater
687 3518 986 3590 Gregorius
1013 3519 1068 3573 in
1092 3519 1326 3588 quodam
1379 3517 1498 3573 loco
1541 3517 1807 3583 meminit,

219 3625 386 3680 quam
410 3616 592 3664 tamen
611 3624 717 3665 non
743 3609 1058 3664 allirmando
1078 3609 1282 3679 posuit,
1304 3609 1385 3664 sic
1406 3608 1628 3664 dicens:
1650 3627 1668 3660 ι
1692 3608 1812 3663 Pri-

218 3716 313 3758 ma
333 3701 477 3757 enim
492 3701 546 3755 in
564 3708 806 3771 tempore
822 3701 1040 3755 condita
1063 3709 1260 3754 natura
1275 3698 1676 3754 rationabilium
1698 3701 1811 3769 spi-

217 3793 425 3862 rituum
449 3791 709 3848 creditur.
743 3790 896 3857 Quod
920 3791 967 3845 si
993 3790 1066 3844 ita
1096 3798 1201 3856 est,
1229 3791 1354 3843 dum
1385 3800 1533 3844 terra
1557 3797 1705 3845 esset
1729 3790 1812 3844 in-

211 3881 449 3938 visibilis
484 3890 540 3938 et
587 3881 965 3952 incomposita,
997 3879 1126 3934 dum
1153 3885 1394 3935 tenebrae
1433 3888 1618 3934 essent
1646 3894 1811 3948 super

212 3975 494 4049 abyssum,
518 3983 801 4031 venturum
825 3975 968 4029 diem
989 3973 1370 4042 subsequentis
1397 3971 1579 4027 szeculi
1599 3987 1700 4042 per
1719 3971 1802 4026 lu-

211 4085 336 4126 cem
350 4070 629 4139 sapientia:
647 4069 929 4124 existendo
947 4075 1328 4137 prmvenerunt
1346 4067 1395 4118 ιι.
1425 4085 1445 4118 ι

285 4161 574 4218 XXXVIII.
617 4159 758 4216 Sunt
787 4168 968 4214 autem
1001 4168 1056 4214 et
1077 4158 1168 4212 alii
1195 4158 1286 4227 qui
1323 4156 1622 4229 angelicam
1650 4162 1811 4209 natu-

210 4269 357 4319 ram,
387 4269 507 4322 quae
531 4253 745 4324 dignior
770 4261 854 4307 est
899 4259 954 4306 et
978 4250 1303 4305 eminentior
1329 4257 1584 4304 creatura
1608 4288 1622 4312 ,
1662 4246 1809 4300 arbi-

211 4354 434 4402 trantur
458 4346 510 4400 in
532 4346 724 4400 ordine
753 4343 1077 4400 conditionis
1103 4343 1355 4413 primam.
1380 4339 1619 4408 Quorum
1649 4339 1808 4394 intel-

207 4439 382 4494 lectui
409 4436 922 4508 suﬂ'ragarividetur
944 4434 1092 4500 illud,
1124 4434 1268 4504 quod
1295 4449 1324 4487 a
1348 4432 1573 4487 Domino
1598 4431 1804 4485 dictum

208 4539 299 4586 est
329 4531 394 4584 de
417 4527 833 4599 Lucifero:lpse
858 4537 934 4582 est
962 4527 1280 4598 principium
1308 4526 1512 4580 viarum
1530 4523 1628 4578 Dei
1654 4523 1797 4595 (Job.

1935 587 2061 642 dum
2083 602 2297 658 quoque
2320 597 2424 653 est,
2451 597 2510 643 ut
2531 589 2609 644 ait
2634 589 2794 644 Pater
2816 589 3110 662 Gregorius
3143 603 3190 658 ο,
3225 593 3367 662 quod
3392 593 3524 651 dum

1936 678 2144 734 viarum
2170 680 2264 735 Dei
2295 681 2619 752 principium
2662 681 2961 739 Behemoth
3004 684 3222 752 dicitur,
3258 701 3522 744 vesanum

1934 767 2126 840 dogma
2179 769 2294 825 Arii
2345 779 2536 842 aperta
2585 773 2800 828 ratione
2855 774 3171 845 dissipatur.
3211 777 3525 837 .Facturam

1933 863 2132 933 quippe
2159 863 2253 919 Dei
2275 865 2475 920 Filium
2519 865 2739 922 fatetur.
2764 867 2832 922 Et
2855 883 2982 924 ecce
3018 870 3316 926 Behemoth
3353 872 3408 927 in
3441 870 3524 927 fa-

1934 965 2088 1008 ctura
2133 970 2315 1011 rerum
2364 959 2573 1028 primus
2614 968 2832 1015 creatus
2883 962 3208 1016 ostenditur.
3257 961 3523 1034 Superest

1933 1059 2094 1114 ergo,
2146 1056 2205 1101 ut
2251 1047 2414 1103 Arius
2453 1058 2547 1104 aut
2599 1049 2754 1122 [non]
2785 1051 2990 1107 factum
3017 1052 3213 1109 Filium
3240 1056 3518 1124 praedicet,

1935 1146 2030 1192 aut
2069 1153 2192 1194 eum
2221 1149 2344 1210 post
2383 1141 2683 1197 Behemoth
2729 1144 3008 1200 conditum
3059 1145 3254 1201 stultus
3293 1154 3466 1216 putet.
3496 1166 3516 1201 ι

1933 1217 2167 1300 Angelos
2192 1231 2246 1285 in
2275 1233 2542 1304 principio
2569 1249 2689 1292 esse
2714 1236 2962 1292 conditos
2986 1236 3214 1292 forsitan
3264 1246 3320 1292 et
3367 1237 3520 1305 illud,

1933 1321 2076 1389 quod
2095 1323 2258 1379 beato
2278 1325 2380 1380 Job
2396 1327 2616 1392 dicitur,
2647 1329 3014 1385 demonstrat:
3045 1327 3145 1386 Ubi
3168 1348 3285 1386 eras
3310 1333 3522 1402 quando

1930 1413 2181 1481 ponebam
2211 1415 2556 1485 fundamenta
2592 1429 2771 1485 term,
2827 1429 2882 1476 et
2910 1420 3070 1490 paulo
3121 1431 3271 1491 post,
3300 1439 3417 1476 cum
3439 1438 3522 1477 me

1931 1502 2211 1560 laudarent
2253 1517 2398 1562 astra
2446 1512 2732 1577 matutina,
2783 1520 2832 1566 et
2864 1511 3158 1582 jubilarent
3206 1529 3383 1568 omnes
3421 1511 3522 1581 ﬁlii

1929 1595 2030 1650 Dei
2059 1596 2204 1668 (Job.
2236 1617 2468 1668 xxxvui,
2496 1601 2550 1668 4,
2577 1602 2654 1672 7).

1999 1698 2242 1755 XXXIX.
2311 1701 2667 1758 Inveniuntur
2713 1711 2976 1774 praeterea
3036 1720 3144 1760 non
3202 1706 3521 1776 spernenda:

1929 1789 2170 1845 scientia:
2208 1791 2352 1857 viri,
2385 1792 2478 1861 qui
2525 1801 2780 1848 neutrum
2809 1809 2999 1849 eorum
3028 1795 3368 1862 praeferunt,
3425 1796 3524 1851 sed

1929 1889 2164 1952 utraque
2189 1883 2403 1938 simula
2425 1883 2538 1938 Deo
2563 1895 2750 1940 creata
2772 1901 2893 1941 esse
2920 1887 3124 1950 dicunt,
3152 1888 3225 1941 ita
3253 1895 3313 1940 ut
3332 1903 3526 1941 unum-

1929 1972 2181 2043 quodque
2209 1989 2399 2028 eorum
2431 1974 2536 2030 dici
2567 1975 2739 2045 possit
2771 1976 3010 2031 initium.
3062 1975 3192 2042 Quae
3234 1977 3376 2032 ratio
3401 1992 3526 2035 esse

1927 2059 2268 2128 probabilior
2309 2061 2524 2116 videtur
2547 2104 2562 2127 ,
2607 2063 2714 2118 illis
2742 2064 2847 2118 hoc
2888 2063 3049 2119 modo
3082 2063 3467 2121 diﬂinientibus
3505 2084 3521 2120 ε

1925 2146 2065 2203 Ante
2097 2164 2315 2204 omnem
2368 2151 2530 2220 hujus
2566 2152 2747 2206 seaculi
2777 2152 2920 2208 diem
2951 2153 3164 2208 creavit
3189 2153 3334 2210 Deus
3365 2170 3525 2226 supe-

1925 2241 2124 2296 riorem
2154 2251 2209 2297 et
2235 2242 2574 2311 spiritualem
2601 2259 2726 2298 cum
2759 2245 2874 2300 suis
2899 2245 3100 2300 accolis
3128 2247 3386 2302 mundum
3406 2290 3419 2313 ,
3468 2259 3525 2305 et

1924 2332 2215 2388 informem
2257 2333 2614 2403 totiuslhujus
2648 2335 2834 2390 mundi
2873 2337 3184 2404 materiam,
3209 2339 3368 2408 juxta
3414 2341 3521 2396 hoc

1923 2425 2068 2495 quod
2107 2426 2366 2496 scriptum
2410 2435 2495 2479 est
2527 2443 2540 2479 :
2583 2423 2688 2491 Qui
2717 2427 2839 2481 vicit
2882 2426 2938 2481 in
2975 2438 3229 2484 mternum
3253 2471 3268 2496 ,
3326 2431 3522 2485 creavit

1924 2521 2101 2576 omnia
2137 2520 2298 2576 simul
2349 2519 2554 2594 (Eccli.
2604 2537 2774 2587 xviii,
2826 2522 2922 2594 l).
2987 2523 3100 2580 Hoc
3145 2541 3382 2596 namque
3424 2541 3524 2596 per

1923 2612 2143 2683 Moysen
2175 2613 2375 2667 dicitur
2393 2612 2550 2683 juxta
2575 2612 2863 2668 historiam
2911 2633 2924 2668 :
2972 2615 3041 2669 In
3083 2617 3345 2688 principio
3397 2617 3520 2686 fecit

1921 2703 2064 2758 Deus
2087 2703 2272 2758 caelum
2301 2713 2349 2758 et
2378 2713 2574 2758 terram
2611 2701 2766 2777 (Gen.
2801 2721 2840 2770 ι,
2875 2705 2949 2778 1).
2983 2707 3117 2762 Nam
3151 2708 3272 2764 ideo
3303 2709 3520 2780 Moyses

1921 2803 2034 2848 tam
2085 2793 2324 2850 breviter
2375 2794 2504 2850 fecit
2549 2795 2882 2851 mentionem
2940 2799 3239 2868 superioris
3290 2799 3476 2854 mundi
3503 2839 3518 2862 ,

1921 2887 2050 2956 quia
2077 2887 2143 2942 dc
2169 2886 2372 2941 mundo
2406 2887 2509 2941 hoc
2529 2927 2543 2952 ,
2575 2886 2630 2941 in
2669 2903 2778 2957 quo
2825 2888 2988 2944 homo
3026 2888 3202 2945 factus
3223 2897 3310 2945 est
3333 2931 3348 2955 ,
3381 2891 3519 2946 scri-

1919 2978 2053 3034 bere
2087 2979 2363 3042 decrevit,
2403 2977 2649 3035 sullicere
2677 2980 2907 3035 credens
2935 3021 2950 3045 ,
3001 2983 3046 3036 si
3098 2997 3314 3038 omnem
3361 2997 3515 3037 crea-

1921 3076 2056 3122 tura:
2091 3068 2386 3137 spiritualis
2409 3078 2464 3122 et
2489 3069 2778 3125 invisibilis
2810 3080 3033 3137 statum,
3062 3085 3224 3142 atque
3259 3083 3511 3130 ornatum

1918 3176 2029 3216 uno
2062 3162 2186 3217 οωιὶ
2227 3164 2478 3229 nomine,
2513 3165 2656 3234 quod
2693 3166 2746 3220 in
2774 3166 3040 3236 principio
3088 3165 3293 3221 factum
3340 3166 3510 3233 dixit,

1917 3253 2404 3323 comprehenderet
2446 3273 2458 3310 :
2502 3257 2841 3325 corporalem
2879 3273 3010 3312 vero
3037 3256 3309 3312 visibilem
3347 3267 3512 3329 atque

1916 3344 2319 3412 corruptibilem
2346 3353 2653 3401 creaturam
2699 3347 2858 3403 latius
2895 3363 2962 3403 ex
3004 3349 3198 3403 ordine
3228 3348 3508 3405 describe-

1915 3443 2029 3502 ret;
2066 3435 2169 3492 hoc
2214 3446 2320 3503 est,
2350 3439 2534 3495 tacitis
2582 3441 2683 3507 eis,
2738 3455 2859 3510 quas
2907 3439 3100 3496 altiora
3150 3441 3378 3510 quaesitu
3404 3482 3420 3508 ,
3457 3449 3516 3497 et

1913 3525 2140 3582 fortiora
2173 3537 2418 3584 scrutatu
2445 3539 2594 3596 sunt,
2619 3531 2707 3585 illa
2733 3531 2935 3601 potius,
2967 3547 3088 3602 quze
3117 3547 3147 3586 a
3177 3531 3290 3587 Deo
3329 3532 3506 3588 omni-

1912 3618 2014 3674 bus
2047 3628 2317 3691 praacepta
2361 3621 2476 3677 sive
2515 3623 2785 3693 promissa
2816 3633 2962 3704 sunt,
2998 3623 3284 3695 cogitanda
3313 3641 3514 3695 propo-

1913 3719 2088 3767 neret.
2125 3711 2278 3768 Unde
2307 3713 2472 3769 etiam
2505 3715 2753 3770 consulte
2799 3715 2866 3770 de
2893 3730 3021 3770 casu
3066 3717 3506 3785 praevaricatoris

1912 3803 2086 3873 angeli
2121 3813 2176 3859 et
2219 3806 2637 3876 sociorum'ejus
2671 3808 2890 3877 penitus
2935 3809 3184 3872 reticuit,
3235 3808 3361 3877 quia
3401 3810 3506 3864 hoc

1911 3891 2170 3946 nimirum
2216 3892 2284 3947 ad
2343 3902 2545 3948 statum
2585 3895 2730 3950 illius
2769 3895 3057 3950 invisibilis
3101 3908 3158 3950 et
3208 3897 3509 3967 spiritualis

1911 3991 2178 4038 creaturae
2204 3985 2478 4054 pertinere
2507 3985 2802 4040 arbitratus
2851 3994 2954 4041 est.
2989 3987 3046 4041 ln
3071 3988 3341 4058 principio
3383 4005 3508 4044 cum

1911 4075 2050 4130 caelo
2075 4075 2276 4131 factam
2302 4077 2434 4132 dicit
2464 4077 2632 4131 solam
2658 4085 2881 4141 terram,
2905 4092 3029 4131 cum
3048 4085 3281 4148 quatuor
3295 4087 3509 4136 constet

1909 4182 2031 4222 esse
2057 4167 2323 4222 elementa
2353 4187 2366 4222 :
2400 4178 2454 4224 et
2484 4170 2589 4224 hoc
2637 4186 2754 4235 cur,
2800 4171 2907 4225 nisi
2953 4171 3076 4240 quia
3109 4171 3176 4225 ad
3221 4169 3324 4224 alia
3345 4212 3359 4236 ,
3387 4185 3505 4241 qua’

1911 4259 2084 4330 magis
2124 4258 2435 4314 necessaria
2478 4271 2654 4324 erant,
2709 4260 3076 4331 properabat?
3123 4258 3309 4329 Neque
3357 4261 3504 4315 enim

1908 4363 2096 4418 aquas,
2120 4348 2224 4402 nisi
2248 4363 2278 4401 a
2300 4349 2410 4403 Deo
2433 4348 2604 4404 factas
2641 4349 2801 4404 simul
2823 4365 2945 4404 eum
2974 4349 3112 4404 cmlo
3133 4356 3187 4404 et
3214 4357 3359 4403 terra
3385 4363 3494 4404 cre-

1908 4440 2036 4494 dere
2065 4439 2148 4495 fas
2174 4447 2277 4496 est.
2303 4439 2456 4507 Quod
2487 4441 2534 4496 si
2565 4441 2679 4512 ipse
2701 4456 2815 4496 non
2838 4441 3016 4513 palam
3040 4441 3192 4506 dicit;
3216 4431 3396 4512 palam
3422 4450 3502 4496 ta-

1906 4547 2030 4588 men
2055 4531 2344 4603 significat,
2373 4548 2496 4588 cum
2525 4532 2625 4588 has
2664 4548 2695 4588 a
2720 4532 2833 4588 Deo
2889 4531 3206 4596 illustratas,
3238 4539 3404 4600 atque
3433 4531 3505 4586 ad

209 4635 304 4684 IL,
353 4618 465 4690 l-l).
501 4617 639 4684 Quid
664 4618 806 4673 enim
839 4617 956 4672 vias
983 4616 1079 4671 Dei
1110 4615 1215 4670 nisi
1247 4613 1363 4683 ejus
1388 4615 1629 4669 actiones
1657 4613 1801 4669 acci-

1923 4638 2109 4678 ussum
2155 4622 2274 4691 ejus
2298 4623 2578 4679 ordinatas
2609 4623 2868 4679 insinuat.
2902 4621 3009 4677 Sed
3037 4629 3091 4677 et
3120 4620 3329 4691 reliqua
3355 4622 3489 4688 duo,

210 4711 412 4782 pimus,
442 4709 510 4764 de
540 4709 731 4778 quibus
758 4723 856 4778 per
878 4709 1200 4779 prophetam
1234 4705 1434 4761 dicitur
1466 4723 1480 4759 :
1511 4704 1635 4758 Non
1663 4706 1799 4758 enim

209 4809 336 4855 sunt
374 4800 470 4854 rite
497 4816 644 4865 mete,
677 4801 810 4853 sicut
837 4799 930 4853 viae
959 4808 1142 4853 vestra?
1165 4797 1328 4870 (Isa.,
1353 4812 1441 4861 ιν,
1464 4795 1539 4867 8).
1560 4797 1626 4850 Et
1653 4796 1801 4865 prin-

210 4893 416 4963 cipium
443 4891 655 4945 viarum
679 4891 881 4945 dicitur
913 4888 1229 4962 Behemoth,
1257 4887 1382 4958 quia
1411 4887 1465 4940 in
1495 4896 1689 4941 natura
1716 4903 1801 4943 rc-

207 4997 336 5037 rum
385 4981 529 5037 hunc
571 4982 807 5037 creando
848 4996 948 5050 per
995 4979 1354 5035 substantiam
1395 4979 1646 5034 conditor
1689 4980 1802 5049 pri-

208 5089 365 5129 mum
397 5072 544 5128 fecit.
586 5073 703 5142 Ipse
730 5087 963 5141 namque
983 5071 1276 5142 primatum
1302 5071 1444 5125 inter
1471 5069 1691 5139 angelos
1721 5078 1800 5125 te-

208 5168 334 5225 nuit
358 5183 480 5224 cum
511 5169 706 5239 quibus
747 5165 908 5222 simul
938 5166 1190 5223 conditus
1217 5163 1412 5231 fuerat,
1472 5163 1613 5218 sicut
1660 5163 1799 5219 dicit

207 5260 530 5331 Propheta:
578 5259 734 5315 Cedri
778 5276 884 5314 non
934 5259 1149 5329 fuerunt
1187 5255 1401 5310 altiores
1451 5253 1546 5309 illo
1577 5252 1793 5327 (Bacch.

209 5368 366 5419 xxxi,
392 5352 469 5425 8).
507 5351 608 5420 Qui
639 5351 841 5407 idcirco
876 5365 1107 5422 peccans
1157 5349 1275 5404 sine
1303 5347 1461 5403 venia
1509 5347 1798 5402 damnatus

207 5455 327 5512 est,
367 5446 493 5515 quia
514 5461 741 5516 magnus
769 5444 885 5499 sine
915 5440 1320 5512 comparatione
1353 5439 1526 5493 fuerat
1559 5448 1794 5493 creatus.

207 5537 278 5593 Et
308 5552 525 5591 rursum
557 5536 723 5600 idem,
747 5535 838 5606 qui
867 5549 1029 5605 supra
1069 5551 1082 5587 :
1119 5531 1195 5585 Tu
1237 5529 1570 5601 signaculum
1617 5529 1801 5583 simili-

206 5627 411 5682 tudinis
435 5627 650 5699 (Ezech.
674 5642 863 5692 xxviii,
898 5623 1007 5694 ω).
1051 5623 1189 5690 Quid
1219 5622 1364 5678 enim
1394 5621 1520 5677 boni
1559 5636 1668 5676 non
1696 5621 1798 5677 ba~

210 5754 307 5868 ωε
349 5730 658 5798 Gennadius
720 5741 772 5796 in
821 5737 1204 5798 ecclesiasticis
1256 5735 1624 5809 Dogmatibus,
1675 5753 1792 5806 cap.

1904 4713 1957 4768 id
1985 4723 2100 4780 est,
2141 4715 2279 4786 ignis
2305 4723 2360 4769 et
2387 4730 2500 4780 aer,
2529 4713 2778 4783 quamvis
2827 4728 2931 4766 non
2959 4712 3231 4776 dicantur,
3283 4720 3498 4767 certum

1901 4813 1980 4859 est
2017 4813 2196 4858 tamen
2227 4819 2290 4858 ea
2325 4804 2379 4857 in
2409 4803 2536 4867 illis,
2570 4812 2715 4858 terra
2739 4801 2991 4857 videlicet
3017 4809 3071 4858 et
3099 4817 3260 4872 aqua,
3295 4802 3496 4872 quibus

1903 4895 2072 4950 indita
2100 4904 2245 4959 sunt,
2285 4895 2352 4948 ab
2376 4907 2440 4950 eo
2469 4893 2874 4964 comprehendi.
2907 4893 3084 4964 Ignem
3124 4909 3358 4963 namque
3385 4904 3499 4949 ter-

1903 5000 1976 5038 ra:
2011 4983 2362 5038 interioribus
2392 4983 2611 5039 insitum
2653 4983 2812 5038 calidi
2840 4967 3107 5054 aquarum
3155 4984 3333 5038 fontes
3367 4998 3499 5054 pro—

1901 5076 2054 5154 dunt.
2088 5073 2190 5140 Qui
2211 5074 2374 5128 etiam
2399 5073 2671 5128 invenitur
2703 5074 2756 5128 in
2791 5072 2935 5127 ferro
2959 5081 3013 5127 et
3049 5073 3343 5144 lapidibus,
3375 5088 3496 5144 quae

1900 5174 2058 5221 terra!
2083 5167 2290 5220 viscere
2309 5164 2422 5233 jam
2450 5173 2576 5219 tunc
2603 5165 2820 5219 condita
2848 5165 3109 5219 latebant.
3138 5163 3250 5219 Aer
3277 5180 3406 5219 vero
3437 5164 3494 5218 in

1901 5258 2018 5328 ipsa
2065 5268 2211 5311 terra
2240 5256 2545 5327 permixtus
2573 5272 2694 5312 esse
2735 5256 3082 5328 cognoscitur
3131 5271 3196 5310 ex
3229 5268 3295 5310 eo
3324 5255 3489 5325 quod,

1900 5364 2023 5404 cum
2051 5350 2359 5402 humectata
2387 5346 2551 5402 fuerit
2585 5358 2641 5403 et
2670 5348 2986 5418 temperiem
3025 5347 3154 5402 solis
3200 5346 3490 5416 acceperit.

1899 5452 2025 5492 mox
2074 5452 2305 5507 vapores
2348 5437 2570 5491 exhalat
2623 5437 2983 5508 largissimos.
3035 5433 3202 5508 igitur
3230 5435 3388 5506 quale
3421 5435 3496 5490 sit

1900 5529 2128 5594 coelum,
2161 5528 2304 5597 quod
2332 5528 2384 5582 in
2407 5528 2675 5598 principio
2695 5543 2820 5584 cum
2841 5535 2984 5582 terra
3007 5525 3208 5580 factum
3237 5534 3344 5592 est,
3376 5525 3494 5597 ipse

1902 5621 2162 5686 insinuat,
2194 5636 2316 5676 cum
2349 5620 2478 5675 dicit
2519 5637 2531 5674 :
2571 5619 2733 5673 Terra
2764 5628 2937 5672 autem
2968 5628 3079 5672 erat
3111 5617 3284 5673 inanis
3315 5626 3362 5672 et
3403 5633 3493 5672 υαδ

1975 5735 2000 5773 b
2039 5733 2353 5804 Gregorius,
2383 5732 2474 5787 lib.
2505 5747 2671 5804 xxvui
2703 5709 2865 5793 Merui
2895 5746 3013 5802 cap.
3045 5729 3130 5784 Η.

1977 5816 1996 5844 ε
2043 5803 2202 5876 Grcg.
2233 5804 2390 5871 ibid"
2423 5819 2542 5875 cap.
2568 5803 2656 5857 24.
