3934 6180
411 377 548 434 1ῢ33

1224 372 1281 430 Β.
1323 375 1382 431 F.
1413 373 1635 430 ALBlNl
1674 373 1804 430 SEU
1844 371 2116 429 ALCUINI
2150 370 2431 428 OPERUM
2470 368 2649 426 PARS
2691 368 2820 426 Vill.

3524 373 3666 429 l08-l

413 511 511 547 cua
543 488 692 561 (Gen.
721 508 757 556 ι,
780 490 857 558 ‘2).
888 490 958 546 Ut
978 490 1106 560 quid
1143 475 1286 545 enim
1331 489 1446 543 haec
1473 487 1540 542 de
1567 497 1712 544 terra
1763 496 1986 557 praster—
2013 489 2058 544 Α
2087 491 2197 548 est;
2227 491 2280 537 ct
2300 481 2402 536 hoc
2431 488 2579 535 tanta
2602 480 2886 536 velocitate
2912 479 3110 534 divina:
3149 480 3388 545 virtutis.
3435 494 3495 536 ut
3534 502 3668 539 nec-

416 586 584 639 rnisso
608 582 747 638 coelo
770 581 978 646 intulit,
1008 582 1110 635 nisi
1133 581 1258 649 quia
1285 579 1419 633 nihil
1448 579 1553 633 tale
1579 579 1644 632 de
1667 579 1806 634 caelo
1830 577 1986 632 intel-

415 678 504 748 ligi
527 676 735 740 voluit?
758 675 935 746 Ipsum
965 685 1047 730 est
1071 674 1215 728 enim
1242 672 1436 726 ctelum
1451 672 1718 741 superius,
1743 671 1885 741 quod
1917 670 1986 725 ab

414 766 560 821 omni
584 766 770 820 mundi
791 763 949 833 hujus
972 762 1190 819 volubili
1220 769 1364 816 statu
1388 771 1680 826 secretum,
1712 760 1882 831 gloria
1905 761 1985 816 di-

414 859 554 912 vinae
586 858 888 928 praesentiae
920 863 1103 911 manet
1127 867 1343 923 semper
1361 853 1623 922 quietum,
1641 851 1698 906 in
1725 866 1834 920 quo
1864 867 1986 921 per-

414 947 554 1002 fecte
584 949 763 1003 omnia
789 947 1044 1016 disposita
1068 958 1282 1014 semper
1303 943 1535 999 fuerunt.
1555 942 1690 999 Nam
1711 945 1778 998 de
1800 953 1986 999 nostro

413 1039 571 1102 emlo,
601 1039 652 1092 in
679 1053 784 1107 quo
804 1038 974 1106 posita
996 1043 1123 1090 sunt
1139 1035 1426 1089 luminaria
1450 1035 1575 1090 huic
1596 1035 1792 1091 saaculo
1803 1049 1985 1091 neces-

413 1128 578 1192 saria,
601 1129 655 1181 in
668 1127 1037 1196 sequentibus,
1055 1123 1326 1196 quomodo
1335 1125 1421 1180 vel
1435 1125 1650 1196 quando
1667 1126 1737 1181 sit
1756 1124 1982 1190 factum,

412 1217 526 1287 ipse
558 1215 832 1288 legislator
868 1215 1130 1271 declarat.
1169 1214 1287 1270 Non
1317 1229 1446 1286 ergo
1491 1215 1821 1271 credendum
1867 1218 1980 1280 est;

412 1315 472 1362 ut
507 1308 756 1377 superius
793 1306 924 1361 illud
970 1305 1194 1373 coelum,
1237 1306 1383 1375 quod
1403 1313 1488 1360 est
1516 1303 1826 1360 mortalium
1860 1318 1982 1358 om-

411 1399 558 1453 nium
594 1397 972 1467 eonspectibus
1017 1395 1410 1463 inaccessibile,
1440 1395 1602 1450 inane
1635 1402 1875 1450 creatum
1912 1394 1985 1448 sit

411 1499 468 1543 et
483 1504 731 1553 vacuum,
757 1497 818 1542 ut
843 1498 1010 1553 terra,
1038 1502 1158 1557 quas
1200 1486 1324 1543 talis
1353 1495 1482 1542 tunc
1519 1495 1660 1551 erat,
1690 1484 1864 1554 qualis
1887 1485 1984 1538 ad-

410 1579 518 1634 huc
559 1579 659 1634 sub
708 1579 818 1633 imo
874 1579 1041 1633 maris
1089 1577 1355 1649 profundo
1406 1591 1476 1631 ex
1521 1585 1674 1646 parte
1719 1582 1979 1630 remanet.

413 1667 618 1737 Quippe
645 1667 802 1737 cujus
824 1668 1132 1722 universam
1153 1665 1495 1736 superficiem
1523 1665 1578 1719 in
1609 1672 1813 1720 tantam
1837 1672 1984 1734 tege-

412 1759 543 1812 bant
566 1756 900 1812 altitudinem
926 1771 1098 1826 aquze,
1136 1764 1195 1811 ut
1223 1755 1291 1810 ad
1319 1755 1438 1812 illos
1463 1755 1612 1811 locos
1657 1767 1827 1824 usque
1860 1768 1981 1822 per-

2088 572 2212 626 dnm
2263 571 2497 641 primum
2548 570 2730 624 mundi
2794 571 3068 626 nascentis
3118 581 3454 627 momentum
3509 588 3662 631 esset

2088 675 2486 719 transcensum.

2156 756 2269 810 XL.
2311 756 2407 811 His
2438 756 2513 810 ita
2550 755 2783 821 auditis,
2830 754 2971 810 absit
3013 765 3074 811 ut
3125 755 3408 812 sinistrum
3458 758 3666 829 aliquid

2087 849 2220 904 mihi
2250 849 2512 918 suspicari
2541 847 2706 902 libeat
2738 849 2806 903 de
2837 849 3019 904 verbis
3045 849 3324 904 doctorum
3347 889 3363 915 ,
3416 858 3567 904 tanta
3596 854 3664 908 de

2086 938 2312 994 summis
2339 938 2501 994 rebus
2537 939 2891 1009 loquentium.
2943 940 3094 996 Licet
3116 941 3347 1014 Moyses,
3399 960 3524 1000 cum
3552 965 3664 1018 quo

2085 1029 2227 1085 Deus
2252 1029 2461 1086 loeutus
2491 1039 2596 1097 est,
2628 1031 2743 1086 haec
2773 1046 2913 1102 pene
2936 1032 3136 1088 intacta
3163 1034 3459 1105 reliquerit.
3494 1037 3666 1096 Video

2084 1119 2230 1174 enim
2260 1120 2371 1175 Deo
2397 1120 2722 1190 promissum
2751 1134 2875 1175 esse
2897 1121 3197 1192 impletum,
3232 1124 3324 1194 qui
3357 1125 3519 1180 dicit:
3557 1127 3660 1192 Qui

2083 1212 2247 1266 credit
2276 1210 2332 1267 in
2356 1227 2459 1277 me,
2484 1212 2706 1282 ﬂumina
2726 1213 2791 1267 de
2813 1224 2987 1269 ventre
3017 1215 3133 1282 eius
3158 1218 3320 1286 ﬂuent
3357 1235 3511 1288 aqua:
3536 1221 3662 1274 vicre

2085 1300 2266 1372 (loan.
2300 1316 2398 1368 vu,
2421 1301 2535 1372 38).
2596 1302 2749 1358 Unde
2774 1304 3064 1360 modernos
3098 1304 3258 1360 laudo
3300 1307 3574 1374 doctores,
3609 1321 3663 1364 et

2083 1403 2272 1444 eorum
2293 1390 2492 1460 scripta
2518 1389 2749 1446 libenter
2781 1391 2983 1460 lectito,
3033 1394 3124 1464 qui
3155 1395 3282 1450 dum
3315 1397 3663 1466 antiquorum

2083 1480 2226 1536 dicta
2253 1480 2557 1546 revolvunt,
2590 1499 2657 1538 ex
2683 1482 2970 1538 multorum
2999 1484 3232 1540 lectione
3260 1486 3498 1542 radicem
3521 1490 3663 1543 veri-

2084 1567 2210 1623 tatis
2230 1566 2476 1622 rimando
2497 1567 2796 1624 inveniunt.
2830 1569 3043 1637 Quanto
3074 1573 3217 1626 enim
3246 1583 3373 1629 sunt
3393 1573 3654 1643 iuniores,

2082 1667 2231 1714 tanto
2248 1659 2694 1730 perspicaciores,
2718 1669 2773 1716 et
2791 1677 2858 1717 eo
2882 1663 3051 1733 magis
3074 1663 3266 1719 florent
3295 1665 3534 1736 ingenio,
3557 1684 3656 1737 quo

2081 1749 2149 1803 de
2168 1747 2411 1818 pluribus
2431 1747 2670 1806 fontibus
2692 1751 3010 1806 hauserunt.
3059 1753 3227 1824 Igitur
3255 1770 3324 1810 ex
3349 1756 3435 1812 his
3465 1758 3652 1824 tribus,

415 1848 681 1919 tingerent
700 1888 717 1914 ,
752 1848 844 1902 ubi
887 1863 1032 1903 nunc
1078 1862 1251 1916 usque
1282 1861 1444 1916 supra
1489 1847 1887 1901 ﬁrmamentum
1915 1861 1983 1900 ex
2016 1833 2062 1893 Β
2085 1859 2207 1914 qua:
2239 1844 2541 1914 posuimus,
2567 1845 2697 1916 quid
2721 1845 2899 1902 verius
2930 1847 3019 1912 sit,
3056 1861 3158 1918 ego
3181 1863 3286 1904 non
3314 1848 3536 1921 indago,
3565 1867 3653 1906 nc-

413 1948 568 2010 parte
596 1940 863 2007 resident;
893 1941 985 1994 sed
1016 1938 1184 2011 [eum]
1209 1939 1321 1994 suis
1352 1938 1545 1994 incolis
1565 1953 1692 1994 mox
1715 1946 1980 2002 creatum,

413 2029 518 2084 hoc
538 2037 642 2095 est,
664 2029 990 2084 beatissimis
1014 2029 1340 2100 Angelorum
1371 2029 1675 2100 agminibus
1701 2028 1985 2098 impletum

411 2130 496 2176 est
533 2137 547 2174 :
594 2136 730 2192 quos
760 2121 813 2175 in
858 2120 1123 2190 principio
1151 2135 1275 2174 cum
1305 2119 1443 2176 coelo
1472 2134 1592 2176 esse
1639 2119 1887 2174 conditos
1929 2127 1987 2174 et

412 2223 578 2275 terra,
627 2226 691 2265 ac
741 2226 867 2266 mox
919 2209 1282 2266 conditionem
1311 2225 1504 2276 suam,
1559 2209 1717 2264 simul
1741 2219 1798 2264 et
1823 2209 1984 2264 totius

409 2314 674 2358 creaturae
702 2301 1084 2373 primordialis,
1134 2300 1204 2356 ad
1241 2301 1455 2356 laudem
1480 2299 1781 2356 conditoris
1833 2308 1980 2354 retu-

410 2391 536 2446 lisse
562 2399 790 2446 testatur
813 2391 927 2462 ipse
953 2391 1219 2457 conditor,
1237 2392 1330 2462 qui
1355 2390 1580 2462 loquens
1602 2389 1671 2445 ad
1687 2388 1788 2446 Job
1807 2390 1944 2446 dixit
1966 2407 1979 2442 :

409 2481 508 2537 Ubi
546 2500 662 2538 eras
692 2485 902 2554 quando
931 2483 1184 2553 ponebam
1237 2481 1583 2552 fundamenta
1635 2491 1788 2537 terra:
1835 2479 1979 2553 (Job.

411 2590 643 2641 xxxviii,
672 2573 760 2646 4);
789 2583 844 2629 ct
870 2581 992 2643 post
1017 2572 1176 2642 paulo
1207 2590 1220 2626 :
1252 2589 1371 2627 cum
1393 2589 1474 2627 me
1497 2570 1775 2626 laudarent
1802 2587 1982 2627 omnes

406 2665 507 2734 ﬁlii
533 2665 631 2720 Dei
659 2665 847 2738 (Ibid.,
875 2683 923 2720 υ.
954 2664 1032 2737 5).
1069 2665 1259 2722 Merito
1295 2665 1478 2734 itaque
1505 2664 1701 2721 ccelum
1729 2664 1850 2720 caeli
1873 2680 1982 2721 non

411 2757 574 2814 inane
602 2759 685 2813 vel
712 2774 938 2815 vacuum
979 2774 1102 2814 esse
1128 2758 1330 2814 factum
1358 2768 1692 2815 memoratur
1720 2778 1734 2816 :
1765 2761 1860 2816 sed
1881 2777 1983 2818 nec

410 2850 650 2905 tenebris
673 2850 728 2905 in
747 2865 834 2916 eo,
862 2851 946 2905 vel
973 2852 1170 2922 abysso
1197 2851 1349 2908 locus
1371 2866 1651 2908 remanere
1673 2851 1816 2909 ullus
1853 2868 1980 2924 per.

413 2943 645 3008 hibetur,
674 2943 815 3012 quod
840 2943 1099 3000 Dominus
1126 2943 1267 3000 Deus
1289 2957 1500 3016 semper
1519 2945 1589 3002 ab
1610 2945 1729 3017 ipso
1757 2946 1981 3002 exordio

411 3034 698 3100 illuminat,
726 3034 860 3103 ipse,
887 3035 981 3105 qui
1007 3044 1092 3092 est
1117 3035 1210 3091 lux
1234 3051 1399 3104 vera,
1449 3037 1732 3106 lucemque
1770 3036 1982 3092 habitat

412 3127 868 3193 iuaccessibilem;
900 3126 1057 3197 cujus
1079 3127 1391 3183 beatissima
1422 3127 1627 3184 visione
1651 3144 1777 3184 mox
1807 3127 1978 3184 creati

409 3217 464 3272 in
507 3216 662 3274 caelis
701 3218 962 3274 caelorum
1008 3219 1185 3289 angeli
1223 3218 1336 3288 jam
1363 3218 1566 3289 perfrui
1599 3228 1897 3290 ceperant,
1923 3220 1981 3274 in

408 3321 518 3374 quo
545 3322 668 3362 mox
687 3306 926 3376 perfecte
953 3309 1136 3362 omnia
1181 3307 1442 3378 disposita
1493 3307 1735 3378 Spiritus
1763 3316 1982 3364 sanctus

411 3397 732 3463 illustrabat,
763 3414 869 3453 non
893 3408 953 3454 ut
980 3399 1035 3453 in
1065 3398 1412 3457 inferioribus
1440 3401 1509 3455 ad
1542 3399 1845 3470 perfectum
1887 3401 1984 3457 de-

410 3486 609 3542 ducere
635 3487 964 3552 intendebat,
1000 3489 1140 3544 sicut
1172 3489 1433 3559 scriptum
1456 3499 1540 3546 est
1575 3508 1589 3544 :
1618 3489 1845 3560 Spiritus
1873 3489 1981 3544 Do-

410 3575 540 3630 mini
560 3577 823 3646 ferebatur
839 3594 996 3648 super
1018 3596 1181 3649 aquas
1213 3577 1368 3651 (Gen.
1400 3595 1451 3646 ι,
1481 3579 1537 3651 2)
1565 3597 1579 3645 ;
1609 3594 1708 3634 sua
1737 3579 1983 3636 videlicet

413 3667 635 3736 virtute,
663 3669 868 3725 habens
892 3671 945 3725 in
972 3671 1190 3742 prepria
1214 3678 1510 3740 potestate,
1541 3671 1706 3727 veluti
1732 3672 1980 3738 Creator,

409 3760 628 3831 quando
650 3775 743 3816 eas
771 3762 825 3816 in
848 3761 1025 3817 locum
1051 3771 1359 3818 secerneret
1385 3778 1549 3818 unum
1565 3803 1585 3828 ,
1622 3771 1684 3818 ut
1719 3771 1862 3817 terra
1887 3779 1980 3834 ap-

414 3859 651 3922 pareret.
692 3850 996 3922 Superferri
1027 3852 1172 3908 enim
1197 3852 1416 3919 dicitur,
1454 3868 1562 3908 non
1590 3853 1855 3923 positione
1877 3852 1980 3908 loci

414 3945 508 3999 sed
528 3951 662 3998 nutu
681 3943 987 4014 praecellere
1014 3944 1360 4014 disponendis
1382 3946 1646 4002 creaturis
1676 3960 1690 3999 :
1713 3945 1770 4000 in
1793 3944 1980 4000 simili-

413 4036 655 4095 tudinem
680 4035 887 4092 scilicet
911 4034 1071 4101 fabri,
1093 4033 1246 4104 cujus
1269 4033 1520 4090 voluntas
1542 4034 1643 4098 his,
1669 4049 1790 4104 qua:
1815 4033 1982 4088 fabri-

411 4127 596 4183 canda:
622 4134 766 4192 sunt,
796 4126 959 4182 rebus
985 4126 1120 4182 solet
1143 4124 1455 4196 superferri.
1484 4125 1630 4180 Illius
1650 4139 1863 4194 quoque
1891 4139 1982 4181 su-

414 4219 646 4290 perioris
673 4227 728 4275 et
759 4219 1046 4275 invisibilis
1084 4228 1352 4275 creatum
1401 4229 1621 4275 sanctus
1669 4219 1899 4275 Basilius
1928 4220 1982 4274 in

410 4310 550 4366 libro
579 4309 947 4366 Hexaemeron
969 4310 1291 4366 sccundoita
1315 4309 1473 4381 411
1502 4311 1742 4366 meminit
1755 4310 1938 4365 dicens
1965 4330 1976 4365 :

419 4418 436 4450 ι
466 4398 810 4454 Arbitrantur
847 4399 991 4453 enim
1013 4439 1027 4464 ,
1072 4399 1117 4453 si
1147 4399 1248 4454 fuit
1275 4400 1552 4469 quidpiam
1598 4409 1722 4456 ante
1767 4401 1982 4456 institu-

410 4489 610 4543 tionem
635 4487 907 4544 sensibilis
935 4487 1095 4558 hujus
1115 4495 1168 4542 et
1191 4487 1563 4558 corruptibilis
1601 4487 1810 4553 mundi,
1857 4505 1981 4559 pro-

410 4580 552 4636 fecto
579 4579 632 4634 in
661 4579 778 4635 luce
811 4579 928 4634 fuit.
976 4578 1162 4650 Neque
1190 4579 1334 4633 enim
1384 4580 1615 4649 dignitas
1663 4582 1974 4653 angelorum

410 4687 509 4725 nec
526 4670 765 4726 omnium
783 4669 1085 4725 cmlcstium
1105 4670 1328 4736 militiai,
1353 4669 1434 4726 vel
1463 4671 1590 4741 quid
1615 4681 1700 4726 εει
1729 4674 1977 4728 nomina-

409 4770 521 4816 tum
551 4769 644 4815 aut
673 4759 1119 4830 incompcllabile,
1153 4768 1246 4814 aut
1283 4760 1462 4830 aliqua
1493 4761 1828 4818 rationabilis
1861 4765 1972 4820 vir-

411 4862 497 4908 tus
544 4851 627 4907 vel
657 4852 989 4906 ministratur
1036 4852 1259 4922 spiritus
1296 4853 1490 4923 degere
1522 4862 1706 4923 posset
1745 4854 1798 4908 in
1828 4863 1976 4910 tene-

410 4943 524 4997 bris
546 4984 560 5008 ,
587 4943 682 4998 sed
712 4943 766 4996 in
798 4942 915 4996 lucc
961 4951 1018 4997 et
1063 4942 1245 4997 lietitia
1274 4943 1552 4998 decentem
1583 4945 1683 5000 sibi
1732 4947 1974 5002 habitum

407 5033 716 5102 possidebat
740 5046 788 5088 ιι.
822 5053 840 5086 ι
881 5033 1021 5089 Bene
1047 5049 1176 5104 ergo
1213 5035 1412 5090 dictum
1462 5045 1542 5091 cst
1573 5054 1586 5090 :
1635 5036 1699 5090 In
1723 5039 1977 5108 principio

411 5121 550 5177 Deus
576 5121 696 5192 fecit
727 5122 910 5177 caelum
947 5133 994 5177 et
1041 5133 1235 5177 terram
1265 5122 1419 5195 (Gen.
1454 5143 1504 5191 I,
1549 5125 1620 5196 l).
1675 5127 1746 5182 Ut
1791 5135 1978 5196 aperte

405 5209 567 5266 detur
597 5211 856 5282 intelligi,
885 5213 1008 5282 quia
1050 5221 1339 5282 utrumque
1367 5214 1526 5269 simul
1574 5217 1642 5269 ab
1667 5229 1732 5270 co
1776 5215 1978 5272 factum

404 5312 523 5367 est,
554 5304 804 5374 quamvis
831 5312 1120 5374 utrumque
1165 5303 1320 5358 simul
1363 5306 1431 5360 ab
1477 5305 1696 5361 homine
1721 5307 1827 5361 dici
1871 5323 1979 5362 non

408 5396 598 5462 possit.
645 5396 787 5451 Dicit
833 5397 980 5450 enim
1029 5395 1522 5467 psalmographus:
1566 5396 1726 5451 Initio
1757 5408 1834 5461 tu,
1871 5398 1979 5454 Do-

415 5488 573 5552 mine,
610 5497 804 5542 terram
835 5487 1068 5556 fundasti
1116 5485 1302 5559 (Paul.
1353 5503 1437 5553 cr,
1483 5486 1611 5558 26).
1643 5488 1855 5559 Moyses
1887 5505 1981 5545 au-

410 5580 516 5628 tem
551 5593 565 5632 :
599 5576 658 5632 In
693 5578 945 5647 principio
979 5578 1096 5646 fecit
1145 5577 1284 5631 Deus
1312 5577 1516 5631 cwlum.
1570 5577 1720 5635 Unde
1777 5579 1978 5649 liquido

407 5662 694 5734 colligitur,
751 5668 875 5735 quia
931 5667 1134 5721 factura
1167 5668 1447 5738 utriusque
1502 5670 1704 5736 pariter
1765 5671 1974 5738 expleta

478 5792 498 5818 δ
528 5779 774 5846 Basilius,
809 5781 958 5834 Hom.

2001 3175 2050 3238 C

2083 1952 2188 2006 quc
2225 1937 2454 2004 diﬂinio,
2475 1952 2601 1994 cum
2644 1939 2747 1994 sim
2769 1940 3075 2008 parvissimi
3126 1941 3378 1998 homulus
3435 1943 3655 2013 ingenii,

2083 2029 2178 2084 sed
2211 2028 2435 2100 Spiritui
2455 2038 2645 2086 sancto
2667 2031 2933 2101 relinquo,
2958 2032 3109 2102 juxta
3144 2033 3272 2088 illud
3297 2053 3310 2088 :
3343 2033 3401 2088 Si
3424 2037 3556 2105 quid
3583 2054 3655 2089 re-

2083 2121 2294 2176 siduum
2321 2132 2418 2188 est,
2454 2123 2572 2193 igne
2615 2124 2926 2179 comburetis
2960 2124 3157 2196 (Exod.
3201 2143 3298 2192 xu,
3336 2129 3447 2201 l0).
3520 2130 3660 2186 Deus

2083 2228 2316 2284 namque
2346 2221 2430 2269 εει
2465 2214 2606 2286 ignis
2629 2215 2915 2271 invisibilis
2935 2225 2990 2271 et
3030 2216 3398 2288 incorporeus,
3439 2221 3532 2288 qui
3569 2238 3660 2274 no-

2082 2303 2169 2358 bis
2201 2303 2461 2358 omniain
2507 2303 2596 2359 illa
2641 2305 2759 2360 luce
2790 2321 2933 2361 vera:
2968 2306 3208 2362 scientia:
3242 2309 3505 2363 revelabit
3541 2311 3662 2363 abs-

2083 2393 2323 2449 condita.
2383 2393 2500 2450 Non
2531 2395 2704 2451 solum
2731 2404 2914 2451 autem
2957 2398 3025 2453 de
3058 2408 3431 2453 creaturarum
3459 2402 3663 2464 causis,

2081 2483 2175 2539 sed
2195 2485 2359 2540 etiam
2381 2484 2547 2557 (quod
2569 2489 2918 2556 praastantius
2933 2489 3038 2559 est)
3061 2490 3128 2545 de
3148 2491 3264 2560 ipso
3278 2485 3530 2547 creatore
3554 2493 3666 2548 illic

2081 2575 2235 2632 nobis
2269 2576 2446 2646 palam
2488 2579 2914 2634 annuntiahitur.
2985 2578 3244 2638 Conditor
3275 2582 3415 2636 enim
3447 2592 3660 2648 noster,

2081 2682 2203 2722 cum
2229 2667 2340 2739 jam
2370 2667 2526 2724 nobis
2557 2685 2654 2739 per
2673 2670 2910 2740 speciem
2944 2671 3284 2738 ostendetur,
3321 2682 3446 2729 tunc
3473 2674 3662 2730 docto-

2082 2773 2204 2812 rum
2258 2759 2422 2813 verba
2457 2758 2866 2816 subtrahentur.
2928 2760 3047 2832 ipsa
3100 2761 3424 2817 vivificatrix
3465 2763 3660 2828 virtus,

2080 2865 2201 2919 qua:
2229 2851 2452 2920 spiritus
2476 2852 2676 2908 format
2695 2853 3030 2924 angelorum,
3065 2855 3334 2924 quomodo
3357 2856 3500 2910 Deus
3527 2871 3663 2926 pra:-

2082 2943 2154 2998 sit
2181 2943 2368 2999 electis
2399 2943 2710 3014 spiritibus,
2745 2945 3060 3003 insinuabit.
3127 2945 3405 3013 Quomodo
3457 2946 3660 3016 aliquid

2081 3049 2182 3090 nos
2203 3036 2401 3106 poterit
2421 3036 2608 3103 latere,
2657 3053 2780 3093 eum
2819 3038 2961 3094 Deus
2990 3052 3156 3094 causa
3186 3052 3496 3103 causarum,
3551 3039 3658 3092 vita

2081 3126 2396 3193 viventium,
2441 3136 2498 3184 et
2521 3128 2660 3184 ratio
2691 3127 3088 3185 rationabilium
3119 3131 3470 3198 semetipsum
3507 3131 3661 3185 nobis

2085 3217 2232 3274 clara
2258 3217 2464 3274 visione
2494 3217 2877 3284 manifestabit,
2900 3219 3014 3291 jam
3039 3219 3251 3290 penitus
3275 3221 3490 3275 detersa
3520 3235 3662 3273 men-

2088 3309 2157 3364 tis
2189 3316 2390 3364 nostra:
2423 3309 2685 3381 caligine?
2732 3309 2846 3365 lloc
2880 3318 3063 3365 autem
3116 3319 3201 3366 est
3250 3311 3389 3380 quod
3450 3311 3660 3366 Veritas

2088 3399 2246 3454 dicit:
2301 3397 2448 3455 Venit
2467 3400 2620 3468 liora,
2659 3416 2778 3456 cum
2795 3401 2913 3471 jam
2939 3418 3042 3457 non
3077 3403 3132 3456 in
3167 3401 3448 3472 proverbiis
3472 3401 3660 3467 loquar

2086 3490 2248 3556 vobis,
2289 3495 2380 3546 sed
2421 3489 2599 3561 palam
2647 3491 2976 3546 annuntiabit
3011 3492 3152 3547 vobis
3178 3491 3360 3564 (Joan.
3387 3509 3475 3546 xvi
3497 3534 3512 3558 ,
3543 3493 3660 3563 25).

2086 3579 2271 3635 Palam
2307 3580 2503 3652 quippe
2533 3581 2599 3637 de
2633 3581 2794 3637 Patre
2836 3597 2896 3638 se
2930 3583 3249 3638 annuntiare
3296 3584 3516 3650 asserit,
3567 3586 3659 3654 qui

2086 3683 2185 3737 per
2206 3669 2534 3740 patefactam
2560 3686 2672 3728 sua:
2699 3670 2998 3740 majestatis
3018 3674 3276 3744 speciem,
3314 3683 3370 3728 et
3391 3676 3662 3743 quomodo

2086 3762 2200 3832 ipse
2227 3761 2464 3833 gignenti
2490 3762 2666 3834 impar
2693 3779 2800 3820 non
2828 3763 2918 3827 sit,
2943 3772 2998 3820 et
3018 3763 3284 3834 quomodo
3308 3774 3662 3834 utrorumque

2084 3853 2304 3922 spiritus
2328 3854 2540 3924 utrique
2560 3862 2856 3910 eomternus
2868 3856 3144 3924 procedat,
3168 3855 3424 3910 ostendit.
3462 3855 3662 3926 Aperte

2085 3959 2318 4013 namque
2341 3952 2468 4000 tunc
2489 3945 2808 4012 videbimus,
2831 3946 3098 4015 quomodo
3124 3946 3248 4012 hoc,
3269 3947 3417 4016 quod
3439 3947 3664 4002 oriende

2083 4043 2185 4100 est,
2209 4035 2279 4099 ei,
2317 4035 2382 4090 de
2404 4050 2510 4105 quo
2531 4036 2725 4101 oritur,
2755 4038 3090 4107 subsequens
3115 4054 3221 4094 non
3251 4048 3363 4104 est;
3393 4040 3663 4108 quomodo

2084 4124 2152 4190 is,
2200 4125 2291 4194 qui
2323 4140 2417 4196 per
2450 4127 2849 4196 proccssionem
2894 4127 3226 4196 producitur,
3273 4144 3305 4181 a
3339 4127 3661 4197 proferenti-

2085 4214 2184 4269 hus
2205 4231 2309 4270 non
2341 4215 2583 4286 praeitur.
2655 4213 2854 4286 Aperte
2883 4224 3008 4272 tunc
3033 4217 3355 4282 videbimus,
3393 4219 3662 4287 quomodo

2084 4312 2138 4358 ct
2174 4320 2338 4358 unum
2361 4304 2702 4361 divisibiliter
2751 4306 2856 4361 tria
2881 4306 3009 4373 sint,
3043 4315 3099 4361 et
3129 4307 3531 4363 indivisibililer
3563 4309 3662 4362 tria

2083 4411 2272 4450 unum.
2331 4396 2535 4467 Lingua
2578 4405 2705 4453 tunc
2733 4399 3005 4453 narrantis
3051 4398 3146 4454 Dei
3203 4408 3307 4464 est,
3355 4400 3470 4454 \isa
3504 4401 3665 4454 Clari-

2085 4495 2169 4541 tas
2227 4486 2577 4542 sublcvantis.
2632 4488 2783 4545 Unde
2814 4505 2929 4555 cos,
2976 4490 3068 4560 qui
3120 4491 3289 4544 Deum
3344 4491 3552 4555 dicunt,
3605 4491 3658 4545 in

2083 4577 2172 4632 illa
2203 4593 2414 4647 quoque
2438 4578 2782 4634 beatitudinis
2827 4580 3042 4652 regione
3079 4581 3133 4635 in
3162 4580 3408 4636 claritate
3439 4583 3656 4652 quidem

2083 4683 2180 4722 sua
2230 4669 2490 4738 conspici,
2541 4669 2636 4724 sed
2683 4670 2739 4725 in
2765 4681 2957 4725 natura
3007 4673 3228 4728 minimc
3257 4674 3428 4728 videri
3471 4654 3654 4742 posse,

2084 4758 2261 4814 minor
2302 4759 2666 4830 inquisitionis
2706 4760 2972 4816 subtilitas
2997 4761 3204 4818 fefellit.
3264 4763 3356 4819 lsti
3394 4764 3531 4818 tales
3561 4780 3661 4818 nec

2083 4849 2303 4920 angelos
2325 4851 2671 4920 suspicantur
2712 4852 2894 4908 videre
2928 4852 3116 4918 Deum.
3186 4854 3370 4924 Neque
3406 4855 3553 4909 enim
3587 4855 3658 4908 illi

2082 4939 2312 5010 simplici
2345 4949 2402 4995 et
2430 4939 2852 4996 incommutabili
2893 4943 3144 4999 essentia:
3176 4944 3320 4999 aliud
3371 4955 3456 5000 est
3504 4946 3660 4999 clari-

2083 5039 2184 5096 tas,
2241 5030 2387 5086 aliud
2411 5040 2620 5097 natura,
2659 5033 2753 5087 sed
2779 5033 2890 5102 ipsa
2920 5043 3112 5089 natura
3140 5052 3237 5090 sua
3260 5035 3505 5102 claritas,
3547 5039 3656 5108 ipsa

2080 5121 2300 5177 claritas
2322 5131 2511 5176 natura
2533 5115 2636 5189 ést,
2669 5124 2808 5178 sicut
2834 5125 3046 5181 Veritas
3089 5128 3353 5197 promittit
3382 5146 3395 5182 :
3432 5128 3657 5196 Manife—

2079 5212 2228 5268 stabo
2248 5229 2328 5267 me
2349 5211 2427 5267 illi
2457 5211 2637 5283 (Joan.
2669 5228 2778 5278 XIV,
2817 5213 2930 5284 ‘21).
2993 5215 3072 5270 Ac
3100 5215 3144 5270 si
3179 5226 3432 5286 patenter
3472 5218 3610 5272 dicat
3641 5236 3655 5270 :

2081 5302 2183 5370 Qui
2215 5303 2268 5358 in
2300 5311 2481 5359 vestra
2515 5318 2600 5360 me
2623 5305 2865 5371 cernitis,
2913 5314 3082 5361 restat.
3103 5316 3160 5361 ut
3204 5307 3259 5361 in
3297 5323 3416 5362 mea
3453 5323 3540 5363 me
3570 5325 3660 5362 na-

2084 5404 2204 5448 tura
2230 5394 2476 5450 videatis.

2155 5475 2289 5537 XLl.
2329 5482 2471 5553 Ergo
2499 5500 2619 5538 cum
2644 5483 2710 5539 ad
2736 5485 2908 5554 ipsum
2937 5483 3138 5541 fontem
3171 5487 3290 5541 vita:
3331 5489 3655 5546 venerimus.

2081 5575 2183 5627 erit
2201 5574 2352 5629 nobis
2378 5573 2763 5630 delectabiliter
2793 5576 3050 5646 impressa
3075 5576 3192 5632 sitis
3218 5588 3376 5648 atque
3400 5579 3655 5632 satietas:

2082 5668 2172 5720 sed
2229 5667 2379 5736 longe
2424 5669 2574 5722 abest
2640 5686 2667 5721 a
2696 5670 2780 5722 siti
2821 5672 3128 5732 necessitas,
3170 5672 3321 5742 longe
3358 5690 3382 5726 a
3411 5673 3660 5727 satietate

1001 5783 1025 5833 2
1060 5784 1109 5835 in
1138 5780 1522 5837 lica-nexuerant.
1555 5784 1840 5852 pzmlnpnsl
1871 5785 2116 5838 medium.
2157 5783 2304 5836 'l’ein.
2351 5783 2574 5852 l0per.,
2616 5801 2732 5856 pug.
2774 5785 2830 5838 l7
