3934 6180
269 402 409 465 1085

946 397 1094 455 ore.
1134 394 1363 455 DUBIA.
1399 424 1471 437 -
1509 390 1737 450 ALBINl
1776 386 2163 447 consessu)
2193 384 2397 444 FlDEl.
2434 418 2503 428 -
2539 368 2722 441 psus
2761 385 2849 441 iv.

3392 384 3534 443 1086

266 519 567 584 fastidium,
601 514 725 585 quia
755 518 810 568 et
830 512 1073 568 sitientes
1100 509 1461 573 satiabuntur,
1492 514 1547 562 et
1568 503 1751 562 satiati
1775 502 1849 556 si-
1877 502 1925 560 Α
1948 506 2007 556 et
2024 507 2177 557 caste
2207 500 2405 571 pieque
2423 498 2727 555 viventibus
2752 504 3077 569 praeparata.
3131 497 3238 556 Sed
3272 506 3535 553 aeternam

269 612 490 666 tiemus.
540 605 852 664 Videbimus
875 603 1040 675 igitur
1062 603 1255 668 Deum,
1311 600 1533 672 ipseque
1573 599 1679 654 erit
1705 610 1847 667 pra:—

266 703 438 758 mium
470 696 675 754 laboris
721 696 894 753 nostri
917 737 931 761 ,
965 702 1025 749 ut
1055 701 1180 763 post
1203 690 1549 747 mortalitatis
1575 687 1733 759 hujus
1764 694 1849 742 te-

269 795 496 858 nebras,
554 802 775 844 accessa
819 786 937 858 ejus
964 785 1088 840 luce
1120 783 1469 856 gaudeamus.
1526 781 1637 837 Nec
1668 789 1852 837 tamen

270 888 368 951 ita,
406 884 549 940 sicut
575 879 722 936 videt
748 880 883 950 ipse,
915 875 1041 947 quia
1081 890 1149 931 eo
1194 875 1311 945 ipso
1352 874 1588 945 pondere
1622 874 1853 929 circum-

270 976 582 1041 scribimur,
610 988 717 1045 quo
736 978 985 1028 creatura
1019 982 1227 1027 sumus.
1284 967 1417 1036 Quae
1438 966 1693 1022 nimirum
1716 965 1854 1020 visio

268 1086 416 1127 nunc
448 1069 553 1125 fide
599 1066 903 1131 inchoatur,
941 1062 1035 1119 sed
1076 1069 1205 1117 tunc
1241 1060 1294 1116 in
1336 1059 1521 1130 specie
1550 1056 1851 1129 perficitur,

270 1162 493 1233 quando
526 1162 854 1216 cozeternain
877 1154 974 1212 Dei
1000 1153 1341 1226 sapientiam,
1387 1163 1551 1221 quam
1575 1147 1738 1202 modo
1755 1160 1856 1216 per

271 1272 370 1313 ora
397 1257 678 1312 doctorum
704 1250 986 1313 sumimus,
1014 1247 1068 1302 in
1100 1247 1219 1316 ipso
1241 1258 1342 1301 suo
1367 1242 1517 1297 fonte
1536 1236 1851 1296 biberimus.

271 1349 332 1405 ln
370 1346 501 1419 ipsis
526 1358 655 1417 ergo
674 1339 1036 1398 invisibilibus
1067 1353 1099 1392 a
1133 1336 1246 1392 Deo
1274 1332 1527 1398 conditis,
1555 1344 1675 1401 quae
1704 1341 1855 1383 com.

269 1438 537 1513 prehendi
560 1452 665 1492 non
698 1438 946 1507 possunt,
1007 1430 1218 1486 discere
1259 1425 1523 1490 valemus,
1551 1426 1854 1478 creaton

269 1511 512 1588 omnium
547 1534 752 1599 quanta
776 1522 1101 1580 humilitate
1128 1524 1452 1574 veneremur
1475 1556 1489 1582 ,
1539 1520 1603 1569 ut
1658 1512 1714 1567 in
1751 1511 1856 1566 hac

270 1625 386 1679 vita
416 1634 677 1692 usurpare
705 1617 807 1673 sibi
841 1616 909 1671 de
929 1614 1023 1670 Dei
1073 1607 1459 1681 omnipotentis
1484 1606 1666 1675 specie
1698 1618 1855 1658 mens

271 1716 513 1770 humana
564 1708 641 1764 nil
677 1706 894 1771 audeat,
950 1702 1094 1773 quod
1123 1699 1305 1757 solum
1351 1695 1540 1754 electis
1574 1695 1687 1750 suis
1718 1706 1857 1763 prte-

266 1803 444 1861 mium
476 1800 533 1858 in
582 1794 935 1865 subsequenti
984 1789 1423 1848 remuneratione
1472 1791 1673 1841 servat.
1728 1781 1857 1836 Haec

1951 606 2200 661 mortem,
2232 604 2354 664 quae
2399 593 2505 650 erit
2527 592 2741 648 diabolo
2766 599 2822 648 et
2847 591 3052 665 angelis
3083 591 3220 661 ejus,
3279 592 3382 662 ipsi
3417 605 3538 646 cor-

1950 700 2052 756 pus
2070 684 2234 757 512
2254 686 2427 756 ipsius
2454 683 2633 739 electi
2662 696 2763 754 per
2791 683 2988 738 malam
3014 683 3409 754 operationem,
3440 678 3540 737 ha-

1946 775 2171 830 bebunt.
2231 773 2341 830 Sed
2364 775 2412 830 si
2442 784 2590 840 sunt,
2623 774 2715 845 qui
2739 773 2905 829 velint
2928 772 3229 845 intelligere
3252 772 3401 828 illam
3431 772 3536 827 im-

1950 867 2337 923 mortalitatem
2359 873 2416 922 et
2439 874 2761 937 perpetuam
2788 862 3385 921 incommutabilitatem
3418 876 3541 919 esse

1952 960 2095 1014 hanc
2114 959 2281 1013 vitam
2305 966 2587 1023 aeternam,
2625 972 2789 1027 quam
2817 956 3112 1023 credimus,
3143 970 3244 1028 ego
3266 955 3388 1011 licet
3412 969 3542 1009 eon-

1952 1052 2178 1107 tendere
2214 1050 2402 1116 nolim,
2453 1065 2543 1106 me
2602 1059 2782 1105 tamen
2837 1050 3011 1121 magis
3052 1047 3286 1104 delectat
3316 1048 3539 1111 sentire,

1954 1141 2126 1196 Deum
2157 1156 2283 1197 esse
2302 1142 2445 1197 hanc
2458 1141 2658 1207 vitam,
2697 1156 2763 1195 ex
2802 1139 2956 1209 cujus
2986 1138 3461 1209 contemplatione,
3489 1142 3545 1190 et

1956 1232 2217 1288 societate
2264 1231 2549 1302 provenire
2604 1230 2788 1296 nobis,
2839 1228 3101 1300 quidquid
3135 1229 3265 1285 boni
3313 1228 3539 1292 erimus,

1955 1324 2175 1381 dilbium
2202 1336 2310 1379 non
2333 1330 2438 1379 est.
2503 1322 2598 1377 Illa
2628 1322 2770 1377 enim
2806 1336 3024 1392 semper
3042 1320 3258 1376 vivendi
3283 1319 3537 1384 felicitas,

1955 1428 2168 1470 summa
2192 1414 2312 1469 sine
2343 1412 2507 1469 dubio
2530 1410 2816 1467 infelicitas
2838 1420 3005 1477 esset,
3035 1411 3081 1466 si
3103 1410 3328 1466 visionis
3350 1409 3545 1463 divina:

1957 1503 2127 1575 gloria
2156 1510 2387 1559 careret.
2449 1501 2583 1557 Sola
2603 1503 2795 1571 itaque
2817 1501 2915 1557 Dei
2943 1500 3233 1556 manifesta
3282 1501 3420 1554 visio
3452 1497 3543 1552 illa

1955 1596 2062 1650 erit
2089 1593 2244 1650 nobis
2273 1593 2555 1665 prtemium
2597 1593 2765 1648 totius
2788 1590 3162 1647 beatitudinis.
3216 1589 3343 1644 inde
3382 1589 3546 1659 plena

1957 1689 2241 1754 securitas,
2269 1697 2326 1743 et
2348 1701 2538 1742 secura
2563 1685 2948 1756 tranquillitas,
2971 1694 3026 1742 et
3041 1684 3330 1756 tranquilla
3353 1685 3544 1754 jucun-

1959 1781 2118 1845 ditas,
2141 1786 2196 1833 et
2212 1776 2450 1849 jucunda
2466 1776 2711 1841 felicitas,
2732 1784 2787 1832 et
2809 1776 2936 1831 felix
2947 1777 3245 1841 aeternitas,
3266 1783 3322 1830 et
3341 1783 3546 1829 aeterna

270 1901 361 1949 est
382 1888 568 1961 procul
600 1854 895 1943 dubio-vita
929 1883 1040 1949 illa,
1062 1896 1184 1954 quae
1206 1880 1405 1937 dicitur
1432 1885 1660 1941 aeterna,
1693 1888 1857 1944 quam
1887 1854 1932 1919 Β
1961 1871 2496 1937 lncommutabllitas,
2522 1879 2584 1925 ut
2604 1870 2828 1926 alterius
2850 1883 2951 1925 nec
2977 1869 3226 1935 velimus,
3253 1882 3353 1923 nec
3374 1867 3548 1938 possi-

271 1983 565 2045 credimus,
596 1990 894 2049 speramus,
928 1980 1325 2044 exspectamus,
1361 1976 1416 2026 et
1445 1967 1515 2023 ad
1538 1981 1703 2039 quam
1730 1980 1859 2035 per-

270 2073 466 2129 venire
506 2070 902 2132 desideramus,
949 2065 1077 2135 quia
1108 2063 1234 2119 dum
1274 2074 1464 2118 sumus
1505 2061 1560 2114 in
1610 2072 1857 2129 corpore,

269 2163 685 2240 peregrinamur
718 2175 749 2213 a
770 2158 1017 2214 Domino.
1073 2156 1132 2211 In
1168 2154 1367 2210 divinis
1398 2167 1530 2224 ergo
1548 2150 1865 2219 promissio-

270 2254 438 2312 nibus
464 2252 597 2309 nihil
622 2263 897 2307 terrenum
922 2248 1006 2304 vel
1036 2245 1415 2303 transitorium
1457 2241 1860 2315 praestolamur,

271 2362 386 2406 non
409 2347 721 2419 nuptiarum
753 2343 1019 2416 copulam,
1056 2356 1161 2397 non
1185 2339 1329 2409 quod
1352 2337 1420 2393 ad
1454 2337 1635 2391 cibum
1665 2334 1751 2391 vel
1774 2349 1862 2405 po-

270 2450 391 2498 tum
425 2438 682 2511 pertinet,
719 2452 827 2491 non
861 2447 1085 2505 regnum
1108 2430 1310 2487 Christi
1338 2429 1392 2483 in
1431 2435 1576 2483 terra
1600 2425 1861 2492 futurum,

264 2545 387 2587 non
415 2530 559 2585 aliud
582 2527 786 2599 aliquid
809 2528 1070 2582 caducum
1095 2531 1152 2578 et
1173 2521 1301 2576 huic
1326 2534 1469 2574 vano
1492 2516 1691 2573 saeculo
1717 2532 1866 2571 com-

272 2636 462 2688 mune,
508 2620 651 2677 sicut
679 2618 833 2675 multi
874 2616 1253 2673 haereticorum
1287 2614 1606 2676 docuerunt,
1657 2606 1753 2664 sed
1779 2624 1865 2662 re-

273 2727 444 2786 gnum
489 2711 751 2768 calorum
784 2708 840 2763 in
870 2706 1227 2779 promissione
1257 2709 1531 2757 tenemus:
1569 2699 1697 2769 quia
1743 2705 1868 2768 post

271 2802 766 2865 resurrectionem,
800 2797 1172 2868 plenissimam
1201 2793 1526 2864 recipientes
1570 2789 1863 2845 beatitudi-

272 2911 429 2961 nem,
473 2892 708 2963 aequales
743 2888 945 2961 angelis
980 2886 1174 2951 effecti,
1210 2900 1332 2941 cum
1361 2886 1475 2940 Deo
1515 2884 1570 2939 in
1599 2883 1751 2938 cmlis
1781 2896 1867 2937 re-

274 2988 495 3062 gnaturi
524 2976 710 3042 sumus
736 2982 857 3039 sine
883 2980 1007 3036 fine.
1060 2980 1269 3035 Revera
1300 2978 1483 3032 vivent
1512 2989 1635 3030 cum
1648 2973 1866 3045 Christo

275 3083 339 3139 in
367 3080 527 3147 cmlo,
560 3077 652 3149 qui
689 3077 936 3131 vixerunt
970 3072 1265 3129 secundum
1290 3068 1384 3124 Dei
1412 3075 1684 3139 prmccpta
1707 3073 1762 3121 et
1777 3065 1866 3136 ju-

275 3170 463 3228 stitias
496 3170 549 3224 in
570 3170 677 3223 hoc
713 3164 934 3221 mundo.
968 3161 1077 3219 Iste
1123 3160 1269 3216 enim
1300 3173 1416 3223 rex,
1438 3156 1663 3228 virginis
1698 3154 1860 3222 illius,

274 3260 393 3318 erit
416 3258 569 3314 nobis
586 3256 731 3328 jugis
762 3251 1163 3323 centemplatio,
1196 3256 1260 3303 ac
1280 3263 1381 3319 per
1399 3247 1505 3302 hoc
1529 3246 1645 3316 ipse
1676 3253 1864 3300 nostra

279 3348 591 3415 delectatio,
622 3346 809 3409 “cibus,
854 3343 971 3398 laus
1002 3347 1285 3414 perpetua,
1320 3345 1377 3394 et
1423 3336 1710 3393 exsultatio
1753 3335 1873 3391 sine

280 3439 398 3501 ﬁne
425 3452 701 3493 mansura.
769 3433 1081 3491 Videbimus
1109 3445 1231 3487 eum
1263 3427 1424 3485 sicuti
1448 3435 1550 3493 est,
1598 3426 1693 3482 sed
1721 3433 1873 3481 tanta

268 3531 549 3587 'duntaxat
577 3524 1048 3597 contemplatione,
1074 3524 1277 3593 quanta
1300 3536 1331 3575 a
1353 3527 1602 3575 creatura
1626 3518 1695 3572 ad
1721 3531 1874 3573 crea-

286 3632 467 3680 turam
490 3618 608 3675 ﬂeri
631 3624 827 3690 potest.
855 3614 1008 3671 Tunc
1029 3615 1171 3671 Deus
1184 3614 1288 3669 erit
1308 3612 1489 3668 omnia
1513 3610 1569 3665 in
1598 3608 1869 3664 omnibus.

286 3713 445 3770 Tunc
477 3712 568 3768 illa
622 3722 855 3782 superna
889 3708 1083 3763 civitas
1117 3720 1181 3762 ex
1223 3705 1429 3775 angelis
1468 3709 1523 3757 et
1559 3702 1873 3757 hominibus

286 3820 399 3861 una
421 3803 700 3868 efﬁcietur,
724 3800 932 3857 habens
961 3797 1348 3868 sempiternum
1362 3793 1713 3873 beatitudinis
1737 3804 1875 3863 pne-

288 3894 481 3959 mium,
528 3891 699 3956 solam
745 3889 1039 3946 conditoris
1079 3885 1534 3958 conjunctionem,
1583 3891 1746 3953 atque
1795 3883 1876 3939 eis

288 3984 714 4042 inenarrabilem
724 3982 1007 4038 visionem.
1038 3977 1164 4043 [hec
1181 3986 1264 4035 est
1277 3986 1478 4033 aeterna
1509 3984 1565 4031 et
1582 3975 1742 4030 beata
1764 3976 1876 4030 vita

288 4074 400 4139 illa,
439 4087 603 4146 quam
633 4072 805 4129 credit
827 4079 881 4127 et
904 4069 1173 4141 patienter
1201 4074 1481 4138 exspectat
1507 4062 1878 4120 materEecle-

289 4167 397 4233 sia,
420 4180 540 4236 qua:
558 4164 649 4220 hic
678 4164 856 4219 adhuc
879 4176 980 4234 per
1016 4161 1177 4216 fidem
1211 4158 1469 4215 ambulat.
1525 4157 1624 4213 ilic
1667 4156 1876 4213 fructus

290 4258 460 4315 totius
503 4256 627 4312 fidei
660 4264 715 4312 et
744 4256 898 4310 boum
921 4252 1370 4310 conversationis.
1421 4251 1547 4307 [late
1577 4265 1721 4323 spes,
1744 4264 1875 4322 pro-

286 4358 415 4423 pter
444 4365 607 4420 quam
635 4348 932 4414 nascimur,
965 4345 1234 4402 credimus
1267 4352 1320 4401 et
1350 4345 1707 4401 renascimur.
1745 4343 1878 4400 Pro-

291 4449 417 4514 pter
437 4443 580 4497 hanc
604 4441 776 4497 sancti
803 4439 899 4495 Dei
921 4448 1102 4493 tantos
1121 4437 1336 4493 labores
1363 4437 1507 4510 passi
1527 4445 1671 4493 sunt.
1707 4435 1877 4507 llujus

1889 3206 1937 3273 (Ξ

1962 1981 2083 2023 mus
2114 1966 2256 2022 aliud
2276 1980 2399 2023 esse
2423 1979 2589 2035 quam
2616 1963 2763 2029 boni,
2801 1976 2963 2033 quam
3004 1961 3207 2016 felices.
3262 1959 3414 2015 Sicut
3445 1959 3547 2032 igi-

1962 2068 2052 2114 tur
2073 2073 2236 2114 unam
2263 2057 2606 2123 Trinitatem,
2657 2071 2822 2110 unam
2856 2054 3035 2121 fidem,
3061 2069 3226 2113 unum
3257 2054 3546 2125 baptisma,

1962 2164 2126 2205 unam
2171 2146 2469 2204 Ecclesium
2499 2155 2729 2202 matrem
2750 2187 2765 2211 ,
2816 2154 2872 2200 et
2906 2160 3069 2201 unam
3101 2144 3282 2200 carnis
3315 2158 3550 2200 resurre-

1963 2240 2198 2296 ctionem
2223 2238 2385 2295 credo
2427 2246 2482 2294 et
2504 2237 2784 2303 confiteor,
2832 2237 2906 2291 ita
2934 2244 2989 2291 et
3022 2252 3145 2293 esse
3182 2253 3346 2292 unam
3376 2237 3547 2292 vitam

1963 2339 2312 2388 sanctorum:
2339 2330 2464 2401 quia
2490 2327 2581 2383 illa
2609 2326 2892 2383 ineﬂ‘abilis
2925 2325 3189 2392 Trinitas,
3218 2327 3393 2381 virtus
3419 2342 3547 2390 una,

1963 2432 2019 2479 et
2046 2421 2338 2479 indiscreta
2372 2418 2651 2490 maiestas,
2679 2417 2911 2474 videnda
2932 2418 3037 2473 erit
3061 2418 3130 2472 ab
3151 2417 3400 2472 omnibus
3430 2432 3553 2472 san-

1964 2518 2087 2575 ctis.
2154 2516 2261 2572 Sed
2288 2516 2411 2571 dico
2432 2514 2654 2586 praemia
2683 2526 2784 2585 pro
2813 2510 2996 2566 labore
3027 2511 3263 2576 diversa,
3299 2510 3427 2580 quia
3460 2509 3551 2564 alii

1962 2610 2102 2682 plus,
2123 2607 2210 2664 alii
2242 2607 2421 2663 minus
2456 2604 2716 2661 videbunt
2741 2602 2933 2659 Deum.
2993 2601 3376 2673 Unusquisque
3398 2607 3552 2655 tanto

1964 2703 2135 2777 magis
2167 2700 2466 2757 intuebitur
2516 2712 2671 2763 eum,
2721 2701 2929 2767 'quauto
2972 2695 3061 2750 hic
3096 2693 3286 2766 purius
3333 2693 3549 2763 vixerit,

1962 2792 2049 2849 vel
2078 2790 2307 2862 amplius
2351 2786 2662 2845 certaverit.
2747 2785 2855 2842 Sed
2907 2800 3006 2856 per
3028 2785 3376 2849 charitatem,
3433 2799 3553 2854 quae

1963 2883 2094 2944 illic,
2131 2881 2367 2954 perfecta
2391 2879 2514 2945 erit,
2543 2877 2716 2934 sancti
2754 2892 2947 2933 omnes
2982 2882 3173 2931 cuncta
3205 2874 3367 2931 simul
3411 2873 3551 2929 bona

1960 2974 2331 3047 possidebunt.
2368 2969 2609 3025 Dicimus
2627 2975 2724 3023 ete
2742 2967 3016 3021 contrario
3039 2966 3253 3022 diversa
3273 2980 3371 3035 pro
3393 2961 3554 3018 modo

1963 3067 2281 3124 delictorum
2292 3062 2574 3134 supplicia.
2594 3058 2747 3116 Unus
2759 3067 2845 3115 est
2857 3059 3001 3114 enim
3016 3059 3275 3130 gehennae
3291 3054 3551 3127 ignis,sed

1964 3159 2193 3214 miseros
2217 3157 2272 3212 in
2295 3170 2352 3212 se
2380 3152 2586 3226 positos
2607 3152 2821 3208 diverse
2841 3150 3129 3215 cruciabit,
3154 3148 3288 3204 alios
3306 3145 3529 3217 quidem

1970 3253 2112 3325 plus,
2139 3249 2274 3305 alios
2299 3258 2482 3304 autem
2520 3247 2739 3302 minus:
2767 3257 3210 3314 unumquemque
3241 3256 3371 3297 vero
3389 3238 3549 3310 juxta

1971 3344 2250 3409 meritum,
2274 3343 2419 3414 quod
2444 3340 2547 3396 sibi
2571 3340 2626 3395 in
2647 3339 2827 3411 ptenis
2848 3336 3095 3393 debetur.
3136 3330 3276 3403 Quid
3301 3347 3430 3403 ergo
3458 3330 3556 3384 mi-

1970 3453 2116 3505 rum,
2139 3436 2185 3494 si
2207 3451 2372 3491 unum
2396 3434 2565 3490 Deum
2585 3432 2786 3489 diversi
2810 3429 3020 3486 diverse
3066 3427 3341 3490 videbunt,
3386 3438 3555 3479 unus-

1973 3531 2204 3604 quisque
2232 3534 2544 3585 sanctorum
2572 3522 2866 3580 secundum
2894 3516 3200 3576 mercedem
3232 3515 3440 3587 proprii
3476 3514 3554 3569 la-

1972 3624 2141 3680 boris.
2186 3621 2352 3678 Plene
2378 3629 2557 3676 tamen
2593 3615 2845 3681 sulliciet,
2871 3613 3014 3684 quod
3068 3609 3439 3679 unusquisque
3460 3608 3559 3662 ha-

1972 3710 2142 3779 bebit,
2170 3726 2272 3768 nec
2305 3709 2535 3782 amplius
2559 3706 2758 3777 poterit
2778 3703 2863 3759 vel
2875 3702 3057 3772 cupiet
3087 3699 3419 3755 desiderare.
3464 3695 3560 3751 [lle

1973 3816 2115 3857 unus
2142 3801 2413 3867 denarius,
2435 3797 2526 3868 qui
2542 3795 2753 3852 cunctis
2781 3794 2836 3849 in
2861 3793 3018 3846 vinea
3034 3789 3406 3845 laborantibus
3434 3786 3552 3840 dari

1967 3892 2153 3963 jussus
2187 3896 2289 3957 est,
2320 3891 2461 3945 hanc
2485 3903 2649 3943 unam
2695 3892 3005 3941 sanctorum
3044 3879 3313 3951 significat
3366 3876 3557 3942 vitam,

1975 3996 2139 4054 quam
2164 3981 2323 4036 unius
2350 3978 2446 4033 Dei
2484 3976 2747 4032 visionem
2771 3972 3022 4036 dicimus,
3066 3966 3271 4024 sanctis
3305 3963 3558 4021 omnibus

1974 4088 2075 4146 pro
2109 4073 2318 4129 meritis
2349 4070 2604 4126 dandam.

2048 4180 2075 4210 ι
2113 4166 2195 4222 Ad
2221 4166 2364 4220 hanc
2390 4163 2650 4219 nimirum
2679 4172 2926 4216 securam
2959 4164 3015 4211 et
3041 4153 3433 4229 sempiternam
3474 4151 3558 4206 vi-

1977 4268 2088 4316 tam
2111 4257 2253 4312 inter
2281 4253 2487 4324 reliqua
2510 4256 2849 4308 sacramenta
2870 4246 3148 4313 Ecclesize,
3171 4244 3302 4300 illud
3325 4244 3562 4299 maxime

1975 4352 2214 4424 pertinet
2241 4348 2463 4404 caeleste
2489 4345 2865 4416 vivillcunique
2893 4340 3232 4415 mysterium,
3280 4336 3425 4409 quod
3456 4337 3562 4391 Do—

1978 4442 2158 4498 minus
2194 4445 2378 4494 noster
2412 4434 2569 4491 Jesus
2591 4433 2839 4490 Christus
2865 4432 3116 4495 instituit,
3147 4437 3203 4486 et
3231 4428 3345 4499 ipse
3375 4426 3559 4483 offerri

290 4545 481 4587 amore
505 4540 772 4624 ωξῖτίῖτθε
802 4532 943 4586 inter
974 4538 1241 4624 “"30"”
1273 4536 1603 4596 οοηδῑδηῑεϐν
1643 4537 1872 4584 mortem
1906 4563 1956 4624 υ
1977 4532 2233 4606 prmcepit
2257 4531 2309 4585 in
2343 4525 2660 4585 memoriam
2691 4524 2773 4580 sui
2821 4539 2921 4594 pro
2962 4523 3135 4579 salute
3183 4528 3387 4576 nostra.
3440 4510 3575 4573 Imo'

288 4636 418 4679 eum
439 4622 636 4693 gaudio
661 4626 1032 4691 susceperunt.
1084 4618 1254 4691 Hujus
1292 4619 1415 4675 vita:
1448 4631 1725 4692 respectus
1755 4620 1875 4676 lon-

290 4714 542 4789 ganimes
569 4712 746 4768 reddit
769 4711 861 4767 Dei
896 4726 1103 4768 servos.

368 4805 526 4861 χιιι.
564 4805 714 4861 lianc
742 4806 908 4860 vitam
941 4819 1041 4860 nec
1082 4803 1296 4876 gentilis
1337 4801 1577 4867 habebit,
1628 4818 1727 4858 nec
1778 4801 1875 4858 Ju-

291 4896 443 4953 daeus
478 4895 785 4952 incredulus
812 4894 1125 4966 possidebit,
1184 4895 1278 4950 sed
1302 4908 1402 4949 nec
1448 4893 1594 4948 vitiis
1630 4909 1729 4949 nec
1766 4894 1876 4950 cri-

297 4986 536 5043 minibus
564 4986 807 5042 serviens
829 4984 1188 5049 Christianus,
1222 4984 1349 5055 quia
1372 4982 1502 5039 solis
1523 4992 1608 5037 est
1633 4982 1878 5040 fidelibus

372 5131 401 5161 δ
440 5118 714 5177 Transitio
741 5118 811 5175 ad
829 5127 1038 5190 partem
1059 5133 1175 5189 seq.

309 5261 1341 5293 Μ

1983 4628 2159 4698 ipsum
2184 4630 2581 4681 sacramentum
2605 4617 2709 4672 dici
2736 4629 2893 4686 posse
2918 4614 3154 4667 arbitror
3184 4612 3351 4667 vitam
3403 4618 3559 4665 a‘tcr-

1981 4735 2130 4784 nam,
2164 4732 2282 4788 quae
2305 4714 2511 4770 scilicet
2538 4708 2627 4766 hic
2654 4707 2929 4778 incipitur,
2962 4704 3071 4760 illic
3100 4702 3401 4776 perficitur.
3461 4700 3562 4757 llic

1979 4810 2126 4867 enim
2149 4805 2537 4862 manducamus
2566 4801 2759 4864 Deum,
2788 4797 2896 4853 illic
2921 4795 3060 4853 facie
3094 4795 3163 4851 ad
3188 4794 3385 4851 faciem
3414 4791 3562 4848 vide—

1981 4903 2161 4959 bimus
2191 4913 2335 4954 cum.
2358 4895 2434 4951 De
2454 4909 2560 4965 quo
2583 4908 2710 4950 sane
2735 4890 3010 4963 mysterio,
3024 4905 3145 4963 qua:
3165 4900 3285 4944 mea
3308 4885 3380 4943 sit
3405 4883 3561 4950 fides,

1984 4999 2166 5047 tacere
2193 5003 2299 5043 non
2335 4984 2506 5043 debeo
3452 4970 3457 4975 ’

2362 5237 3553 5268 W

1690 5362 1938 5441 PARS
2016 5361 2158 5440 IV.

800 5529 891 5587 DE
925 5524 1249 5586 CORPORE
1286 5522 1373 5579 ET
1412 5520 1761 5579 SANGUINE
1797 5520 2055 5587 DOMlNl,
2095 5517 2182 5574 AC
2222 5516 2311 5572 DE
2348 5511 2666 5571 PROPRIIS
2706 5510 3037 5569 DELlCTlS.

375 5719 414 5773 1.
458 5716 663 5771 Caetera
683 5712 899 5784 quidem
929 5706 1174 5779 superius
1204 5702 1356 5773 posui
1384 5700 1537 5770 juxta
1569 5708 1768 5755 rectam
1792 5716 1881 5756 ec-

309 5808 598 5865 clesiastici
618 5802 882 5876 dogmatis
910 5798 1163 5871 regulam.
1222 5793 1371 5850 Nunc
1402 5809 1525 5848 vero
1561 5793 1614 5846 in
1639 5801 1882 5848 extrema

1987 5714 2172 5754 eorum
2198 5704 2368 5767 paitc,
2390 5693 2516 5765 quid
2546 5692 2611 5748 de
2640 5695 2739 5749 hoc
2767 5692 3015 5759 sentiam,
3048 5696 3294 5751 conﬁteri
3328 5706 3475 5768 opto,
3503 5705 3565 5752 ut

1992 5790 2129 5846 istud
2158 5788 2471 5861 opusculum
2498 5786 2852 5845 confessionis
2885 5788 3003 5843 fidei
3030 5804 3159 5845 mea,
3189 5791 3287 5845 υνυς
3319 5790 3557 5845 clausula

2798 5960 2825 5987 Ι
