3934 6180
439 346 577 403 1087

1268 355 1326 411 Β.
1370 357 1431 413 F.
1473 358 1695 416 ALBINI
1737 362 1866 419 SEU
1906 363 2180 422 ALCUINI
2219 367 2502 427 OPERUM
2539 372 2720 432 PARS
2763 378 2894 441 VIII.

3562 389 3689 446 1088

437 457 775 516 terminetur.
813 463 950 520 .Sed
977 465 1099 536 quis
1129 483 1248 540 ego,
1293 471 1378 527 vel
1398 481 1650 541 quantus,
1708 484 1766 530 ut
1793 481 1860 532 de
1901 485 2008 529 tam
2038 477 2084 537 Δ
2113 479 2373 548 cationes,
2427 490 2684 553 tanquam
2710 486 2778 542 de
2801 489 3017 544 sublimi
3066 490 3262 560 altare,
3305 495 3501 553 divina:
3526 502 3686 570 maje-

440 551 586 618 miri,
640 553 1030 632 ineﬁ‘abilisque
1085 565 1326 632 mysterii
1380 565 1744 635 profunditate
1796 569 2006 640 loquar.

436 642 654 705 Sufﬁcit
701 647 844 701 enim
883 650 1038 717 mihi,
1094 653 1139 707 si
1171 653 1352 720 ﬁdem,
1416 671 1576 726 quam
1609 661 1773 716 corde
1827 670 2005 729 teneo,

426 733 609 788 verbis
651 734 990 806 aliquatenus
1025 743 1326 810 exprimere
1361 745 1531 812 valeo,
1563 737 1625 802 ut
1650 749 1763 818 ipsa
1798 751 2010 808 confes-

420 821 510 875 sio
539 823 733 879 animae
762 843 896 884 mea:
922 832 1203 898 proveniat
1225 835 1316 889 .ad
1341 835 1589 893 salutem.
1650 839 1821 912 Magis
1847 857 2010 900 vene.

416 913 654 968 randum
679 926 762 971 est
786 922 1175 987 etpavendum,
1198 938 1358 993 quam
1383 928 1801 988 discutiendum.
1837 933 2006 990 Nemo

425 1015 576 1060 certe
626 1010 1084 1079 comprehendere
1135 1015 1351 1082 sufﬁcit,
1388 1036 1548 1076 nemo
1573 1022 1696 1078 inde
1721 1025 1879 1097 digne
1907 1027 2005 1082 ali-

421 1096 553 1162 quid
601 1097 854 1168 loquitur.
926 1103 1058 1160 Fide
1111 1108 1430 1175 capiendum
1481 1122 1583 1180 est,
1639 1131 1746 1171 non
1786 1096 1999 1176 ratione

419 1189 788 1254 quaerendum,
825 1201 918 1246 aut
945 1193 1344 1256 inveniendum.
1409 1203 1606 1263 Beatus
1635 1218 1814 1264 tamen
1862 1212 1998 1268 Gre-

416 1275 622 1344 gorius,
639 1278 862 1338 idoneus
887 1286 1020 1341 tanti
1037 1294 1362 1348 sacramenti
1383 1295 1668 1368 interpres,
1695 1300 1748 1355 in
1769 1303 2000 1370 quodam

416 1361 534 1419 loco
558 1365 760 1436 aliquid
790 1372 855 1428 de
876 1374 985 1438 illo,
1006 1385 1262 1448 tanquam
1285 1384 1353 1439 de
1380 1400 1438 1439 re
1459 1361 1738 1457 ineffabili,
1756 1361 1894 1462 pene
1916 1395 2001 1448 in-

414 1452 702 1514 eﬁ‘abiliter
727 1459 1011 1532 loquitur:
1069 1487 1087 1520 ι
1129 1469 1262 1539 Quis
1310 1474 1453 1528 enim
1487 1452 1773 1546 ﬁdelium;
1803 1483 1997 1552 inquit,

417 1543 622 1601 habere
649 1547 868 1605 dubium
895 1557 1084 1623 possit,
1118 1560 1172 1614 in
1203 1561 1318 1632 ipsa
1354 1543 1739 1625 immolationis
1768 1543 1903 1628 hora
1929 1543 1998 1628 ad

413 1634 708 1691 sacerdotis
761 1653 946 1716 vocem
989 1645 1152 1701 caelos
1187 1651 1408 1720 aperiri,
1432 1654 1487 1710 in
1519 1656 1608 1714 illo
1642 1657 1770 1714 Jesu
1796 1661 1996 1718 Christi

415 1724 672 1793 mysterio
702 1729 1012 1800 angelorum
1049 1735 1242 1794 choros
1268 1741 1476 1808 adesse,
1511 1761 1720 1802 summa
1752 1750 1876 1806 imis
1911 1767 1999 1807 so-

411 1812 567 1880 ciari,
587 1823 786 1872 terram
809 1821 1119 1881 ccelestibus
1139 1826 1314 1901 jungi,
1337 1849 1501 1888 unum
1528 1837 1656 1906 quid
1681 1855 1746 1894 ex
1769 1841 1994 1897 visibili-

411 1905 514 1960 bus
539 1915 701 1977 atque
733 1911 1095 1972 invisibilibus
1127 1918 1245 1975 ﬁeri
1271 1933 1296 1961 α
1324 1924 1346 1976 ?
1377 1944 1395 1976 ι
1461 1905 1603 1998 Ergo
1632 1929 1759 1986 licet
1789 1933 1859 1988 ab
1889 1934 1989 1990 ho-

410 1995 556 2069 mine
601 1997 885 2070 olIeratur,
935 2021 1091 2064 amen
1129 2023 1526 2072 sacramentum
1573 2019 1674 2076 hoc
1699 2037 1787 2078 res
1811 2024 1990 2081 divina

407 2092 510 2138 est.
539 2086 605 2141 Et
627 2089 672 2144 si
696 2107 786 2147 res
803 2093 982 2150 divina
1009 2107 1113 2166 est,
1146 2101 1254 2158 imo
1275 2105 1401 2174 quia
1430 2107 1504 2162 ita
1528 2121 1630 2176 est,
1647 2113 1788 2168 absit
1810 2124 1870 2170 ut
1892 2117 1993 2171 ali-

413 2175 543 2243 quid
573 2177 646 2234 ibi
686 2180 863 2252 aliter,
890 2187 993 2243 nisi
1035 2189 1217 2249 divine
1252 2203 1306 2251 et
1339 2198 1691 2266 spiritualiter
1726 2207 1992 2281 intelliga-

411 2274 516 2321 tur.
571 2269 695 2327 Ideo
739 2280 989 2345 quamvis
1045 2287 1320 2354 corporeis
1369 2291 1539 2350 oculis
1589 2295 1662 2351 ibi
1697 2299 1766 2352 ad
1821 2300 1992 2359 altare

407 2356 621 2415 Domini
647 2364 856 2424 videam
881 2373 1237 2444 sacerdotem,
1261 2393 1455 2448 panem
1477 2392 1532 2438 et
1559 2385 1740 2441 vinum
1761 2389 1992 2447 oﬁ'eren-

407 2458 536 2517 tcm,
567 2459 744 2510 tamen
775 2458 971 2517 intuitu
997 2461 1139 2532 ﬁdei,
1167 2476 1378 2542 etgpuro
1402 2472 1604 2531 lumine
1628 2479 1805 2535 cordis
1831 2481 1993 2552 inspi-

403 2542 489 2598 cio
514 2543 661 2601 illum
686 2563 957 2609 summum
981 2559 1337 2627 sacerdotem,
1353 2579 1649 2637 verumque
1680 2571 1989 2638 pontiﬁcem

404 2632 692 2691 Dominum
724 2637 907 2696 Jesum
936 2643 1231 2714 Christum,
1269 2650 1584 2712 offerentem
1613 2659 1872 2730 seipsum,
1925 2664 1992 2720 de

403 2721 558 2791 cujus
592 2742 757 2783 carne
805 2739 862 2786 et
892 2737 1154 2806 sanguine
1188 2747 1242 2795 et
1283 2743 1577 2812 pascimur,
1634 2755 1689 2803 et
1713 2758 1987 2820 potamus,

401 2819 564 2884 atque
588 2817 757 2874 abluti
779 2829 833 2876 et
858 2825 1062 2893 satiati,
1084 2839 1138 2884 et
1170 2834 1520 2906 sanctiﬁcati,
1549 2817 1990 2902 uniuswsummm-

400 2917 507 2972 que
555 2906 851 2967 divinitatis
875 2919 1170 2990 participes
1200 2922 1489 2982 efﬁcimur.

471 2993 536 3050 II.
575 2996 693 3068 Ipse
741 3011 829 3058 est
873 3016 1023 3064 certe
1071 3014 1347 3082 sacerdos,
1398 3017 1511 3088 ipse
1556 3023 1902 3092 sacrificium,
1934 3035 1990 3082 et

398 3082 604 3143 idcirco
635 3089 748 3147 haec
794 3095 1052 3155 salutaris
1085 3102 1303 3160 victima
1343 3124 1616 3181 nunquam
1635 3123 1688 3169 et
1718 3132 1984 3189 nusquam

396 3177 662 3235 minuitur
709 3184 792 3240 vel
844 3199 1111 3260 augetur,
1174 3195 1534 3258 deterioratur
1584 3206 1667 3261 vel
1718 3220 1982 3280 mutatur,

397 3268 511 3323 sive
537 3269 736 3341 justus,
781 3279 895 3335 sive
919 3283 1243 3344 criminosus
1273 3293 1528 3351 sacerdos
1563 3295 1694 3354 foris
1718 3301 1786 3357 ad
1811 3302 1984 3360 altare

399 3360 644 3429 accedat,
696 3365 788 3421 sed
849 3386 1064 3444 semper
1094 3386 1149 3432 et
1197 3381 1395 3452 ubique
1441 3401 1838 3449 sacramentum
1879 3395 1982 3454 hoc

395 3447 538 3504 idem
569 3452 816 3527 idemque
848 3474 1045 3520 manet.
1087 3467 1290 3526 Christi
1310 3447 1463 3529 enim
1491 3479 1692 3537 virtute
1718 3493 1774 3540 et
1799 3489 1980 3546 verbis

394 3541 550 3610 panis
575 3543 663 3599 ille
686 3554 740 3600 et
785 3549 922 3606 calix
954 3554 1022 3609 ab
1061 3556 1212 3613 initio
1232 3577 1582 3622 consecratus
1631 3580 1732 3630 est.
1775 3573 1976 3633 Christi

393 3631 596 3689 virtute
631 3643 687 3690 et
715 3639 892 3697 verbis
914 3657 1265 3705 consecratur
1312 3668 1545 3726 semper,
1606 3668 1661 3715 et
1691 3678 1978 3724 consecra-

391 3722 558 3778 bitur.
599 3724 717 3796 Ipse
775 3729 830 3784 in
862 3732 974 3790 suis
1027 3739 1398 3799 sacerdotibus
1425 3722 1663 3816 quotidie
1715 3722 1974 3825 loquitur.

391 3812 539 3871 Illius
563 3834 742 3876 sermo
771 3833 873 3890 est,
900 3826 990 3896 qui
1011 3829 1248 3887 cmlestia
1269 3850 1604 3897 sacramenta
1649 3849 1973 3909 sanctiﬁcat.

394 3905 717 3967 Sacerdotes
774 3911 1068 3988 funguntur
1113 3922 1310 3992 ofﬁcio,
1372 3913 1467 3986 sed
1504 3931 1749 3995 Christus

392 4005 532 4054 state
562 4001 756 4060 divina:
785 4013 1068 4076 potestatis
1101 4026 1372 4085 operatur.
1456 4023 1573 4094 Ipse
1598 4037 1682 4083 est
1705 4032 1850 4086 enim
1887 4001 1976 4094 ille

390 4104 553 4148 verus
581 4094 988 4170 Melchisedech,
1035 4108 1126 4176 qui
1171 4120 1357 4168 sancta
1392 4118 1659 4175 sacriﬁcia
1685 4163 1699 4188 ,
1735 4139 1854 4194 qua:
1885 4128 1974 4186 ille

389 4185 446 4238 in
485 4190 740 4258 mysterio
796 4201 922 4251 tunc
962 4199 1344 4272 praeﬁguravit,
1398 4224 1496 4278 per
1534 4185 1861 4272 oblationem
1885 4221 1971 4277 sui

389 4281 635 4348 corporis
671 4286 862 4356 suique
889 4288 1164 4362 sanguinis
1215 4299 1492 4370 adimplet,
1547 4314 1601 4362 et
1644 4323 1856 4382 semper
1902 4316 1972 4372 ab

388 4367 507 4436 ipso
531 4371 701 4441 initio,
750 4393 859 4448 quo
904 4381 1155 4452 instituit,
1203 4367 1533 4461 adimplevit.
1607 4400 1724 4470 Ipse
1755 4367 1817 4460 ea
1845 4367 1969 4478 Spt:

386 4461 525 4519 ritus
550 4467 811 4534 paracleti
855 4473 1068 4540 virtute,
1103 4486 1156 4532 et
1183 4481 1387 4538 caelesti
1418 4487 1794 4550 benedictione
1845 4461 1970 4553 sdu-

385 4563 532 4608 ctum
559 4573 754 4629 corpus
798 4571 852 4618 et
891 4569 1204 4638 sanguinem
1246 4589 1404 4631 suum
1439 4593 1559 4634 esse
1607 4583 1838 4651 perﬁcit.
1906 4589 1964 4644 In
1995 4565 2042 4624 θ

385 4643 489 4700 hac
509 4646 674 4717 igitur
695 4667 1038 4713 sacrosancta
1094 4661 1365 4721 oblatione
1389 4671 1638 4739 corporis
1673 4683 1728 4728 et
1750 4679 1966 4749 sangui-

385 4739 468 4794 nis
517 4741 804 4813 Dominici,
852 4755 1152 4811 communis
1197 4759 1427 4817 servitus
1486 4765 1780 4824 exhibetur
1830 4771 1961 4841 Deo,

383 4838 494 4886 tam
520 4849 550 4888 a
589 4840 980 4908 sacerdotibus,
1026 4862 1185 4917 quam
1225 4866 1255 4905 a
1287 4863 1479 4911 cuncta
1530 4856 1735 4917 familia
1773 4861 1964 4924 domus

382 4923 498 4977 Dei.
573 4925 699 4983 Πιεο
757 4940 934 4987 autem
977 4947 1061 4991 cst
1097 4941 1326 4997 servitus
1362 4943 1480 5011 Dei,
1514 4963 1644 5018 quae
1673 4953 1805 5008 nulli
1867 4956 1960 5012 alii

381 5015 628 5088 debetur,
659 5036 760 5076 nec
797 5027 998 5082 sanctis
1038 5031 1260 5101 angelis,
1289 5051 1388 5092 nec
1422 5041 1624 5096 sanctis
1654 5045 1958 5115 animabus,

381 5106 484 5162 nisi
516 5109 608 5165 uni
654 5111 764 5169 Deo
813 5115 936 5170 vivo
963 5126 1019 5172 et
1043 5136 1189 5176 vero.
1255 5124 1406 5181 Unde
1453 5129 1538 5185 isti
1569 5131 1621 5185 in
1651 5134 1962 5193 ctelestibus

382 5198 601 5256 sedibus
641 5205 942 5273 constituti,
1004 5211 1192 5268 nolunt
1227 5229 1326 5270 nos
1353 5217 1456 5272 sibi
1493 5223 1821 5291 sacriﬁcare,
1862 5228 1958 5283 sed

381 5285 492 5344 Deo
537 5292 659 5358 soli,
709 5293 862 5365 cujus
897 5309 952 5352 et
974 5299 1071 5370 ipsi
1101 5313 1156 5357 et
1181 5321 1278 5361 nos
1305 5321 1494 5366 sumus
1514 5323 1781 5370 creatura.
1820 5317 1954 5374 Cum

378 5378 512 5448 ipsis
539 5386 684 5440 enim
715 5402 900 5444 sumus
914 5407 1015 5445 una
1042 5395 1234 5452 civitas
1247 5398 1361 5465 Dei,
1394 5401 1546 5472 cujus
1567 5420 1693 5473 pars
1725 5407 1777 5462 iu
1801 5408 1958 5467 nobis

378 5476 776 5546 peregrinatur,
807 5495 932 5548 pars
956 5483 1008 5538 in
1039 5485 1145 5542 illis
1174 5491 1489 5561 opitulatur.
1550 5495 1702 5555 Hanc
1724 5510 1956 5570 partem,

380 5574 639 5630 supernos
675 5569 927 5627 videlicet
972 5574 1154 5642 cives,
1224 5583 1350 5638 huic
1396 5585 1656 5645 interesse
1701 5595 1958 5663 mysterio

381 5665 486 5705 non
543 5657 750 5726 dubito,
790 5671 848 5716 ut
893 5680 990 5734 per
1026 5671 1266 5741 angelica
1315 5676 1612 5736 ministeria
1661 5691 1712 5737 et
1755 5657 1956 5756 suppli-

448 5780 475 5808 δ
516 5767 675 5839 Grcg.
711 5772 832 5828 libr.
867 5794 918 5831 tv
943 5779 1170 5852 Dialog,
1197 5802 1313 5856 cup.
1345 5789 1429 5845 58.

2109 570 2264 630 statis
2315 575 2693 642 conspectibus
2735 577 3016 634 oﬁeratur.
3061 581 3119 637 Si
3144 585 3290 640 enim
3344 595 3429 643 est
3455 588 3509 642 in
3535 592 3689 649 domo

2107 659 2196 715 illa
2227 665 2568 733 sempiterna:
2595 668 2921 724 sacriﬁcium
2963 671 3140 729 laudis
3181 684 3234 730 et
3268 682 3522 735 sacerdos
3554 697 3690 738 sem-

2107 751 2377 823 piternus,
2425 764 2514 810 est
2532 764 2589 811 et
2615 759 2870 815 sacerdos
2895 763 3280 834 sempiternus,
3321 779 3408 823 est
3437 779 3491 824 et
3525 772 3692 830 altare

2107 846 2493 915 sempiternum
2549 848 2605 904 in
2641 850 2816 915 cmlis,
2845 867 2956 908 non
2993 869 3342 925 corporeum,
3391 862 3486 917 sed
3533 865 3695 920 ratio-

2105 935 2229 991 nale
2277 946 2334 992 et
2405 938 2764 1012 intelligibile,
2804 945 2872 998 ad
2895 947 3039 1016 quod
3058 949 3262 1006 oblatio
3291 952 3394 1007 ista
3431 953 3684 1010 defertur.

2107 1027 2261 1085 Unde
2293 1031 2348 1084 in
2369 1031 2486 1102 ipsa
2528 1034 2914 1094 immolationis
2941 1041 3074 1096 hora
3098 1059 3220 1099 cum
3245 1048 3551 1106 astantibus
3591 1052 3685 1108 sibi

2105 1123 2370 1180 ministris
2387 1127 2698 1186 ctelestibus
2709 1130 2979 1198 Christus,
3010 1145 3069 1191 ut
3092 1141 3370 1208 proposita
3383 1155 3684 1214 consecret,

2103 1211 2265 1284 413
2295 1216 2485 1272 adesse
2508 1219 2808 1278 credendus
2832 1232 2938 1279 est.
3005 1227 3082 1283 De
3128 1244 3236 1298 qua
3265 1247 3324 1286 re
3366 1233 3534 1290 Pater
3557 1211 3682 1293 Am;

2102 1303 2317 1362 brosius
2348 1321 2362 1360 :
2403 1326 2422 1358 ι
2457 1308 2574 1365 Non
2598 1311 2832 1379 dubites,
2885 1317 3078 1386 inquit,
3116 1322 3388 1380 assistere
3410 1328 3679 1398 angelum.

2105 1397 2322 1463 quando
2361 1396 2612 1456 Christus
2653 1405 2900 1471 assistit,
2937 1406 3186 1466 Christus
3239 1396 3551 1471 immolatur
3576 1419 3628 1472 δ.
3662 1442 3680 1472 ι

2111 1487 2233 1544 Haec
2268 1500 2353 1546 est
2379 1492 2524 1548 enim
2569 1511 2699 1552 vera
2742 1497 2962 1566 oblatio,
3021 1503 3072 1558 in
3111 1520 3216 1575 qua
3244 1505 3414 1564 Filius
3446 1509 3681 1578 oﬁ'ertur,

2106 1576 2267 1635 Pater
2291 1585 2687 1642 reconciliatur.
2738 1589 2864 1648 Haec
2905 1602 2989 1648 est
3029 1611 3158 1652 vera
3184 1607 3240 1654 et
3267 1609 3470 1658 :eterna
3491 1603 3679 1670 hostia,

2104 1671 2232 1740 quia
2251 1687 2375 1728 vera
2403 1684 2457 1732 et
2483 1685 2685 1735 aeterna
2714 1681 2763 1734 ei
2792 1692 2876 1738 est
2912 1685 3103 1753 virtus,
3132 1704 3262 1746 vera
3291 1701 3347 1747 et
3371 1703 3574 1749 aeterna
3594 1712 3679 1767 per

2099 1777 2217 1818 eam
2231 1765 2508 1834 perﬁcitur
2529 1771 2692 1828 salus.
2743 1773 2868 1832 Haec
2881 1786 2967 1834 est
2993 1780 3248 1839 salutaris
3267 1785 3509 1850 victima,
3535 1765 3678 1857 plena

2021 1835 2070 1898 Β
2100 1855 2346 1924 rationis,
2374 1858 2534 1929 plena
2553 1866 2816 1934 mysterii,
2867 1883 2987 1936 quae
3011 1873 3277 1942 spirituali
3311 1835 3672 1937 rationercele

2093 1945 2300 2013 bratur,
2327 1946 2449 2005 ﬁdei
2479 1952 2715 2020 puritate
2736 1957 3041 2015 exhibetur.
3098 1962 3170 2019 Ut
3188 1966 3334 2021 enim
3359 1969 3530 2025 corda
3555 1970 3674 2029 ﬁde.

2092 2033 2223 2089 lium
2245 2035 2438 2095 ﬁerent
2457 2042 2716 2111 ccelestia,
2761 2049 3067 2106 rationabili
3099 2052 3372 2114 oblatione
3428 2063 3671 2120 mundari

2093 2128 2415 2190 debuerunt.

2160 2219 2246 2276 lII.
2294 2222 2398 2279 Per
2433 2225 2537 2281 hoc
2560 2243 2792 2298 namque
2823 2235 3144 2304 mysterium
3185 2237 3406 2296 Christo
3454 2246 3679 2313 particio

2090 2324 2318 2383 pantes,
2344 2333 2509 2373 unum
2537 2334 2730 2378 omnes
2752 2337 2940 2380 sumus
2968 2325 3022 2380 in
3061 2327 3186 2395 illo;
3218 2346 3326 2387 non
3364 2344 3452 2390 est
3478 2351 3683 2393 mascu-

2092 2404 2177 2460 lus
2205 2422 2382 2476 neque
2410 2407 2634 2476 femina,
2659 2428 2767 2467 non
2794 2430 2985 2473 servus
3004 2434 3183 2490 neque
3203 2420 3360 2478 liber.
3390 2423 3547 2481 Hanc
3573 2429 3684 2482 uni-

2091 2503 2258 2552 tatem
2290 2498 2345 2552 in
2376 2503 2868 2560 communicatione
2898 2507 3060 2578 hujus
3088 2516 3412 2570 sacramenti
3452 2520 3686 2575 maxime

2090 2586 2409 2656 accipimus,
2441 2591 2698 2658 quoniam
2725 2609 2865 2651 unus
2891 2599 3068 2667 panis,
3106 2616 3272 2658 unum
3299 2621 3500 2676 corpus
3531 2611 3687 2664 multi

2089 2690 2298 2743 sumus,
2327 2694 2626 2752 omnesque
2661 2683 2728 2738 de
2757 2701 2866 2742 uno
2894 2703 3036 2757 pane
3063 2692 3477 2763 participamus.
3513 2697 3686 2754 Tanta

2089 2765 2234 2821 enim
2259 2777 2345 2823 est
2371 2769 2630 2828 Ecclesiae
2655 2773 2710 2828 in
2737 2773 2957 2833 Christo
2980 2779 3181 2847 unitas,
3207 2769 3272 2838 ut
3288 2788 3564 2854 quomodo
3581 2805 3681 2844 una

2090 2855 2246 2924 ﬁdes,
2271 2867 2327 2912 et
2351 2875 2518 2916 unum
2541 2861 2841 2933 baptisma,
2874 2875 2930 2922 et
2965 2885 3130 2925 unum
3173 2871 3372 2939 altare,
3421 2877 3498 2932 ita
3545 2895 3681 2934 unus

2088 2947 2292 3018 ubique
2317 2949 2390 3004 sit
2416 2951 2570 3021 panis
2605 2956 2850 3024 corporis
2877 2957 3100 3027 Christi,
3131 2971 3186 3017 et
3217 2979 3360 3020 unus
3385 2968 3530 3023 calix
3559 2985 3684 3024 san-

2088 3040 2268 3110 guinis
2292 3041 2426 3111 ejus.
2459 3044 2592 3100 Illud
2633 3058 2784 3104 certe
2823 3051 2968 3120 quod
3007 3054 3209 3126 legitur
3241 3076 3254 3112 :
3297 3058 3553 3118 Christus
3590 3081 3681 3134 per

2091 3128 2352 3201 Spiritum
2397 3144 2638 3190 sanctum
2677 3138 3012 3210 semetipsum
3050 3145 3238 3202 obtulit
3279 3128 3680 3206 immaculatum

2087 3221 2198 3277 Deo
2229 3223 2387 3295 (Heb.
2420 3243 2500 3293 rx,
2530 3227 2642 3300 14),
2691 3238 2749 3286 et
2778 3231 2909 3288 illud
2945 3252 2958 3288 :
2999 3235 3243 3294 Christus
3271 3241 3462 3296 dilexit
3504 3261 3598 3300 nos
3628 3255 3678 3298 et

2084 3313 2306 3368 tradidit
2325 3317 2658 3388 semetipsum
2679 3337 2775 3390 pro
2797 3323 2945 3378 nobis
2966 3324 3282 3383 oblationem
3301 3339 3350 3385 et
3377 3331 3603 3388 hostium
3623 3336 3680 3391 in

2085 3401 2300 3457 odorem
2324 3407 2599 3462 suavitatis
2626 3407 2740 3465 Deo
2763 3410 2983 3482 (Epltes.
3007 3429 3062 3481 ν,
3087 3415 3168 3488 2),
3197 3416 3370 3485 Patri,
3392 3422 3553 3479 nobis
3578 3425 3681 3479 hoc

2084 3490 2140 3546 in
2165 3505 2506 3552 sacramento
2531 3503 2776 3569 corporis
2798 3511 2854 3558 et
2877 3507 3156 3577 sanguinis
3176 3507 3298 3564 Filii
3320 3511 3415 3567 Dei
3439 3514 3679 3582 quotidie

2082 3584 2440 3641 instauratur.
2471 3587 2586 3645 Hoc
2610 3606 2828 3662 corpus,
2855 3603 2912 3650 et
2938 3595 3029 3651 hic
3061 3601 3306 3669 sanguis,
3342 3617 3452 3658 non
3487 3605 3540 3660 in
3572 3609 3678 3676 spi-

2081 3674 2161 3730 cis
2188 3676 2315 3730 etin
2341 3681 2632 3736 sarmentis
2655 3682 2942 3756 colligitur,
2973 3686 3068 3743 sed
3089 3698 3240 3744 certa
3263 3695 3684 3752 consecratione

2081 3766 2345 3834 mysticus
2376 3766 2437 3822 ﬁt
2462 3770 2650 3837 nobis;
2680 3787 2788 3828 non
2815 3776 3081 3843 nascitur,
3111 3793 3236 3834 cum
3271 3783 3432 3852 panis
3469 3795 3528 3841 et
3567 3787 3680 3842 vini

2079 3863 2332 3912 creatura
2373 3859 2427 3914 in
2467 3873 2866 3921 sacramentum
2903 3870 3088 3926 carnis
3122 3881 3179 3928 et
3215 3874 3500 3944 sanguinis
3536 3879 3680 3950 ejus,

2078 3945 2336 4003 ineffabili
2367 3948 2605 4019 Spiritus
2633 3955 3064 4016 sanctiﬁcatione
3089 3962 3440 4021 transfertur.
3475 3945 3672 4025 Totum

2076 4053 2206 4111 ergo
2243 4041 2388 4111 quod
2423 4043 2479 4098 in
2522 4045 2625 4100 hac
2659 4047 2931 4106 oblatione
2969 4054 3167 4125 agitur,
3204 4060 3525 4128 mysterium
3565 4073 3674 4129 est,

2076 4131 2220 4200 quod
2249 4131 2512 4204 simplicis
2539 4134 2663 4192 ﬁdei
2690 4139 2928 4206 puritate
2953 4145 3074 4215 capi
3095 4146 3278 4214 debet,
3305 4165 3418 4206 non
3447 4154 3677 4210 rationis

2075 4221 2374 4281 subtilitate
2401 4227 2789 4296 comprehendi
2828 4240 3027 4302 potest.
3063 4235 3222 4294 Aliud
3249 4241 3398 4298 enim
3427 4245 3670 4312 videtur,

2073 4311 2220 4366 aliud
2261 4313 2601 4386 intelligitur.
2634 4318 2788 4387 Quod
2823 4324 3052 4392 videtur,
3079 4331 3315 4399 speciem
3355 4334 3523 4394 habet
3551 4311 3674 4392 cor;

2072 4405 2334 4475 poralem,
2350 4409 2495 4477 quod
2514 4410 2852 4484 intelligitur,
2872 4415 3108 4476 fructum
3123 4422 3285 4479 habet
3299 4427 3666 4498 Spiritualem.

2072 4493 2313 4550 divinum
2341 4497 2566 4555 scilicet.
2594 4501 2783 4560 Altare
2805 4505 3054 4567 Christus
3075 4512 3276 4582 implet,
3308 4493 3366 4571 et
3391 4493 3673 4588 prazparat

2068 4598 2128 4638 se
2150 4584 2352 4641 cibum.
2388 4587 2656 4650 Mactatur
2693 4610 2801 4651 non
2829 4598 3119 4668 occiditur,
3160 4584 3522 4666 manducatur
3558 4628 3668 4668 non

2068 4677 2350 4746 minuitur,
2379 4682 2555 4738 reﬁcit
2573 4701 2681 4741 non
2707 4688 2922 4757 deﬁcit,
2951 4695 3308 4753 manducatus
3336 4699 3502 4767 vivit,
3535 4705 3665 4775 quia

2067 4769 2366 4826 resurrexit
2391 4787 2423 4826 a
2444 4777 2690 4832 mortuis.
2725 4777 2769 4834 Ο
2793 4795 2881 4836 res
2904 4782 3040 4837 mira
3063 4793 3118 4840 et
3138 4785 3456 4846 ineﬁ'abilis!
3480 4791 3526 4848 Ο
3549 4779 3667 4864 1ιῇ-

2065 4858 2291 4914 slerium
2337 4860 2488 4918 ﬁdei!
2533 4862 2733 4924 Omnes
2767 4872 3098 4928 manducant
3133 4891 3202 4930 ex
3229 4892 3327 4942 eo,
3361 4881 3458 4936 sed
3497 4858 3663 4938 unus-

2064 4949 2295 5021 quisque
2321 4960 2491 5008 totum
2530 4959 2837 5016 manducat.
2867 4961 3138 5020 Dividitur
3173 4982 3272 5038 per
3309 4984 3530 5041 partes,
3567 4977 3660 5031 sed

2066 5049 2213 5098 totus
2242 5045 2294 5098 in
2323 5048 2588 5116 partibus.
2614 5049 2966 5112 Manducatus
2993 5059 3062 5114 ab
3080 5061 3226 5115 omni
3246 5067 3466 5136 populo,
3493 5084 3662 5124 sanus

2065 5142 2122 5187 ct
2154 5135 2362 5208 integer
2399 5150 2599 5197 manet.
2636 5143 2805 5200 Totus
2841 5146 2894 5202 in
2923 5149 3095 5217 caelo,
3129 5159 3273 5210 totus
3311 5155 3367 5210 in
3401 5161 3660 5216 cordibus

2064 5221 2324 5292 ﬁdelium,
2354 5230 2462 5284 vita
2491 5234 2867 5303 manducatur,
2894 5251 3114 5308 peccata
3145 5255 3360 5314 purgat,
3395 5264 3546 5307 mors
3573 5253 3653 5307 vi—

2064 5313 2263 5378 viﬁcat,
2297 5316 2510 5375 inﬁrma
2534 5324 2868 5392 corroborat,
2898 5345 3029 5386 sana
3056 5345 3364 5392 conservat.

2133 5415 2221 5471 IV.
2263 5416 2391 5474 Ηίθο
2423 5436 2659 5493 namque
2695 5425 3042 5498 singulariter
3076 5433 3295 5490 victima
3331 5440 3398 5494 ab
3428 5439 3652 5497 interitu

2061 5519 2262 5564 aeterno
2289 5511 2526 5568 animam
2555 5515 2746 5582 salvat,
2777 5535 2899 5590 qua:
2927 5521 3073 5578 illam
3102 5527 3256 5585 nobis
3279 5541 3510 5588 mortem
3533 5536 3652 5599 unis

2060 5600 2227 5668 geniti
2270 5616 2366 5671 per
2405 5608 2720 5675 mysterium
2769 5623 3013 5682 reparat,
3065 5619 3156 5686 qui
3194 5619 3320 5676 licet
3362 5641 3591 5698 surgens
3618 5643 3648 5680 a

2059 5693 2305 5756 mortuis,
2339 5695 2389 5748 in
2420 5712 2476 5751 se
2500 5698 2613 5767 ipso
2636 5699 3014 5761 immortaliter
3033 5716 3196 5778 atque
3223 5713 3644 5787 inmrmptibili-

2131 5808 2155 5847 ι’
2188 5807 2502 5866 Ambrosius
2531 5815 2580 5867 in
2611 5832 2724 5886 (τῳ.
2756 5834 2789 5881 ι,
2820 5818 2992 5888 hunc,
3032 5840 3082 5875 n.
3119 5825 3188 5882 9.8
