3934 6180
161 318 189 374 l
204 317 314 376 089

852 314 1002 370 OPP.
1046 312 1272 368 DCBlA.
1305 343 1372 354 -—-
1411 309 1639 367 ALBINI
1679 306 2061 366 CONFESSIO
2097 305 2296 363 FlDEl.
2329 339 2396 347 —
2437 307 2615 361 PARS
2655 310 2741 364 ιι.

3306 313 3326 364 l
3339 309 3442 367 090

161 439 251 485 ter
286 428 461 492 vivat,
500 439 596 495 pro
629 423 783 478 nobis
823 425 1018 479 iterum
1054 425 1110 478 in
1149 423 1253 479 hoc
1281 425 1542 497 mysterio
1579 437 1750 478 sacra:
1778 425 1828 483 Α
1855 419 2060 476 loeutus
2100 438 2215 476 sum
2264 420 2440 486 vobis,
2489 422 2704 491 spiritus
2745 431 2792 476 et
2831 425 2936 478 vita
2985 433 3140 488 sunt,
3193 427 3282 480 sed
3323 439 3444 481 sunt

158 517 455 574 oblationis
481 514 806 572 immolatur.
847 513 976 584 Ejus
1003 515 1201 584 quippe
1240 511 1313 570 ibi
1351 529 1548 585 corpus
1583 513 1752 569 sumi-

161 619 276 675 tur,
303 610 423 680 ejus
451 622 580 662 caro
608 607 662 662 in
689 606 869 678 populi
906 606 1079 661 salute
1104 605 1362 676 partitur,
1392 606 1509 676 ejus
1533 605 1754 674 sanguis

162 716 196 755 a
225 699 476 755 ﬁdelibus
503 696 726 752 bibitur.
758 695 864 751 Sed
893 697 1162 765 quomodo
1192 696 1296 751 hoc
1325 696 1422 750 ﬁat
1454 695 1575 766 quis
1599 710 1751 751 com-

161 789 504 862 prehendere
531 793 726 856 potest,
758 786 842 841 vel
881 785 1160 841 absolvere
1186 785 1457 855 profunda
1493 786 1754 857 mysteria

163 880 328 951 hujus
355 875 609 934 sacriﬁcii
626 916 640 941 ,
663 875 808 946 quod
836 891 940 948 pro
963 874 1302 931 absolutione
1337 884 1522 932 nostra
1548 877 1757 947 passio-

165 985 290 1027 nem
313 966 578 1040 unigeniti
603 966 726 1021 Filii
768 979 983 1037 semper
1013 966 1275 1021 imitatur.
1311 965 1466 1023 Sicut
1493 968 1638 1022 enim
1666 982 1757 1022 sa-

163 1067 506 1118 cramentum
535 1067 736 1115 sancta:
761 1057 1074 1124 Trinitatis,
1114 1059 1188 1112 ita
1215 1067 1271 1113 et
1303 1059 1623 1130 mysterium
1656 1059 1761 1114 Do-

166 1153 382 1208 minicm
429 1150 697 1222 passionis
739 1157 794 1205 et
845 1150 1040 1204 mortis
1064 1190 1079 1216 ,
1132 1151 1281 1221 quod
1332 1150 1436 1206 hac
1488 1149 1760 1206 oblatione

165 1245 566 1315 frequentatur,
619 1241 902 1312 aequaliter
950 1242 1318 1297 necessarium
1369 1242 1438 1296 ad
1487 1240 1714 1304 salutem
1742 1282 1758 1306 ,

164 1334 442 1406 aequaliter
470 1334 524 1387 in
554 1333 882 1388 conscientia
909 1345 1044 1404 pura
1083 1340 1169 1387 est
1193 1333 1512 1388 sumendum
1539 1347 1603 1387 ac
1632 1332 1762 1386 reti-

165 1425 426 1483 nendum.
473 1423 643 1479 Nemo
683 1423 901 1494 quidem
946 1423 1184 1480 ﬁdelium
1224 1423 1473 1478 dubitare
1509 1423 1668 1478 debet
1693 1423 1762 1478 de

167 1519 310 1574 tanti
349 1518 593 1589 mysterii
617 1516 879 1580 veritate,
907 1531 1028 1587 quae
1066 1523 1176 1570 tam
1212 1515 1397 1570 multis
1435 1515 1761 1570 testimoiiiis

167 1612 396 1682 probata
419 1617 533 1673 est,
569 1617 627 1663 et
666 1621 1055 1676 nonnunquam
1083 1607 1262 1661 divina
1300 1607 1628 1661 revelatione
1663 1605 1762 1660 ali—

1852 513 2069 584 quidem
2094 529 2159 568 ea:
2188 513 2347 578 vobis,
2389 513 2477 584 qui
2521 529 2624 566 non
2661 513 2898 568 credunt.
2943 513 3190 572 Ostendit
3229 531 3288 571 se
3327 532 3444 572 ma-

1854 616 2018 672 gnum
2047 603 2254 657 dixisse
2272 601 2616 673 mysterium,
2641 618 2765 657 cum
2790 604 2865 659 ait
2895 619 2910 658 :
2940 604 3129 673 Verba,
3154 623 3273 678 qua:
3305 607 3448 662 locu-

1855 701 1940 746 tus
1975 709 2092 746 sum
2121 693 2282 757 vobis,
2322 694 2540 763 spiritus
2575 703 2624 748 et
2659 695 2764 748 vita
2800 705 2942 750 sunt.
2973 695 3107 750 Cum
3144 705 3322 753 autem
3352 698 3450 754 ad-

1851 784 2032 855 jungit
2061 803 2076 840 :
2110 785 2212 840 Sed
2253 795 2376 841 sunt
2411 787 2630 858 quidam
2668 801 2734 842 ex
2761 788 2934 854 vobis,
2973 791 3062 860 qui
3087 806 3191 845 non
3229 792 3447 846 credunt

1858 875 2042 948 (Joan.
2088 891 2167 943 vt,
2209 876 2303 943 64,
2347 877 2459 948 65).
2497 877 2750 933 Ostendit
2789 878 2936 935 istud
2980 883 3298 952 mysterium
3335 897 3447 939 non

1858 981 1979 1024 esse
2003 969 2111 1024 nisi
2141 969 2289 1034 ﬁdei,
2317 979 2372 1024 et
2398 971 2657 1038 ﬁdelium,
2684 971 2776 1042 qui
2803 972 2890 1027 illa
2918 975 3085 1028 verba
3111 973 3342 1030 ﬁdeliter
3363 989 3448 1030 ca-

1858 1060 2032 1132 piunt,
2066 1069 2122 1116 et
2150 1061 2271 1117 ideo
2295 1063 2375 1117 eis
2403 1063 2628 1132 spiritus
2655 1071 2710 1119 et
2735 1065 2846 1119 vita
2876 1073 3033 1131 sunt,
3060 1065 3184 1136 quia
3211 1082 3305 1124 eos
3332 1069 3471 1139 $pi-'

1860 1151 2128 1207 ritualiter
2151 1152 2428 1208 intellectu
2457 1153 2751 1210 viviﬁcant.
2777 1155 2940 1211 Fides
2967 1171 3075 1212 non
3097 1156 3260 1213 habet
3283 1159 3449 1213 meri-

1861 1248 1996 1308 tum,
2024 1243 2112 1298 cui
2133 1243 2369 1299 humana
2391 1245 2534 1300 ratio
2555 1247 2761 1315 prabet
2787 1247 3236 1317 experimentum.
3263 1249 3451 1306 Melior

1859 1341 1944 1388 est
1971 1333 2134 1400 ﬁdes,
2163 1349 2327 1404 quam
2359 1337 2519 1403 ratio,
2549 1338 2676 1408 quia
2716 1338 2782 1392 ad
2811 1339 3198 1408 perfectionem
3235 1340 3451 1411 plenam

1863 1439 1970 1478 non
1995 1426 2310 1495 pervenitur
2341 1427 2447 1482 nisi
2474 1441 2574 1498 per
2607 1426 2797 1492 ﬁdem,
2837 1429 2977 1484 sicut
3015 1432 3274 1502 scriptum
3317 1439 3402 1488 est
3435 1449 3448 1485 :

1865 1513 1987 1569 Nisi
2007 1514 2355 1581 credideritis,
2377 1533 2482 1572 non
2498 1517 2796 1589 intelligetis
2810 1517 2944 1588 (Isa.
2963 1535 3057 1586 vn,
3081 1521 3114 1576 9
3136 1538 3238 1576 sec.
3256 1520 3352 1575 LX
3354 1521 3402 1574 Χ
3406 1523 3450 1593 ),

1862 1614 1919 1660 et
1940 1606 2065 1662 alibi
2093 1624 2107 1661 :
2131 1609 2318 1663 Justus
2338 1620 2512 1664 autem
2538 1626 2686 1664 meus
2707 1627 2774 1665 ea:
2797 1611 2902 1679 ﬁde
2927 1612 3046 1667 vivit
3071 1611 3228 1684 (Heb.
3256 1630 3312 1680 x,
3335 1614 3449 1686 58).

169 1703 366 1773 quibus
399 1697 740 1756 manifestata
761 1706 862 1754 est.
909 1695 1220 1766 Ego-autem
1249 1697 1490 1752 omnium
1521 1695 1758 1751 ﬁdelium
1796 1769 1834 1775 _
1862 1697 2026 1754 Pauci
2053 1709 2179 1754 sunt
2207 1715 2458 1770 namque,
2501 1701 2592 1770 qui
2626 1701 2846 1756 ﬁrmare
2880 1712 3124 1773 possunt,
3155 1706 3297 1775 quod
3330 1721 3452 1762 cre-

170 1769 450 1857 minimus,
479 1790 614 1846 nihil
635 1790 704 1845 de
731 1790 823 1845 illo
853 1787 1081 1860 (gratias
1103 1787 1236 1860 Deo)
1261 1788 1316 1842 in
1345 1787 1530 1858 aliquo
1549 1787 1758 1853 dubito,
1796 1769 1840 1829 Β
1859 1777 2018 1842 άιιιιῑ.
2051 1787 2208 1844 Unde
2236 1769 2392 1843 multi
2425 1769 2637 1844 illorum
2655 1831 2669 1855 ,
2701 1791 2792 1861 qui
2821 1769 3150 1861 putaverunt
3172 1769 3235 1848 se
3269 1809 3453 1865 posse,

173 1887 270 1943 sed
297 1901 366 1942 ex
396 1893 508 1944 toto
541 1897 662 1938 meo
689 1882 852 1938 corde
877 1880 1061 1945 credo,
1088 1888 1146 1936 et
1178 1887 1329 1936 certa
1362 1880 1475 1936 oris
1503 1879 1765 1934 relatione

170 1977 459 2040 conﬁteor,
495 1975 670 2044 ipsum
715 1974 913 2028 divina
955 1980 1011 2026 et
1049 1971 1278 2027 viviﬁcze
1321 1971 1540 2027 virtutis
1585 1986 1766 2027 sacra-

172 2076 420 2124 mentum
442 2106 455 2130 ,
481 2080 668 2121 veram
701 2064 904 2120 Christi
933 2077 1152 2118 carnem
1181 2077 1331 2129 esse,
1360 2077 1427 2117 ex
1451 2077 1557 2132 qua
1583 2063 1762 2132 pasci-

173 2175 322 2224 mur,
339 2166 396 2213 et
418 2171 608 2212 verum
633 2155 751 2225 ejus
767 2155 1106 2226 sanguinem,
1123 2169 1191 2208 ex
1213 2169 1320 2222 quo
1345 2162 1614 2223 putamur.
1640 2153 1766 2208 Haec

173 2265 411 2321 namque
447 2249 622 2305 hostia
650 2263 847 2318 corpus
880 2256 935 2303 et
963 2248 1179 2318 sanguis
1203 2255 1317 2314 est,
1347 2255 1410 2302 ut
1441 2247 1633 2302 beatus
1668 2245 1768 2300 Pc-

177 2350 299 2396 trus
326 2341 402 2395 ait
435 2355 449 2394 :
493 2339 906 2395 Ineontaminati
955 2339 1078 2409 agni
1121 2346 1168 2392 et
1207 2335 1533 2392 inmaculati
1571 2334 1768 2391 Christi

176 2433 232 2505 (ι
255 2432 404 2488 Petr.
430 2448 471 2497 ι,
503 2430 614 2501 l9).
647 2430 810 2486 Panis
839 2429 982 2485 enim
1027 2428 1145 2495 ille,
1175 2428 1332 2499 panis
1370 2427 1575 2483 et‘vitze
1609 2437 1769 2482 aeter-

177 2541 294 2589 ne;
326 2533 381 2579 et
408 2525 548 2579 calix
576 2523 685 2588 ille,
713 2523 850 2577 calix
881 2521 1070 2577 salutis
1097 2528 1389 2591 perpetuae.
1427 2520 1506 2574 Ex
1529 2520 1615 2576 his
1641 2533 1770 2575 sane

177 2617 380 2671 divinis
414 2615 692 2687 mysteriis
733 2613 1090 2676 mundamur,
1136 2619 1191 2668 et
1231 2609 1663 2676 sanctiﬁeamur,
1715 2619 1770 2666 et

176 2707 343 2762 unius
388 2706 688 2761 divinitatis
723 2705 1018 2774 participes
1053 2701 1334 2768 efficimur,
1377 2703 1504 2773 quia
1533 2703 1676 2758 Deus
1715 2703 1768 2757 in
1797 2714 1802 2719 ·

179 2796 360 2861 nobis,
390 2805 445 2851 et
485 2810 585 2850 nos
621 2795 676 2848 in
715 2794 827 2849 Deo
864 2809 1165 2850 manemus.
1201 2794 1375 2850 Audio
1415 2795 1545 2866 quid
1577 2795 1645 2850 de
1685 2796 1771 2850 his

179 2890 299 2960 ipsa
330 2885 544 2942 Veritas
593 2885 849 2956 loquitur,
900 2893 954 2939 et
997 2887 1114 2940 sine
1149 2885 1312 2940 dubio
1349 2886 1511 2940 credo
1537 2885 1617 2952 ei,
1653 2900 1772 2955 quae

181 2979 404 3038 mentiri
431 2996 536 3034 non
565 2985 763 3048 potest.
805 2977 1100 3049 Respondit
1139 2978 1285 3033 enim
1325 2977 1658 3050 litigantibus
1681 2979 1774 3034 Ju-

181 3073 348 3138 daeis,
376 3087 571 3142 panem
605 3071 906 3126 concordiae
940 3071 1315 3141 ignorantibus
1345 3079 1507 3143 atque
1549 3071 1773 3127 dicenti-

182 3167 291 3223 bus
318 3183 332 3220 :
364 3163 638 3230 Quomodo
661 3172 826 3234 potest
852 3163 998 3217 nobis
1024 3163 1111 3216 hic
1138 3177 1346 3218 carnem
1376 3180 1528 3217 suam
1555 3163 1682 3218 dare
1705 3160 1775 3216 ad

181 3254 614 3311 manducandum
656 3253 850 3326 (Joan.
896 3270 984 3318 vr,
1031 3253 1099 3311 55
1142 3252 1308 3324 seq.)?
1347 3252 1552 3320 Quibus
1587 3268 1685 3324 per
1717 3266 1775 3308 se

183 3349 366 3418 ipsum
396 3345 532 3400 dixit
560 3363 574 3400 :
606 3344 772 3402 Amen
791 3385 807 3410 ,
835 3361 988 3399 amen
1013 3343 1132 3398 dico
1161 3344 1304 3398 vobis
1321 3385 1334 3409 ,
1360 3345 1460 3398 nisi
1489 3343 1776 3399 manduca-

185 3439 368 3494 t‘eritis
405 3454 614 3492 carnem
655 3436 785 3491 Filii
812 3436 1067 3501 hominis,
1091 3446 1141 3492 et
1163 3436 1391 3491 biberitis
1419 3437 1532 3507 ejus
1569 3436 1780 3506 sangui-

187 3545 334 3594 nem,
361 3545 466 3583 non
489 3527 688 3583 habetis
713 3529 872 3583 vitam
899 3528 956 3582 in
975 3529 1134 3583 vobis.
1167 3526 1272 3593 Qui
1298 3527 1582 3582 manduca:
1609 3542 1776 3581 meam

185 3635 408 3676 carnem
436 3629 485 3674 et
512 3619 637 3674 bibit
664 3636 837 3674 meum
863 3620 1170 3688 sanguinem
1187 3657 1202 3683 ,
1237 3618 1388 3672 habet
1429 3620 1588 3672 vitam
1624 3627 1778 3672 teter—

190 3729 338 3770 nam.
369 3711 508 3766 Caro
533 3712 669 3767 enim
705 3727 828 3765 mea
869 3727 985 3765 sere
1011 3710 1155 3764 cibus
1190 3720 1288 3776 est,
1323 3720 1372 3763 et
1394 3712 1608 3780 sanguis
1634 3727 1780 3766 meus

191 3819 309 3859 vere
330 3811 407 3857 est
442 3811 613 3873 potus.
655 3799 760 3867 Qui
789 3800 1076 3854 manduca:
1108 3817 1278 3855 meam
1303 3817 1512 3855 carnem
1531 3841 1545 3866 ,
1576 3810 1624 3856 et
1656 3803 1784 3856 bibit

190 3910 368 3949 meum
391 3892 728 3962 sanguinem,
758 3892 814 3946 in
842 3907 923 3944 me
950 3900 1154 3956 manet,
1193 3900 1244 3945 et
1276 3907 1369 3963 ego
1391 3891 1447 3946 in
1486 3891 1576 3945 illo
1604 3905 1622 3943 .'
1647 3892 1782 3945 sicut

192 4002 278 4041 me
306 3984 447 4039 misit
473 3985 641 4039 vivens
670 3981 852 4048 Pater,
882 3992 932 4036 et
966 3997 1059 4053 ego
1099 3984 1206 4038 vivo
1235 3991 1446 4053 propter
1471 3979 1708 4043 Patrem,
1736 3989 1784 4034 et

191 4076 284 4148 qui
304 4075 592 4130 manducet
609 4090 710 4138 me,
746 4074 852 4144 ipse
877 4073 998 4130 vivit
1022 4084 1229 4145 propter
1255 4091 1354 4127 me.
1386 4072 1488 4127 Hic
1515 4083 1588 4128 est
1608 4075 1782 4145 panis,

197 4169 288 4241 qui
309 4166 378 4224 de
403 4166 530 4223 caelo
557 4165 842 4221 descendit.
877 4163 981 4230 Qui
1010 4166 1291 4220 manducet
1312 4164 1448 4218 hunc
1479 4179 1686 4233 panem,
1709 4167 1787 4220 ui-

197 4268 282 4313 uet
309 4261 370 4314 in
398 4268 672 4314 internum.

276 4355 338 4409 ν.
366 4354 602 4410 Adverte
619 4354 734 4424 jam
756 4353 990 4414 tandem,
1017 4365 1051 4403 ο
1077 4349 1518 4420 pravissimarum
1548 4353 1786 4424 gentium

1867 1879 2098 1948 turpiter
2124 1878 2288 1951 414
2316 1888 2657 1947 erraverunt,
2689 1881 2815 1936 dum
2843 1882 3206 1952 relinquentes
3244 1885 3458 1940 humili-

1868 1977 2034 2024 tatem
2075 1969 2234 2035 ﬁdei,
2263 1971 2474 2028 ratione
2502 1987 2666 2042 supra
2697 1987 2756 2028 se
2783 1975 3077 2029 ascendere
3098 1991 3458 2048 praesumpse-

1866 2067 2012 2115 runt.
2079 2061 2212 2114 Cum
2259 2069 2466 2116 certum
2521 2063 2594 2116 sit
2642 2061 2918 2118 Christum
2968 2065 3352 2122 immortaliter
3403 2075 3458 2122 et

1865 2149 2349 2220 incorruptibiliter
2373 2152 2556 2205 vivere
2583 2152 2634 2205 in
2671 2167 2731 2207 se
2767 2153 2915 2222 ipso,
2944 2155 3066 2223 quis
3095 2164 3211 2220 est,
3253 2157 3343 2226 qui
3371 2173 3459 2211 ra-

1868 2239 2014 2294 tione
2040 2253 2236 2309 capere
2254 2240 2452 2303 valeat,
2477 2240 2746 2309 quomodo
2761 2255 2982 2297 carnem
3013 2259 3166 2299 suam
3191 2245 3280 2299 det
3301 2246 3458 2302 nobis

1868 2329 1936 2382 ad
1971 2329 2439 2384 manducandum?
2466 2328 2804 2385 Sacriﬁcium
2840 2332 2985 2386 enim
3015 2333 3158 2388 istud
3186 2335 3453 2401 mirabile,

1867 2421 2142 2476 Christum
2169 2435 2277 2476 non
2312 2421 2569 2485 dandum,
2592 2423 2687 2476 sed
2713 2421 2896 2476 datum
2917 2465 2931 2488 ,
2957 2439 3066 2479 non
3103 2427 3455 2483 occidendum

1869 2518 1964 2570 sed
1985 2513 2226 2568 occisum
2247 2551 2262 2577 ,
2297 2527 2402 2568 non
2432 2513 2777 2569 redimendos
2816 2529 2915 2569 nos
2945 2513 3086 2588 [sed]
3129 2519 3454 2589 redemptos,

1868 2607 2024 2662 nobis
2052 2605 2107 2660 in
2131 2605 2366 2660 veritate
2390 2612 2687 2669 monstrat;
2719 2606 2852 2662 sicut
2897 2609 3094 2662 veteris
3134 2608 3279 2680 legis
3308 2611 3460 2665 victi-

1869 2713 1972 2752 mas
2007 2697 2124 2751 haec
2149 2696 2335 2751 omnia
2364 2702 2591 2750 ventura
2624 2697 3080 2765 praenuntiabant.
3115 2697 3220 2754 Sed
3249 2702 3340 2771 qui
3369 2717 3460 2756 ve-

1870 2803 1990 2844 rum
2013 2805 2210 2860 corpus
2229 2806 2407 2855 suum,
2429 2790 2570 2860 quod
2594 2790 2877 2846 suscitavit
2897 2791 2964 2847 de
2979 2792 3248 2863 sepulcro,
3262 2795 3460 2865 potuit,

1865 2883 2046 2952 ianuis
2069 2883 2290 2948 clausis,
2321 2883 2440 2937 sine
2465 2885 2812 2953 corruptione
2839 2891 2895 2939 et
2925 2884 3103 2955 aliqua
3133 2888 3214 2942 sui
3243 2887 3462 2944 laesione

1873 2977 2218 3031 intro-lucere
2274 2977 2340 3030 ad
2394 2975 2721 3046 discipulos,
2774 2985 2953 3046 potest
3003 2980 3186 3048 utique
3241 2994 3460 3034 carnem

1876 3081 2028 3120 suam
2057 3066 2186 3119 dare
2213 3065 2368 3120 nobis
2396 3067 2462 3119 ad
2499 3066 2931 3120 manducandum
2963 3068 3083 3121 sine
3114 3084 3209 3122 sua
3244 3068 3463 3126 lirsione

1879 3166 1935 3213 et
1965 3159 2310 3214 detrimento.

1948 3267 2035 3324 Vl.
2075 3267 2181 3322 Iste
2208 3268 2310 3332 est,
2339 3268 2426 3337 qui
2470 3281 2575 3321 non
2613 3275 2800 3338 aperto
2831 3275 2986 3322 utero
3007 3267 3230 3338 virginis
3260 3271 3467 3341 ingres-

1880 3360 1973 3414 sds
1997 3367 2081 3412 est
2107 3359 2390 3424 mundum,
2413 3358 2505 3427 qui
2539 3373 2662 3412 cum
2689 3371 2820 3412 vero
2849 3374 3076 3429 corpore
3111 3376 3271 3432 supra
3317 3378 3468 3417 mare

1881 3447 2194 3513 ambulavit,
2224 3449 2312 3518 qui
2352 3447 2607 3520 pauculas
2637 3465 2790 3504 escas
2821 3452 3162 3508 transitorios
3197 3460 3251 3506 et
3287 3453 3470 3509 visibi-

1878 3540 1957 3594 les
2001 3539 2102 3594 sub
2144 3539 2394 3596 dentibus
2443 3540 2714 3595 edenlium
2759 3542 2944 3612 augeri
2984 3543 3128 3600 fecit.
3164 3545 3300 3613 Quid
3340 3562 3470 3619 ergo

1881 3629 2118 3696 dubitas,
2147 3645 2269 3685 cum
2308 3631 2421 3700 ipse
2449 3629 2590 3685 dicat
2622 3631 2717 3686 tibi
2757 3648 2771 3685 :
2817 3631 2920 3697 Qui
2961 3634 3242 3689 mandarat
3282 3654 3382 3703 me,
3421 3647 3471 3691 et

1881 3723 1988 3791 ipse
2015 3722 2136 3776 vivit
2165 3731 2376 3792 propter
2414 3738 2493 3774 me
2537 3720 2716 3792 (Joan.
2759 3721 2871 3794 vi)?
2911 3722 3054 3779 Deus
3096 3733 3183 3780 est
3212 3727 3301 3796 qui
3342 3725 3473 3783 facit

1883 3824 2076 3881 magna
2102 3819 2158 3864 et
2183 3807 2470 3872 mirabilia,
2497 3817 2550 3863 et
2578 3810 2965 3878 inscrutabilia,
2995 3827 3222 3882 quorum
3254 3830 3358 3869 non
3387 3825 3474 3870 est

1884 3916 2160 3956 numerus.
2193 3897 2269 3952 Ne
2295 3899 2447 3961 velis,
2483 3914 2685 3967 qumso,
2713 3899 2812 3953 hoc
2839 3900 3046 3955 ratione
3071 3902 3344 3973 indagare.
3370 3902 3471 3958 Su-

1885 4003 1981 4060 pra
2017 3995 2069 4042 te
2095 3994 2178 4042 est
2209 3987 2502 4056 negotium,
2534 3988 2694 4042 nimis
2718 3989 2927 4042 excedit
2953 3989 3098 4044 vires
3133 3999 3269 4046 tuas.
3303 3991 3473 4048 Nemo

1885 4079 2030 4134 enim
2077 4084 2254 4148 potest
2289 4077 2532 4146 corporis
2564 4084 2618 4130 et
2651 4077 2928 4146 sanguinis
2950 4077 3183 4146 Christi,
3225 4097 3324 4152 pro
3359 4099 3472 4137 ma-

1878 4173 2076 4243 jestate
2113 4169 2212 4234 rei,
2246 4176 2589 4223 sacramenta
2624 4181 2968 4238 cognoscere.
2999 4168 3281 4225 Praebeant
3313 4173 3471 4236 ﬁdem

1884 4259 2150 4316 mirabilia
2203 4257 2576 4323 mirabilibus,
2638 4259 3201 4329 incomprehensibilia
3264 4262 3470 4318 incom-

1885 4350 2354 4424 prehensibilibus.
2393 4349 2583 4403 Divina
2623 4349 2884 4420 operatio,
2918 4350 2961 4404 si
2992 4350 3202 4406 ratione
3233 4369 3477 4424 compre-

202 4462 461 4519 perversa
486 4446 754 4512 doctrina,
771 4453 827 4499 et
846 4443 953 4498 noli
975 4445 1137 4498 surda
1162 4459 1292 4499 aure
1316 4453 1372 4500 et
1412 4445 1787 4502 incircumciso
1811 4461 1865 4523 ι)
1883 4441 2162 4505 henditur,
2197 4455 2304 4494 non
2329 4448 2408 4495 est
2439 4440 2570 4494 adeo
2596 4439 2946 4494 admirabilis.
2974 4439 3184 4496 Desiste
3209 4459 3471 4513 quaerere.

201 4540 370 4596 corde
402 4539 710 4609 praeterire,
746 4538 902 4607 quod
929 4535 1130 4591 dicitur
1177 4554 1191 4589 :
1235 4535 1340 4602 Qui
1369 4538 1653 4592 manducat
1687 4555 1786 4602 me,

205 4647 360 4686 suam
385 4629 642 4684 nimirum
669 4635 725 4682 et
749 4643 858 4681 non
888 4627 1048 4681 aliam
1082 4642 1297 4682 carnem
1338 4627 1688 4683 demonstrat.
1733 4627 1790 4682 Si

203 4723 350 4777 enim
375 4721 478 4775 hoc
500 4732 606 4773 non
627 4725 788 4783 esset,
819 4731 1156 4787 nequaquam
1186 4717 1502 4786 mysterium
1533 4717 1660 4771 illud
1682 4724 1790 4770 tam

206 4813 487 4878 mirabile,
526 4820 582 4866 et
605 4809 902 4874 ineffabile,
933 4817 1095 4879 atque
1120 4807 1655 4879 incomprehensibile
1686 4808 1792 4863 dici

207 4914 410 4976 posset.
437 4903 538 4970 Qui
559 4901 727 4957 Deum
744 4899 919 4956 credit
941 4900 1385 4970 omnipotentem,
1416 4898 1588 4953 credit
1608 4899 1795 4968 utique

206 5009 334 5053 cum
364 4992 522 5049 facile
542 5007 702 5062 posse
727 4991 796 5046 de
826 5006 884 5046 re
919 4991 1128 5061 aliqua,
1160 4991 1304 5060 quod
1334 4988 1464 5052 vult,
1503 4987 1702 5043 facere.
1737 4987 1795 5043 Si

207 5088 311 5146 hoc
339 5092 486 5141 esset
512 5084 609 5150 ita,
633 5081 1015 5154 comprehendi
1045 5095 1206 5136 sensu
1233 5089 1287 5135 et
1316 5080 1493 5135 verbis
1517 5081 1620 5135 dici
1651 5089 1798 5135 certe

209 5177 493 5247 potuisset.
526 5175 726 5230 Verum
764 5172 889 5243 quia
927 5171 1084 5242 longe
1119 5169 1279 5224 aliter
1309 5182 1368 5225 se
1399 5169 1561 5224 habet
1594 5169 1799 5225 veritas

208 5269 348 5327 tanti
377 5266 644 5339 mysterii,
664 5280 828 5336 quam
853 5272 908 5318 tu
933 5263 1190 5320 iunretico
1213 5261 1469 5332 deceptus
1495 5261 1686 5333 Spiritu
1712 5275 1800 5314 ar-

209 5359 457 5425 bitraris,
490 5364 638 5413 recte
665 5355 864 5412 dicitur
887 5354 1202 5427 mysterium
1230 5351 1374 5408 ﬁdei.
1399 5351 1516 5407 Non
1539 5352 1682 5407 enim
1705 5351 1801 5406 hu-

208 5465 374 5508 mam
398 5449 674 5506 intellectu
703 5446 1088 5517 comprehendi
1125 5452 1178 5500 et
1221 5443 1406 5499 subtili
1433 5443 1643 5498 ratione
1671 5458 1797 5512 per-

211 5544 374 5613 pendi
404 5541 569 5607 valet,
594 5540 689 5596 sed
723 5537 986 5610 simplicis
1012 5535 1142 5592 ﬁdei
1182 5535 1527 5591 devotissima
1565 5535 1799 5605 puritate

211 5640 353 5709 capi.
386 5638 542 5696 Unde
567 5635 828 5693 Dominus
862 5635 930 5690 de
963 5636 1066 5691 hoc
1102 5639 1444 5688 sacramento
1478 5630 1796 5701 quibusdam

217 5731 496 5802 discipulis
527 5743 637 5784 non
657 5726 1000 5784 credentibus
1031 5725 1276 5797 loquens,
1307 5723 1424 5776 ait:
1471 5719 1653 5788 Verba,
1682 5739 1797 5793 quis

1892 4533 2064 4589 Crede
2097 4545 2310 4587 mecum
2343 4537 2548 4585 tantum
2571 4573 2585 4598 ,
2617 4531 2742 4603 quia
2772 4529 3017 4586 Christus
3051 4532 3207 4588 nobis
3237 4536 3476 4605 quotidie

1893 4626 2248 4681 ministratur.
2299 4622 2548 4679 Christus
2599 4632 2683 4677 est
2729 4621 2877 4677 cibus
2908 4630 2961 4677 et
3004 4632 3162 4692 potus
3202 4625 3473 4682 Ecclesirc.

1893 4715 2033 4770 Caro
2079 4718 2262 4779 cibus,
2319 4727 2539 4785 sanguis
2587 4723 2767 4782 potus.
2819 4712 3028 4782 Cujus?
3071 4716 3289 4774 Christi.
3341 4719 3478 4776 Audi

1895 4806 2070 4876 ipsum
2114 4805 2383 4859 dicentem
2433 4817 2446 4856 :
2499 4800 2611 4856 Hoc
2658 4812 2731 4855 est
2781 4819 2967 4874 corpus
3019 4823 3193 4860 meum
3243 4807 3476 4880 (Matth.

1897 4913 2049 4962 xxxx,
2093 4895 2226 4967 26),
2270 4902 2362 4949 et:
2400 4892 2512 4963 Ego
2552 4909 2665 4946 sum
2697 4893 2849 4963 panis
2876 4897 2992 4950 vitae
3023 4895 3216 4967 (Joan.
3254 4915 3335 4965 vi,
3364 4901 3477 4971 ⁴18).

1899 4987 2014 5041 [Ioc
2037 4985 2193 5054 facite
2212 4985 2265 5038 in
2285 5001 2451 5037 meam
2475 4985 3012 5046 commemorationem
3031 4985 3182 5062 (Luc.
3210 5006 3342 5057 xxu,
3367 4991 3473 5063 19).

1898 5078 2011 5132 Hoc
2039 5090 2168 5145 ergo
2197 5073 2494 5144 agendum,
2524 5073 2627 5128 hoc
2656 5071 3103 5144 frequentandum
3137 5083 3479 5136 commcnda-

1901 5168 1976 5220 vit
2029 5164 2319 5230 Ecclesiae,
2371 5177 2648 5232 quousque
2697 5165 2881 5219 veniat
2925 5160 2991 5219 in
3047 5165 3209 5222 ﬁnem
3264 5171 3477 5236 smculi,

1900 5257 2114 5328 quando
2135 5257 2238 5312 erit
2267 5264 2580 5311 sanctorum
2614 5255 2859 5325 requies;
2887 5271 2992 5311 non
3022 5257 3196 5314 adhuc
3225 5259 3278 5315 in
3303 5276 3480 5315 sacra-

1901 5362 2118 5417 mento,
2148 5365 2257 5422 quo
2291 5350 2345 5405 in
2393 5348 2496 5403 hoc
2530 5354 2772 5417 tempore
2817 5349 3161 5406 consociatur
3204 5350 3439 5408 Ecclesia
3463 5391 3482 5421 ,

1900 5443 2136 5514 quandiu
2166 5441 2388 5507 bibitur,
2412 5439 2554 5510 quod
2580 5439 2646 5494 de
2672 5438 2871 5494 Christi
2905 5438 3074 5496 latere
3099 5444 3354 5508 manavit,
3388 5445 3484 5502 sed

1901 5544 2082 5589 tamen
2115 5535 2170 5588 in
2206 5533 2322 5604 ipsa
2352 5529 2683 5603 perfectione
2718 5530 2907 5586 salutis
2937 5539 3185 5600 aeternae,
3214 5550 3334 5590 cum
3371 5545 3484 5590 tra-

1901 5629 2057 5682 detur
2086 5632 2312 5697 regnum
2355 5624 2464 5692 Deo
2503 5621 2683 5686 Patri,
2717 5631 2776 5677 ut
2811 5623 2866 5677 in
2908 5622 2996 5678 illa
3035 5627 3315 5697 perspicua
3355 5644 3482 5684 con-

1902 5718 2246 5789 templatione
2271 5715 2722 5772 incommutabilis
2754 5717 2997 5772 veritatis
3033 5717 3190 5773 nullis
3217 5724 3482 5792 mysteriis
