3934 6180
404 276 538 332 1091

401 409 676 465 egeamus.
717 392 830 447 Noli
877 393 1057 461 itaque
1089 392 1344 455 diilidere,
1381 406 1556 460 neque
1593 389 1828 456 diﬁiteri,
1858 404 1980 443 cum
2013 393 2054 445 Α

404 485 585 543 cernis
613 493 918 539 creaturam
952 484 1110 553 panis
1147 492 1203 536 et
1234 484 1344 536 vini
1366 483 1433 536 de
1467 480 1799 549 simplicibus
1829 489 1988 534 terrae

403 577 647 648 frugibus
691 586 982 645 sumptam.
1028 576 1242 632 Intuere
1285 574 1731 644 omnipotentiam
1784 573 1878 627 Dei
1931 580 1988 626 et

405 670 616 726 Domini
651 669 822 724 nostri
846 667 974 722 Jesu
1002 667 1224 731 Christi,
1250 667 1341 736 qui
1370 681 1566 735 corpus
1593 673 1648 718 et
1669 665 1986 734 sanguinem

403 777 562 818 suum
591 761 704 816 solo
739 769 872 815 nutu
901 757 1063 814 efﬁcit
1099 758 1215 812 sine
1247 757 1425 826 aliqua
1460 771 1614 810 mora
1641 769 1705 810 ex
1749 755 1850 809 eis.
1879 752 1987 809 Sed

403 868 514 908 non
561 853 679 908 sine
721 866 886 907 causa
937 850 1022 920 agi
1066 848 1229 906 debes
1258 848 1510 904 credere.
1555 846 1770 916 quando
1804 845 1986 900 vinum

401 959 542 1014 aqua
589 945 808 999 mistum
850 942 1030 998 oﬂ‘erri
1055 942 1222 996 vides.
1263 941 1338 995 De
1377 941 1546 994 latere
1581 940 1723 994 enim
1760 937 1986 1002 Christi,

403 1038 496 1107 qui
539 1038 664 1092 vitis
701 1046 784 1092 est
827 1051 985 1100 vera,
1019 1035 1231 1104 quando
1279 1034 1598 1089 transﬁxum
1645 1042 1732 1088 est
1776 1033 1984 1094 lancea,

405 1144 541 1197 aqua
577 1143 697 1184 cum
732 1127 994 1195 sanguine
1027 1135 1112 1180 est
1144 1140 1382 1196 egressa.
1426 1125 1517 1179 Ille
1551 1125 1770 1193 sanguis
1812 1125 1864 1177 iu
1903 1140 1988 1177 re-

403 1221 712 1274 missionem
762 1218 1064 1288 peccatoris
1111 1216 1262 1272 fusus
1297 1226 1400 1272 est.
1434 1216 1586 1285 Aqua
1621 1217 1709 1270 illa
1751 1215 1990 1269 salutare

404 1316 668 1377 temperat
691 1306 960 1378 poculum.
987 1306 1114 1360 Ilaec
1145 1314 1200 1360 et
1229 1307 1503 1361 lavacrum
1535 1313 1774 1374 praestat,
1810 1311 1866 1358 et
1895 1318 1990 1372 po-

406 1409 538 1451 tum.
579 1396 701 1452 [hec
733 1407 858 1452 sunt
891 1397 1037 1451 enim
1062 1405 1398 1450 sacramenta
1427 1395 1697 1459 Ecclesiae,
1729 1394 1848 1450 sine
1867 1393 1991 1463 qui—

404 1489 504 1542 bus
539 1488 606 1541 ad
643 1502 824 1542 veram
849 1487 1014 1540 vitam
1034 1501 1140 1540 non
1177 1486 1426 1551 intratur,
1449 1485 1574 1553 quia
1597 1484 1761 1539 nimia
1787 1483 1992 1553 pietate

404 1588 459 1633 et
503 1593 690 1632 amore
739 1578 1038 1647 timoreque
1086 1593 1282 1646 magno
1325 1578 1528 1646 agenda
1558 1583 1718 1642 sunt,
1752 1585 1806 1630 et
1847 1574 1990 1630 acci-

403 1668 617 1736 pienda.
659 1668 869 1724 Accede
921 1668 1150 1722 ﬁdeliter
1197 1667 1265 1722 ad
1301 1667 1444 1732 hmo,
1493 1667 1626 1722 nihil
1671 1667 1988 1732 discutiens,

1183 297 1191 302 ’
1235 279 1296 334 Β.
1336 279 1399 334 F.
1441 277 1666 334 ALBlNl
1704 276 1836 333 SEU
1876 273 2151 329 ALCUINI
2205 227 2494 336 OPEBUH‘
2527 270 2706 327 PARS
2746 269 2876 328 VIII.

3523 268 3680 324 109‘].

2210 387 2375 448 Agnus
2405 386 2682 434 honoranda
2704 396 2846 434 sacer
2870 383 2949 448 hic
2967 387 3204 432 marmur
3230 385 3275 432 in
3301 397 3381 432 ara

2273 449 2484 497 (Ia-ditur
2513 448 2558 494 in
2587 453 2776 506 partes;
2806 446 3027 505 partibus
3050 449 3371 494 utiutisinest.

2208 509 2453 558 Mmditnr
2479 507 2600 554 alma
2622 519 2754 566 caro,
2783 507 2986 567 sanguis
3005 508 3287 567 bibiturque
3311 513 3529 558 sacratus

2267 571 2472 631 Integer
2498 571 2604 630 ipse
2628 576 2791 618 tamen
2817 573 2953 630 Vivit,
2982 570 3167 631 ubique
3185 582 3404 620 nanetus.

2158 653 2285 707 Vill.
2327 653 2452 708 Hznc
2481 660 2566 706 cst
2599 651 2763 721 igitur
2793 651 2926 706 ﬁdes
2951 665 3071 705 mea
3093 658 3147 706 et
3171 667 3315 721 spes,
3341 667 3461 722 quae
3493 654 3548 709 in
3580 670 3688 711 me

2083 744 2224 800 dono
2257 741 2640 798 misericordia:
2665 741 2759 795 Dei
2786 751 2889 796 est.
2925 741 3029 796 Pro
3047 757 3161 810 'qua
3191 744 3426 798 maxime
3448 754 3684 814 paratos

2086 852 2185 892 nos
2212 851 2332 891 esse
2357 835 2572 900 debere,
2608 835 2796 889 beatus
2834 834 3313 906 Petruspmcipit,
3346 838 3413 892 ad
3442 854 3678 908 respon-

2086 928 2316 988 dendum
2342 927 2486 982 omni
2521 927 2763 996 poscenti
2797 943 2895 984 nos
2929 928 3215 984 rationem.
3251 928 3376 983 [hec
3407 940 3492 983 est
3521 941 3682 985 certe

2089 1021 2240 1085 ﬁdes,
2277 1035 2440 1090 quam
2471 1019 2632 1073 corde
2666 1029 2850 1085 teneo,
2883 1034 2979 1074 ore
3005 1020 3280 1089 proﬁteor,
3303 1036 3426 1075 cum
3456 1021 3561 1075 hac
3589 1023 3678 1075 vi-

2091 1126 2216 1166 vere
2250 1126 2334 1166 me
2367 1119 2527 1180 opto,
2563 1125 2685 1164 cum
2721 1109 2834 1179 ipsa
2865 1119 2994 1164 ante
3029 1110 3261 1164 tribunal
3299 1110 3500 1166 Christi
3539 1112 3678 1166 assi-

2088 1213 2250 1259 stere.
2292 1203 2396 1258 Per
2432 1203 2572 1258 hanc
2613 1218 2644 1256 a
2682 1203 2918 1271 peccatis
2951 1203 3084 1256 meis
3119 1203 3322 1258 absolvi
3361 1219 3453 1258 me
3481 1205 3674 1260 credo.

2089 1295 2216 1350 Haec
2245 1303 2306 1349 ut
2335 1295 2388 1350 in
2414 1309 2500 1348 me
2518 1334 2534 1360 ,
2555 1293 2698 1364 quod
2720 1294 2918 1349 bonum
2946 1303 3051 1359 est,
3080 1308 3178 1364 per
3199 1295 3554 1350 humilitatem
3590 1298 3678 1350 di-

2089 1386 2482 1455 lectionemque
2515 1399 2727 1454 semper
2760 1400 2930 1454 usque
2961 1386 3014 1440 in
3052 1385 3211 1442 ﬁnem
3241 1397 3516 1457 operetur,
3542 1399 3678 1460 opto

2087 1477 2460 1541 vehementer,
2499 1483 2555 1528 et
2591 1473 2804 1529 Domini
2836 1475 3262 1531 misericordiam
3295 1493 3508 1548 precor.
3545 1481 3674 1535 [lare

2090 1563 2223 1618 ﬁdes
2243 1573 2327 1618 est
2348 1563 2573 1618 baculus
2601 1561 2926 1619 defensionis
2956 1581 3108 1630 mete,
3142 1583 3248 1636 quo
3274 1569 3497 1624 callidos
3523 1580 3578 1624 et
3599 1574 3676 1626 si-

2088 1655 2385 1710 mulatores
2419 1655 2472 1710 in
2504 1653 2687 1725 lingua
2723 1653 2913 1710 feriam
2945 1655 3241 1723 falsidicus,
3264 1659 3356 1728 qui
3391 1662 3551 1717 nobis
3575 1679 3671 1733 per

404 1759 530 1827 quia
570 1759 882 1828 mysterium
930 1767 1015 1812 est
1051 1757 1191 1812 ﬁdei.
1229 1757 1436 1813 Accmie
1476 1764 1696 1826 pacate,
1734 1759 1859 1826 quia
1893 1774 1985 1814 sa-
2018 1744 2064 1803 Β
2087 1751 2231 1805 viam
2256 1750 2413 1819 huius
2434 1751 2616 1806 saeculi
2640 1752 3040 1807 transeuntibus
3067 1753 3409 1809 insidiantur.
3450 1755 3566 1811 Hoc
3588 1768 3670 1812 est

403 1857 740 1902 crameutum
764 1855 848 1900 est
871 1847 1092 1902 unitatis
1131 1865 1143 1900 :
1179 1847 1284 1903 ﬁde
1308 1856 1364 1902 et
1399 1862 1566 1918 opere
1587 1848 1769 1903 unitus
1792 1864 1852 1904 es
1873 1865 1990 1904 ma-

406 1938 474 1993 tri
521 1938 795 1992 Ecclesiae.
844 1938 956 1994 Hoc
1003 1948 1182 1994 autem
1230 1940 1443 2010 signant
1488 1940 1645 2010 panis
1691 1955 1760 1995 ex
1803 1940 1986 1996 multis

405 2029 606 2098 granis,
636 2040 691 2084 et
714 2031 898 2085 vinum
931 2045 995 2084 ex
1029 2031 1210 2086 multis
1243 2032 1434 2086 acinis.
1468 2031 1680 2086 Accede
1709 2047 1830 2087 cum
1858 2047 1986 2102 gra-

406 2123 602 2179 tiarum
628 2124 856 2187 actione,
883 2124 1008 2192 quia
1030 2125 1341 2194 mysterium
1363 2133 1447 2178 est
1472 2125 1772 2179 ebaritatis.

448 2210 586 2266 _Vll.
627 2211 770 2265 illius
815 2212 970 2280 panis
1005 2219 1060 2265 et
1100 2211 1285 2266 calicis
1326 2211 1527 2267 oblatio
1563 2213 1753 2268 mortis
1783 2211 1986 2268 Christi

406 2310 491 2355 est
520 2301 959 2356 commemoratio
987 2309 1042 2356 et
1071 2301 1424 2357 annuntiatio.
1451 2301 1708 2368 Quze'non
1739 2309 1847 2356 tam
1873 2317 1988 2356 vcr-

405 2394 488 2448 his
509 2409 672 2464 quam
695 2393 965 2464 mysteriis
989 2394 1119 2462 ipsis
1142 2395 1336 2464 agitur,
1362 2409 1459 2464 per
1478 2409 1596 2464 qua:
1616 2395 1816 2451 nostris
1835 2409 1959 2450 men

406 2485 546 2539 tibus
569 2501 716 2539 mors
736 2485 823 2538 illa
843 2486 1076 2554 pretiosa
1100 2486 1259 2542 altius
1275 2496 1330 2540 et
1350 2485 1541 2540 fortius
1558 2488 1982 2542 commendatur.

404 2573 526 2627 ideo
551 2573 653 2627 hoc
682 2582 1077 2628 sacramentum
1099 2574 1376 2644 discipulis
1396 2574 1641 2629 ultimum
1666 2577 1903 2641 tradidit,
1926 2586 1988 2632 ut

405 2664 680 2718 memoria:
702 2672 865 2717 tanta:
883 2664 1184 2729 charitatis,
1206 2679 1313 2733 qua
1333 2680 1432 2719 nos
1450 2664 1530 2719 sic
1549 2667 1765 2731 amavit,
1788 2665 1867 2722 sic
1885 2665 1990 2721 sal-

403 2753 569 2816 vavit,
606 2752 818 2806 illorum
853 2761 908 2807 et
935 2753 1136 2808 nostris
1168 2753 1440 2810 mentibus
1460 2754 1620 2810 altius
1644 2755 1984 2826 imprimere-

405 2849 512 2894 tur.
541 2841 750 2896 Accede
773 2850 922 2896 casto
957 2849 1014 2896 et
1047 2844 1246 2898 mundo
1275 2844 1454 2900 corde.
1490 2843 1547 2899 Si
1581 2846 1824 2901 cecidisti
1855 2862 1982 2916 gra-

403 2932 561 2998 viter,
596 2933 639 2987 si
665 2933 840 2988 adhuc
862 2933 1112 2988 aﬁ‘ectum
1149 2935 1405 3005 peccandi
1437 2935 1632 3002 habes,
1659 2951 1756 3006 age
1778 2935 1986 2995 fructus

2086 1848 2298 1894 scutum
2332 1856 2544 1905 meum,
2579 1856 2688 1910 quo
2719 1849 2982 1896 venenata
3017 1843 3266 1902 animalia
3298 1854 3354 1898 et
3385 1847 3671 1916 pestiferas

2085 1927 2150 1982 de
2181 1929 2430 1984 cavernis
2463 1937 2810 1999 erumpentes
2851 1931 3104 1986 bestiolas
3139 1933 3397 2002 repellere
3438 1937 3667 2003 valeam,

2085 2033 2149 2074 ac
2181 2019 2374 2086 vitare,
2413 2034 2481 2074 ue
2514 2019 2728 2089 aliquod
2755 2037 2810 2076 in
2840 2037 2927 2076 me
2949 2031 3138 2091 patens
3162 2023 3494 2092 membrum,
3525 2038 3582 2082 et
3603 2030 3672 2083 de

2083 2120 2417 2180 protectione
2463 2113 2586 2168 ﬁdei
2625 2115 2855 2180 nudum,
2905 2115 3110 2172 framea
3144 2119 3408 2183 hostium,
3443 2137 3568 2190 qua:
3603 2123 3672 2176 ad

2085 2200 2409 2256 saeviendum
2441 2202 2760 2269 destinatur,
2793 2204 3050 2260 inveniat.
3088 2206 3187 2262 llic
3219 2218 3406 2264 noster
3437 2209 3671 2274 libellus,

2085 2289 2174 2346 hic
2204 2290 2520 2364 415_ﬁdei
2559 2310 2692 2350 mea:
2727 2295 3040 2362 thesaurus,
3087 2313 3252 2368 quem
3294 2301 3350 2354 in
3392 2303 3674 2358 catholicae

2084 2381 2340 2438 Ecclesia:
2371 2399 2502 2453 agro
2522 2385 2658 2440 bene
2683 2385 2828 2442 culto
2851 2389 3047 2458 reperi.
3078 2388 3202 2445 Haec
3222 2399 3307 2446 est
3326 2391 3483 2457 ﬁdes,
3507 2409 3671 2463 quam

2084 2468 2139 2524 in
2173 2471 2291 2527 sinu
2322 2474 2512 2530 matris
2535 2475 2789 2532 Ecclesia:
2823 2493 2910 2534 me
2943 2479 3145 2534 Christi
3171 2482 3341 2551 gratia
3372 2483 3579 2548 docuit,
3615 2495 3670 2539 et

2084 2561 2223 2619 hanc
2246 2565 2376 2622 mihi
2396 2582 2426 2620 a
2449 2574 2688 2639 tempore
2714 2570 2966 2640 baptismi
2989 2587 3203 2642 semper
3226 2589 3421 2644 augere
3441 2575 3670 2646 dignata

2083 2665 2184 2711 est.
2221 2656 2312 2716 Sic
2336 2675 2520 2716 coram
2547 2663 2656 2719 Deo
2688 2665 2990 2732 credimus,
3031 2667 3110 2723 sic
3141 2685 3325 2724 coram
3356 2670 3670 2729 hominibus

2083 2747 2240 2805 labiis
2261 2751 2602 2818 conﬁtemur,
2629 2765 2688 2809 ut
2715 2764 2770 2810 et
2791 2755 3098 2813 hominibus
3121 2761 3362 2830 cognitio
3383 2778 3484 2816 sua
3507 2763 3667 2818 ﬁdem

2082 2837 2266 2907 faciat,
2295 2851 2351 2896 et
2373 2843 2482 2898 Deo
2517 2845 2696 2916 imago
2732 2862 2828 2901 sua
2870 2849 3236 2906 testimonium
3275 2852 3487 2908 reddat.
3520 2853 3668 2912 lianc

2086 2927 2141 2982 in
2163 2932 2350 2986 statuti
2381 2932 2554 3003 legem
2587 2943 2662 3001 tu,
2693 2936 2766 2990 mi
2791 2937 3026 3005 Christe,
3051 2941 3208 2996 unica
3228 2957 3374 3011 spes,
3411 2954 3466 2999 et
3494 2945 3667 3002 virtus

406 3026 594 3092 dignos
622 3025 970 3095 pnnitcntiae.
1004 3026 1196 3082 Munda
1222 3028 1373 3097 prius
1407 3029 1815 3084 conscientiam.
1848 3030 1986 3087 Gra-
2018 3091 2060 3104 Α
2087 3024 2274 3080 salutis
2311 3043 2472 3094 mem,
2517 3039 2738 3102 ιποιθεθ
2770 3046 3002 3102 semper.
3036 3041 3198 3104 atque
3221 3038 3460 3102 θιιειοάὶς
3487 3055 3554 3094 ne
3578 3039 3666 3095 me

403 3116 518 3170 vari
561 3117 795 3185 poteris,
842 3133 946 3172 non
990 3119 1287 3185 sublevari,
1319 3121 1365 3176 si
1405 3122 1710 3179 immundus
1749 3127 1979 3182 accedis.

2086 3117 2406 3178 durissimus
2433 3122 2614 3192 praedo
2642 3131 2700 3179 et
2717 3140 2809 3180 rex
2839 3125 3165 3184 confusionis
3186 3145 3425 3200 unquam
3445 3147 3476 3187 a
3493 3135 3663 3190 corde

404 3207 576 3262 Tanta
607 3217 689 3262 est
715 3209 885 3264 virtus
908 3209 1066 3279 hujus
1093 3213 1364 3280 sacriﬁcii,
1403 3224 1462 3269 ut
1495 3215 1622 3270 solis
1637 3214 1798 3284 justis
1830 3216 1981 3290 [non]

402 3299 778 3366 peccatoribus
808 3317 1005 3371 corpus
1043 3303 1112 3357 sit
1152 3314 1206 3357 et
1249 3306 1466 3375 sanguis
1506 3305 1726 3362 Christi.
1766 3308 1986 3364 Mundat

404 3396 651 3454 peccata,
681 3391 794 3444 sine
822 3393 1014 3460 quibus
1042 3393 1157 3448 haec
1193 3395 1298 3448 vita
1329 3396 1510 3466 peragi
1553 3413 1658 3452 non
1701 3408 1895 3466 potest.
1940 3399 1984 3455 Ο

406 3489 803 3532 sacramentum
843 3482 1089 3550 pictatis!
1127 3483 1260 3548 Quia
1300 3484 1541 3538 Christus
1585 3487 1985 3554 przescivit'nos

405 3575 722 3635 peccaturos
746 3578 865 3638 post
899 3569 1060 3634 illam,
1093 3586 1196 3639 qua
1221 3586 1319 3625 nos
1343 3571 1585 3638 redemit,
1609 3573 1979 3642 salvationem,

403 3654 701 3710 instituitur
725 3657 824 3712 hoc
856 3657 1119 3714 ineffabile
1143 3670 1536 3716 sacramentum
1555 3703 1569 3728 ,
1602 3663 1754 3732 cujus
1780 3668 1981 3721 sancti-

403 3749 652 3802 ﬁcatione
701 3750 817 3804 sine
864 3751 1260 3808 intermissione
1301 3754 1662 3824 expiaremur.
1706 3755 1830 3812 Ideo
1865 3758 1983 3828 qui-

402 3838 628 3893 busdam
660 3842 904 3910 provenit
931 3842 997 3896 ad
1028 3843 1397 3898 remissionem
1424 3855 1791 3914 peccatorum,
1825 3856 1881 3902 et
1913 3847 1983 3903 ad

402 3938 746 3998 augmentum
782 3932 1037 3986 virtutum
1077 3952 1088 3986 :
1120 3933 1438 4002 quibusdam
1469 3937 1536 3991 ad
1561 3935 1750 4005 judicii
1773 3939 1983 4008 pondus

400 4027 454 4070 et
477 4019 763 4074 maximam
809 4021 1182 4090 perditionem.
1209 4022 1419 4080 Accede
1448 4037 1760 4083 reverenter
1780 4036 1981 4084 etcum

403 4116 633 4162 tremore
659 4109 843 4175 multo,
870 4112 994 4181 quia
1022 4129 1128 4167 non
1161 4112 1321 4180 aliud,
1351 4114 1445 4170 sed
1467 4114 1716 4172 Christus
1736 4118 1895 4173 datur
1914 4118 1981 4174 ad

401 4199 849 4256 manducandum.
898 4199 975 4257 Ne
1023 4205 1246 4271 timeas,
1284 4221 1407 4261 cum
1451 4206 1620 4264 Deum
1664 4211 1978 4266 manducas.

400 4291 515 4360 Ipse
541 4294 813 4364 pra3cepit.
843 4293 974 4349 Cum
998 4296 1244 4353 Christus
1265 4301 1637 4367 manducatur,
1666 4303 1796 4372 quid
1813 4303 1976 4370 aliud,

399 4387 560 4449 quam
605 4382 711 4436 vita
754 4384 1141 4440 manducatur?
1179 4386 1235 4442 Si
1282 4391 1636 4446 manducatur
1667 4393 1806 4459 vita,
1853 4393 1974 4458 hoc,

398 4470 541 4540 quod
569 4487 671 4525 non
695 4473 940 4538 moritur,
965 4475 1152 4543 procul
1181 4477 1340 4532 dubio
1365 4481 1736 4536 manducatur.
1765 4483 1978 4540 Accede

398 4560 648 4616 credulus
681 4570 735 4616 et
782 4563 1027 4618 mundus.
1074 4563 1332 4622 Manduca
1374 4569 1576 4635 vitam,
1624 4571 1746 4626 bibe
1786 4573 1973 4630 vitam.

401 4650 551 4704 Tunc
569 4659 744 4706 autem
777 4653 878 4707 hoc
903 4655 1024 4719 erit,
1060 4655 1112 4709 id
1135 4667 1238 4723 est,
1271 4658 1380 4711 vita
1414 4657 1702 4730 unicuique
1734 4663 1837 4716 erit
1860 4679 1978 4718 cor-

397 4758 498 4812 pus
523 4753 578 4797 et
605 4745 820 4816 sanguis
842 4745 1063 4814 Christi,
1098 4748 1143 4804 si
1177 4751 1320 4821 quod
1356 4751 1410 4806 in
1437 4767 1774 4811 sacramento
1794 4757 1978 4812 visibi-

397 4833 521 4889 liter
556 4836 802 4902 sumitur,
829 4838 882 4892 in
914 4839 1027 4909 ipsa
1049 4842 1275 4898 veritate
1299 4843 1649 4914 spiritualiter
1682 4849 1976 4904 manduce-

397 4933 508 4991 tur,
545 4928 894 4997 spiritualiter
925 4930 1158 4986 bibatur.
1196 4933 1328 4989 lllud
1362 4935 1542 4991 bibere
1578 4937 1707 5007 quid
1750 4949 1833 4993 est
1871 4941 1977 4996 nisi

397 5017 615 5072 vivere?
640 5017 768 5072 illud
802 5021 1148 5088 manducare,
1178 5023 1322 5080 reﬁci
1349 5037 1452 5081 est.
1480 5026 1584 5082 Sed
1607 5028 1686 5082 sic
1716 5029 1974 5098 reﬁceris,

397 5115 584 5162 utnon
615 5107 856 5175 deﬁciat,
892 5111 1032 5166 unde
1068 5113 1324 5172 reﬁceris.
1357 5116 1588 5174 Habebis
1613 5120 1759 5175 enim
1786 5121 1970 5188 vitam,

395 5203 450 5250 et
476 5197 682 5269 integra
703 5207 787 5254 est
806 5199 935 5254 vita.
963 5199 1185 5272 Suscipe
1207 5203 1489 5261 Dominum
1509 5207 1692 5263 Jesum
1713 5218 1806 5264 tuo
1826 5225 1977 5264 men-

396 5287 464 5341 tis
497 5289 750 5360 hospitio.
793 5289 896 5346 Ubi
939 5307 1134 5363 corpus
1163 5291 1299 5364 ejus,
1337 5295 1407 5350 ibi
1445 5295 1690 5354 Christus
1722 5308 1805 5354 est
1825 5314 1973 5355 vere.

398 5376 531 5433 llinc
552 5381 767 5448 quidam
797 5381 929 5436 tanti
953 5384 1193 5454 mysterii
1215 5387 1569 5442 admiratione
1592 5400 1645 5444 et
1667 5407 1849 5447 amore
1868 5391 1976 5461 ple-

397 5484 496 5523 nus
525 5473 622 5526 hos
653 5471 820 5526 edidit
850 5475 1144 5530 versiculos

518 5599 558 5648 Ο
582 5615 670 5671 res
690 5606 810 5654 mira
835 5605 1001 5671 nimis!
1031 5607 1317 5671 Quisihuius
1341 5619 1551 5660 cernere
1580 5613 1728 5671 possit

584 5664 749 5712 intima
778 5670 1015 5730 tnyStet'ii,
1040 5664 1170 5732 quod
1195 5664 1341 5721 Jesus
1369 5664 1614 5725 iustitult‘?

2087 3223 2208 3265 meo
2229 3213 2506 3282 surripiat.

2156 3302 2246 3356 IX.
2291 3302 2350 3358 In
2393 3320 2501 3374 quo
2539 3307 2790 3365 videlicet
2833 3311 2958 3367 ﬁdei
3005 3329 3139 3369 mea:
3186 3317 3465 3385 opusculo,
3515 3321 3662 3389 quod

2083 3395 2271 3464 pietati
2311 3403 2417 3454 tua:
2442 3399 2645 3467 effem,
2675 3403 2721 3458 si
2750 3405 2930 3460 minus
2956 3407 3128 3477 perite
3163 3419 3257 3463 aut
3279 3425 3482 3478 parum
3505 3423 3662 3469 caute

2083 3487 2318 3556 positum
2341 3498 2427 3545 est
2461 3491 2659 3562 aliquid
2680 3534 2695 3556 ,
2719 3510 2788 3550 ne
2814 3499 3094 3567 respicias,
3125 3516 3329 3570 quaeso,
3360 3511 3570 3559 tantum
3593 3508 3664 3562 ad

2084 3577 2154 3641 id,
2179 3580 2322 3648 quod
2343 3581 2474 3646 dixi,
2508 3591 2564 3640 tu
2590 3585 2864 3654 inspector
2889 3591 3161 3656 cordium,
3185 3602 3461 3662 quantum
3489 3598 3557 3651 ad
3586 3599 3659 3662 id,

2082 3674 2228 3741 quod
2255 3673 2436 3731 dicere
2461 3677 2624 3733 volui.
2669 3679 2748 3734 Tu
2776 3681 2914 3746 scis,
2939 3682 3196 3751 Domine,
3223 3701 3384 3754 quem
3414 3689 3491 3742 nil
3513 3689 3661 3752 latet,

2082 3776 2243 3831 quam
2282 3781 2420 3836 pure
2461 3778 2518 3823 et
2556 3768 2785 3826 ﬁdeliter
2811 3775 3014 3839 omnia,
3041 3792 3161 3846 quae
3197 3779 3266 3832 ad
3302 3781 3664 3838 rectissimam

2080 3855 2396 3911 orthodoxa;
2425 3856 2546 3912 ﬁdei
2585 3874 2834 3915 normam
2877 3864 3170 3932 pertinent,
3219 3876 3277 3922 et
3311 3869 3540 3925 credere
3573 3886 3666 3926 eos

2082 3958 2199 3998 ram
2229 3952 2282 4000 te
2305 3984 2322 4011 ,
2365 3954 2420 4000 et
2442 3948 2692 4005 conﬁteri
2731 3966 2916 4008 coram
2944 3955 3186 4012 Ecclesia
3233 3968 3325 4014 tua
3360 3973 3551 4016 sancta
3593 3979 3661 4018 ex

2083 4039 2194 4088 toto
2222 4036 2385 4090 corde
2410 4037 2676 4095 desidero.
2739 4040 2864 4098 Haec
2893 4045 3139 4113 quidem,
3171 4065 3291 4119 quae
3319 4052 3385 4106 de
3415 4069 3534 4108 mea
3557 4053 3664 4110 ﬁde

2081 4123 2307 4216 digessi,
2329 4127 2375 4191 si
2403 4138 2548 4184 recte
2575 4146 2636 4186 se
2661 4133 2882 4200 habent,
2899 4137 3014 4203 tibi,
3039 4141 3123 4194 cui
3148 4143 3431 4210 debentur,
3459 4147 3664 4216 gratias

2081 4214 2266 4270 reddo.
2310 4217 2367 4272 Si
2396 4220 2538 4274 enim
2568 4223 2795 4279 nihilex
2829 4227 2985 4282 nobis
3014 4229 3138 4284 boni
3168 4239 3284 4297 est,
3326 4214 3688 4290 nihilﬁlaudis.

2080 4319 2146 4360 ex
2189 4309 2395 4365 nostris
2424 4311 2581 4368 bonis
2619 4315 2751 4372 dare
2798 4319 2957 4374 nobis
2996 4319 3274 4378 debemus.
3325 4324 3482 4392 Quod
3511 4328 3560 4384 si
3593 4343 3659 4384 ex

2082 4405 2135 4452 te
2159 4410 2353 4456 cuncta
2381 4412 2508 4458 sunt
2527 4405 2689 4472 bona,
2717 4409 2811 4478 qui
2837 4410 2986 4466 solus
3017 4427 3082 4467 es
3120 4413 3325 4479 bonus,
3370 4417 3471 4473 tibi
3514 4430 3664 4475 certe

2080 4497 2164 4544 est
2183 4505 2359 4555 omne,
2390 4495 2534 4563 quod
2565 4511 2686 4553 esse
2721 4508 2923 4568 potest,
2960 4503 3160 4558 bonum
3190 4504 3560 4564 referendum.
3599 4511 3659 4567 Si

2079 4594 2209 4634 vero
2254 4581 2432 4652 aliqua
2462 4599 2521 4639 re
2563 4602 2595 4640 a
2634 4588 2756 4643 ﬁdei
2796 4592 2976 4662 regula
3015 4591 3152 4650 forte
3183 4595 3500 4654 discordant
3533 4602 3657 4663 ista,

2080 4687 2200 4740 qua:
2224 4675 2411 4742 posui,
2455 4690 2484 4729 a
2529 4678 2704 4734 servis
2732 4680 2838 4736 tuis
2865 4681 3097 4750 dominis
3119 4685 3256 4740 meis
3287 4697 3516 4756 paratus
3538 4706 3657 4745 sum

2078 4762 2376 4818 emendari.
2414 4764 2530 4820 Non
2560 4767 2634 4822 ita
2660 4784 2778 4824 sum
2798 4779 3008 4827 amator
3036 4775 3160 4839 mei,
3187 4783 3248 4829 ut
3271 4791 3336 4831 ea
3357 4792 3482 4847 quae
3507 4781 3655 4835 dixe-

2080 4851 2204 4916 rim,
2235 4854 2444 4909 meliori
2489 4859 2770 4914 sententiae
2805 4862 3063 4931 praeferre
3097 4868 3447 4924 contendam.
3487 4869 3655 4926 Nemo

2077 4952 2162 4996 est
2212 4943 2500 5001 hatreticus
2520 4986 2536 5011 ,
2583 4948 2686 5004 nisi
2714 4953 3060 5009 contentione
3086 4955 3178 5010 ﬁat
3210 4959 3517 5016 haereticus.
3557 4961 3652 5016 Ast

2076 5032 2179 5106 qui,
2210 5037 2530 5104 reprehendi
2564 5053 2670 5096 non
2701 5043 3008 5110 erubescit,
3059 5060 3234 5116 neque
3261 5050 3465 5121 corrigi
3505 5052 3650 5106 dedi-

2076 5133 2292 5193 gnatur,
2335 5141 2676 5198 nequaquam
2717 5131 2826 5186 dici
2865 5142 3040 5204 potest
3089 5137 3393 5194 hmreticus.
3456 5139 3563 5196 Sed
3601 5150 3653 5196 te

2064 5227 2232 5282 _rogo,
2269 5215 2549 5272 doctorum
2580 5219 2789 5286 doctor,
2837 5223 3085 5290 Domine,
3132 5237 3193 5282 ut
3219 5228 3266 5282 si
3305 5229 3404 5284 tibi
3448 5230 3650 5300 aliquid

2075 5304 2159 5360 vel
2185 5306 2236 5360 in
2259 5309 2422 5365 corde
2447 5325 2570 5366 meo
2591 5311 2676 5366 vel
2706 5314 2762 5368 in
2785 5315 2946 5372 dictis
2970 5318 3037 5372 de
3075 5318 3182 5374 ﬁde
3209 5335 3333 5375 mea
3375 5321 3648 5390 displicet,

2074 5405 2130 5452 tu
2155 5401 2424 5472 praecipue
2451 5407 2732 5471 emendes,
2757 5415 2812 5461 tu
2838 5411 3064 5476 doceas,
3097 5413 3270 5469 virtus
3297 5424 3354 5470 et
3379 5417 3646 5486 sapientia

2071 5487 2267 5550 Patris.
2290 5491 2368 5546 Tu
2385 5508 2472 5548 me
2491 5496 2788 5552 secundum
2816 5501 3142 5568 promissum
3167 5512 3318 5559 tuum
3349 5505 3402 5560 in
3429 5521 3646 5564 onmem
3677 5571 3684 5580 1

2071 5581 2243 5652 ducas.
2267 5585 2549 5642 veritatem
2573 5627 2590 5652 ,
2632 5603 2730 5658 per
2756 5587 3016 5660 Spiritum
3056 5602 3300 5650 sanctum
3333 5603 3515 5660 tuum,
3556 5597 3645 5666 qui
3673 5639 3687 5657 .

2069 5670 2224 5727 docet
2253 5665 2367 5730 sine
2389 5678 2614 5748 strepitu
2641 5680 2924 5738 verborum
2955 5697 3140 5739 serves
3173 5700 3320 5742 suos.
3366 5685 3447 5741 Tu
3479 5686 3645 5770 nosti.
3671 5741 3678 5752 ,
