3934 6180
259 232 418 291 1095-

934 234 1082 290 OPP.
1121 234 1352 292 DUBlA.
1393 263 1438 272 -
1501 231 1727 287 ALBIM
1764 231 2144 288 CONFESSIO
2181 231 2380 289 FlDEl.
2422 261 2488 271 -μ
2522 231 2703 287 PARS
2737 231 2806 285 IV

3371 233 3508 290 1094

253 353 343 422 pic
367 393 381 413 .
431 350 556 421 quia
585 351 722 406 sicut
755 351 952 404 vet-itas
996 366 1054 405 se
1082 351 1244 405 habet
1274 350 1328 404 in
1369 349 1540 403 oculis
1566 349 1675 403 tuis
1695 389 1708 413 ,
1741 348 1831 418 qui
1860 349 1912 405 Δ
1936 362 2056 404 mea
2081 348 2332 418 loquitur,
2363 358 2416 403 et
2444 364 2634 404 manus
2653 348 2856 418 scripto
2887 357 3133 414 testatur,
3160 349 3320 404 etiam
3354 353 3516 408 mori-

255 445 368 497 t'alli
404 459 510 498 non
539 452 769 512 possunt
792 443 845 495 in
874 443 987 497 veri
1015 444 1256 511 rectique
1275 442 1505 506 intuitu,
1534 441 1610 496 ita
1630 439 1696 495 de
1715 455 1833 494 om-

253 534 417 588 nibus
446 541 503 587 et
533 535 756 589 credere
798 541 852 587 et
893 533 1143 588 conﬁteri
1171 534 1351 604 cupio.
1391 533 1458 588 Et
1485 534 1588 588 hoc
1623 547 1836 602 quoque

250 640 446 698 parum
479 627 611 682 mihi
640 629 872 690 videtur,
919 627 1044 697 quia
1076 643 1180 683 non
1218 629 1394 683 solum
1420 635 1567 684 recte
1591 627 1834 690 credere,

254 717 349 772 sed
386 716 552 770 etiam
578 717 718 772 bene
754 717 934 772 vivere
972 728 1118 788 opto.
1175 717 1418 773 Alterum
1443 718 1641 788 pendet
1663 732 1732 772 ex
1761 716 1838 770 al-

256 818 398 872 tero,
420 817 476 863 et
502 823 670 864 unum
703 809 798 864 tibi
831 809 949 864 sine
976 810 1086 865 alio
1116 825 1460 880 nequaquam
1499 811 1716 880 placere
1741 825 1838 880 po-

254 909 380 956 test.
419 899 464 956 Ο
504 915 665 970 quam
715 901 939 970 pulchra
978 917 1259 974 compago,
1309 904 1356 958 si
1406 912 1634 973 utraque
1675 903 1838 959 simul

254 993 384 1048 sint.
423 994 535 1065 Ego
555 995 699 1048 enim
721 996 969 1065 quamvis
981 1006 1236 1065 peccator
1259 997 1381 1062 sim,
1409 1005 1591 1052 tamen
1619 1006 1839 1068 propter

256 1085 346 1139 illa
363 1100 530 1140 aurea
567 1095 720 1141 scuta
744 1086 962 1156 triginta
981 1099 1030 1151 ιι,
1049 1101 1191 1142 πεῖθε
1215 1087 1394 1143 facere
1411 1087 1557 1143 nolo.
1581 1088 1676 1142 ille
1693 1102 1836 1142 aerea

251 1190 354 1244 pro
374 1175 556 1229 aureis
586 1175 748 1240 facit,
793 1176 886 1245 qui
907 1177 1084 1232 reddit
1119 1178 1373 1233 tinnitum
1399 1178 1553 1233 vocis
1573 1178 1692 1232 sine
1713 1176 1839 1231 eﬁ‘e-

251 1275 343 1319 ctu
369 1265 574 1335 operis,
606 1275 662 1322 et
688 1281 812 1322 cum
840 1268 1065 1324 devotus
1089 1268 1336 1324 videatur
1365 1269 1422 1322 in
1444 1282 1689 1331 numero,
1711 1281 1838 1321 reus

252 1355 528 1410 invenitur
573 1370 639 1412 ex
691 1356 949 1428 ponderis
993 1357 1190 1428 pretio.
1257 1358 1480 1414 Scutum
1525 1357 1672 1412 enim
1712 1356 1836 1412 fidei

253 1445 428 1501 forma
469 1457 558 1503 est
583 1487 600 1511 ,
627 1447 783 1515 juxta
806 1449 1122 1518 Apostolum
1157 1449 1373 1523 (Epiros.
1403 1465 1482 1514 v1,
1510 1449 1620 1522 16).
1682 1448 1838 1504 Unde

252 1551 388 1608 rogo
412 1537 666 1606 pietatem
696 1546 873 1604 tuam,
897 1539 1225 1596 circumcide
1263 1540 1316 1596 in
1345 1554 1431 1596 me
1455 1539 1639 1594 omnia
1656 1537 1838 1592 cordis

249 1635 308 1680 et
351 1628 594 1696 corporis
630 1628 778 1682 vitia.
838 1629 916 1684 Da
955 1629 1086 1684 mihi
1131 1638 1508 1700 augmentum,
1552 1625 1836 1698 perfectio-

251 1692 488 1789 nemque
539 1721 822 1775 virtutum.
884 1721 959 1776 Da
989 1722 1124 1778 mihi
1155 1692 1294 1777 bene
1335 1692 1640 1785 viverc,-et
1669 1719 1834 1776 multa
1871 1692 1928 1752 Β

249 1810 416 1864 seire.
459 1810 566 1868 Fac
589 1825 677 1865 me
717 1826 814 1880 per
855 1812 1087 1881 gratiam
1112 1821 1292 1876 tuam,
1335 1827 1552 1882 semper
1571 1822 1626 1867 et
1653 1813 1706 1867 in
1738 1813 1842 1868 ﬁde

249 1899 530 1966 stabilem,
555 1910 611 1956 et
631 1901 682 1955 in
711 1917 876 1971 opere
895 1901 1198 1970 efﬁcacem,
1217 1914 1276 1960 ut
1298 1904 1458 1960 fidem
1483 1912 1651 1967 tuam,
1676 1918 1844 1973 quam

250 1991 439 2061 lingua
471 2007 588 2046 mea
613 1992 871 2062 loquitur,
899 2002 956 2048 et
987 2009 1180 2049 manus
1209 1995 1412 2065 scripto
1451 1999 1702 2059 testatur,
1733 1995 1844 2049 vita

249 2081 358 2151 piis
384 2081 591 2137 actibus
620 2082 882 2152 bonisque
909 2083 1151 2140 moribus
1177 2083 1431 2149 fateatur,
1459 2085 1550 2139 hic
1567 2092 1622 2138 et
1645 2084 1845 2153 ubique

252 2187 400 2226 nunc
419 2180 475 2226 et
495 2187 709 2242 semper
737 2184 792 2229 et
819 2175 874 2228 in
889 2174 1092 2230 saecula
1123 2174 1462 2230 smculorum.
1490 2175 1686 2231 Amen.

325 2262 394 2316 X.
433 2263 722 2334 [lucusque
767 2273 1110 2336 omnipotens
1157 2267 1300 2323 Deus
1343 2268 1616 2336 Trinitas,
1663 2269 1845 2324 cordis

251 2354 362 2408 mei
385 2354 662 2424 inspector
683 2365 739 2412 et
771 2365 1045 2412 scrutator
1063 2398 1079 2424 ,
1131 2358 1416 2414 confessus
1445 2375 1564 2414 sum
1594 2359 1843 2430 omnipo-

253 2446 486 2501 tentiam
511 2448 817 2518 majestatis
843 2458 966 2516 tuae,
994 2460 1049 2505 et
1075 2451 1846 2522 majestatemomnipotentiat

221 2554 230 2559 θ
254 2544 382 2601 tum,
418 2540 710 2594 essentiam
738 2541 1003 2598 claritatis
1031 2550 1154 2608 tute,
1183 2553 1240 2596 et
1268 2541 1570 2599 claritatem
1593 2545 1846 2599 essentne

254 2635 383 2682 tum.
423 2627 580 2684 Nunc
617 2640 800 2686 autem
844 2633 1076 2701 qualiter
1119 2633 1361 2690 humano
1400 2636 1585 2706 generi
1636 2636 1690 2691 in
1737 2636 1845 2691 ﬁne

253 2727 564 2788 temporum
589 2721 878 2778 subvenire
903 2724 1150 2794 dignatus
1181 2739 1241 2779 es
1259 2764 1275 2789 ,
1321 2725 1468 2780 sicut
1495 2727 1656 2781 corde
1682 2727 1848 2782 credo

252 2809 326 2866 ad
339 2808 644 2876 justitiam,
670 2811 742 2866 ita
765 2827 860 2867 ore
889 2828 1074 2868 coram
1102 2822 1154 2869 te
1182 2815 1447 2871 conﬁteor
1476 2816 1545 2871 ad
1577 2816 1840 2882 salutem;

252 2909 318 2954 ut
336 2901 613 2971 signatum
647 2917 809 2973 super
861 2918 961 2960 nos
1013 2904 1195 2959 lumen
1235 2904 1414 2961 vultus
1454 2904 1532 2962 tui
1575 2905 1670 2961 tibi
1713 2919 1848 2960 mete

253 2989 382 3045 ﬁdei
430 2990 798 3090 testimonium
832 2994 1062 3090 reddat:
1115 2995 1196 3050 Tu
1231 2996 1448 3065 quidem
1490 2994 1652 3050 Pater
1697 2995 1841 3090 Deus
1868 3027 1918 3090 Ο

254 3097 526 3150 nusquam
550 3081 747 3152 legeris
774 3085 991 3139 missus.
1028 3085 1105 3141 De
1125 3086 1262 3142 Filio
1290 3093 1471 3141 autem
1497 3094 1590 3141 tuo
1619 3086 1692 3140 ita
1709 3085 1844 3142 scri-

255 3173 337 3228 bit
375 3172 668 3242 Apostolus
710 3193 722 3228 :
767 3173 896 3228 Cum
925 3176 1058 3230 venit
1085 3176 1357 3247 plenitudo
1397 3175 1664 3246 temporis,
1707 3174 1847 3230 misit

257 3261 403 3316 Deus
437 3260 632 3315 Filium
662 3280 816 3318 suum
861 3262 1002 3336 (Gal.
1035 3281 1112 3331 1v,
1139 3265 1218 3338 4).
1278 3265 1411 3322 Cum
1452 3266 1624 3332 dicit,
1679 3266 1846 3331 misit,

255 3353 395 3408 satis
419 3353 686 3419 ostendit,
752 3355 892 3427 quod
919 3355 972 3412 in
996 3357 1139 3412 hunc
1167 3357 1425 3428 mundum
1456 3357 1659 3411 missus
1686 3357 1849 3411 adve-

259 3444 361 3496 nit.
406 3441 512 3497 Sed
542 3444 669 3513 quid
691 3452 807 3510 cst,
859 3447 1002 3516 quod
1033 3446 1099 3503 de
1124 3445 1214 3502 illo
1245 3447 1547 3518 praecipuus
1579 3445 1850 3518 evangeli-

259 3543 472 3590 starum
495 3534 572 3587 ait
598 3553 611 3588 ε
645 3534 713 3589 In
743 3537 938 3590 mundo
960 3546 1091 3613 erat,
1121 3547 1168 3592 et
1193 3538 1420 3593 mundus
1456 3555 1549 3607 per
1570 3539 1740 3608 ipsum
1767 3536 1850 3606 ᾑ-

259 3636 378 3680 ctus
406 3635 480 3680 est
524 3625 704 3697 (Joan.
745 3644 783 3692 ι,
813 3627 920 3698 10).
976 3629 1104 3684 Illuc
1139 3645 1268 3700 ergo
1304 3631 1500 3684 missus
1529 3639 1615 3685 est
1634 3645 1731 3699 per
1758 3629 1853 3694 hu-

260 3718 604 3782 manitatem,
639 3719 728 3772 ubi
769 3733 985 3789 semper
1023 3719 1126 3775 fuit
1152 3736 1247 3790 per
1284 3720 1636 3776 divinitatem.
1679 3719 1851 3784 Quam

260 3809 517 3863 videlicet
546 3808 664 3862 Filii
699 3809 1008 3865 missionem
1028 3850 1044 3876 ,
1097 3810 1369 3880 mysteriis
1388 3809 1574 3864 multis
1608 3811 1850 3878 magnis-

259 3916 370 3971 que
399 3900 699 3970 gravidam,
734 3915 870 3970 opus
914 3915 1034 3956 esse
1058 3901 1224 3956 totius
1261 3909 1462 3955 sancue
1493 3894 1854 3954 Trinitatis‘et

260 3993 430 4048 corde
456 3990 640 4057 credo,
673 4000 729 4045 et
752 4005 847 4046 ore
875 3991 1157 4048 conﬁteor.
1199 3992 1390 4046 Dicere
1422 3991 1582 4061 igitur
1608 3989 1731 4059 quis
1756 4005 1852 4061 po-

263 4094 408 4153 test,
449 4088 722 4157 quomodo
763 4094 817 4141 et
843 4097 1105 4156 quantum
1150 4101 1251 4140 nos
1295 4083 1524 4149 amasti,
1555 4082 1642 4152 pie
1669 4081 1850 4148 Pater,

262 4178 355 4246 qui
398 4193 498 4246 pro
543 4178 808 4233 charitate
851 4185 1038 4232 nostra
1063 4217 1079 4242 ,
1134 4177 1299 4230 etiam
1338 4173 1556 4245 proprio
1583 4173 1719 4228 Filio
1742 4188 1852 4228 non

263 4268 598 4337 pepercisti,
639 4269 733 4324 sed
771 4283 871 4338 pro
913 4267 1071 4322 nobis
1125 4266 1304 4337 impiis
1361 4265 1632 4322 tradidisti
1667 4261 1852 4318 illum?

1931 429 2038 492 bus
2062 438 2171 492 vita
2202 437 2393 509 (donec
2437 439 2522 494 his
2564 438 2844 510 fragilibus
2886 439 3124 496 subsiste
3153 441 3428 512 membris)
3459 443 3513 497 in

1937 528 2190 584 omnibus
2213 538 2270 584 ct
2294 544 2390 600 per
2412 531 2593 584 omnia
2618 530 2868 588 fateatur.

2009 622 2099 678 XI.
2140 622 2567 680 Clementissime
2605 632 2660 680 et
2685 625 3072 694 benignissime
3100 633 3309 681 amator
3338 626 3516 690 homi-

1937 729 2065 768 num
2092 715 2256 781 Deus,
2300 717 2393 786 qui
2419 731 2514 786 per
2540 716 2735 782 Filium
2767 726 2917 772 tuum
2953 718 3238 773 Dominum
3273 728 3517 776 nostrum

1937 806 2122 861 Jesum
2152 805 2425 862 Christum
2444 847 2459 871 ,
2487 816 2542 862 et
2569 821 2691 862 cum
2712 807 2903 877 perditi
2930 807 3218 864 fuissemus
3237 809 3390 879 culpa
3417 824 3516 865 no-

1938 902 2050 950 stra
2077 934 2094 960 ,
2141 895 2342 964 pietate
2369 906 2424 952 et
2444 896 2685 952 bonitate
2712 906 2806 952 tua
2834 898 3150 954 mirabiliter
3186 901 3514 970 recuperasti

1940 1003 2056 1043 nos.
2095 987 2312 1044 Gratias
2341 1004 2444 1060 ago
2469 989 2586 1056 tibi,
2616 999 2672 1046 et
2697 991 2894 1046 multas
2915 992 3116 1062 gratias
3139 990 3319 1048 refero
3345 1006 3413 1046 ex
3441 1003 3517 1046 to-

1941 1080 2008 1135 tis
2035 1081 2348 1150 praecordiis
2396 1082 2530 1136 meis
2551 1123 2567 1149 ,
2637 1083 2764 1152 quia
2803 1083 3001 1139 misisti
3041 1084 3288 1139 eumdem
3327 1084 3519 1139 Filium

1941 1179 2088 1226 tuum
2119 1171 2185 1226 de
2215 1172 2333 1227 sinu
2357 1181 2449 1228 tuo
2473 1173 2540 1228 ad
2569 1173 2840 1243 publicum
2874 1183 3119 1228 nostrum
3137 1213 3154 1240 ,
3187 1174 3396 1229 salvare
3422 1190 3521 1229 nos

1937 1269 2252 1334 peccatores
2274 1303 2290 1327 ,
2341 1261 2480 1318 ﬁlios
2525 1270 2654 1318 tunc
2684 1262 2776 1317 irae
2818 1271 2875 1316 et
2911 1262 3247 1333 perditionis.
3305 1261 3522 1318 Gratias

1940 1351 2037 1406 tibi
2069 1368 2170 1422 ago
2214 1370 2312 1424 pro
2355 1364 2545 1410 sancta
2588 1355 2959 1410 incarnatione
2994 1363 3050 1409 et
3082 1355 3362 1410 nativitate
3385 1353 3520 1422 ejus,

1940 1462 2006 1500 ac
2027 1447 2262 1517 gloriosa
2290 1449 2550 1520 genitrice
2577 1448 2694 1518 ejus
2720 1449 2938 1503 domina
2967 1463 3086 1504 mea
3103 1487 3119 1514 ,
3159 1449 3227 1504 de
3271 1463 3378 1518 qua
3409 1448 3526 1518 ipse

1940 1551 2159 1593 carnem
2185 1553 2461 1594 assumere
2487 1539 2736 1609 dignatus
2762 1547 2846 1594 est
2873 1547 3096 1609 propter
3122 1549 3363 1594 nostram
3388 1538 3527 1593 salu-

1941 1633 2072 1682 tem.
2128 1626 2346 1683 Gratias
2385 1628 2480 1682 tibi
2517 1642 2618 1698 ago
2652 1643 2750 1696 pro
2783 1628 3034 1683 omnibus
3061 1628 3314 1696 operibus
3349 1637 3405 1682 et
3433 1627 3531 1682 do-

1940 1718 2214 1773 cumentis
2227 1718 2364 1789 ejus,
2394 1733 2623 1788 quorum
2645 1718 2892 1788 exemplo
2913 1718 3237 1773 instruimur
3260 1726 3315 1771 et
3353 1716 3524 1779 infor-

1941 1822 2154 1864 mamur
2197 1812 2266 1865 ad
2298 1811 2466 1870 .vitam
2491 1810 2688 1865 bonam
2718 1809 2998 1881 agendam.
3066 1807 3281 1863 Gratias
3311 1808 3404 1863 tibi
3427 1822 3528 1878 ago

1942 1914 2041 1968 pro
2061 1901 2315 1971 passione
2343 1909 2397 1957 et
2421 1915 2584 1957 cruce
2611 1900 2750 1971 ejus,
2777 1915 2877 1970 pro
2903 1899 3206 1971 Opprobriis
3230 1908 3286 1956 et
3309 1899 3532 1972 ﬂagellis

1943 1989 2080 2060 ejus,
2107 2005 2206 2060 pro
2235 1991 2409 2061 sputis
2445 1999 2500 2046 et
2531 1991 2700 2061 alapis
2726 1990 2844 2061 ejus
2867 2030 2882 2055 ,
2931 2004 3033 2060 pro
3074 1998 3250 2046 morte
3269 1999 3324 2045 et
3348 2006 3532 2046 resur—

1944 2081 2182 2136 rectione
2211 2080 2346 2150 ejus,
2369 2097 2467 2152 pro
2496 2081 2812 2136 ascensione
2839 2080 2956 2150 ejus
2984 2079 3039 2134 in
3066 2079 3261 2135 coelum
3278 2120 3292 2145 ,
3321 2088 3377 2134 et
3402 2079 3532 2135 sede

1943 2169 2244 2239 majestatis
2267 2171 2385 2241 ejus
2428 2171 2496 2225 ad
2533 2170 2810 2225 dexteram
2841 2180 3009 2224 tuam.
3062 2168 3278 2225 Gratias
3307 2169 3402 2224 tibi
3425 2186 3528 2241 ago

1943 2274 2045 2330 pro
2087 2259 2453 2314 sacratissima
2501 2257 2761 2314 effusione
2802 2257 3022 2328 pretiosi
3068 2258 3347 2328 sanguinis
3389 2258 3528 2329 ejus,

1945 2366 2052 2420 quo
2081 2365 2267 2406 sumus
2295 2351 2591 2421 redempti,
2639 2358 2695 2404 et
2721 2365 2822 2420 pro
2857 2357 3208 2404 sacrosancto
3237 2357 3292 2403 et
3316 2349 3530 2404 viviﬁco

1945 2441 2204 2514 mysterio
2227 2443 2474 2513 corporis
2495 2453 2550 2497 ct
2585 2443 2861 2514 sanguinis
2885 2441 3033 2514 ejus,
3073 2431 3180 2512 quo
3207 2442 3446 2513 quotidie
3472 2443 3527 2498 in

1945 2531 2186 2587 Ecclesia
2214 2539 2304 2587 tua
2326 2542 2516 2590 sancta
2559 2534 2836 2604 pascimur
2875 2542 2931 2590 et
2970 2542 3240 2606 potamur,
3264 2534 3531 2590 abluimur

1945 2632 2000 2678 et
2020 2623 2452 2688 sanctificamur,
2483 2631 2538 2679 et
2560 2624 2722 2679 unius
2743 2639 3074 2695 summaeque
3101 2625 3398 2680 divinitatis
3429 2633 3534 2680 tua:

1943 2715 2237 2786 participes
2277 2713 2556 2770 eﬁicimur.
2619 2713 2835 2770 Gratias
2881 2715 2976 2770 tibi
3027 2714 3222 2779 refero,
3266 2715 3542 2790 piissime,

1945 2821 2046 2876 pro
2088 2805 2338 2861 omnibus
2382 2805 2772 2861 misericordiis
2802 2793 2945 2872 tuis,
2991 2805 3184 2876 quibus
3216 2805 3534 2862 mirabiliter

1947 2897 2102 2954 nobis
2143 2897 2368 2968 perditis
2413 2896 2700 2954 subvenire
2740 2898 2994 2968 dignatus
3036 2913 3096 2954 es
3138 2914 3235 2968 per
3282 2898 3533 2954 eumdem

1946 2987 2111 3061 416
2128 2989 2324 3044 Filium
2349 2998 2520 3056 tuum,
2550 2989 2886 3045 Salvatorcm
2910 2998 2966 3045 et
2985 2999 3416 3060 recuperatorem
3437 3005 3534 3044 no—

1945 3090 2140 3147 strum,
2173 3080 2264 3149 qui
2286 3088 2532 3136 mortuus
2562 3088 2646 3136 est
2675 3089 2900 3150 pr0pter
2923 3087 3142 3150 peccata
3165 3119 3180 3144 ,
3211 3087 3265 3132 et
3289 3094 3532 3134 resurre-

1947 3171 2027 3226 xit
2050 3179 2270 3240 propter
2293 3170 2716 3226 viviﬁcationcm
2743 3179 3008 3235 nostram,
3041 3178 3096 3224 et
3125 3182 3268 3224 nunc
3287 3168 3438 3224 sedet
3464 3168 3532 3221 ad

1948 3260 2226 3315 dexteram
2273 3269 2418 3314 tuam
2441 3301 2456 3326 ,
2487 3269 2542 3314 et
2568 3260 2871 3330 interpellat
2901 3274 2999 3330 pro
3044 3259 3198 3314 nobis
3236 3277 3247 3312 :
3281 3266 3335 3312 et
3373 3258 3534 3314 simul

1949 3362 2128 3410 tecum
2161 3353 2484 3418 miseretur,
2529 3352 2654 3422 quia
2698 3352 2840 3407 Deus
2867 3360 3044 3407 estex
3092 3360 3144 3406 te
3181 3350 3358 3419 Patre,
3391 3367 3531 3406 coae-
3605 3389 3608 3392 .

1950 3452 2138 3498 ternus
2169 3443 2260 3498 tibi
2303 3453 2358 3498 et
2401 3443 2929 3507 consubstantialis;
2957 3445 3098 3498 unde
3141 3452 3321 3513 potest
3351 3459 3450 3500 nos
3478 3444 3534 3498 in

1949 3541 2266 3604 perpetuum
2293 3533 2525 3588 salvare.
2564 3531 2671 3588 Sed
2700 3541 2754 3587 et
2777 3532 3074 3588 secundum
3098 3533 3171 3596 id,
3203 3534 3345 3602 quod
3369 3533 3532 3589 homo

1949 3632 2054 3690 est,
2091 3624 2215 3678 data
2253 3632 2337 3679 est
2364 3623 2413 3679 ci
2443 3639 2474 3678 a
2507 3632 2558 3679 te
2583 3624 2752 3678 omnis
2777 3633 3001 3695 potestas
3027 3624 3080 3676 in
3104 3622 3229 3678 caelo
3263 3633 3311 3678 et
3348 3624 3403 3677 in
3427 3634 3532 3678 ter-

1951 3732 2035 3781 ra,
2060 3725 2117 3769 ut
2145 3717 2199 3769 in
2234 3715 2439 3769 nomine
2464 3715 2591 3769 Jesu
2620 3730 2769 3769 omne
2785 3730 2916 3784 genu
2937 3715 3204 3782 flectatur,
3226 3712 3532 3776 caelestium,

1952 3807 2299 3872 terrestrium,
2341 3816 2388 3859 et
2411 3805 2765 3874 infernarum,
2799 3815 2846 3858 et
2881 3805 3048 3858 ontuis
3076 3803 3254 3872 lingua
3291 3802 3536 3870 conﬁtea-

1953 3907 2040 3952 tur
2079 3899 2202 3969 quia
2233 3896 2491 3950 Dominus
2525 3894 2682 3949 Iesus
2723 3905 2799 3948 est
2834 3894 2886 3947 in
2932 3893 3103 3964 gloria
3145 3903 3236 3947 tua
3286 3893 3305 3962 (
3339 3891 3531 3963 Philip.

1953 4007 2013 4055 ιι,
2049 3989 2114 4043 10
2140 3987 2294 4060 seq.),
2323 3988 2466 4040 Deus
2494 3983 2672 4042 Pater.
2713 3984 2978 4039 Benedico
3003 3998 3132 4054 ergo
3161 3998 3357 4038 nomen
3383 3991 3534 4037 tuum

1953 4088 2224 4144 sanctum,
2249 4089 2305 4134 et
2325 4076 2564 4149 gloriﬁco
2585 4093 2653 4132 ex
2688 4084 2798 4131 toto
2824 4076 2990 4136 cerdo
3015 4091 3166 4140 meo,
3196 4090 3295 4146 pro
3316 4075 3404 4130 illa
3429 4075 3533 4129 mi-

1953 4171 2110 4228 rabili
2132 4180 2187 4228 et
2209 4168 2554 4226 inenarrabili
2583 4167 2958 4236 conjunctione
2987 4167 3283 4224 divinitatis
3332 4176 3388 4223 et
3430 4167 3534 4222 hu-

1953 4260 2228 4316 manitatis
2252 4259 2306 4314 in
2327 4258 2534 4314 unitate
2562 4273 2824 4329 personm,
2866 4267 2926 4312 ut
2969 4273 3074 4314 non
3103 4256 3240 4313 alter
3268 4257 3430 4324 Deus,
3459 4257 3537 4312 al-

266 4358 527 4415 Subditus
555 4359 642 4414 ille
665 4359 762 4415 tibi
789 4373 960 4430 usque
987 4357 1054 4412 ad
1082 4366 1310 4412 mortem
1337 4355 1535 4421 crucis,
1571 4370 1670 4426 pro
1695 4354 1852 4411 nobis
1883 4375 1932 4436 ι)
1956 4363 2038 4408 ter
2071 4352 2254 4416 homo,
2306 4350 2400 4407 sed
2430 4367 2568 4406 unus
2605 4350 2853 4420 idemque
2883 4349 3023 4406 foret
3063 4350 3206 4406 Deus
3247 4357 3306 4403 et
3353 4349 3530 4414 homo,

263 4451 440 4506 victor
463 4461 519 4506 et
544 4452 758 4507 victima
786 4453 941 4508 datus
966 4457 1070 4516 est,
1095 4459 1150 4504 et
1177 4449 1299 4504 ideo
1322 4448 1515 4513 victor,
1541 4447 1670 4518 quia
1696 4447 1852 4502 victi-

265 4560 374 4598 ma.
409 4543 514 4599 Pro
543 4544 697 4600 nobis
745 4544 838 4598 tibi
862 4543 1040 4598 factus
1077 4550 1164 4596 est
1209 4538 1463 4597 sacerdos
1499 4537 1852 4603 sacriﬁcium,

263 4644 323 4690 et
349 4637 472 4691 ideo
501 4637 774 4701 sacerdos,
805 4637 932 4706 quia
959 4633 1309 4691 sacriﬁcium.
1351 4632 1543 4688 Merito
1569 4631 1702 4686 mihi
1728 4644 1856 4700 spes

266 4729 445 4788 valida
490 4729 547 4783 in
600 4729 691 4784 illo
726 4737 848 4794 est,
897 4727 1039 4798 quod
1085 4726 1305 4782 sanabis
1343 4739 1534 4779 omnes
1567 4722 1857 4799 languores

267 4838 440 4888 meos,
466 4837 565 4891 per
589 4837 713 4877 eum
741 4822 832 4891 qui
856 4820 1087 4876 sedetad
1105 4819 1386 4874 dexteram
1411 4827 1582 4881 tuam,
1606 4823 1662 4870 et
1686 4815 1854 4869 inter—

267 4913 433 4982 pellat
459 4928 560 4982 pro
604 4913 779 4968 nobis.
835 4913 1133 4982 Desperare
1171 4911 1358 4980 utique
1395 4908 1717 4978 potuissem,
1750 4905 1854 4960 nisi

270 5005 415 5060 Deus
429 5003 664 5059 Verbum
689 5011 836 5057 tuum
871 5017 1000 5057 caro
1031 5001 1184 5056 ﬁeret
1212 5009 1268 5056 et
1294 4998 1562 5055 habitaret
1584 4997 1638 5050 in
1665 4995 1857 5062 nobis;

269 5095 367 5152 sed
393 5095 680 5166 desperare
703 5093 820 5163 jam
837 5109 946 5151 non
963 5094 1155 5158 audeo,
1178 5091 1303 5163 quia
1322 5105 1447 5146 cum
1469 5088 1674 5145 inimici
1706 5101 1855 5142 esse-

270 5201 412 5252 mus,
439 5185 774 5243 reconciliati
801 5199 988 5240 sumus
1010 5199 1105 5253 per
1130 5190 1357 5242 mortem
1385 5176 1502 5246 ejus
1538 5176 1655 5241 tibi,
1680 5191 1854 5246 quan-

271 5289 328 5334 to
353 5277 529 5348 magis
553 5291 698 5332 nunc
725 5275 860 5333 salvi
895 5273 1020 5331 facti
1048 5273 1117 5328 ab
1154 5272 1234 5328 ira
1271 5285 1369 5342 per
1399 5267 1608 5340 ipsum?
1647 5265 1708 5320 ln
1735 5264 1854 5334 ejus

269 5369 494 5424 nomine
521 5377 669 5422 tuam
697 5363 1121 5422 misericordiam
1160 5376 1320 5432 rogo,
1367 5358 1452 5414 fac
1480 5373 1566 5414 me
1597 5372 1694 5427 per
1731 5354 1855 5427 Spi-

271 5463 438 5519 ritum
461 5471 708 5529 sanctum
737 5471 887 5516 tuum
915 5468 972 5516 et
997 5459 1051 5514 in
1091 5457 1197 5512 ﬁde
1234 5455 1506 5520 stabilem,
1533 5462 1588 5508 et
1614 5453 1668 5507 in
1690 5466 1854 5521 Opere

272 5566 683 5628 perseveranter
704 5556 1008 5620 eﬁicacem,
1038 5563 1096 5608 ut
1125 5551 1284 5608 ﬁdem
1315 5546 1854 5618 tuam,quamlingua

1957 4446 2120 4500 homo
2147 4451 2202 4497 et
2235 4441 2408 4508 Deus,
2440 4457 2578 4498 unus
2606 4440 2772 4496 Filius
2803 4449 2926 4496 tuus
2955 4440 3215 4495 Dominus
3241 4446 3424 4494 noster
3449 4437 3538 4493 Je-

1956 4553 2050 4593 sus
2075 4535 2325 4592 Christus
2347 4577 2363 4603 ,
2407 4549 2475 4590 ex
2502 4535 2710 4589 duabus
2738 4533 2976 4588 existens
3002 4529 3317 4586 substantiis
3334 4570 3366 4604 ,_
3397 4538 3450 4585 et
3481 4531 3535 4584 in

1957 4630 2219 4687 ambabus
2247 4643 2460 4700 semper
2482 4627 2786 4682 consistens
2811 4625 2926 4680 sine
2959 4624 3293 4680 confusione.

2027 4719 2138 4774 Xll.
2174 4719 2219 4775 Ο
2241 4717 2556 4774 admirabile
2579 4715 2918 4786 mysterium!
2945 4713 2990 4770 Ο
3009 4713 3364 4770 inenarrabile
3386 4728 3536 4768 com-

1957 4809 2250 4865 mercium!
2280 4808 2324 4863 Ο
2353 4806 2491 4862 mira
2516 4819 2837 4875 semperque
2881 4803 3128 4858 miranda
3177 4804 3370 4858 divina:
3410 4818 3535 4874 pro-

1953 4898 2251 4970 pitiationis
2279 4895 2622 4966 benignitas!
2665 4893 2818 4949 Servi
2853 4892 2999 4964 digni
3048 4908 3154 4947 non
3198 4893 3396 4946 fuimus
3422 4931 3438 4958 ,
3483 4898 3538 4947 et

1955 5005 2101 5054 ecce,
2139 4987 2232 5042 ﬁlii
2257 4987 2351 5041 Dei
2381 4986 2507 5041 facti
2534 4985 2752 5040 sumus!
2788 4983 3034 5039 Iiwred'es
3063 4983 3272 5054 quidem
3297 4981 3415 5046 Dei,
3449 4997 3550 5054 σος,

1954 5081 2185 5137 Ιιιετεάθε
2215 5089 2392 5134 autem
2427 5075 2623 5132 Christi
2676 5075 2863 5149 (Rom.
2895 5090 3017 5140 vnt,
3050 5073 3166 5146 17).
3237 5072 3390 5128 Unde
3434 5072 3536 5127 hoc

1955 5174 2134 5239 nobis,
2161 5180 2218 5226 et
2241 5171 2370 5243 quid
2400 5184 2500 5226 nos
2523 5168 2591 5223 ad
2624 5167 2783 5222 haec?
2821 5165 2930 5222 Sed
2951 5181 3084 5238 rogo
3123 5175 3195 5231 te,
3223 5163 3529 5220 clementis-

1959 5268 2095 5324 sime
2127 5265 2290 5320 Pater
2330 5264 2503 5328 Deus,
2552 5276 2649 5331 per
2682 5261 2856 5331 ipsum
2881 5271 3150 5313 summum
3177 5256 3534 5320 sacerdotem,

1960 5369 2017 5415 et
2040 5373 2226 5414 verum
2249 5354 2578 5427 pontiﬁcem,
2599 5352 2771 5423 quise
2793 5351 2888 5406 tibi
2908 5348 3100 5407 obtulit
3120 5348 3172 5404 in
3188 5343 3536 5410 sacriﬁcium,

1958 5465 2166 5522 ponens
2203 5447 2438 5502 animam
2485 5458 2639 5499 suam
2681 5457 2784 5512 pro
2807 5455 2969 5513 grege
2993 5454 3123 5507 suo,
3153 5454 3250 5510 per
3278 5437 3454 5508 ipsum
3485 5443 3538 5490 te

1961 5559 2116 5617 rogo,
2142 5557 2207 5596 ne
2233 5539 2515 5612 permittas
2538 5552 2637 5593 nos
2657 5551 2776 5594 esse
2798 5534 3036 5606 ingratos
3060 5533 3224 5590 tantis
3238 5529 3564 5595 beneﬁciisr

344 5687 369 5714 ι
411 5672 524 5728 {mo
580 5680 816 5729 trecenta
879 5684 942 5725 ex
987 5667 1050 5723 ΙΙΙ
1090 5666 1221 5737 Reg.
1277 5679 1343 5732 κ,
1376 5654 1490 5730 l'i,
1523 5671 1576 5716 ct
1623 5661 1662 5715 ll
1695 5659 1818 5714 Par.
1857 5673 1934 5727 ιι,
1984 5655 2069 5711 16.
