3934 6180
368 291 505 347 1093
1155 287 1216 345 B.
1259 289 1322 344 π.
1382 279 1606 344 ΑιΒιΝι
1648 289 1779 349 SEU
1818 292 1943 349 ALC

2045 285 2092 342 »ει
2145 287 2424 344 OPERUM
2460 284 2637 341 PARS
2675 282 2808 341 Υῐῐῐ.
3473 281 3622 340 1096

363 415 418 458 et
444 403 688 475 indignos
717 412 825 458 tam
853 402 1035 459 multis
1074 404 1524 459 miserationibus.
1576 383 1799 460 infunde
1825 419 1937 460 cm—
1963 415 2008 474 Α
2037 401 2400 464 committere;
2431 399 2494 453 de
2515 397 2900 468 temporalibus
2918 409 3015 451 nec
3037 396 3378 467 gaudercnec
3395 394 3619 468 lugere;

367 495 491 550 litus
519 495 770 550 cordibus
798 497 997 551 nostris
1018 495 1278 566 Spiritum
1306 503 1455 550 tuum
1476 503 1744 560 sanctum,
1774 506 1828 551 et
1856 496 1940 550 fac

365 604 466 644 nos
491 597 701 643 tantum
730 591 1046 660 mysterium
1075 599 1130 644 et
1159 588 1453 658 intelligere
1481 597 1537 642 et
1569 588 1836 655 revereri,
1867 589 1939 642 si-

365 691 457 738 cut
487 691 701 754 oportet
743 690 798 738 et
842 685 1015 741 decet.
1087 683 1195 738 Fac
1221 698 1318 738 nos
1359 681 1732 736 celsitudinem
1777 690 1941 735 tanta:

367 775 643 845 dignitatis
671 775 773 845 piis
801 777 1010 831 actibus
1041 783 1097 831 et
1122 775 1277 831 bonis
1309 774 1549 828 moribus
1577 773 1819 843 adipisci.
1861 773 1938 827 Da

365 867 521 922 nobis
551 877 985 938 perseverantem
1013 868 1066 922 in
1099 876 1187 922 tua
1209 867 1483 921 voluntate
1509 864 1855 920 famulatum:
1885 873 1942 920 et

367 957 435 1012 da
463 957 618 1013 nobis
649 958 862 1012 tandem
889 958 1025 1012 bona
1047 965 1158 1020 tua,
1192 972 1312 1027 quae
1335 955 1647 1026 praeparasti
1667 953 1939 1026 diligenti-

366 1048 467 1104 bus
486 1058 555 1104 te.
581 1049 722 1105 Deus
737 1047 1036 1114 ineffabilis,
1060 1057 1114 1102 et
1129 1046 1843 1117 incircumscriptrenaturte,
1859 1045 1942 1098 in-

366 1140 585 1193 stitutor
604 1139 842 1193 omnium
865 1152 1048 1192 rerum
1065 1178 1079 1202 ,
1103 1145 1156 1192 et
1179 1138 1386 1192 Domini
1407 1137 1574 1192 nostri
1595 1135 1719 1191 Iesu
1741 1135 1942 1190 Christi

369 1233 544 1298 Pater,
569 1233 657 1304 qui
682 1233 927 1288 eumdem
951 1232 1146 1287 Filium
1174 1240 1322 1288 tuum
1345 1233 1596 1287 dilectum
1613 1232 1818 1288 de'sinu
1846 1239 1941 1287 tuo

368 1321 559 1376 misisti
589 1323 656 1375 ad
684 1321 957 1392 publicum
987 1331 1228 1377 nostrum
1248 1363 1263 1389 ,
1303 1323 1577 1393 suscipere
1601 1332 1839 1378 nostram
1857 1323 1940 1378 vi-

369 1419 494 1475 tam,
524 1421 583 1466 ut
605 1412 756 1468 nobis
785 1412 1012 1468 donaret
1039 1427 1210 1478 suam,
1235 1421 1482 1483 essetque
1512 1411 1781 1482 perfectus
1801 1411 1943 1467 Deus

365 1519 432 1557 ex
457 1504 636 1567 Patre,
665 1511 719 1558 et
736 1504 1006 1575 perfectus
1027 1507 1188 1560 homo
1205 1521 1268 1560 ex
1300 1514 1490 1570 matre,
1527 1515 1670 1560 totus
1693 1505 1852 1570 Deus,
1888 1513 1944 1559 et

367 1601 512 1649 totus
540 1595 718 1660 homo,
737 1611 874 1648 unus
905 1595 1154 1664 idemque
1178 1595 1446 1659 Christus,
1474 1605 1707 1649 aeternus
1733 1603 1787 1648 et
1809 1599 1943 1649 tem-

367 1684 586 1754 poralis,
611 1685 929 1740 immortalis
957 1695 1011 1739 et
1036 1687 1347 1750 moriturus,
1380 1694 1595 1740 creator
1623 1695 1677 1739 et
1705 1694 1939 1750 creatus,

2040 503 2188 560 spem
2217 489 2268 543 in
2301 495 2356 541 te
2391 486 2504 541 solo
2529 499 2751 556 ponere.

2109 581 2246 636 XIV.
2278 579 2386 634 Fac
2413 593 2499 632 me
2520 578 2660 631 Deus
2687 591 2859 641 mens,
2888 590 3090 646 quaeso,
3112 591 3329 648 semper
3349 585 3404 631 et
3429 576 3482 632 in
3509 577 3623 633 ﬁde

2040 669 2307 734 stabilem,
2339 675 2394 720 et
2425 668 2480 720 in
2517 680 2682 736 opere
2716 665 2990 719 efﬁcacem
3017 681 3031 729 ;
3085 667 3137 719 in
3169 666 3324 720 bonis
3365 681 3622 736 perseve-

2039 767 2270 823 rantem,
2302 772 2408 811 non
2441 771 2472 812 a
2493 755 2710 812 delictis
2746 757 3170 811 irrevocabilem.
3225 756 3334 812 Fac
3373 773 3462 813 me
3498 759 3619 813 sine

2040 850 2272 906 elatione
2295 862 2560 913 veracem,
2594 848 2712 903 sine
2743 847 2958 901 fictione
2995 848 3272 914 humilem,
3303 849 3420 903 sine
3445 848 3620 903 disso—

2041 941 2242 1001 lutione
2268 940 2514 1005 hilarem,
2547 939 2664 993 sine
2683 937 2982 1006 dejectione
3005 939 3236 1002 tristem,
3285 939 3402 993 sine
3429 953 3620 992 errore

2034 1033 2261 1104 justum,
2298 1033 2416 1086 sine
2453 1031 2730 1100 impietate
2760 1029 3008 1098 rigidum,
3041 1031 3158 1084 sine
3185 1029 3504 1085 crudelitate
3529 1029 3618 1083 di-

2042 1125 2311 1188 strictum,
2345 1122 2463 1177 sine
2487 1121 2811 1176 hebetudine
2835 1123 3051 1184 bonum,
3084 1121 3202 1175 sine
3227 1119 3491 1176 effusione
3519 1120 3624 1176 mi-

2043 1214 2390 1278 sericordem,
2417 1212 2532 1267 sine
2553 1211 2813 1281 iactantia
2845 1210 3053 1274 mitem,
3089 1210 3207 1264 sine
3232 1210 3621 1280 simultatepa-

2042 1304 2277 1369 Cilicum,
2301 1303 2418 1358 sine
2436 1303 2646 1357 insania
2679 1301 3010 1373 vigilantem,
3042 1303 3161 1357 sine
3188 1303 3508 1358 inﬁrmitate
3529 1301 3620 1371 je-

2037 1393 2338 1464 junantem,
2378 1394 2496 1447 sine
2525 1393 2822 1464 pertinacia
2868 1400 3226 1457 constantem,
3279 1392 3398 1446 sine
3425 1393 3622 1448 timore

2042 1488 2402 1552 obedientem,
2426 1487 2544 1542 sine
2562 1485 2976 1556 intemperantia
3003 1483 3322 1550 ferventem,
3345 1485 3462 1541 sine
3483 1502 3622 1556 prae-

2044 1579 2355 1650 cipitatione
2396 1586 2665 1649 agentem,
2713 1579 2830 1632 sine
2877 1579 3248 1648 inquietudine
3301 1579 3616 1644 sollicitum,

2044 1670 2161 1724 sine
2181 1670 2509 1739 procacitate
2535 1669 2789 1733 liberum,
2832 1668 2951 1723 sine
2979 1669 3206 1739 segnitie
3254 1680 3614 1735 mansuetum,

367 1773 521 1829 fortis
547 1783 601 1829 et
621 1774 886 1841 inﬁrmus,
916 1777 1148 1831 nutritor
1163 1785 1216 1831 et
1239 1778 1489 1840 nutritus,
1517 1785 1707 1846 pastor
1724 1785 1779 1832 et
1801 1776 1937 1842 ovis,

2045 1761 2160 1815 sine
2187 1760 2399 1830 pigritia
2421 1761 2684 1831 quietum,
2730 1760 2848 1813 sine
2874 1759 3238 1829 indignatione
3269 1759 3614 1822 taciturnum,

362 1865 736 1936 temporaliter
763 1877 1026 1932 mortuus,
1059 1867 1152 1921 sed
1175 1875 1350 1924 tecum
1371 1867 1424 1921 in
1453 1875 1712 1922 aeternum
1732 1867 1939 1932 vivens,

367 1954 482 2010 suis
500 1955 844 2012 dilectoribus
872 1957 996 2012 vitae
1018 1951 1402 2028 municipatum
1427 1958 1748 2027 promittens
1775 1957 1936 2022 dedit,

362 2054 424 2100 et
453 2046 609 2101 nobis
636 2046 771 2101 dixit
797 2064 810 2100 :
861 2045 1220 2118 Quodcunque
1247 2049 1499 2118 petieritis
1525 2046 1738 2101 Patrem
1761 2048 1816 2100 in
1847 2064 1942 2102 no-

367 2138 506 2192 mine
524 2154 654 2200 meo,
679 2137 822 2191 dabit
847 2137 987 2191 vobis
1011 2137 1188 2207 (loan.
1219 2155 1307 2204 xv,
1338 2137 1447 2210 l6).
1500 2137 1736 2195 Obsecro
1760 2139 1942 2208 itaque

371 2239 442 2294 te,
482 2228 727 2294 Domine,
782 2229 836 2283 in
867 2230 1083 2284 nomine
1113 2229 1283 2300 ipsius
1321 2229 1499 2284 dilecti
1553 2227 1674 2283 Filii
1722 2231 1818 2294 tui,
1874 2230 1940 2284 da

368 2321 499 2376 mihi
537 2320 854 2391 sapientiam
883 2329 938 2376 et
967 2321 1318 2389 intellectum,
1371 2330 1432 2377 ut
1475 2331 1528 2377 te
1553 2338 1718 2377 unum
1771 2322 1940 2377 Deum

366 2425 490 2466 cum
522 2412 709 2468 eodem
740 2411 878 2466 Filio
914 2419 1022 2478 tuo,
1052 2419 1108 2466 et
1139 2411 1343 2482 Spiritu
1373 2418 1562 2467 sancto
1587 2410 1944 2467 essentialiter

367 2505 593 2574 sapiam,
645 2505 954 2574 trinumque
986 2503 1342 2574 personaliter
1378 2504 1607 2574 capiam.
1672 2504 1942 2574 Quidquid

369 2597 614 2652 naturale
659 2603 742 2652 est
790 2595 1169 2666 indisruptum,
1215 2597 1357 2666 quod
1413 2597 1694 2666 personale
1742 2607 1826 2654 est
1862 2599 1942 2652 in-

368 2684 682 2740 confusum:
714 2687 950 2742 Verbum
981 2693 1157 2740 autem
1190 2695 1338 2740 tuum
1368 2687 1598 2742 voluisse
1627 2688 1818 2743 Filium
1846 2687 1943 2746 ho-

371 2778 530 2833 minis
558 2777 696 2845 fieri,
732 2785 979 2834 neutram
1016 2788 1196 2834 tamen
1226 2780 1279 2834 in
1326 2780 1548 2835 alteram
1588 2783 1939 2838 substantiam

370 2869 722 2925 commutari:
771 2869 1054 2925 Trinitatis
1086 2871 1342 2942 mysterio
1380 2880 1628 2942 quartam
1658 2889 1762 2928 non
1819 2875 1940 2930 addi

372 2974 680 3028 persctnam:
713 2960 875 3024 uniri,
909 2975 1014 3014 non
1042 2960 1295 3015 confundi
1327 2960 1423 3016 Dei
1453 2963 1792 3034 hominisque
1821 2967 1941 3021 sub-

371 3054 644 3108 stantiam.

440 3229 572 3286 Xlll.
614 3231 710 3295 Da,
763 3231 1006 3298 Domine,
1043 3248 1143 3304 per
1193 3234 1367 3304 ipsum
1395 3242 1449 3288 et
1489 3247 1609 3288 cum
1640 3234 1755 3303 ipso
1808 3231 1942 3286 Filio

372 3332 482 3387 tuo,
519 3323 642 3392 quia
673 3337 898 3393 quorum
929 3341 1034 3379 una
1062 3332 1142 3380 est
1189 3327 1512 3388 substantia,
1565 3341 1729 3379 unum
1759 3333 1841 3380 est
1891 3333 1944 3379 et

372 3414 578 3468 datum.
641 3411 717 3468 Da
750 3415 902 3481 mihi,
963 3430 1110 3486 rogo,
1164 3431 1269 3470 non
1299 3417 1420 3486 plus
1446 3417 1730 3486 minusque
1757 3432 1944 3487 sapere

372 3502 522 3566 velle,
580 3518 739 3572 quam
771 3512 855 3558 sat
884 3511 986 3569 est,
1036 3521 1142 3558 non
1175 3505 1396 3560 illudere
1425 3508 1812 3572 nescientibus,
1845 3523 1943 3562 nec

370 3593 785 3664 sapientioribus
813 3595 1087 3661 invidere;
1139 3604 1228 3650 tua
1259 3597 1355 3651 tibi
1385 3598 1521 3652 dona
1554 3597 1774 3663 referre,
1825 3583 1943 3652 mea

371 3687 502 3742 mihi
535 3695 710 3742 errata
737 3687 985 3743 ﬂebiliter
1015 3689 1326 3760 increpare;
1369 3704 1489 3758 qua:
1515 3689 1716 3753 oderis,
1772 3691 1966 3755 odire,

370 3794 584 3850 semper
606 3795 789 3835 amare
812 3789 926 3835 toto
949 3780 1132 3846 corde,
1175 3797 1295 3851 quae
1324 3780 1530 3852 diligis;
1580 3797 1644 3835 ex
1676 3781 1777 3836 fide
1791 3780 1944 3850 jussa

372 3869 641 3939 complere
674 3885 857 3941 opera,
892 3870 984 3926 sed
1014 3868 1137 3925 ﬁdei
1162 3885 1268 3924 non
1289 3871 1563 3940 praeferre.
1622 3870 1944 3926 Patientiam

372 3961 594 4026 habere,
626 3976 730 4015 non
763 3959 1014 4016 duritiam
1041 3960 1381 4016 simulatione
1403 3961 1674 4032 patientia:
1694 3961 1942 4032 palliare;

373 4050 739 4106 fortitudinem
784 4059 1152 4121 temperanter
1176 4067 1282 4106 non
1331 4051 1624 4106 crudeliter
1651 4065 1943 4116 exercere;

372 4151 610 4198 astutum
661 4157 800 4207 esse,
833 4157 938 4196 non
970 4141 1097 4197 ﬁeri
1129 4139 1558 4206 fraudulentum;
1607 4141 1947 4196 obedientem

370 4232 620 4300 existere,
637 4248 740 4287 non
755 4232 1154 4302 praecipientem
1168 4232 1328 4294 velle;
1349 4232 1672 4302 simplicitati
1687 4233 1943 4297 animum,

372 4339 478 4380 non
501 4323 811 4378 hebetudini
836 4324 1284 4389 accommodare;
1309 4339 1572 4395 nusquam
1589 4325 1834 4395 superbis
1860 4339 1947 4379 ce—

372 4414 519 4480 dere,
549 4411 640 4468 sed
667 4421 886 4484 pr0pter
913 4420 963 4468 te
993 4412 1283 4468 humilibus
1312 4413 1645 4479 consentire;
1685 4414 1942 4470 innocen-

372 4514 480 4562 tem
511 4505 662 4570 ﬁeri,’
686 4520 790 4559 non
838 4487 1138 4569 amentem;
1191 4505 1338 4574 pium
1368 4505 1622 4568 existere,
1651 4521 1756 4559 non
1806 4505 1944 4576 inju-

371 4604 542 4658 stum;
576 4595 774 4650 malum
800 4610 1075 4665 nunquam
1099 4609 1283 4649 amare
1307 4609 1507 4661 meum,
1539 4611 1644 4650 non
1688 4611 1944 4667 arrogan-

372 4697 455 4743 ter
483 4704 709 4759 arguere
730 4687 994 4753 alienum;
1051 4703 1136 4743 me
1165 4687 1339 4758 magis
1363 4687 1417 4742 in
1448 4687 1654 4741 delictis
1669 4687 1944 4758 despicere

371 4796 532 4852 quam
562 4780 896 4852 proximum;
930 4793 1173 4834 meorum
1195 4794 1378 4834 curam
1410 4793 1596 4850 gerere
1639 4773 1939 4844 vulnerum,

370 4888 475 4928 non
500 4871 725 4926 aliorum
755 4871 1002 4940 nequiter
1026 4868 1142 4924 ﬁeri
1171 4869 1474 4932 curiosum;
1506 4882 1606 4922 nec
1629 4867 1945 4939 suspicioni-

370 4967 472 5020 bus
499 4978 825 5036 quemquam
843 4961 1109 5030 judicare,
1140 4961 1233 5016 sed
1256 4961 1445 5024 rebus;
1475 4961 1739 5015 sinceram
1765 4955 1948 5032 paciﬁ-

373 5057 453 5111 cis
480 5069 695 5111 servare
723 5067 930 5126 pacem,
957 5066 1232 5122 nunquam
1260 5051 1344 5106 vel
1382 5051 1581 5122 ﬁngere
1603 5051 1788 5116 malis;
1839 5065 1945 5106 non

371 5148 615 5203 homines
635 5146 805 5206 odire,
833 5145 927 5200 sed
955 5142 1184 5208 malum;
1219 5155 1321 5197 nec
1344 5141 1569 5197 interire
1596 5141 1734 5197 velle
1765 5142 1942 5196 homi-

370 5253 490 5300 nes,
516 5238 608 5293 sed
629 5236 805 5292 anima
815 5249 934 5290 rum
963 5242 1243 5289 necatores
1259 5275 1273 5298 ,
1295 5231 1444 5286 vitiis
1463 5232 1740 5298 resistere,
1771 5231 1944 5287 malo-

371 5343 491 5385 rum
519 5329 759 5385 omnium
787 5327 1024 5382 radicem
1049 5331 1357 5394 amputare;
1377 5311 1381 5316 ⁷
1404 5321 1632 5394 ﬂagello,
1663 5337 1783 5377 cum
1811 5320 1954 5379 irro-

371 5424 602 5495 gaveris,
635 5435 741 5478 non
767 5418 1058 5485 resultare;
1098 5430 1202 5472 nec
1220 5413 1402 5472 dolere
1430 5415 1836 5471 retributionem
1862 5413 1948 5484 ju-

373 5513 555 5580 stitiae,
574 5512 668 5569 sed
687 5525 903 5567 causam
923 5507 1172 5572 offensae;
1194 5505 1524 5577 patientibus
1535 5505 1790 5576 compati,
1813 5505 1950 5560 bene

375 5605 654 5673 agentibus
677 5602 930 5658 eontetari
951 5617 966 5666 ;
990 5615 1112 5656 cum
1133 5597 1388 5654 flentibus
1409 5596 1559 5665 ﬁere,
1583 5612 1702 5653 cum
1717 5598 1951 5670 gauden-

376 5683 518 5750 tibus
548 5695 810 5760 gaudere;
850 5691 1026 5748 danda
1055 5691 1178 5745 vitae
1211 5692 1536 5758 necessaria,
1596 5691 1818 5745 arbitrio
1859 5700 1948 5746 tuo

2041 1851 2158 1904 sine
2180 1850 2468 1905 tenacitate
2491 1864 2736 1919 parcum,
2765 1849 2886 1903 sine
2908 1848 3202 1904 calliditate
3233 1855 3473 1914 cautum,
3506 1851 3619 1904 sine

2041 1942 2382 1997 simulatione
2407 1949 2675 2006 sanctum,
2705 1948 2760 1995 et
2787 1941 2904 1995 sine
2933 1938 3231 1994 manifestis
3255 1940 3424 2005 vitiis,
3454 1940 3624 1995 simu-

2041 2033 2270 2103 latisque
2297 2034 2590 2088 virtutibus
2614 2047 2714 2087 suo
2739 2046 2954 2101 semper
2979 2030 3202 2085 servitio
3232 2031 3495 2085 deditum.
3515 2031 3624 2088 Fac

2041 2137 2129 2177 me
2182 2123 2466 2192 providum
2496 2121 2564 2175 ad
2596 2121 2799 2186 omnia,
2835 2121 3132 2176 discretum
3175 2119 3230 2174 in
3253 2121 3488 2175 cunctis.
3548 2119 3622 2175 Da

2041 2213 2174 2267 mihi
2198 2215 2332 2268 bene
2347 2213 2549 2279 vivere,
2572 2221 2626 2267 et
2645 2211 2812 2267 multa
2829 2213 2990 2277 scire,
3011 2210 3228 2265 doctum
3247 2210 3469 2266 studere
3483 2211 3622 2273 ﬁeri,

2043 2322 2148 2360 non
2177 2317 2523 2376 arrogantem
2548 2305 2687 2360 velle
2714 2305 2906 2359 videri.
2965 2302 3204 2360 Docilem
3234 2317 3624 2374 nonnunquam

2043 2398 2111 2451 ad
2133 2398 2413 2452 scientiam
2435 2397 2814 2467 pertinentem,
2829 2408 2928 2464 pro
2951 2401 3044 2449 tua
3066 2408 3154 2448 me
3175 2392 3340 2447 facito
3357 2393 3620 2448 bonitate.

2042 2491 2118 2545 Da
2148 2489 2478 2560 intelligendi
2531 2503 2781 2552 acumen,
2817 2487 3061 2543 discendi
3120 2487 3454 2552 facilitatem,
3496 2483 3630 2542 reti.

2043 2581 2204 2636 nendi
2223 2583 2590 2635 tenacitatem.
2638 2580 2836 2634 Tribue
2857 2580 3091 2650 linguam
3116 2580 3401 2645 eruditam,
3427 2588 3485 2635 et
3499 2595 3629 2634 ver-

2041 2675 2237 2729 borum
2271 2673 2579 2728 facundiam
2611 2687 2734 2728 cum
2760 2680 2908 2727 tanta
2937 2681 2993 2727 et
3022 2680 3132 2726 tam
3157 2670 3422 2740 profunda
3448 2671 3629 2726 humi-

2042 2766 2214 2831 litate,
2242 2772 2300 2820 ut
2329 2765 2504 2820 nullus
2533 2767 2588 2820 in
2612 2780 2700 2820 me
2724 2773 2907 2835 pateat
2929 2765 3078 2820 locus
3095 2764 3415 2820 execranda
3436 2779 3630 2836 super-

2043 2857 2164 2912 biae.
2232 2855 2436 2910 Praesta
2464 2855 2599 2925 legis
2644 2863 2747 2910 tua:
2770 2855 3044 2925 geminum
3076 2855 3496 2909 instrumentum
3533 2869 3630 2907 ca-

2042 2961 2194 3017 pere,
2223 2946 2328 3000 duo
2347 2953 2611 3015 praecepta
2675 2945 2906 3000 ﬁdeliter
2932 2943 3172 3015 implere.
3229 2942 3429 3015 Legem
3456 2945 3628 2998 Evan-

2041 3037 2218 3106 geliis,
2255 3037 2542 3107 Evangelia
2573 3035 2676 3107 legi
2705 3044 2759 3090 et
2782 3036 3080 3105 prophetis,
3112 3035 3272 3091 nullis
3313 3045 3628 3092 controver-

1969 3112 2014 3174 C
2045 3128 2139 3181 siis
2163 3126 2455 3190 dissidere;
2493 3129 2586 3181 sed
2616 3125 2944 3196 temporibus
2992 3129 3344 3196 congruentia
3379 3138 3432 3182 te
3459 3128 3624 3183 mini-

2042 3227 2246 3272 strasse
2272 3218 2425 3282 doce.

2111 3325 2228 3382 XV.
2267 3326 2365 3390 Da,
2418 3326 2663 3391 Domine,
2715 3325 2968 3381 affectum
3018 3334 3306 3394 actumque
3362 3325 3458 3380 tibi
3505 3324 3628 3394 pla-

2041 3415 2196 3469 cendi
2223 3415 2579 3480 consimilem,
2607 3423 2768 3485 atque
2789 3418 2842 3469 in
2874 3425 2926 3470 te
2949 3415 3328 3487 perseverandi
3356 3415 3629 3470 irrevoca-

2042 3504 2202 3558 bilem
2229 3503 2662 3570 destinationem,
2691 3513 2745 3560 et
2773 3505 2972 3559 nullam
3001 3520 3123 3561 cum
3151 3505 3458 3560 infidelibus
3496 3517 3625 3576 por-

2045 3591 2274 3655 tionem;
2310 3591 2476 3646 Deum
2511 3599 2562 3647 te
2591 3607 2798 3657 verum,
2846 3593 3098 3648 omnibus
3127 3608 3246 3663 quze
3269 3592 3466 3659 fecisti,
3525 3609 3626 3649 no-

2042 3679 2231 3749 bisque
2287 3680 2417 3751 ipsis
2467 3681 2787 3747 timendum,
2839 3682 3121 3738 colendum
3155 3724 3170 3747 ,
3224 3684 3629 3754 amandumque

2043 3768 2206 3840 41⁸1
2239 3785 2577 3842 proponere;
2605 3772 2845 3826 omnium
2881 3787 3002 3841 quae
3031 3771 3225 3837 fecisti,
3265 3789 3371 3827 non
3413 3783 3466 3829 te
3492 3773 3631 3828 indi—

2045 3863 2243 3931 guisse,
2269 3861 2362 3916 sed
2383 3861 2546 3916 etiam
2568 3861 2764 3917 futuris
2783 3863 3293 3932 semperDominum
3315 3865 3629 3931 exstitisse;

2046 3970 2151 4008 non
2205 3954 2272 4008 ad
2303 3954 2636 4008 iracundiam
2666 3955 3096 4010 murmuratione
3124 3971 3462 4026 provocare;
3508 3953 3628 4021 tibi,

2046 4055 2102 4101 et
2138 4047 2263 4112 tuis,
2313 4049 2367 4100 in
2395 4047 2592 4117 quibus
2637 4046 2733 4100 tihi
2756 4047 2893 4100 bene
2915 4046 3198 4116 placuerit,
3255 4048 3629 4118 complacere;

2045 4149 2101 4194 et
2127 4139 2218 4194 ubi
2256 4153 2362 4194 non
2383 4147 2468 4194 est
2493 4139 2654 4192 timor
2675 4152 2837 4193 causa
2870 4138 2946 4192 tui
2974 4141 3231 4204 nominis,
3263 4155 3372 4195 non
3401 4141 3592 4195 timere
3611 4157 3636 4202 ;η

2045 4230 2286 4301 pulchris
2325 4230 2380 4284 in
2411 4229 2574 4284 rebus
2595 4230 2877 4286 laudandis
2900 4215 3202 4286 creatorem
3227 4230 3492 4285 bonorum
3519 4247 3633 4286 om-

2047 4324 2196 4377 nium
2227 4329 2281 4376 te
2309 4319 2589 4385 admirari,
2643 4330 2699 4374 et
2727 4321 2972 4376 amandis
2995 4335 3271 4391 nunquam
3302 4319 3502 4374 talibus
3531 4321 3631 4374 itn-

2025 4413 2232 4486 plicari
2254 4428 2268 4477 ;
2292 4412 2542 4466 universa
2569 4411 2622 4465 in
2655 4413 3015 4482 praesentibus
3040 4412 3320 4468 mutabilia
3348 4412 3499 4468 velut
3524 4427 3624 4482 pe-

2049 4508 2218 4562 ritura
2249 4505 2544 4575 despicere,
2577 4503 2770 4559 futura:
2796 4505 3146 4561 beatitudinis
3169 4505 3506 4573 perennibus
3537 4505 3633 4556 bo-

2044 4598 2128 4652 nis
2155 4593 2560 4665 infatigabiliter
2584 4593 2821 4658 inhiare;
2843 4594 2958 4648 haec
2973 4591 3367 4662 praedestinatis
3389 4591 3631 4646 indebita

2045 4686 2413 4744 misericordia
2435 4684 2720 4754 impertiri,
2745 4684 2835 4740 sed
2862 4682 3394 4754 incomprehensibili
3420 4690 3478 4736 et
3497 4681 3632 4735 irre-

2045 4776 2391 4849 prehcnsibili
2438 4773 2666 4843 justitia,
2702 4775 2988 4830 obstinatis
3013 4789 3118 4828 non
3150 4771 3298 4836 dari;
3355 4771 3628 4826 neminem

2047 4873 2164 4926 sine
2193 4869 2316 4932 ftde,
2332 4882 2436 4938 qua
2454 4867 2597 4920 intra
2623 4874 2854 4920 matrem
2881 4864 3166 4920 ecclesiam
3181 4862 3440 4924 vivimus,
3473 4872 3632 4931 posse

2048 4959 2284 5025 salvari,
2331 4959 2425 5013 sed
2470 4957 2665 5012 salvari
2715 4956 3036 5026 perditionis
3062 4952 3202 5008 ﬁlios
3247 4967 3355 5006 non
3409 4951 3624 5006 debere.

2049 5051 2288 5108 Scientia
2313 5050 2577 5123 spirituali
2607 5050 2819 5121 augeri,
2847 5065 2953 5104 non
2985 5047 3183 5103 inflari.
3214 5045 3362 5100 Velle
3390 5044 3629 5098 animam

2047 5144 2183 5200 mori
2228 5143 2516 5199 salubriter
2542 5143 2696 5207 mihi,
2745 5153 2801 5198 et
2847 5142 3031 5196 vivere
3055 5139 3186 5205 tibi;
3227 5135 3623 5209 paenitudinem

2044 5247 2143 5304 pro
2179 5233 2485 5290 commissis
2507 5229 2797 5288 efﬁcaciter
2829 5243 3037 5303 gerere,
3077 5245 3200 5286 cum
3246 5229 3419 5285 multa
3449 5228 3630 5284 cordis

2048 5325 2373 5381 contritione
2397 5331 2454 5379 et
2495 5323 2856 5395 lacrymarum
2883 5323 3058 5387 fonte;
3091 5321 3348 5393 fugitivos
3393 5322 3629 5377 honores

2051 5425 2106 5471 et
2124 5416 2391 5487 perituras
2401 5429 2532 5486 opes
2546 5429 2646 5470 nec
2667 5429 2928 5485 quaerere,
2953 5427 3053 5470 nec
3066 5412 3401 5474 desiderare.
3415 5409 3511 5466 sed
3521 5409 3628 5464 oti—

2050 5505 2276 5571 litatem,
2298 5506 2804 5574 extremitatemque
2822 5519 3035 5575 semper
3063 5515 3278 5567 amare;
3304 5500 3628 5557 necessariis

2054 5596 2429 5652 famulantinm
2457 5597 2732 5666 obsequiis
2760 5603 2815 5649 et
2837 5595 3081 5665 impensa
3119 5609 3148 5647 a
3174 5585 3438 5647 fratribus
3477 5602 3628 5643 m-

2054 5690 2227 5746 rcntia
2255 5702 2527 5757 nunquam
2553 5684 2758 5752 extolli,
2785 5687 2965 5742 omnia
3003 5687 3056 5741 in
3082 5684 3349 5742 charitate
3380 5677 3624 5768 facienda
