  <div class='ocr_page' id='page_1' title='image "/cluster/home/n/w/nwhite01/storage/ocr_20150623/101/hvd.32044054759683/554.png"; bbox 0 0 3934 6180; ppageno 0'>
   <div class='ocr_carea' id='block_1_1' title="bbox 246 314 439 402">
    <p class='ocr_par' dir='ltr' id='par_1_1' title="bbox 246 314 439 402">
     <span class='ocr_line' id='line_1_1' title="bbox 246 314 439 402; baseline -0.01 0"><span class='ocrx_word' id='word_1_1' title='bbox 246 314 253 322; x_wconf 71' lang='grc'><em>’</em></span> <span class='ocrx_word' id='word_1_2' title='bbox 302 342 439 402; x_wconf 72' lang='grc' dir='ltr'><strong>ιοεη</strong></span> 
     </span>
    </p>
   </div>
   <div class='ocr_carea' id='block_1_2' title="bbox 970 298 2897 407">
    <p class='ocr_par' dir='ltr' id='par_1_2' title="bbox 970 298 2897 407">
     <span class='ocr_line' id='line_1_2' title="bbox 970 298 2897 407; baseline -0.001 -3"><span class='ocrx_word' id='word_1_3' title='bbox 970 348 1120 405; x_wconf 82' lang='grc' dir='ltr'><strong>ΟΡΡ.</strong></span> <span class='ocrx_word' id='word_1_4' title='bbox 1161 347 1392 405; x_wconf 78' lang='lat' dir='ltr'><strong>DUBIA.</strong></span> <span class='ocrx_word' id='word_1_5' title='bbox 1434 378 1502 390; x_wconf 77' lang='lat'><strong>-—</strong></span> <span class='ocrx_word' id='word_1_6' title='bbox 1541 298 2405 407; x_wconf 59' lang='grc' dir='ltr'><strong>υιδρυτΑτιοῬυΕῐιοιωΜ.</strong></span> <span class='ocrx_word' id='word_1_7' title='bbox 2447 318 2529 389; x_wconf 17' lang='grc' dir='ltr'><strong><em>-ἥ</em></strong></span> <span class='ocrx_word' id='word_1_8' title='bbox 2557 348 2897 407; x_wconf 76' lang='grc' dir='ltr'><strong>ΜΟΝΙἸἪΜ.</strong></span> 
     </span>
    </p>
   </div>
   <div class='ocr_carea' id='block_1_3' title="bbox 3434 352 3574 411">
    <p class='ocr_par' dir='ltr' id='par_1_3' title="bbox 3434 352 3574 411">
     <span class='ocr_line' id='line_1_3' title="bbox 3434 352 3574 411; baseline -0.029 -3"><span class='ocrx_word' id='word_1_9' title='bbox 3434 352 3574 411; x_wconf 60' lang='grc' dir='ltr'><strong>αοες</strong></span> 
     </span>
    </p>
   </div>
   <div class='ocr_carea' id='block_1_4' title="bbox 299 458 3572 538">
    <p class='ocr_par' dir='ltr' id='par_1_4' title="bbox 299 458 3572 538">
     <span class='ocr_line' id='line_1_4' title="bbox 299 458 3572 538; baseline 0.003 -24"><span class='ocrx_word' id='word_1_10' title='bbox 299 458 584 529; x_wconf 83' lang='lat' dir='ltr'><strong>perﬁcere,</strong></span> <span class='ocrx_word' id='word_1_11' title='bbox 613 467 669 514; x_wconf 89' lang='lat' dir='ltr'><strong>et</strong></span> <span class='ocrx_word' id='word_1_12' title='bbox 690 467 878 526; x_wconf 82' lang='lat' dir='ltr'><strong>totum,</strong></span> <span class='ocrx_word' id='word_1_13' title='bbox 905 463 1048 531; x_wconf 84' lang='lat' dir='ltr'><strong>quod</strong></span> <span class='ocrx_word' id='word_1_14' title='bbox 1072 462 1339 533; x_wconf 76' lang='lat' dir='ltr'><strong>expletur,</strong></span> <span class='ocrx_word' id='word_1_15' title='bbox 1357 461 1456 517; x_wconf 87' lang='lat' dir='ltr'><strong>tibi</strong></span> <span class='ocrx_word' id='word_1_16' title='bbox 1483 462 1753 531; x_wconf 77' lang='lat' dir='ltr'><strong>operatori</strong></span> <span class='ocrx_word' id='word_1_17' title='bbox 1783 463 1879 518; x_wconf 54' lang='lat' dir='ltr'><strong>hoc</strong></span> <span class='ocrx_word' id='word_1_18' title='bbox 1909 465 1955 520; x_wconf 74' lang='grc' dir='ltr'><strong>Α</strong></span> <span class='ocrx_word' id='word_1_19' title='bbox 1981 474 2195 527; x_wconf 76' lang='lat' dir='ltr'><strong>quaero;</strong></span> <span class='ocrx_word' id='word_1_20' title='bbox 2240 461 2335 516; x_wconf 85' lang='lat' dir='ltr'><strong>sed</strong></span> <span class='ocrx_word' id='word_1_21' title='bbox 2373 463 2829 531; x_wconf 66' lang='lat' dir='ltr'><strong>prmpedicntibus</strong></span> <span class='ocrx_word' id='word_1_22' title='bbox 2863 465 3103 534; x_wconf 87' lang='lat' dir='ltr'><strong>peccatis</strong></span> <span class='ocrx_word' id='word_1_23' title='bbox 3135 467 3292 531; x_wconf 82' lang='lat' dir='ltr'><strong>meis,</strong></span> <span class='ocrx_word' id='word_1_24' title='bbox 3335 470 3572 538; x_wconf 84' lang='lat' dir='ltr'><strong>reperire</strong></span> 
     </span>
    </p>
   </div>
   <div class='ocr_carea' id='block_1_5' title="bbox 298 550 1879 624">
    <p class='ocr_par' dir='ltr' id='par_1_5' title="bbox 298 550 1879 624">
     <span class='ocr_line' id='line_1_5' title="bbox 298 550 1879 624; baseline 0.006 -21"><span class='ocrx_word' id='word_1_25' title='bbox 298 563 494 604; x_wconf 72' lang='lat' dir='ltr'><strong>eorum</strong></span> <span class='ocrx_word' id='word_1_26' title='bbox 521 551 760 606; x_wconf 91' lang='lat' dir='ltr'><strong>omnium</strong></span> <span class='ocrx_word' id='word_1_27' title='bbox 801 550 1047 619; x_wconf 83' lang='lat' dir='ltr'><strong>Domino,</strong></span> <span class='ocrx_word' id='word_1_28' title='bbox 1107 555 1225 609; x_wconf 83' lang='lat' dir='ltr'><strong>sine</strong></span> <span class='ocrx_word' id='word_1_29' title='bbox 1253 566 1361 624; x_wconf 83' lang='lat' dir='ltr'><strong>quo</strong></span> <span class='ocrx_word' id='word_1_30' title='bbox 1407 553 1483 608; x_wconf 89' lang='lat' dir='ltr'><strong>nil</strong></span> <span class='ocrx_word' id='word_1_31' title='bbox 1512 553 1640 609; x_wconf 88' lang='lat' dir='ltr'><strong>boni</strong></span> <span class='ocrx_word' id='word_1_32' title='bbox 1697 554 1879 613; x_wconf 85' lang='lat' dir='ltr'><strong>facere</strong></span> 
     </span>
    </p>
   </div>
   <div class='ocr_carea' id='block_1_6' title="bbox 297 649 920 711">
    <p class='ocr_par' dir='ltr' id='par_1_6' title="bbox 297 649 920 711">
     <span class='ocr_line' id='line_1_6' title="bbox 297 649 920 711; baseline 0.008 -19"><span class='ocrx_word' id='word_1_33' title='bbox 297 652 608 709; x_wconf 75' lang='lat' dir='ltr'><strong>possumus,</strong></span> <span class='ocrx_word' id='word_1_34' title='bbox 646 649 920 711; x_wconf 81' lang='lat' dir='ltr'><strong>reputare.</strong></span> 
     </span>
    </p>
   </div>
   <div class='ocr_carea' id='block_1_7' title="bbox 365 728 1877 809">
    <p class='ocr_par' dir='ltr' id='par_1_7' title="bbox 365 728 1877 809">
     <span class='ocr_line' id='line_1_7' title="bbox 365 728 1877 809; baseline 0.005 -26"><span class='ocrx_word' id='word_1_35' title='bbox 365 728 503 784; x_wconf 79' lang='lat' dir='ltr'><strong>XVI.</strong></span> <span class='ocrx_word' id='word_1_36' title='bbox 543 731 610 786; x_wconf 89' lang='lat' dir='ltr'><strong>Et</strong></span> <span class='ocrx_word' id='word_1_37' title='bbox 630 733 885 801; x_wconf 85' lang='lat' dir='ltr'><strong>quoniam</strong></span> <span class='ocrx_word' id='word_1_38' title='bbox 906 742 1029 803; x_wconf 87' lang='lat' dir='ltr'><strong>post</strong></span> <span class='ocrx_word' id='word_1_39' title='bbox 1047 743 1324 807; x_wconf 75' lang='lat' dir='ltr'><strong>acceptam</strong></span> <span class='ocrx_word' id='word_1_40' title='bbox 1345 737 1600 809; x_wconf 78' lang='lat' dir='ltr'><strong>baptismi</strong></span> <span class='ocrx_word' id='word_1_41' title='bbox 1622 737 1877 809; x_wconf 83' lang='lat' dir='ltr'><strong>gratiam,</strong></span> 
     </span>
    </p>
   </div>
   <div class='ocr_carea' id='block_1_8' title="bbox 292 822 1881 901">
    <p class='ocr_par' dir='ltr' id='par_1_8' title="bbox 292 822 1881 901">
     <span class='ocr_line' id='line_1_8' title="bbox 292 822 1881 901; baseline 0.006 -24"><span class='ocrx_word' id='word_1_42' title='bbox 292 830 350 878; x_wconf 91' lang='lat' dir='ltr'><strong>et</strong></span> <span class='ocrx_word' id='word_1_43' title='bbox 388 832 510 893; x_wconf 90' lang='lat' dir='ltr'><strong>post</strong></span> <span class='ocrx_word' id='word_1_44' title='bbox 535 822 725 889; x_wconf 88' lang='lat' dir='ltr'><strong>ﬁdem,</strong></span> <span class='ocrx_word' id='word_1_45' title='bbox 764 840 926 895; x_wconf 77' lang='lat' dir='ltr'><strong>quam</strong></span> <span class='ocrx_word' id='word_1_46' title='bbox 970 827 1067 882; x_wconf 92' lang='lat' dir='ltr'><strong>tibi</strong></span> <span class='ocrx_word' id='word_1_47' title='bbox 1107 829 1354 898; x_wconf 85' lang='lat' dir='ltr'><strong>promisi,</strong></span> <span class='ocrx_word' id='word_1_48' title='bbox 1385 831 1515 895; x_wconf 91' lang='lat' dir='ltr'><strong>imo,</strong></span> <span class='ocrx_word' id='word_1_49' title='bbox 1556 831 1700 901; x_wconf 88' lang='lat' dir='ltr'><strong>quod</strong></span> <span class='ocrx_word' id='word_1_50' title='bbox 1727 828 1881 899; x_wconf 82' lang='lat' dir='ltr'><strong>pejus</strong></span> 
     </span>
    </p>
   </div>
   <div class='ocr_carea' id='block_1_9' title="bbox 289 917 1877 986">
    <p class='ocr_par' dir='ltr' id='par_1_9' title="bbox 289 917 1877 986">
     <span class='ocr_line' id='line_1_9' title="bbox 289 917 1877 986; baseline 0.005 -19"><span class='ocrx_word' id='word_1_51' title='bbox 289 922 408 977; x_wconf 86' lang='lat' dir='ltr'><strong>est,</strong></span> <span class='ocrx_word' id='word_1_52' title='bbox 451 921 575 982; x_wconf 89' lang='lat' dir='ltr'><strong>post</strong></span> <span class='ocrx_word' id='word_1_53' title='bbox 613 923 888 985; x_wconf 74' lang='lat' dir='ltr'><strong>acceptam</strong></span> <span class='ocrx_word' id='word_1_54' title='bbox 933 917 1074 974; x_wconf 85' lang='lat' dir='ltr'><strong>hanc</strong></span> <span class='ocrx_word' id='word_1_55' title='bbox 1120 918 1369 975; x_wconf 83' lang='lat' dir='ltr'><strong>monachi</strong></span> <span class='ocrx_word' id='word_1_56' title='bbox 1422 929 1626 977; x_wconf 87' lang='lat' dir='ltr'><strong>vestem</strong></span> <span class='ocrx_word' id='word_1_57' title='bbox 1644 962 1659 986; x_wconf 92' lang='lat'><strong>,</strong></span> <span class='ocrx_word' id='word_1_58' title='bbox 1711 922 1877 976; x_wconf 90' lang='lat' dir='ltr'><strong>multa</strong></span> 
     </span>
    </p>
   </div>
   <div class='ocr_carea' id='block_1_10' title="bbox 289 1003 1879 1084">
    <p class='ocr_par' dir='ltr' id='par_1_10' title="bbox 289 1003 1879 1084">
     <span class='ocr_line' id='line_1_10' title="bbox 289 1003 1879 1084; baseline 0.008 -28"><span class='ocrx_word' id='word_1_59' title='bbox 289 1003 575 1069; x_wconf 73' lang='lat' dir='ltr'><strong>commisi,</strong></span> <span class='ocrx_word' id='word_1_60' title='bbox 604 1008 786 1069; x_wconf 87' lang='lat' dir='ltr'><strong>corde,</strong></span> <span class='ocrx_word' id='word_1_61' title='bbox 816 1020 932 1073; x_wconf 89' lang='lat' dir='ltr'><strong>ore,</strong></span> <span class='ocrx_word' id='word_1_62' title='bbox 959 1016 1014 1063; x_wconf 86' lang='lat' dir='ltr'><strong>et</strong></span> <span class='ocrx_word' id='word_1_63' title='bbox 1035 1023 1219 1080; x_wconf 88' lang='lat' dir='ltr'><strong>opere,</strong></span> <span class='ocrx_word' id='word_1_64' title='bbox 1243 1020 1298 1066; x_wconf 90' lang='lat' dir='ltr'><strong>et</strong></span> <span class='ocrx_word' id='word_1_65' title='bbox 1332 1012 1542 1068; x_wconf 87' lang='lat' dir='ltr'><strong>inﬁnita</strong></span> <span class='ocrx_word' id='word_1_66' title='bbox 1570 1014 1879 1084; x_wconf 81' lang='lat' dir='ltr'><strong>perpetravi</strong></span> 
     </span>
    </p>
   </div>
   <div class='ocr_carea' id='block_1_11' title="bbox 290 1090 1883 1174">
    <p class='ocr_par' dir='ltr' id='par_1_11' title="bbox 290 1090 1883 1174">
     <span class='ocr_line' id='line_1_11' title="bbox 290 1090 1883 1174; baseline 0.009 -29"><span class='ocrx_word' id='word_1_67' title='bbox 290 1097 430 1150; x_wconf 78' lang='lat' dir='ltr'><strong>mala</strong></span> <span class='ocrx_word' id='word_1_68' title='bbox 459 1109 558 1163; x_wconf 89' lang='lat' dir='ltr'><strong>per</strong></span> <span class='ocrx_word' id='word_1_69' title='bbox 582 1096 892 1165; x_wconf 79' lang='lat' dir='ltr'><strong>superbiam</strong></span> <span class='ocrx_word' id='word_1_70' title='bbox 918 1107 975 1154; x_wconf 90' lang='lat' dir='ltr'><strong>et</strong></span> <span class='ocrx_word' id='word_1_71' title='bbox 992 1090 1505 1171; x_wconf 82' lang='lat' dir='ltr'><strong>concupiscentiam,</strong></span> <span class='ocrx_word' id='word_1_72' title='bbox 1536 1118 1636 1174; x_wconf 92' lang='lat' dir='ltr'><strong>per</strong></span> <span class='ocrx_word' id='word_1_73' title='bbox 1661 1103 1799 1158; x_wconf 89' lang='lat' dir='ltr'><strong>iram</strong></span> <span class='ocrx_word' id='word_1_74' title='bbox 1818 1112 1883 1159; x_wconf 86' lang='lat' dir='ltr'><strong>ct</strong></span> 
     </span>
    </p>
   </div>
   <div class='ocr_carea' id='block_1_12' title="bbox 288 1185 1879 1266">
    <p class='ocr_par' dir='ltr' id='par_1_12' title="bbox 288 1185 1879 1266">
     <span class='ocr_line' id='line_1_12' title="bbox 288 1185 1879 1266; baseline 0.007 -27"><span class='ocrx_word' id='word_1_75' title='bbox 288 1185 706 1253; x_wconf 76' lang='lat' dir='ltr'><strong>impatientiam,</strong></span> <span class='ocrx_word' id='word_1_76' title='bbox 748 1203 846 1259; x_wconf 87' lang='lat' dir='ltr'><strong>per</strong></span> <span class='ocrx_word' id='word_1_77' title='bbox 883 1189 1128 1248; x_wconf 83' lang='lat' dir='ltr'><strong>fraudem</strong></span> <span class='ocrx_word' id='word_1_78' title='bbox 1155 1202 1211 1248; x_wconf 92' lang='lat' dir='ltr'><strong>et</strong></span> <span class='ocrx_word' id='word_1_79' title='bbox 1244 1194 1528 1259; x_wconf 85' lang='lat' dir='ltr'><strong>desidiam,</strong></span> <span class='ocrx_word' id='word_1_80' title='bbox 1567 1210 1667 1266; x_wconf 89' lang='lat' dir='ltr'><strong>per</strong></span> <span class='ocrx_word' id='word_1_81' title='bbox 1704 1204 1879 1250; x_wconf 91' lang='lat' dir='ltr'><strong>tumo-</strong></span> 
     </span>
    </p>
   </div>
   <div class='ocr_carea' id='block_1_13' title="bbox 288 1282 1877 1356">
    <p class='ocr_par' dir='ltr' id='par_1_13' title="bbox 288 1282 1877 1356">
     <span class='ocr_line' id='line_1_13' title="bbox 288 1282 1877 1356; baseline 0.008 -26"><span class='ocrx_word' id='word_1_82' title='bbox 288 1291 404 1331; x_wconf 97' lang='lat' dir='ltr'><strong>rem</strong></span> <span class='ocrx_word' id='word_1_83' title='bbox 435 1286 492 1332; x_wconf 88' lang='lat' dir='ltr'><strong>et</strong></span> <span class='ocrx_word' id='word_1_84' title='bbox 519 1282 908 1351; x_wconf 72' lang='lat' dir='ltr'><strong>arrogantiam,</strong></span> <span class='ocrx_word' id='word_1_85' title='bbox 940 1283 1164 1355; x_wconf 81' lang='lat' dir='ltr'><strong>supplex</strong></span> <span class='ocrx_word' id='word_1_86' title='bbox 1196 1285 1425 1356; x_wconf 80' lang='lat' dir='ltr'><strong>imploro</strong></span> <span class='ocrx_word' id='word_1_87' title='bbox 1453 1288 1877 1343; x_wconf 73' lang='lat' dir='ltr'><strong>misericordiam</strong></span> 
     </span>
    </p>
   </div>
   <div class='ocr_carea' id='block_1_14' title="bbox 285 1367 1879 1447">
    <p class='ocr_par' dir='ltr' id='par_1_14' title="bbox 285 1367 1879 1447">
     <span class='ocr_line' id='line_1_14' title="bbox 285 1367 1879 1447; baseline 0.007 -25"><span class='ocrx_word' id='word_1_88' title='bbox 285 1376 466 1433; x_wconf 81' lang='lat' dir='ltr'><strong>tuam,</strong></span> <span class='ocrx_word' id='word_1_89' title='bbox 493 1367 637 1424; x_wconf 85' lang='lat' dir='ltr'><strong>Deus</strong></span> <span class='ocrx_word' id='word_1_90' title='bbox 663 1370 845 1437; x_wconf 84' lang='lat' dir='ltr'><strong>Pater,</strong></span> <span class='ocrx_word' id='word_1_91' title='bbox 883 1373 938 1428; x_wconf 92' lang='lat' dir='ltr'><strong>in</strong></span> <span class='ocrx_word' id='word_1_92' title='bbox 963 1373 1185 1430; x_wconf 81' lang='lat' dir='ltr'><strong>nomine</strong></span> <span class='ocrx_word' id='word_1_93' title='bbox 1208 1375 1390 1431; x_wconf 89' lang='lat' dir='ltr'><strong>dilecti</strong></span> <span class='ocrx_word' id='word_1_94' title='bbox 1420 1377 1539 1431; x_wconf 80' lang='lat' dir='ltr'><strong>Filii</strong></span> <span class='ocrx_word' id='word_1_95' title='bbox 1571 1377 1670 1442; x_wconf 86' lang='lat' dir='ltr'><strong>tui,</strong></span> <span class='ocrx_word' id='word_1_96' title='bbox 1696 1379 1879 1447; x_wconf 79' lang='lat' dir='ltr'><strong>propi~</strong></span> 
     </span>
    </p>
   </div>
   <div class='ocr_carea' id='block_1_15' title="bbox 282 1458 1879 1535">
    <p class='ocr_par' dir='ltr' id='par_1_15' title="bbox 282 1458 1879 1535">
     <span class='ocr_line' id='line_1_15' title="bbox 282 1458 1879 1535; baseline 0.008 -21"><span class='ocrx_word' id='word_1_97' title='bbox 282 1458 394 1515; x_wconf 85' lang='lat' dir='ltr'><strong>tius</strong></span> <span class='ocrx_word' id='word_1_98' title='bbox 420 1468 539 1516; x_wconf 87' lang='lat' dir='ltr'><strong>esto</strong></span> <span class='ocrx_word' id='word_1_99' title='bbox 560 1460 691 1516; x_wconf 86' lang='lat' dir='ltr'><strong>mihi</strong></span> <span class='ocrx_word' id='word_1_100' title='bbox 722 1463 1029 1521; x_wconf 88' lang='lat' dir='ltr'><strong>miserrimo</strong></span> <span class='ocrx_word' id='word_1_101' title='bbox 1050 1467 1346 1535; x_wconf 89' lang='lat' dir='ltr'><strong>peccatori,</strong></span> <span class='ocrx_word' id='word_1_102' title='bbox 1376 1476 1537 1524; x_wconf 89' lang='lat' dir='ltr'><strong>nocte</strong></span> <span class='ocrx_word' id='word_1_103' title='bbox 1561 1476 1617 1524; x_wconf 88' lang='lat' dir='ltr'><strong>et</strong></span> <span class='ocrx_word' id='word_1_104' title='bbox 1644 1471 1750 1534; x_wconf 90' lang='lat' dir='ltr'><strong>die,</strong></span> <span class='ocrx_word' id='word_1_105' title='bbox 1783 1470 1879 1526; x_wconf 86' lang='lat' dir='ltr'><strong>bo-</strong></span> 
     </span>
    </p>
   </div>
   <div class='ocr_carea' id='block_1_16' title="bbox 282 1553 1879 1632">
    <p class='ocr_par' dir='ltr' id='par_1_16' title="bbox 282 1553 1879 1632">
     <span class='ocr_line' id='line_1_16' title="bbox 282 1553 1879 1632; baseline 0.006 -25"><span class='ocrx_word' id='word_1_106' title='bbox 282 1553 362 1607; x_wconf 89' lang='lat' dir='ltr'><strong>ris</strong></span> <span class='ocrx_word' id='word_1_107' title='bbox 387 1562 444 1608; x_wconf 89' lang='lat' dir='ltr'><strong>et</strong></span> <span class='ocrx_word' id='word_1_108' title='bbox 473 1563 762 1610; x_wconf 77' lang='lat' dir='ltr'><strong>momentis</strong></span> <span class='ocrx_word' id='word_1_109' title='bbox 788 1554 1012 1611; x_wconf 91' lang='lat' dir='ltr'><strong>multum</strong></span> <span class='ocrx_word' id='word_1_110' title='bbox 1040 1572 1225 1613; x_wconf 88' lang='lat' dir='ltr'><strong>coram</strong></span> <span class='ocrx_word' id='word_1_111' title='bbox 1262 1566 1317 1614; x_wconf 90' lang='lat' dir='ltr'><strong>te</strong></span> <span class='ocrx_word' id='word_1_112' title='bbox 1352 1562 1628 1630; x_wconf 85' lang='lat' dir='ltr'><strong>peccanti,</strong></span> <span class='ocrx_word' id='word_1_113' title='bbox 1661 1569 1716 1616; x_wconf 89' lang='lat' dir='ltr'><strong>et</strong></span> <span class='ocrx_word' id='word_1_114' title='bbox 1754 1577 1879 1632; x_wconf 73' lang='lat' dir='ltr'><strong>pec-</strong></span> 
     </span>
    </p>
   </div>
   <div class='ocr_carea' id='block_1_17' title="bbox 280 1644 1878 1722">
    <p class='ocr_par' dir='ltr' id='par_1_17' title="bbox 280 1644 1878 1722">
     <span class='ocr_line' id='line_1_17' title="bbox 280 1644 1878 1722; baseline 0.007 -26"><span class='ocrx_word' id='word_1_115' title='bbox 280 1651 403 1697; x_wconf 86' lang='lat' dir='ltr'><strong>eata</strong></span> <span class='ocrx_word' id='word_1_116' title='bbox 450 1644 688 1713; x_wconf 83' lang='lat' dir='ltr'><strong>peccatis</strong></span> <span class='ocrx_word' id='word_1_117' title='bbox 736 1645 1203 1702; x_wconf 86' lang='lat' dir='ltr'><strong>innumerabiliter</strong></span> <span class='ocrx_word' id='word_1_118' title='bbox 1249 1650 1499 1717; x_wconf 83' lang='lat' dir='ltr'><strong>addenti,</strong></span> <span class='ocrx_word' id='word_1_119' title='bbox 1545 1660 1601 1707; x_wconf 89' lang='lat' dir='ltr'><strong>et</strong></span> <span class='ocrx_word' id='word_1_120' title='bbox 1645 1652 1699 1706; x_wconf 92' lang='lat' dir='ltr'><strong>in</strong></span> <span class='ocrx_word' id='word_1_121' title='bbox 1747 1652 1878 1722; x_wconf 82' lang='lat' dir='ltr'><strong>ipsis</strong></span> 
     </span>
    </p>
   </div>
   <div class='ocr_carea' id='block_1_18' title="bbox 280 1734 1876 1811">
    <p class='ocr_par' dir='ltr' id='par_1_18' title="bbox 280 1734 1876 1811">
     <span class='ocr_line' id='line_1_18' title="bbox 280 1734 1876 1811; baseline 0.006 -23"><span class='ocrx_word' id='word_1_122' title='bbox 280 1734 517 1805; x_wconf 76' lang='lat' dir='ltr'><strong>turpiter</strong></span> <span class='ocrx_word' id='word_1_123' title='bbox 548 1750 668 1791; x_wconf 84' lang='lat' dir='ltr'><strong>mea</strong></span> <span class='ocrx_word' id='word_1_124' title='bbox 704 1736 859 1807; x_wconf 91' lang='lat' dir='ltr'><strong>culpa</strong></span> <span class='ocrx_word' id='word_1_125' title='bbox 880 1735 1107 1805; x_wconf 84' lang='lat' dir='ltr'><strong>jacenti.</strong></span> <span class='ocrx_word' id='word_1_126' title='bbox 1149 1739 1254 1795; x_wconf 88' lang='lat' dir='ltr'><strong>Per</strong></span> <span class='ocrx_word' id='word_1_127' title='bbox 1281 1741 1456 1811; x_wconf 89' lang='lat' dir='ltr'><strong>ipsum</strong></span> <span class='ocrx_word' id='word_1_128' title='bbox 1483 1757 1752 1798; x_wconf 89' lang='lat' dir='ltr'><strong>summum</strong></span> <span class='ocrx_word' id='word_1_129' title='bbox 1789 1760 1876 1800; x_wconf 85' lang='lat' dir='ltr'><strong>sa-</strong></span> 
     </span>
    </p>
   </div>
   <div class='ocr_carea' id='block_1_19' title="bbox 1981 549 3576 629">
    <p class='ocr_par' dir='ltr' id='par_1_19' title="bbox 1981 549 3576 629">
     <span class='ocr_line' id='line_1_19' title="bbox 1981 549 3576 629; baseline 0.006 -24"><span class='ocrx_word' id='word_1_130' title='bbox 1981 564 2090 605; x_wconf 92' lang='lat' dir='ltr'><strong>non</strong></span> <span class='ocrx_word' id='word_1_131' title='bbox 2131 549 2302 607; x_wconf 90' lang='lat' dir='ltr'><strong>valeo.</strong></span> <span class='ocrx_word' id='word_1_132' title='bbox 2349 550 2525 619; x_wconf 87' lang='lat' dir='ltr'><strong>Unde,</strong></span> <span class='ocrx_word' id='word_1_133' title='bbox 2571 552 2713 609; x_wconf 88' lang='lat' dir='ltr'><strong>Deus</strong></span> <span class='ocrx_word' id='word_1_134' title='bbox 2753 555 3011 610; x_wconf 81' lang='lat' dir='ltr'><strong>terribilis</strong></span> <span class='ocrx_word' id='word_1_135' title='bbox 3052 557 3106 611; x_wconf 90' lang='lat' dir='ltr'><strong>in</strong></span> <span class='ocrx_word' id='word_1_136' title='bbox 3137 557 3378 613; x_wconf 91' lang='lat' dir='ltr'><strong>consiliis</strong></span> <span class='ocrx_word' id='word_1_137' title='bbox 3413 573 3576 629; x_wconf 86' lang='lat' dir='ltr'><strong>super</strong></span> 
     </span>
    </p>
   </div>
   <div class='ocr_carea' id='block_1_20' title="bbox 1985 638 3575 723">
    <p class='ocr_par' dir='ltr' id='par_1_20' title="bbox 1985 638 3575 723">
     <span class='ocr_line' id='line_1_20' title="bbox 1985 638 3575 723; baseline 0.008 -29"><span class='ocrx_word' id='word_1_138' title='bbox 1985 638 2123 697; x_wconf 89' lang='lat' dir='ltr'><strong>ﬁlios</strong></span> <span class='ocrx_word' id='word_1_139' title='bbox 2152 641 2455 710; x_wconf 85' lang='lat' dir='ltr'><strong>hominum,</strong></span> <span class='ocrx_word' id='word_1_140' title='bbox 2499 650 2649 699; x_wconf 88' lang='lat' dir='ltr'><strong>tuam</strong></span> <span class='ocrx_word' id='word_1_141' title='bbox 2692 655 2935 705; x_wconf 85' lang='lat' dir='ltr'><strong>sanctam</strong></span> <span class='ocrx_word' id='word_1_142' title='bbox 2964 655 3020 702; x_wconf 90' lang='lat' dir='ltr'><strong>et</strong></span> <span class='ocrx_word' id='word_1_143' title='bbox 3061 646 3404 715; x_wconf 86' lang='lat' dir='ltr'><strong>immensam,</strong></span> <span class='ocrx_word' id='word_1_144' title='bbox 3448 665 3575 723; x_wconf 85' lang='lat' dir='ltr'><strong>sup-</strong></span> 
     </span>
    </p>
   </div>
   <div class='ocr_carea' id='block_1_21' title="bbox 1980 730 3569 807">
    <p class='ocr_par' dir='ltr' id='par_1_21' title="bbox 1980 730 3569 807">
     <span class='ocr_line' id='line_1_21' title="bbox 1980 730 3569 807; baseline 0.007 -22"><span class='ocrx_word' id='word_1_145' title='bbox 1980 730 2104 802; x_wconf 86' lang='lat' dir='ltr'><strong>plex</strong></span> <span class='ocrx_word' id='word_1_146' title='bbox 2142 741 2199 787; x_wconf 90' lang='lat' dir='ltr'><strong>et</strong></span> <span class='ocrx_word' id='word_1_147' title='bbox 2239 733 2465 789; x_wconf 89' lang='lat' dir='ltr'><strong>multum</strong></span> <span class='ocrx_word' id='word_1_148' title='bbox 2509 743 2767 802; x_wconf 89' lang='lat' dir='ltr'><strong>tremens,</strong></span> <span class='ocrx_word' id='word_1_149' title='bbox 2811 738 3073 807; x_wconf 83' lang='lat' dir='ltr'><strong>deprecor</strong></span> <span class='ocrx_word' id='word_1_150' title='bbox 3111 738 3470 799; x_wconf 86' lang='lat' dir='ltr'><strong>clementiam.</strong></span> <span class='ocrx_word' id='word_1_151' title='bbox 3517 741 3569 795; x_wconf 89' lang='lat' dir='ltr'><strong>in</strong></span> 
     </span>
    </p>
   </div>
   <div class='ocr_carea' id='block_1_22' title="bbox 1981 822 3569 901">
    <p class='ocr_par' dir='ltr' id='par_1_22' title="bbox 1981 822 3569 901">
     <span class='ocr_line' id='line_1_22' title="bbox 1981 822 3569 901; baseline 0.007 -25"><span class='ocrx_word' id='word_1_152' title='bbox 1981 822 2201 878; x_wconf 87' lang='lat' dir='ltr'><strong>nomine</strong></span> <span class='ocrx_word' id='word_1_153' title='bbox 2229 823 2468 893; x_wconf 84' lang='lat' dir='ltr'><strong>ejusdem</strong></span> <span class='ocrx_word' id='word_1_154' title='bbox 2498 826 2677 882; x_wconf 83' lang='lat' dir='ltr'><strong>dilecti</strong></span> <span class='ocrx_word' id='word_1_155' title='bbox 2703 827 2821 882; x_wconf 82' lang='lat' dir='ltr'><strong>Filii</strong></span> <span class='ocrx_word' id='word_1_156' title='bbox 2852 830 2947 892; x_wconf 89' lang='lat' dir='ltr'><strong>tui,</strong></span> <span class='ocrx_word' id='word_1_157' title='bbox 2983 838 3042 884; x_wconf 92' lang='lat' dir='ltr'><strong>ut</strong></span> <span class='ocrx_word' id='word_1_158' title='bbox 3072 836 3149 893; x_wconf 88' lang='lat' dir='ltr'><strong>tu,</strong></span> <span class='ocrx_word' id='word_1_159' title='bbox 3182 831 3269 901; x_wconf 86' lang='lat' dir='ltr'><strong>qui</strong></span> <span class='ocrx_word' id='word_1_160' title='bbox 3301 831 3569 887; x_wconf 86' lang='lat' dir='ltr'><strong>neminem</strong></span> 
     </span>
    </p>
   </div>
   <div class='ocr_carea' id='block_1_23' title="bbox 1981 912 3570 984">
    <p class='ocr_par' dir='ltr' id='par_1_23' title="bbox 1981 912 3570 984">
     <span class='ocr_line' id='line_1_23' title="bbox 1981 912 3570 984; baseline 0.004 -17"><span class='ocrx_word' id='word_1_161' title='bbox 1981 912 2065 968; x_wconf 90' lang='lat' dir='ltr'><strong>vis</strong></span> <span class='ocrx_word' id='word_1_162' title='bbox 2085 912 2283 984; x_wconf 91' lang='lat' dir='ltr'><strong>perire,</strong></span> <span class='ocrx_word' id='word_1_163' title='bbox 2313 914 2406 970; x_wconf 89' lang='lat' dir='ltr'><strong>sed</strong></span> <span class='ocrx_word' id='word_1_164' title='bbox 2435 931 2624 971; x_wconf 85' lang='lat' dir='ltr'><strong>omnes</strong></span> <span class='ocrx_word' id='word_1_165' title='bbox 2661 918 2841 972; x_wconf 86' lang='lat' dir='ltr'><strong>salvos</strong></span> <span class='ocrx_word' id='word_1_166' title='bbox 2868 918 3067 980; x_wconf 87' lang='lat' dir='ltr'><strong>facere,</strong></span> <span class='ocrx_word' id='word_1_167' title='bbox 3097 935 3203 974; x_wconf 92' lang='lat' dir='ltr'><strong>non</strong></span> <span class='ocrx_word' id='word_1_168' title='bbox 3232 935 3316 974; x_wconf 91' lang='lat' dir='ltr'><strong>me</strong></span> <span class='ocrx_word' id='word_1_169' title='bbox 3341 920 3570 976; x_wconf 83' lang='lat' dir='ltr'><strong>derelin-</strong></span> 
     </span>
    </p>
   </div>
   <div class='ocr_carea' id='block_1_24' title="bbox 1981 1002 3569 1079">
    <p class='ocr_par' dir='ltr' id='par_1_24' title="bbox 1981 1002 3569 1079">
     <span class='ocr_line' id='line_1_24' title="bbox 1981 1002 3569 1079; baseline 0.004 -22"><span class='ocrx_word' id='word_1_170' title='bbox 1981 1018 2117 1074; x_wconf 84' lang='lat' dir='ltr'><strong>quas</strong></span> <span class='ocrx_word' id='word_1_171' title='bbox 2148 1002 2203 1058; x_wconf 90' lang='lat' dir='ltr'><strong>in</strong></span> <span class='ocrx_word' id='word_1_172' title='bbox 2235 1019 2397 1060; x_wconf 85' lang='lat' dir='ltr'><strong>manu</strong></span> <span class='ocrx_word' id='word_1_173' title='bbox 2427 1006 2638 1060; x_wconf 86' lang='lat' dir='ltr'><strong>consilii</strong></span> <span class='ocrx_word' id='word_1_174' title='bbox 2676 1007 2804 1071; x_wconf 85' lang='lat' dir='ltr'><strong>mei,</strong></span> <span class='ocrx_word' id='word_1_175' title='bbox 2837 1025 3015 1079; x_wconf 85' lang='lat' dir='ltr'><strong>neque</strong></span> <span class='ocrx_word' id='word_1_176' title='bbox 3050 1009 3103 1063; x_wconf 87' lang='lat' dir='ltr'><strong>in</strong></span> <span class='ocrx_word' id='word_1_177' title='bbox 3126 1008 3330 1077; x_wconf 87' lang='lat' dir='ltr'><strong>judicio</strong></span> <span class='ocrx_word' id='word_1_178' title='bbox 3359 1011 3569 1065; x_wconf 84' lang='lat' dir='ltr'><strong>arbitrii</strong></span> 
     </span>
    </p>
   </div>
   <div class='ocr_carea' id='block_1_25' title="bbox 1981 1097 3567 1168">
    <p class='ocr_par' dir='ltr' id='par_1_25' title="bbox 1981 1097 3567 1168">
     <span class='ocr_line' id='line_1_25' title="bbox 1981 1097 3567 1168; baseline 0.004 -17"><span class='ocrx_word' id='word_1_179' title='bbox 1981 1097 2110 1161; x_wconf 89' lang='lat' dir='ltr'><strong>mei,</strong></span> <span class='ocrx_word' id='word_1_180' title='bbox 2156 1111 2332 1167; x_wconf 89' lang='lat' dir='ltr'><strong>neque</strong></span> <span class='ocrx_word' id='word_1_181' title='bbox 2371 1098 2424 1151; x_wconf 91' lang='lat' dir='ltr'><strong>in</strong></span> <span class='ocrx_word' id='word_1_182' title='bbox 2464 1107 2731 1168; x_wconf 87' lang='lat' dir='ltr'><strong>potestate</strong></span> <span class='ocrx_word' id='word_1_183' title='bbox 2768 1111 2862 1155; x_wconf 93' lang='lat' dir='ltr'><strong>aut</strong></span> <span class='ocrx_word' id='word_1_184' title='bbox 2903 1102 3197 1156; x_wconf 86' lang='lat' dir='ltr'><strong>tcutatione</strong></span> <span class='ocrx_word' id='word_1_185' title='bbox 3241 1102 3567 1168; x_wconf 68' lang='lat' dir='ltr'><strong>dmmonum,</strong></span> 
     </span>
    </p>
   </div>
   <div class='ocr_carea' id='block_1_26' title="bbox 1980 1190 3571 1261">
    <p class='ocr_par' dir='ltr' id='par_1_26' title="bbox 1980 1190 3571 1261">
     <span class='ocr_line' id='line_1_26' title="bbox 1980 1190 3571 1261; baseline 0.004 -16"><span class='ocrx_word' id='word_1_186' title='bbox 1980 1205 2158 1261; x_wconf 89' lang='lat' dir='ltr'><strong>neque</strong></span> <span class='ocrx_word' id='word_1_187' title='bbox 2199 1190 2253 1246; x_wconf 91' lang='lat' dir='ltr'><strong>in</strong></span> <span class='ocrx_word' id='word_1_188' title='bbox 2294 1199 2509 1248; x_wconf 89' lang='lat' dir='ltr'><strong>errante</strong></span> <span class='ocrx_word' id='word_1_189' title='bbox 2546 1190 2768 1261; x_wconf 83' lang='lat' dir='ltr'><strong>judicio,</strong></span> <span class='ocrx_word' id='word_1_190' title='bbox 2806 1203 2900 1249; x_wconf 87' lang='lat' dir='ltr'><strong>aut</strong></span> <span class='ocrx_word' id='word_1_191' title='bbox 2929 1195 3089 1251; x_wconf 81' lang='lat' dir='ltr'><strong>noxio</strong></span> <span class='ocrx_word' id='word_1_192' title='bbox 3132 1197 3359 1252; x_wconf 81' lang='lat' dir='ltr'><strong>consilio</strong></span> <span class='ocrx_word' id='word_1_193' title='bbox 3396 1197 3571 1253; x_wconf 85' lang='lat' dir='ltr'><strong>homi-</strong></span> 
     </span>
    </p>
   </div>
   <div class='ocr_carea' id='block_1_27' title="bbox 1981 1282 3629 1354">
    <p class='ocr_par' dir='ltr' id='par_1_27' title="bbox 1981 1282 3629 1354">
     <span class='ocr_line' id='line_1_27' title="bbox 1981 1282 3629 1354; baseline 0.005 -18"><span class='ocrx_word' id='word_1_194' title='bbox 1981 1297 2130 1347; x_wconf 88' lang='lat' dir='ltr'><strong>num,</strong></span> <span class='ocrx_word' id='word_1_195' title='bbox 2174 1282 2269 1338; x_wconf 87' lang='lat' dir='ltr'><strong>sed</strong></span> <span class='ocrx_word' id='word_1_196' title='bbox 2313 1297 2413 1353; x_wconf 90' lang='lat' dir='ltr'><strong>pro</strong></span> <span class='ocrx_word' id='word_1_197' title='bbox 2454 1283 2652 1354; x_wconf 84' lang='lat' dir='ltr'><strong>pietate</strong></span> <span class='ocrx_word' id='word_1_198' title='bbox 2696 1292 2749 1338; x_wconf 90' lang='lat' dir='ltr'><strong>et</strong></span> <span class='ocrx_word' id='word_1_199' title='bbox 2795 1284 3036 1340; x_wconf 75' lang='lat' dir='ltr'><strong>bonitate</strong></span> <span class='ocrx_word' id='word_1_200' title='bbox 3079 1296 3187 1349; x_wconf 90' lang='lat' dir='ltr'><strong>tua,</strong></span> <span class='ocrx_word' id='word_1_201' title='bbox 3224 1284 3378 1354; x_wconf 78' lang='lat' dir='ltr'><strong>juxta</strong></span> <span class='ocrx_word' id='word_1_202' title='bbox 3418 1295 3569 1342; x_wconf 86' lang='lat' dir='ltr'><strong>tuam</strong></span> <span class='ocrx_word' id='word_1_203' title='bbox 3625 1341 3629 1345; x_wconf 83' lang='grc'><strong><em>,</em></strong></span> 
     </span>
    </p>
   </div>
   <div class='ocr_carea' id='block_1_28' title="bbox 1980 1372 3566 1445">
    <p class='ocr_par' dir='ltr' id='par_1_28' title="bbox 1980 1372 3566 1445">
     <span class='ocr_line' id='line_1_28' title="bbox 1980 1372 3566 1445; baseline 0.003 -19"><span class='ocrx_word' id='word_1_204' title='bbox 1980 1372 2461 1444; x_wconf 69' lang='lat' dir='ltr'><strong>benignissimum,</strong></span> <span class='ocrx_word' id='word_1_205' title='bbox 2509 1388 2628 1443; x_wconf 78' lang='lat' dir='ltr'><strong>quze</strong></span> <span class='ocrx_word' id='word_1_206' title='bbox 2676 1375 2729 1427; x_wconf 89' lang='lat' dir='ltr'><strong>in</strong></span> <span class='ocrx_word' id='word_1_207' title='bbox 2774 1375 2857 1428; x_wconf 89' lang='lat' dir='ltr'><strong>sui</strong></span> <span class='ocrx_word' id='word_1_208' title='bbox 2902 1374 3258 1445; x_wconf 87' lang='lat' dir='ltr'><strong>dispositione</strong></span> <span class='ocrx_word' id='word_1_209' title='bbox 3304 1376 3415 1430; x_wconf 86' lang='lat' dir='ltr'><strong>falli</strong></span> <span class='ocrx_word' id='word_1_210' title='bbox 3456 1392 3566 1431; x_wconf 89' lang='lat' dir='ltr'><strong>non</strong></span> 
     </span>
    </p>
   </div>
   <div class='ocr_carea' id='block_1_29' title="bbox 1979 1463 3570 1537">
    <p class='ocr_par' dir='ltr' id='par_1_29' title="bbox 1979 1463 3570 1537">
     <span class='ocr_line' id='line_1_29' title="bbox 1979 1463 3570 1537; baseline 0.004 -20"><span class='ocrx_word' id='word_1_211' title='bbox 1979 1468 2176 1532; x_wconf 85' lang='lat' dir='ltr'><strong>potest,</strong></span> <span class='ocrx_word' id='word_1_212' title='bbox 2206 1463 2625 1535; x_wconf 85' lang='lat' dir='ltr'><strong>providentiam,</strong></span> <span class='ocrx_word' id='word_1_213' title='bbox 2655 1463 2879 1533; x_wconf 90' lang='lat' dir='ltr'><strong>dispone</strong></span> <span class='ocrx_word' id='word_1_214' title='bbox 2902 1466 2993 1521; x_wconf 87' lang='lat' dir='ltr'><strong>hic</strong></span> <span class='ocrx_word' id='word_1_215' title='bbox 3017 1473 3073 1520; x_wconf 91' lang='lat' dir='ltr'><strong>et</strong></span> <span class='ocrx_word' id='word_1_216' title='bbox 3098 1467 3318 1537; x_wconf 85' lang='lat' dir='ltr'><strong>ubique,</strong></span> <span class='ocrx_word' id='word_1_217' title='bbox 3348 1482 3490 1523; x_wconf 89' lang='lat' dir='ltr'><strong>nunc</strong></span> <span class='ocrx_word' id='word_1_218' title='bbox 3513 1475 3570 1524; x_wconf 89' lang='lat' dir='ltr'><strong>et</strong></span> 
     </span>
    </p>
   </div>
   <div class='ocr_carea' id='block_1_30' title="bbox 1979 1554 3570 1629">
    <p class='ocr_par' dir='ltr' id='par_1_30' title="bbox 1979 1554 3570 1629">
     <span class='ocr_line' id='line_1_30' title="bbox 1979 1554 3570 1629; baseline 0.004 -21"><span class='ocrx_word' id='word_1_219' title='bbox 1979 1569 2213 1625; x_wconf 87' lang='lat' dir='ltr'><strong>semper,</strong></span> <span class='ocrx_word' id='word_1_220' title='bbox 2241 1554 2355 1611; x_wconf 87' lang='lat' dir='ltr'><strong>dies</strong></span> <span class='ocrx_word' id='word_1_221' title='bbox 2378 1556 2502 1610; x_wconf 79' lang='lat' dir='ltr'><strong>vita:</strong></span> <span class='ocrx_word' id='word_1_222' title='bbox 2532 1571 2665 1610; x_wconf 77' lang='lat' dir='ltr'><strong>mem</strong></span> <span class='ocrx_word' id='word_1_223' title='bbox 2696 1556 2748 1610; x_wconf 90' lang='lat' dir='ltr'><strong>in</strong></span> <span class='ocrx_word' id='word_1_224' title='bbox 2779 1555 3116 1625; x_wconf 83' lang='lat' dir='ltr'><strong>bencplacito</strong></span> <span class='ocrx_word' id='word_1_225' title='bbox 3144 1566 3236 1611; x_wconf 88' lang='lat' dir='ltr'><strong>tuo</strong></span> <span class='ocrx_word' id='word_1_226' title='bbox 3267 1575 3280 1610; x_wconf 92' lang='lat'>:</span> <span class='ocrx_word' id='word_1_227' title='bbox 3312 1565 3367 1612; x_wconf 89' lang='lat' dir='ltr'><strong>et</strong></span> <span class='ocrx_word' id='word_1_228' title='bbox 3396 1559 3570 1629; x_wconf 86' lang='lat' dir='ltr'><strong>dirige</strong></span> 
     </span>
    </p>
   </div>
   <div class='ocr_carea' id='block_1_31' title="bbox 1977 1646 3571 1721">
    <p class='ocr_par' dir='ltr' id='par_1_31' title="bbox 1977 1646 3571 1721">
     <span class='ocr_line' id='line_1_31' title="bbox 1977 1646 3571 1721; baseline 0.005 -22"><span class='ocrx_word' id='word_1_229' title='bbox 1977 1661 2076 1716; x_wconf 87' lang='lat' dir='ltr'><strong>per</strong></span> <span class='ocrx_word' id='word_1_230' title='bbox 2100 1646 2364 1716; x_wconf 80' lang='lat' dir='ltr'><strong>Spiritum</strong></span> <span class='ocrx_word' id='word_1_231' title='bbox 2396 1654 2644 1701; x_wconf 86' lang='lat' dir='ltr'><strong>sanctum</strong></span> <span class='ocrx_word' id='word_1_232' title='bbox 2674 1655 2846 1712; x_wconf 90' lang='lat' dir='ltr'><strong>tuum,</strong></span> <span class='ocrx_word' id='word_1_233' title='bbox 2874 1663 2989 1712; x_wconf 89' lang='lat' dir='ltr'><strong>cor,</strong></span> <span class='ocrx_word' id='word_1_234' title='bbox 3018 1647 3278 1718; x_wconf 81' lang='lat' dir='ltr'><strong>linguam,</strong></span> <span class='ocrx_word' id='word_1_235' title='bbox 3310 1657 3571 1721; x_wconf 86' lang='lat' dir='ltr'><strong>actusque</strong></span> 
     </span>
    </p>
   </div>
   <div class='ocr_carea' id='block_1_32' title="bbox 1980 1736 3571 1810">
    <p class='ocr_par' dir='ltr' id='par_1_32' title="bbox 1980 1736 3571 1810">
     <span class='ocr_line' id='line_1_32' title="bbox 1980 1736 3571 1810; baseline 0.005 -20"><span class='ocrx_word' id='word_1_236' title='bbox 1980 1752 2129 1792; x_wconf 88' lang='lat' dir='ltr'><strong>meos</strong></span> <span class='ocrx_word' id='word_1_237' title='bbox 2150 1738 2354 1810; x_wconf 83' lang='lat' dir='ltr'><strong>jugiter</strong></span> <span class='ocrx_word' id='word_1_238' title='bbox 2382 1736 2679 1794; x_wconf 88' lang='lat' dir='ltr'><strong>secundum</strong></span> <span class='ocrx_word' id='word_1_239' title='bbox 2720 1747 2867 1793; x_wconf 90' lang='lat' dir='ltr'><strong>tuam</strong></span> <span class='ocrx_word' id='word_1_240' title='bbox 2897 1739 3227 1795; x_wconf 86' lang='lat' dir='ltr'><strong>voluntatem</strong></span> <span class='ocrx_word' id='word_1_241' title='bbox 3261 1743 3312 1795; x_wconf 91' lang='lat' dir='ltr'><strong>in</strong></span> <span class='ocrx_word' id='word_1_242' title='bbox 3346 1750 3436 1796; x_wconf 90' lang='lat' dir='ltr'><strong>tua</strong></span> <span class='ocrx_word' id='word_1_243' title='bbox 3467 1743 3571 1797; x_wconf 55' lang='lat' dir='ltr'><strong>mi-</strong></span> 
     </span>
    </p>
   </div>
   <div class='ocr_carea' id='block_1_33' title="bbox 276 1825 3571 1903">
    <p class='ocr_par' dir='ltr' id='par_1_33' title="bbox 276 1825 3571 1903">
     <span class='ocr_line' id='line_1_33' title="bbox 276 1825 3571 1903; baseline 0.003 -23"><span class='ocrx_word' id='word_1_244' title='bbox 276 1825 581 1891; x_wconf 80' lang='lat' dir='ltr'><strong>cerdotem,</strong></span> <span class='ocrx_word' id='word_1_245' title='bbox 611 1834 670 1882; x_wconf 90' lang='lat' dir='ltr'><strong>et</strong></span> <span class='ocrx_word' id='word_1_246' title='bbox 690 1842 879 1881; x_wconf 86' lang='lat' dir='ltr'><strong>verum</strong></span> <span class='ocrx_word' id='word_1_247' title='bbox 920 1828 1250 1898; x_wconf 88' lang='lat' dir='ltr'><strong>pontiﬁcem,</strong></span> <span class='ocrx_word' id='word_1_248' title='bbox 1278 1831 1372 1900; x_wconf 88' lang='lat' dir='ltr'><strong>qui</strong></span> <span class='ocrx_word' id='word_1_249' title='bbox 1399 1846 1457 1887; x_wconf 88' lang='lat' dir='ltr'><strong>se</strong></span> <span class='ocrx_word' id='word_1_250' title='bbox 1499 1833 1594 1887; x_wconf 88' lang='lat' dir='ltr'><strong>tibi</strong></span> <span class='ocrx_word' id='word_1_251' title='bbox 1640 1834 1873 1889; x_wconf 85' lang='lat' dir='ltr'><strong>hostiam</strong></span> <span class='ocrx_word' id='word_1_252' title='bbox 1908 1828 1948 1887; x_wconf 74' lang='lat' dir='ltr'><strong>Ii</strong></span> <span class='ocrx_word' id='word_1_253' title='bbox 1978 1829 2305 1895; x_wconf 86' lang='lat' dir='ltr'><strong>sericordia,</strong></span> <span class='ocrx_word' id='word_1_254' title='bbox 2338 1837 2400 1884; x_wconf 91' lang='lat' dir='ltr'><strong>ut</strong></span> <span class='ocrx_word' id='word_1_255' title='bbox 2429 1837 2482 1884; x_wconf 88' lang='lat' dir='ltr'><strong>te</strong></span> <span class='ocrx_word' id='word_1_256' title='bbox 2513 1837 2725 1886; x_wconf 88' lang='lat' dir='ltr'><strong>rectore</strong></span> <span class='ocrx_word' id='word_1_257' title='bbox 2754 1837 2811 1885; x_wconf 90' lang='lat' dir='ltr'><strong>et</strong></span> <span class='ocrx_word' id='word_1_258' title='bbox 2837 1838 2888 1885; x_wconf 87' lang='lat' dir='ltr'><strong>te</strong></span> <span class='ocrx_word' id='word_1_259' title='bbox 2916 1831 3073 1897; x_wconf 86' lang='lat' dir='ltr'><strong>duce,</strong></span> <span class='ocrx_word' id='word_1_260' title='bbox 3107 1840 3157 1886; x_wconf 88' lang='lat' dir='ltr'><strong>te</strong></span> <span class='ocrx_word' id='word_1_261' title='bbox 3188 1830 3487 1903; x_wconf 83' lang='lat' dir='ltr'><strong>inspirante</strong></span> <span class='ocrx_word' id='word_1_262' title='bbox 3514 1843 3571 1891; x_wconf 92' lang='lat' dir='ltr'><strong>et</strong></span> 
     </span>
    </p>
   </div>
   <div class='ocr_carea' id='block_1_34' title="bbox 274 1917 1876 1989">
    <p class='ocr_par' dir='ltr' id='par_1_34' title="bbox 274 1917 1876 1989">
     <span class='ocr_line' id='line_1_34' title="bbox 274 1917 1876 1989; baseline 0.006 -18"><span class='ocrx_word' id='word_1_263' title='bbox 274 1917 481 1984; x_wconf 77' lang='lat' dir='ltr'><strong>vivam,</strong></span> <span class='ocrx_word' id='word_1_264' title='bbox 509 1935 699 1989; x_wconf 89' lang='lat' dir='ltr'><strong>puram</strong></span> <span class='ocrx_word' id='word_1_265' title='bbox 718 1959 735 1984; x_wconf 96' lang='lat'><strong>,</strong></span> <span class='ocrx_word' id='word_1_266' title='bbox 761 1929 817 1974; x_wconf 88' lang='lat' dir='ltr'><strong>et</strong></span> <span class='ocrx_word' id='word_1_267' title='bbox 845 1920 1246 1978; x_wconf 73' lang='lat' dir='ltr'><strong>immaculatum</strong></span> <span class='ocrx_word' id='word_1_268' title='bbox 1274 1924 1328 1978; x_wconf 88' lang='lat' dir='ltr'><strong>in</strong></span> <span class='ocrx_word' id='word_1_269' title='bbox 1357 1939 1450 1978; x_wconf 87' lang='lat' dir='ltr'><strong>ara</strong></span> <span class='ocrx_word' id='word_1_270' title='bbox 1476 1926 1659 1981; x_wconf 81' lang='lat' dir='ltr'><strong>erucis</strong></span> <span class='ocrx_word' id='word_1_271' title='bbox 1680 1927 1876 1981; x_wconf 76' lang='lat' dir='ltr'><strong>obtulit</strong></span> 
     </span>
    </p>
   </div>
   <div class='ocr_carea' id='block_1_35' title="bbox 274 2009 1876 2080">
    <p class='ocr_par' dir='ltr' id='par_1_35' title="bbox 274 2009 1876 2080">
     <span class='ocr_line' id='line_1_35' title="bbox 274 2009 1876 2080; baseline 0.004 -17"><span class='ocrx_word' id='word_1_272' title='bbox 274 2023 379 2080; x_wconf 84' lang='lat' dir='ltr'><strong>pro</strong></span> <span class='ocrx_word' id='word_1_273' title='bbox 403 2009 559 2065; x_wconf 87' lang='lat' dir='ltr'><strong>nobis</strong></span> <span class='ocrx_word' id='word_1_274' title='bbox 594 2010 808 2065; x_wconf 89' lang='lat' dir='ltr'><strong>miseris</strong></span> <span class='ocrx_word' id='word_1_275' title='bbox 842 2013 1240 2080; x_wconf 84' lang='lat' dir='ltr'><strong>peccatoribus,</strong></span> <span class='ocrx_word' id='word_1_276' title='bbox 1270 2012 1468 2068; x_wconf 86' lang='lat' dir='ltr'><strong>Filium</strong></span> <span class='ocrx_word' id='word_1_277' title='bbox 1509 2023 1656 2070; x_wconf 89' lang='lat' dir='ltr'><strong>tuum</strong></span> <span class='ocrx_word' id='word_1_278' title='bbox 1693 2016 1876 2071; x_wconf 78' lang='lat' dir='ltr'><strong>Domi-</strong></span> 
     </span>
    </p>
   </div>
   <div class='ocr_carea' id='block_1_36' title="bbox 277 2099 1875 2177">
    <p class='ocr_par' dir='ltr' id='par_1_36' title="bbox 277 2099 1875 2177">
     <span class='ocr_line' id='line_1_36' title="bbox 277 2099 1875 2177; baseline 0.004 -24"><span class='ocrx_word' id='word_1_279' title='bbox 277 2114 410 2154; x_wconf 84' lang='lat' dir='ltr'><strong>num</strong></span> <span class='ocrx_word' id='word_1_280' title='bbox 452 2109 697 2156; x_wconf 90' lang='lat' dir='ltr'><strong>nostrum</strong></span> <span class='ocrx_word' id='word_1_281' title='bbox 736 2099 922 2157; x_wconf 86' lang='lat' dir='ltr'><strong>Jcsum</strong></span> <span class='ocrx_word' id='word_1_282' title='bbox 953 2101 1259 2168; x_wconf 82' lang='lat' dir='ltr'><strong>Christum;</strong></span> <span class='ocrx_word' id='word_1_283' title='bbox 1306 2115 1359 2160; x_wconf 90' lang='lat' dir='ltr'><strong>te</strong></span> <span class='ocrx_word' id='word_1_284' title='bbox 1403 2119 1553 2176; x_wconf 80' lang='lat' dir='ltr'><strong>rogo,</strong></span> <span class='ocrx_word' id='word_1_285' title='bbox 1599 2106 1875 2177; x_wconf 81' lang='lat' dir='ltr'><strong>benignis-</strong></span> 
     </span>
    </p>
   </div>
   <div class='ocr_carea' id='block_1_37' title="bbox 273 2190 1874 2261">
    <p class='ocr_par' dir='ltr' id='par_1_37' title="bbox 273 2190 1874 2261">
     <span class='ocr_line' id='line_1_37' title="bbox 273 2190 1874 2261; baseline 0.003 -16"><span class='ocrx_word' id='word_1_286' title='bbox 273 2190 419 2247; x_wconf 83' lang='lat' dir='ltr'><strong>sime</strong></span> <span class='ocrx_word' id='word_1_287' title='bbox 453 2201 665 2249; x_wconf 87' lang='lat' dir='ltr'><strong>amator</strong></span> <span class='ocrx_word' id='word_1_288' title='bbox 692 2193 973 2249; x_wconf 81' lang='lat' dir='ltr'><strong>hominum</strong></span> <span class='ocrx_word' id='word_1_289' title='bbox 1011 2194 1175 2258; x_wconf 83' lang='lat' dir='ltr'><strong>Deus,</strong></span> <span class='ocrx_word' id='word_1_290' title='bbox 1214 2196 1475 2250; x_wconf 81' lang='lat' dir='ltr'><strong>miserere</strong></span> <span class='ocrx_word' id='word_1_291' title='bbox 1518 2197 1644 2261; x_wconf 88' lang='lat' dir='ltr'><strong>mei,</strong></span> <span class='ocrx_word' id='word_1_292' title='bbox 1684 2197 1874 2251; x_wconf 79' lang='lat' dir='ltr'><strong>miscr-</strong></span> 
     </span>
    </p>
   </div>
   <div class='ocr_carea' id='block_1_38' title="bbox 274 2284 1873 2367">
    <p class='ocr_par' dir='ltr' id='par_1_38' title="bbox 274 2284 1873 2367">
     <span class='ocr_line' id='line_1_38' title="bbox 274 2284 1873 2367; baseline 0.003 -30"><span class='ocrx_word' id='word_1_293' title='bbox 274 2284 402 2337; x_wconf 84' lang='lat' dir='ltr'><strong>rimi</strong></span> <span class='ocrx_word' id='word_1_294' title='bbox 435 2291 492 2339; x_wconf 87' lang='lat' dir='ltr'><strong>et</strong></span> <span class='ocrx_word' id='word_1_295' title='bbox 531 2284 735 2356; x_wconf 84' lang='lat' dir='ltr'><strong>indigni</strong></span> <span class='ocrx_word' id='word_1_296' title='bbox 766 2286 911 2340; x_wconf 89' lang='lat' dir='ltr'><strong>servi</strong></span> <span class='ocrx_word' id='word_1_297' title='bbox 956 2285 1055 2349; x_wconf 88' lang='lat' dir='ltr'><strong>tui,</strong></span> <span class='ocrx_word' id='word_1_298' title='bbox 1087 2286 1215 2356; x_wconf 88' lang='lat' dir='ltr'><strong>quia</strong></span> <span class='ocrx_word' id='word_1_299' title='bbox 1255 2302 1362 2367; x_wconf 75' lang='lat' dir='ltr'><strong>non</strong></span> <span class='ocrx_word' id='word_1_300' title='bbox 1399 2302 1518 2341; x_wconf 89' lang='lat' dir='ltr'><strong>sum</strong></span> <span class='ocrx_word' id='word_1_301' title='bbox 1547 2287 1689 2342; x_wconf 87' lang='lat' dir='ltr'><strong>sicut</strong></span> <span class='ocrx_word' id='word_1_302' title='bbox 1717 2287 1873 2343; x_wconf 82' lang='lat' dir='ltr'><strong>innu-</strong></span> 
     </span>
    </p>
   </div>
   <div class='ocr_carea' id='block_1_39' title="bbox 274 2374 1872 2448">
    <p class='ocr_par' dir='ltr' id='par_1_39' title="bbox 274 2374 1872 2448">
     <span class='ocr_line' id='line_1_39' title="bbox 274 2374 1872 2448; baseline 0.003 -21"><span class='ocrx_word' id='word_1_303' title='bbox 274 2374 413 2429; x_wconf 88' lang='lat' dir='ltr'><strong>meri</strong></span> <span class='ocrx_word' id='word_1_304' title='bbox 440 2382 495 2429; x_wconf 91' lang='lat' dir='ltr'><strong>et</strong></span> <span class='ocrx_word' id='word_1_305' title='bbox 519 2375 845 2446; x_wconf 87' lang='lat' dir='ltr'><strong>multiplices</strong></span> <span class='ocrx_word' id='word_1_306' title='bbox 870 2375 1056 2432; x_wconf 82' lang='lat' dir='ltr'><strong>famuli</strong></span> <span class='ocrx_word' id='word_1_307' title='bbox 1084 2378 1180 2442; x_wconf 91' lang='lat' dir='ltr'><strong>tui,</strong></span> <span class='ocrx_word' id='word_1_308' title='bbox 1212 2377 1306 2448; x_wconf 89' lang='lat' dir='ltr'><strong>qui</strong></span> <span class='ocrx_word' id='word_1_309' title='bbox 1335 2379 1430 2433; x_wconf 87' lang='lat' dir='ltr'><strong>tibi</strong></span> <span class='ocrx_word' id='word_1_310' title='bbox 1457 2380 1525 2435; x_wconf 86' lang='lat' dir='ltr'><strong>ab</strong></span> <span class='ocrx_word' id='word_1_311' title='bbox 1550 2379 1683 2448; x_wconf 89' lang='lat' dir='ltr'><strong>ipsis</strong></span> <span class='ocrx_word' id='word_1_312' title='bbox 1707 2395 1811 2435; x_wconf 89' lang='lat' dir='ltr'><strong>cun</strong></span> <span class='ocrx_word' id='word_1_313' title='bbox 1831 2400 1872 2431; x_wconf 73' lang='lat'><strong>:-</strong></span> 
     </span>
    </p>
   </div>
   <div class='ocr_carea' id='block_1_40' title="bbox 272 2464 1872 2542">
    <p class='ocr_par' dir='ltr' id='par_1_40' title="bbox 272 2464 1872 2542">
     <span class='ocr_line' id='line_1_40' title="bbox 272 2464 1872 2542; baseline 0.005 -23"><span class='ocrx_word' id='word_1_314' title='bbox 272 2464 420 2521; x_wconf 85' lang='lat' dir='ltr'><strong>bulis</strong></span> <span class='ocrx_word' id='word_1_315' title='bbox 447 2468 793 2524; x_wconf 84' lang='lat' dir='ltr'><strong>devotissime</strong></span> <span class='ocrx_word' id='word_1_316' title='bbox 823 2470 1152 2534; x_wconf 86' lang='lat' dir='ltr'><strong>servierunt,</strong></span> <span class='ocrx_word' id='word_1_317' title='bbox 1185 2486 1294 2526; x_wconf 89' lang='lat' dir='ltr'><strong>non</strong></span> <span class='ocrx_word' id='word_1_318' title='bbox 1335 2470 1668 2526; x_wconf 79' lang='lat' dir='ltr'><strong>declinantes</strong></span> <span class='ocrx_word' id='word_1_319' title='bbox 1696 2487 1872 2542; x_wconf 87' lang='lat' dir='ltr'><strong>neque</strong></span> 
     </span>
    </p>
   </div>
   <div class='ocr_carea' id='block_1_41' title="bbox 274 2557 1867 2629">
    <p class='ocr_par' dir='ltr' id='par_1_41' title="bbox 274 2557 1867 2629">
     <span class='ocr_line' id='line_1_41' title="bbox 274 2557 1867 2629; baseline 0.003 -19"><span class='ocrx_word' id='word_1_320' title='bbox 274 2557 344 2610; x_wconf 87' lang='lat' dir='ltr'><strong>ad</strong></span> <span class='ocrx_word' id='word_1_321' title='bbox 367 2557 644 2613; x_wconf 80' lang='lat' dir='ltr'><strong>dexteram</strong></span> <span class='ocrx_word' id='word_1_322' title='bbox 675 2574 852 2629; x_wconf 88' lang='lat' dir='ltr'><strong>neque</strong></span> <span class='ocrx_word' id='word_1_323' title='bbox 876 2560 947 2616; x_wconf 91' lang='lat' dir='ltr'><strong>ad</strong></span> <span class='ocrx_word' id='word_1_324' title='bbox 971 2560 1268 2617; x_wconf 83' lang='lat' dir='ltr'><strong>sinistram.</strong></span> <span class='ocrx_word' id='word_1_325' title='bbox 1298 2560 1413 2617; x_wconf 88' lang='lat' dir='ltr'><strong>Non</strong></span> <span class='ocrx_word' id='word_1_326' title='bbox 1443 2577 1564 2617; x_wconf 88' lang='lat' dir='ltr'><strong>sum</strong></span> <span class='ocrx_word' id='word_1_327' title='bbox 1603 2563 1745 2617; x_wconf 88' lang='lat' dir='ltr'><strong>sicut</strong></span> <span class='ocrx_word' id='word_1_328' title='bbox 1769 2563 1867 2628; x_wconf 89' lang='lat' dir='ltr'><strong>illi,</strong></span> 
     </span>
    </p>
   </div>
   <div class='ocr_carea' id='block_1_42' title="bbox 271 2648 1873 2724">
    <p class='ocr_par' dir='ltr' id='par_1_42' title="bbox 271 2648 1873 2724">
     <span class='ocr_line' id='line_1_42' title="bbox 271 2648 1873 2724; baseline 0.004 -22"><span class='ocrx_word' id='word_1_329' title='bbox 271 2648 370 2718; x_wconf 89' lang='lat' dir='ltr'><strong>qui</strong></span> <span class='ocrx_word' id='word_1_330' title='bbox 409 2657 530 2719; x_wconf 90' lang='lat' dir='ltr'><strong>post</strong></span> <span class='ocrx_word' id='word_1_331' title='bbox 562 2650 778 2720; x_wconf 89' lang='lat' dir='ltr'><strong>publica</strong></span> <span class='ocrx_word' id='word_1_332' title='bbox 816 2650 1018 2723; x_wconf 72' lang='lat' dir='ltr'><strong>ﬂagitia</strong></span> <span class='ocrx_word' id='word_1_333' title='bbox 1058 2653 1389 2724; x_wconf 66' lang='lat' dir='ltr'><strong>paenitendo,</strong></span> <span class='ocrx_word' id='word_1_334' title='bbox 1425 2654 1519 2708; x_wconf 73' lang='lat' dir='ltr'><strong>tibi</strong></span> <span class='ocrx_word' id='word_1_335' title='bbox 1555 2662 1873 2709; x_wconf 82' lang='lat' dir='ltr'><strong>meruerunt</strong></span> 
     </span>
    </p>
   </div>
   <div class='ocr_carea' id='block_1_43' title="bbox 269 2739 1871 2800">
    <p class='ocr_par' dir='ltr' id='par_1_43' title="bbox 269 2739 1871 2800">
     <span class='ocr_line' id='line_1_43' title="bbox 269 2739 1871 2800; baseline 0.004 -6"><span class='ocrx_word' id='word_1_336' title='bbox 269 2753 394 2794; x_wconf 85' lang='lat' dir='ltr'><strong>esse</strong></span> <span class='ocrx_word' id='word_1_337' title='bbox 430 2739 636 2794; x_wconf 82' lang='lat' dir='ltr'><strong>devoti.</strong></span> <span class='ocrx_word' id='word_1_338' title='bbox 678 2739 796 2797; x_wconf 85' lang='lat' dir='ltr'><strong>Non</strong></span> <span class='ocrx_word' id='word_1_339' title='bbox 826 2757 946 2797; x_wconf 89' lang='lat' dir='ltr'><strong>sum</strong></span> <span class='ocrx_word' id='word_1_340' title='bbox 975 2744 1117 2798; x_wconf 89' lang='lat' dir='ltr'><strong>sicut</strong></span> <span class='ocrx_word' id='word_1_341' title='bbox 1142 2744 1411 2799; x_wconf 64' lang='lat' dir='ltr'><strong>nonnullae</strong></span> <span class='ocrx_word' id='word_1_342' title='bbox 1435 2743 1759 2799; x_wconf 68' lang='lat' dir='ltr'><strong>Christiana:</strong></span> <span class='ocrx_word' id='word_1_343' title='bbox 1791 2743 1871 2800; x_wconf 70' lang='lat' dir='ltr'><strong>fe-</strong></span> 
     </span>
    </p>
   </div>
   <div class='ocr_carea' id='block_1_44' title="bbox 268 2831 1874 2910">
    <p class='ocr_par' dir='ltr' id='par_1_44' title="bbox 268 2831 1874 2910">
     <span class='ocr_line' id='line_1_44' title="bbox 268 2831 1874 2910; baseline 0.004 -23"><span class='ocrx_word' id='word_1_344' title='bbox 268 2831 454 2897; x_wconf 71' lang='lat' dir='ltr'><strong>ninrc,</strong></span> <span class='ocrx_word' id='word_1_345' title='bbox 506 2832 640 2887; x_wconf 87' lang='lat' dir='ltr'><strong>viris</strong></span> <span class='ocrx_word' id='word_1_346' title='bbox 684 2832 1013 2902; x_wconf 68' lang='lat' dir='ltr'><strong>conjunctae,</strong></span> <span class='ocrx_word' id='word_1_347' title='bbox 1056 2836 1155 2892; x_wconf 87' lang='lat' dir='ltr'><strong>tibi</strong></span> <span class='ocrx_word' id='word_1_348' title='bbox 1200 2844 1379 2892; x_wconf 87' lang='lat' dir='ltr'><strong>tamen</strong></span> <span class='ocrx_word' id='word_1_349' title='bbox 1428 2838 1728 2894; x_wconf 88' lang='lat' dir='ltr'><strong>servientes</strong></span> <span class='ocrx_word' id='word_1_350' title='bbox 1766 2853 1874 2910; x_wconf 85' lang='lat' dir='ltr'><strong>pro</strong></span> 
     </span>
    </p>
   </div>
   <div class='ocr_carea' id='block_1_45' title="bbox 267 2923 1866 2988">
    <p class='ocr_par' dir='ltr' id='par_1_45' title="bbox 267 2923 1866 2988">
     <span class='ocr_line' id='line_1_45' title="bbox 267 2923 1866 2988; baseline 0.005 -9"><span class='ocrx_word' id='word_1_351' title='bbox 267 2923 415 2979; x_wconf 83' lang='lat' dir='ltr'><strong>scire</strong></span> <span class='ocrx_word' id='word_1_352' title='bbox 460 2938 559 2979; x_wconf 88' lang='lat' dir='ltr'><strong>suo</strong></span> <span class='ocrx_word' id='word_1_353' title='bbox 595 2940 720 2980; x_wconf 91' lang='lat' dir='ltr'><strong>eum</strong></span> <span class='ocrx_word' id='word_1_354' title='bbox 766 2941 977 2982; x_wconf 89' lang='lat' dir='ltr'><strong>summa</strong></span> <span class='ocrx_word' id='word_1_355' title='bbox 1022 2926 1330 2983; x_wconf 85' lang='lat' dir='ltr'><strong>devotione.</strong></span> <span class='ocrx_word' id='word_1_356' title='bbox 1376 2927 1495 2982; x_wconf 85' lang='lat' dir='ltr'><strong>Non</strong></span> <span class='ocrx_word' id='word_1_357' title='bbox 1537 2943 1657 2984; x_wconf 91' lang='lat' dir='ltr'><strong>sum</strong></span> <span class='ocrx_word' id='word_1_358' title='bbox 1700 2929 1866 2988; x_wconf 85' lang='lat' dir='ltr'><strong>etiam</strong></span> 
     </span>
    </p>
   </div>
   <div class='ocr_carea' id='block_1_46' title="bbox 266 3015 1864 3092">
    <p class='ocr_par' dir='ltr' id='par_1_46' title="bbox 266 3015 1864 3092">
     <span class='ocr_line' id='line_1_46' title="bbox 266 3015 1864 3092; baseline 0.005 -23"><span class='ocrx_word' id='word_1_359' title='bbox 266 3015 414 3070; x_wconf 80' lang='lat' dir='ltr'><strong>sicut</strong></span> <span class='ocrx_word' id='word_1_360' title='bbox 441 3015 596 3070; x_wconf 90' lang='lat' dir='ltr'><strong>multi</strong></span> <span class='ocrx_word' id='word_1_361' title='bbox 628 3016 864 3083; x_wconf 87' lang='lat' dir='ltr'><strong>illorum,</strong></span> <span class='ocrx_word' id='word_1_362' title='bbox 895 3019 988 3088; x_wconf 86' lang='lat' dir='ltr'><strong>qui</strong></span> <span class='ocrx_word' id='word_1_363' title='bbox 1014 3018 1068 3073; x_wconf 93' lang='lat' dir='ltr'><strong>in</strong></span> <span class='ocrx_word' id='word_1_364' title='bbox 1096 3018 1268 3073; x_wconf 90' lang='lat' dir='ltr'><strong>oculis</strong></span> <span class='ocrx_word' id='word_1_365' title='bbox 1297 3017 1577 3074; x_wconf 83' lang='lat' dir='ltr'><strong>hominum</strong></span> <span class='ocrx_word' id='word_1_366' title='bbox 1608 3028 1864 3092; x_wconf 86' lang='lat' dir='ltr'><strong>tanquam</strong></span> 
     </span>
    </p>
   </div>
   <div class='ocr_carea' id='block_1_47' title="bbox 267 3104 1867 3180">
    <p class='ocr_par' dir='ltr' id='par_1_47' title="bbox 267 3104 1867 3180">
     <span class='ocr_line' id='line_1_47' title="bbox 267 3104 1867 3180; baseline 0.004 -20"><span class='ocrx_word' id='word_1_367' title='bbox 267 3104 401 3160; x_wconf 85' lang='lat' dir='ltr'><strong>mali</strong></span> <span class='ocrx_word' id='word_1_368' title='bbox 425 3113 495 3161; x_wconf 88' lang='lat' dir='ltr'><strong>et</strong></span> <span class='ocrx_word' id='word_1_369' title='bbox 522 3108 766 3178; x_wconf 83' lang='lat' dir='ltr'><strong>perversi</strong></span> <span class='ocrx_word' id='word_1_370' title='bbox 792 3109 1061 3164; x_wconf 88' lang='lat' dir='ltr'><strong>videntur.</strong></span> <span class='ocrx_word' id='word_1_371' title='bbox 1111 3108 1226 3164; x_wconf 81' lang='lat' dir='ltr'><strong>Heu</strong></span> <span class='ocrx_word' id='word_1_372' title='bbox 1268 3109 1401 3164; x_wconf 88' lang='lat' dir='ltr'><strong>mihi</strong></span> <span class='ocrx_word' id='word_1_373' title='bbox 1443 3110 1676 3166; x_wconf 75' lang='lat' dir='ltr'><strong>infelici!</strong></span> <span class='ocrx_word' id='word_1_374' title='bbox 1721 3112 1867 3180; x_wconf 82' lang='lat' dir='ltr'><strong>Quo-</strong></span> 
     </span>
    </p>
   </div>
   <div class='ocr_carea' id='block_1_48' title="bbox 268 3196 1869 3275">
    <p class='ocr_par' dir='ltr' id='par_1_48' title="bbox 268 3196 1869 3275">
     <span class='ocr_line' id='line_1_48' title="bbox 268 3196 1869 3275; baseline 0.005 -22"><span class='ocrx_word' id='word_1_375' title='bbox 268 3196 435 3253; x_wconf 85' lang='lat' dir='ltr'><strong>modo</strong></span> <span class='ocrx_word' id='word_1_376' title='bbox 457 3212 546 3253; x_wconf 90' lang='lat' dir='ltr'><strong>me</strong></span> <span class='ocrx_word' id='word_1_377' title='bbox 569 3199 713 3255; x_wconf 90' lang='lat' dir='ltr'><strong>elata</strong></span> <span class='ocrx_word' id='word_1_378' title='bbox 736 3201 951 3257; x_wconf 84' lang='lat' dir='ltr'><strong>cervice</strong></span> <span class='ocrx_word' id='word_1_379' title='bbox 992 3201 1323 3267; x_wconf 84' lang='lat' dir='ltr'><strong>ambulante,</strong></span> <span class='ocrx_word' id='word_1_380' title='bbox 1365 3216 1554 3259; x_wconf 90' lang='lat' dir='ltr'><strong>omnes</strong></span> <span class='ocrx_word' id='word_1_381' title='bbox 1587 3220 1725 3275; x_wconf 87' lang='lat' dir='ltr'><strong>pene</strong></span> <span class='ocrx_word' id='word_1_382' title='bbox 1753 3206 1824 3260; x_wconf 44' lang='lat' dir='ltr'><strong>di.</strong></span> <span class='ocrx_word' id='word_1_383' title='bbox 1843 3222 1869 3262; x_wconf 91' lang='lat' dir='ltr'><strong>s</strong></span> 
     </span>
    </p>
   </div>
   <div class='ocr_carea' id='block_1_49' title="bbox 269 3288 1870 3364">
    <p class='ocr_par' dir='ltr' id='par_1_49' title="bbox 269 3288 1870 3364">
     <span class='ocr_line' id='line_1_49' title="bbox 269 3288 1870 3364; baseline 0.004 -21"><span class='ocrx_word' id='word_1_384' title='bbox 269 3288 398 3344; x_wconf 61' lang='lat' dir='ltr'><strong>vita</strong></span> <span class='ocrx_word' id='word_1_385' title='bbox 420 3305 553 3346; x_wconf 76' lang='lat' dir='ltr'><strong>mea:</strong></span> <span class='ocrx_word' id='word_1_386' title='bbox 574 3291 630 3345; x_wconf 90' lang='lat' dir='ltr'><strong>in</strong></span> <span class='ocrx_word' id='word_1_387' title='bbox 648 3292 890 3347; x_wconf 82' lang='lat' dir='ltr'><strong>vanitate</strong></span> <span class='ocrx_word' id='word_1_388' title='bbox 910 3293 1214 3364; x_wconf 88' lang='lat' dir='ltr'><strong>consumpti</strong></span> <span class='ocrx_word' id='word_1_389' title='bbox 1236 3294 1392 3348; x_wconf 83' lang='lat' dir='ltr'><strong>sunt!</strong></span> <span class='ocrx_word' id='word_1_390' title='bbox 1430 3292 1710 3360; x_wconf 80' lang='lat' dir='ltr'><strong>Quomodo</strong></span> <span class='ocrx_word' id='word_1_391' title='bbox 1734 3305 1870 3351; x_wconf 89' lang='lat' dir='ltr'><strong>tem-</strong></span> 
     </span>
    </p>
   </div>
   <div class='ocr_carea' id='block_1_50' title="bbox 268 3385 1871 3456">
    <p class='ocr_par' dir='ltr' id='par_1_50' title="bbox 268 3385 1871 3456">
     <span class='ocr_line' id='line_1_50' title="bbox 268 3385 1871 3456; baseline 0.003 -18"><span class='ocrx_word' id='word_1_392' title='bbox 268 3396 371 3452; x_wconf 87' lang='lat' dir='ltr'><strong>pus</strong></span> <span class='ocrx_word' id='word_1_393' title='bbox 408 3398 588 3439; x_wconf 86' lang='lat' dir='ltr'><strong>meum</strong></span> <span class='ocrx_word' id='word_1_394' title='bbox 630 3385 905 3455; x_wconf 67' lang='lat' dir='ltr'><strong>prmterivi</strong></span> <span class='ocrx_word' id='word_1_395' title='bbox 950 3385 1004 3440; x_wconf 86' lang='lat' dir='ltr'><strong>in</strong></span> <span class='ocrx_word' id='word_1_396' title='bbox 1044 3385 1464 3456; x_wconf 80' lang='lat' dir='ltr'><strong>cogitationibus</strong></span> <span class='ocrx_word' id='word_1_397' title='bbox 1507 3387 1769 3452; x_wconf 89' lang='lat' dir='ltr'><strong>terrenis,</strong></span> <span class='ocrx_word' id='word_1_398' title='bbox 1814 3395 1871 3443; x_wconf 88' lang='lat' dir='ltr'><strong>et</strong></span> 
     </span>
    </p>
   </div>
   <div class='ocr_carea' id='block_1_51' title="bbox 268 3473 1869 3549">
    <p class='ocr_par' dir='ltr' id='par_1_51' title="bbox 268 3473 1869 3549">
     <span class='ocr_line' id='line_1_51' title="bbox 268 3473 1869 3549; baseline 0.002 -19"><span class='ocrx_word' id='word_1_399' title='bbox 268 3473 585 3544; x_wconf 80' lang='lat' dir='ltr'><strong>superﬁuis!</strong></span> <span class='ocrx_word' id='word_1_400' title='bbox 629 3475 770 3545; x_wconf 83' lang='lat' dir='ltr'><strong>Quid</strong></span> <span class='ocrx_word' id='word_1_401' title='bbox 805 3476 937 3532; x_wconf 86' lang='lat' dir='ltr'><strong>utile</strong></span> <span class='ocrx_word' id='word_1_402' title='bbox 977 3476 1033 3531; x_wconf 90' lang='lat' dir='ltr'><strong>in</strong></span> <span class='ocrx_word' id='word_1_403' title='bbox 1071 3476 1219 3531; x_wconf 90' lang='lat' dir='ltr'><strong>omni</strong></span> <span class='ocrx_word' id='word_1_404' title='bbox 1239 3476 1351 3531; x_wconf 83' lang='lat' dir='ltr'><strong>vita</strong></span> <span class='ocrx_word' id='word_1_405' title='bbox 1390 3491 1510 3531; x_wconf 88' lang='lat' dir='ltr'><strong>mea</strong></span> <span class='ocrx_word' id='word_1_406' title='bbox 1548 3477 1664 3549; x_wconf 87' lang='lat' dir='ltr'><strong>egi!</strong></span> <span class='ocrx_word' id='word_1_407' title='bbox 1706 3477 1869 3533; x_wconf 83' lang='lat' dir='ltr'><strong>Miser</strong></span> 
     </span>
    </p>
   </div>
   <div class='ocr_carea' id='block_1_52' title="bbox 267 3567 1866 3639">
    <p class='ocr_par' dir='ltr' id='par_1_52' title="bbox 267 3567 1866 3639">
     <span class='ocr_line' id='line_1_52' title="bbox 267 3567 1866 3639; baseline 0.003 -19"><span class='ocrx_word' id='word_1_408' title='bbox 267 3567 400 3636; x_wconf 80' lang='lat' dir='ltr'><strong>ego!</strong></span> <span class='ocrx_word' id='word_1_409' title='bbox 426 3567 521 3623; x_wconf 70' lang='grc' dir='ltr'>νω</span> <span class='ocrx_word' id='word_1_410' title='bbox 545 3569 679 3623; x_wconf 88' lang='lat' dir='ltr'><strong>mihi</strong></span> <span class='ocrx_word' id='word_1_411' title='bbox 700 3568 1030 3633; x_wconf 87' lang='lat' dir='ltr'><strong>miserrimo,</strong></span> <span class='ocrx_word' id='word_1_412' title='bbox 1053 3569 1146 3639; x_wconf 92' lang='lat' dir='ltr'><strong>qui</strong></span> <span class='ocrx_word' id='word_1_413' title='bbox 1168 3567 1364 3624; x_wconf 82' lang='lat' dir='ltr'><strong>falsum</strong></span> <span class='ocrx_word' id='word_1_414' title='bbox 1398 3583 1594 3624; x_wconf 87' lang='lat' dir='ltr'><strong>nomen</strong></span> <span class='ocrx_word' id='word_1_415' title='bbox 1617 3570 1866 3625; x_wconf 85' lang='lat' dir='ltr'><strong>monachi</strong></span> 
     </span>
    </p>
   </div>
   <div class='ocr_carea' id='block_1_53' title="bbox 269 3655 1769 3732">
    <p class='ocr_par' dir='ltr' id='par_1_53' title="bbox 269 3655 1769 3732">
     <span class='ocr_line' id='line_1_53' title="bbox 269 3655 1769 3732; baseline 0.004 -22"><span class='ocrx_word' id='word_1_416' title='bbox 269 3655 409 3723; x_wconf 83' lang='lat' dir='ltr'><strong>fero,</strong></span> <span class='ocrx_word' id='word_1_417' title='bbox 433 3659 563 3713; x_wconf 89' lang='lat' dir='ltr'><strong>nihil</strong></span> <span class='ocrx_word' id='word_1_418' title='bbox 587 3659 806 3731; x_wconf 88' lang='lat' dir='ltr'><strong>dignum</strong></span> <span class='ocrx_word' id='word_1_419' title='bbox 830 3658 991 3728; x_wconf 86' lang='lat' dir='ltr'><strong>hujus</strong></span> <span class='ocrx_word' id='word_1_420' title='bbox 1012 3659 1248 3715; x_wconf 91' lang='lat' dir='ltr'><strong>nominis</strong></span> <span class='ocrx_word' id='word_1_421' title='bbox 1266 3670 1324 3714; x_wconf 90' lang='lat' dir='ltr'><strong>et</strong></span> <span class='ocrx_word' id='word_1_422' title='bbox 1343 3660 1563 3715; x_wconf 87' lang='lat' dir='ltr'><strong>habitus</strong></span> <span class='ocrx_word' id='word_1_423' title='bbox 1582 3675 1769 3732; x_wconf 87' lang='lat' dir='ltr'><strong>agens.</strong></span> 
     </span>
    </p>
   </div>
   <div class='ocr_carea' id='block_1_54' title="bbox 340 3749 1865 3822">
    <p class='ocr_par' dir='ltr' id='par_1_54' title="bbox 340 3749 1865 3822">
     <span class='ocr_line' id='line_1_54' title="bbox 340 3749 1865 3822; baseline 0.003 -18"><span class='ocrx_word' id='word_1_424' title='bbox 340 3749 503 3805; x_wconf 78' lang='lat' dir='ltr'><strong>XVII.</strong></span> <span class='ocrx_word' id='word_1_425' title='bbox 550 3749 951 3818; x_wconf 81' lang='lat' dir='ltr'><strong>Verumtamen,</strong></span> <span class='ocrx_word' id='word_1_426' title='bbox 980 3752 1224 3816; x_wconf 89' lang='lat' dir='ltr'><strong>Domine,</strong></span> <span class='ocrx_word' id='word_1_427' title='bbox 1249 3752 1296 3806; x_wconf 90' lang='lat' dir='ltr'><strong>si</strong></span> <span class='ocrx_word' id='word_1_428' title='bbox 1318 3753 1446 3822; x_wconf 91' lang='lat' dir='ltr'><strong>quid</strong></span> <span class='ocrx_word' id='word_1_429' title='bbox 1478 3753 1604 3807; x_wconf 89' lang='lat' dir='ltr'><strong>boni</strong></span> <span class='ocrx_word' id='word_1_430' title='bbox 1639 3752 1865 3809; x_wconf 85' lang='lat' dir='ltr'><strong>forsitan</strong></span> 
     </span>
    </p>
   </div>
   <div class='ocr_carea' id='block_1_55' title="bbox 267 3840 1868 3915">
    <p class='ocr_par' dir='ltr' id='par_1_55' title="bbox 267 3840 1868 3915">
     <span class='ocr_line' id='line_1_55' title="bbox 267 3840 1868 3915; baseline 0.002 -18"><span class='ocrx_word' id='word_1_431' title='bbox 267 3840 431 3905; x_wconf 88' lang='lat' dir='ltr'><strong>facio,</strong></span> <span class='ocrx_word' id='word_1_432' title='bbox 458 3843 543 3897; x_wconf 87' lang='lat' dir='ltr'><strong>vel</strong></span> <span class='ocrx_word' id='word_1_433' title='bbox 564 3842 747 3900; x_wconf 89' lang='lat' dir='ltr'><strong>fecero</strong></span> <span class='ocrx_word' id='word_1_434' title='bbox 770 3854 860 3899; x_wconf 87' lang='lat' dir='ltr'><strong>tua</strong></span> <span class='ocrx_word' id='word_1_435' title='bbox 889 3844 1068 3914; x_wconf 86' lang='lat' dir='ltr'><strong>gratia</strong></span> <span class='ocrx_word' id='word_1_436' title='bbox 1100 3843 1387 3915; x_wconf 77' lang='lat' dir='ltr'><strong>largiente,</strong></span> <span class='ocrx_word' id='word_1_437' title='bbox 1411 3858 1519 3913; x_wconf 92' lang='lat' dir='ltr'><strong>quo</strong></span> <span class='ocrx_word' id='word_1_438' title='bbox 1542 3842 1650 3899; x_wconf 90' lang='lat' dir='ltr'><strong>ﬁne</strong></span> <span class='ocrx_word' id='word_1_439' title='bbox 1669 3843 1868 3900; x_wconf 77' lang='lat' dir='ltr'><strong>faciam</strong></span> 
     </span>
    </p>
   </div>
   <div class='ocr_carea' id='block_1_56' title="bbox 267 3934 1870 4006">
    <p class='ocr_par' dir='ltr' id='par_1_56' title="bbox 267 3934 1870 4006">
     <span class='ocr_line' id='line_1_56' title="bbox 267 3934 1870 4006; baseline 0 -17"><span class='ocrx_word' id='word_1_440' title='bbox 267 3934 408 3998; x_wconf 69' lang='lat' dir='ltr'><strong>hazc,</strong></span> <span class='ocrx_word' id='word_1_441' title='bbox 431 3948 607 4003; x_wconf 85' lang='lat' dir='ltr'><strong>quave</strong></span> <span class='ocrx_word' id='word_1_442' title='bbox 631 3934 972 3990; x_wconf 86' lang='lat' dir='ltr'><strong>districtione</strong></span> <span class='ocrx_word' id='word_1_443' title='bbox 1001 3951 1033 3989; x_wconf 91' lang='lat' dir='ltr'><strong>a</strong></span> <span class='ocrx_word' id='word_1_444' title='bbox 1064 3942 1117 3990; x_wconf 94' lang='lat' dir='ltr'><strong>te</strong></span> <span class='ocrx_word' id='word_1_445' title='bbox 1146 3942 1465 4006; x_wconf 89' lang='lat' dir='ltr'><strong>pensentur,</strong></span> <span class='ocrx_word' id='word_1_446' title='bbox 1495 3934 1706 4006; x_wconf 87' lang='lat' dir='ltr'><strong>ignoro.</strong></span> <span class='ocrx_word' id='word_1_447' title='bbox 1748 3934 1870 3990; x_wconf 84' lang='lat' dir='ltr'><strong>Scis</strong></span> 
     </span>
    </p>
   </div>
   <div class='ocr_carea' id='block_1_57' title="bbox 269 4023 1870 4097">
    <p class='ocr_par' dir='ltr' id='par_1_57' title="bbox 269 4023 1870 4097">
     <span class='ocr_line' id='line_1_57' title="bbox 269 4023 1870 4097; baseline 0.001 -18"><span class='ocrx_word' id='word_1_448' title='bbox 269 4023 450 4089; x_wconf 85' lang='lat' dir='ltr'><strong>enim,</strong></span> <span class='ocrx_word' id='word_1_449' title='bbox 493 4037 657 4094; x_wconf 89' lang='lat' dir='ltr'><strong>quem</strong></span> <span class='ocrx_word' id='word_1_450' title='bbox 694 4025 771 4080; x_wconf 93' lang='lat' dir='ltr'><strong>nil</strong></span> <span class='ocrx_word' id='word_1_451' title='bbox 808 4025 958 4091; x_wconf 87' lang='lat' dir='ltr'><strong>latet,</strong></span> <span class='ocrx_word' id='word_1_452' title='bbox 1002 4025 1133 4097; x_wconf 89' lang='lat' dir='ltr'><strong>quid</strong></span> <span class='ocrx_word' id='word_1_453' title='bbox 1172 4025 1307 4081; x_wconf 89' lang='lat' dir='ltr'><strong>mihi</strong></span> <span class='ocrx_word' id='word_1_454' title='bbox 1346 4024 1609 4081; x_wconf 88' lang='lat' dir='ltr'><strong>acciderit</strong></span> <span class='ocrx_word' id='word_1_455' title='bbox 1648 4034 1870 4097; x_wconf 88' lang='lat' dir='ltr'><strong>propter</strong></span> 
     </span>
    </p>
   </div>
   <div class='ocr_carea' id='block_1_58' title="bbox 242 4115 1870 4187">
    <p class='ocr_par' dir='ltr' id='par_1_58' title="bbox 242 4115 1870 4187">
     <span class='ocr_line' id='line_1_58' title="bbox 242 4115 1870 4187; baseline 0.002 -19"><span class='ocrx_word' id='word_1_456' title='bbox 242 4123 499 4184; x_wconf 77' lang='lat' dir='ltr'><strong>peccata</strong></span> <span class='ocrx_word' id='word_1_457' title='bbox 521 4130 641 4171; x_wconf 88' lang='lat' dir='ltr'><strong>mea</strong></span> <span class='ocrx_word' id='word_1_458' title='bbox 669 4133 682 4169; x_wconf 88' lang='lat'><strong>:</strong></span> <span class='ocrx_word' id='word_1_459' title='bbox 708 4118 979 4187; x_wconf 86' lang='lat' dir='ltr'><strong>quomodo</strong></span> <span class='ocrx_word' id='word_1_460' title='bbox 1001 4118 1053 4172; x_wconf 92' lang='lat' dir='ltr'><strong>in</strong></span> <span class='ocrx_word' id='word_1_461' title='bbox 1077 4119 1181 4182; x_wconf 90' lang='lat' dir='ltr'><strong>via,</strong></span> <span class='ocrx_word' id='word_1_462' title='bbox 1220 4131 1326 4186; x_wconf 89' lang='lat' dir='ltr'><strong>qua</strong></span> <span class='ocrx_word' id='word_1_463' title='bbox 1359 4115 1724 4181; x_wconf 87' lang='lat' dir='ltr'><strong>ambulabam,</strong></span> <span class='ocrx_word' id='word_1_464' title='bbox 1748 4118 1870 4172; x_wconf 88' lang='lat' dir='ltr'><strong>abs-</strong></span> 
     </span>
    </p>
   </div>
   <div class='ocr_carea' id='block_1_59' title="bbox 269 4205 1867 4278">
    <p class='ocr_par' dir='ltr' id='par_1_59' title="bbox 269 4205 1867 4278">
     <span class='ocr_line' id='line_1_59' title="bbox 269 4205 1867 4278; baseline 0.001 -17"><span class='ocrx_word' id='word_1_465' title='bbox 269 4205 576 4262; x_wconf 84' lang='lat' dir='ltr'><strong>conderunt</strong></span> <span class='ocrx_word' id='word_1_466' title='bbox 614 4208 745 4262; x_wconf 84' lang='lat' dir='ltr'><strong>mihi</strong></span> <span class='ocrx_word' id='word_1_467' title='bbox 781 4208 1032 4278; x_wconf 83' lang='lat' dir='ltr'><strong>laqueum</strong></span> <span class='ocrx_word' id='word_1_468' title='bbox 1075 4208 1280 4263; x_wconf 88' lang='lat' dir='ltr'><strong>inimici</strong></span> <span class='ocrx_word' id='word_1_469' title='bbox 1317 4208 1445 4262; x_wconf 89' lang='lat' dir='ltr'><strong>mei.</strong></span> <span class='ocrx_word' id='word_1_470' title='bbox 1489 4206 1696 4274; x_wconf 84' lang='lat' dir='ltr'><strong>Quibus</strong></span> <span class='ocrx_word' id='word_1_471' title='bbox 1734 4209 1867 4263; x_wconf 91' lang='lat' dir='ltr'><strong>mihi</strong></span> 
     </span>
    </p>
   </div>
   <div class='ocr_carea' id='block_1_60' title="bbox 268 4298 1901 4371">
    <p class='ocr_par' dir='ltr' id='par_1_60' title="bbox 268 4298 1901 4371">
     <span class='ocr_line' id='line_1_60' title="bbox 268 4298 1901 4371; baseline 0.002 -19"><span class='ocrx_word' id='word_1_472' title='bbox 268 4312 370 4369; x_wconf 89' lang='lat' dir='ltr'><strong>per</strong></span> <span class='ocrx_word' id='word_1_473' title='bbox 407 4298 716 4365; x_wconf 88' lang='lat' dir='ltr'><strong>hominem,</strong></span> <span class='ocrx_word' id='word_1_474' title='bbox 758 4309 813 4354; x_wconf 86' lang='lat' dir='ltr'><strong>ut</strong></span> <span class='ocrx_word' id='word_1_475' title='bbox 859 4316 1002 4366; x_wconf 88' lang='lat' dir='ltr'><strong>reor,</strong></span> <span class='ocrx_word' id='word_1_476' title='bbox 1047 4300 1457 4365; x_wconf 87' lang='lat' dir='ltr'><strong>insidiantibus,</strong></span> <span class='ocrx_word' id='word_1_477' title='bbox 1500 4301 1637 4371; x_wconf 90' lang='lat' dir='ltr'><strong>proh</strong></span> <span class='ocrx_word' id='word_1_478' title='bbox 1678 4299 1863 4356; x_wconf 93' lang='lat' dir='ltr'><strong>dolor!</strong></span> <span class='ocrx_word' id='word_1_479' title='bbox 1900 4342 1901 4345; x_wconf 57' lang='grc' dir='ltr'><strong>η</strong></span> 
     </span>
    </p>
   </div>
   <div class='ocr_carea' id='block_1_61' title="bbox 270 4388 1866 4457">
    <p class='ocr_par' dir='ltr' id='par_1_61' title="bbox 270 4388 1866 4457">
     <span class='ocr_line' id='line_1_61' title="bbox 270 4388 1866 4457; baseline 0.001 -15"><span class='ocrx_word' id='word_1_480' title='bbox 270 4388 433 4444; x_wconf 83' lang='lat' dir='ltr'><strong>amisi</strong></span> <span class='ocrx_word' id='word_1_481' title='bbox 473 4389 649 4446; x_wconf 90' lang='lat' dir='ltr'><strong>locum</strong></span> <span class='ocrx_word' id='word_1_482' title='bbox 688 4391 900 4448; x_wconf 69' lang='lat' dir='ltr'><strong>dilecta:</strong></span> <span class='ocrx_word' id='word_1_483' title='bbox 938 4391 1262 4457; x_wconf 85' lang='lat' dir='ltr'><strong>solitudinis,</strong></span> <span class='ocrx_word' id='word_1_484' title='bbox 1308 4390 1543 4445; x_wconf 90' lang='lat' dir='ltr'><strong>amicum</strong></span> <span class='ocrx_word' id='word_1_485' title='bbox 1590 4390 1866 4455; x_wconf 48' lang='lat' dir='ltr'><strong>maeroris,</strong></span> 
     </span>
    </p>
   </div>
   <div class='ocr_carea' id='block_1_62' title="bbox 270 4480 1942 4585">
    <p class='ocr_par' dir='ltr' id='par_1_62' title="bbox 270 4480 1942 4585">
     <span class='ocr_line' id='line_1_62' title="bbox 270 4480 1942 4585; baseline 0.002 -52"><span class='ocrx_word' id='word_1_486' title='bbox 270 4480 495 4549; x_wconf 72' lang='lat' dir='ltr'><strong>quietis,</strong></span> <span class='ocrx_word' id='word_1_487' title='bbox 525 4490 585 4536; x_wconf 93' lang='lat' dir='ltr'><strong>et</strong></span> <span class='ocrx_word' id='word_1_488' title='bbox 610 4480 985 4552; x_wconf 72' lang='lat' dir='ltr'><strong>pmnitudinis,</strong></span> <span class='ocrx_word' id='word_1_489' title='bbox 1017 4497 1177 4553; x_wconf 87' lang='lat' dir='ltr'><strong>quem</strong></span> <span class='ocrx_word' id='word_1_490' title='bbox 1203 4481 1272 4537; x_wconf 91' lang='lat' dir='ltr'><strong>ab</strong></span> <span class='ocrx_word' id='word_1_491' title='bbox 1299 4483 1519 4539; x_wconf 88' lang='lat' dir='ltr'><strong>ineunte</strong></span> <span class='ocrx_word' id='word_1_492' title='bbox 1540 4489 1700 4537; x_wconf 66' lang='lat' dir='ltr'><strong>aetate</strong></span> <span class='ocrx_word' id='word_1_493' title='bbox 1724 4497 1869 4537; x_wconf 85' lang='lat' dir='ltr'><strong>sem-</strong></span> <span class='ocrx_word' id='word_1_494' title='bbox 1896 4523 1942 4585; x_wconf 68' lang='grc' dir='ltr'><strong>ο</strong></span> 
     </span>
    </p>
   </div>
   <div class='ocr_carea' id='block_1_63' title="bbox 269 4570 1865 4646">
    <p class='ocr_par' dir='ltr' id='par_1_63' title="bbox 269 4570 1865 4646">
     <span class='ocr_line' id='line_1_63' title="bbox 269 4570 1865 4646; baseline 0.003 -22"><span class='ocrx_word' id='word_1_495' title='bbox 269 4585 369 4640; x_wconf 84' lang='lat' dir='ltr'><strong>per</strong></span> <span class='ocrx_word' id='word_1_496' title='bbox 393 4571 579 4627; x_wconf 79' lang='lat' dir='ltr'><strong>dilexi.</strong></span> <span class='ocrx_word' id='word_1_497' title='bbox 612 4572 819 4629; x_wconf 85' lang='lat' dir='ltr'><strong>Idcirco</strong></span> <span class='ocrx_word' id='word_1_498' title='bbox 856 4574 911 4629; x_wconf 91' lang='lat' dir='ltr'><strong>in</strong></span> <span class='ocrx_word' id='word_1_499' title='bbox 939 4574 1186 4646; x_wconf 75' lang='lat' dir='ltr'><strong>angustia</strong></span> <span class='ocrx_word' id='word_1_500' title='bbox 1211 4582 1267 4630; x_wconf 92' lang='lat' dir='ltr'><strong>et</strong></span> <span class='ocrx_word' id='word_1_501' title='bbox 1301 4588 1538 4630; x_wconf 71' lang='grc' dir='ltr'><strong>ωωτονθ</strong></span> <span class='ocrx_word' id='word_1_502' title='bbox 1573 4570 1746 4628; x_wconf 88' lang='lat' dir='ltr'><strong>multo</strong></span> <span class='ocrx_word' id='word_1_503' title='bbox 1769 4589 1865 4644; x_wconf 88' lang='lat' dir='ltr'><strong>po-</strong></span> 
     </span>
    </p>
   </div>
   <div class='ocr_carea' id='block_1_64' title="bbox 270 4662 1867 4736">
    <p class='ocr_par' dir='ltr' id='par_1_64' title="bbox 270 4662 1867 4736">
     <span class='ocr_line' id='line_1_64' title="bbox 270 4662 1867 4736; baseline 0.003 -21"><span class='ocrx_word' id='word_1_504' title='bbox 270 4662 379 4716; x_wconf 88' lang='lat' dir='ltr'><strong>sita</strong></span> <span class='ocrx_word' id='word_1_505' title='bbox 407 4671 493 4719; x_wconf 88' lang='lat' dir='ltr'><strong>est</strong></span> <span class='ocrx_word' id='word_1_506' title='bbox 529 4665 709 4719; x_wconf 91' lang='lat' dir='ltr'><strong>anima</strong></span> <span class='ocrx_word' id='word_1_507' title='bbox 752 4681 894 4730; x_wconf 87' lang='lat' dir='ltr'><strong>mea,</strong></span> <span class='ocrx_word' id='word_1_508' title='bbox 936 4673 1088 4721; x_wconf 87' lang='lat' dir='ltr'><strong>tuum</strong></span> <span class='ocrx_word' id='word_1_509' title='bbox 1130 4680 1295 4735; x_wconf 89' lang='lat' dir='ltr'><strong>super</strong></span> <span class='ocrx_word' id='word_1_510' title='bbox 1335 4680 1394 4721; x_wconf 86' lang='lat' dir='ltr'><strong>se</strong></span> <span class='ocrx_word' id='word_1_511' title='bbox 1433 4665 1691 4736; x_wconf 75' lang='lat' dir='ltr'><strong>ignorans</strong></span> <span class='ocrx_word' id='word_1_512' title='bbox 1720 4662 1867 4733; x_wconf 89' lang='lat' dir='ltr'><strong>judi-</strong></span> 
     </span>
    </p>
   </div>
   <div class='ocr_carea' id='block_1_65' title="bbox 268 4753 1865 4826">
    <p class='ocr_par' dir='ltr' id='par_1_65' title="bbox 268 4753 1865 4826">
     <span class='ocr_line' id='line_1_65' title="bbox 268 4753 1865 4826; baseline 0.003 -19"><span class='ocrx_word' id='word_1_513' title='bbox 268 4753 447 4819; x_wconf 86' lang='lat' dir='ltr'><strong>cium,</strong></span> <span class='ocrx_word' id='word_1_514' title='bbox 477 4754 603 4824; x_wconf 88' lang='lat' dir='ltr'><strong>quia</strong></span> <span class='ocrx_word' id='word_1_515' title='bbox 641 4764 907 4811; x_wconf 89' lang='lat' dir='ltr'><strong>secretum</strong></span> <span class='ocrx_word' id='word_1_516' title='bbox 937 4755 1110 4811; x_wconf 79' lang='lat' dir='ltr'><strong>solitae</strong></span> <span class='ocrx_word' id='word_1_517' title='bbox 1135 4756 1334 4825; x_wconf 90' lang='lat' dir='ltr'><strong>quietis</strong></span> <span class='ocrx_word' id='word_1_518' title='bbox 1360 4764 1415 4810; x_wconf 90' lang='lat' dir='ltr'><strong>et</strong></span> <span class='ocrx_word' id='word_1_519' title='bbox 1451 4765 1768 4826; x_wconf 78' lang='lat' dir='ltr'><strong>opportuna:</strong></span> <span class='ocrx_word' id='word_1_520' title='bbox 1796 4757 1865 4811; x_wconf 88' lang='lat' dir='ltr'><strong>ad</strong></span> 
     </span>
    </p>
   </div>
   <div class='ocr_carea' id='block_1_66' title="bbox 271 4846 1868 4917">
    <p class='ocr_par' dir='ltr' id='par_1_66' title="bbox 271 4846 1868 4917">
     <span class='ocr_line' id='line_1_66' title="bbox 271 4846 1868 4917; baseline 0.002 -18"><span class='ocrx_word' id='word_1_521' title='bbox 271 4852 326 4899; x_wconf 87' lang='lat' dir='ltr'><strong>te</strong></span> <span class='ocrx_word' id='word_1_522' title='bbox 350 4846 670 4912; x_wconf 84' lang='lat' dir='ltr'><strong>vacationis,</strong></span> <span class='ocrx_word' id='word_1_523' title='bbox 700 4846 845 4917; x_wconf 90' lang='lat' dir='ltr'><strong>quod</strong></span> <span class='ocrx_word' id='word_1_524' title='bbox 884 4847 1049 4902; x_wconf 90' lang='lat' dir='ltr'><strong>semel</strong></span> <span class='ocrx_word' id='word_1_525' title='bbox 1092 4848 1342 4902; x_wconf 88' lang='lat' dir='ltr'><strong>incautus</strong></span> <span class='ocrx_word' id='word_1_526' title='bbox 1368 4847 1547 4911; x_wconf 91' lang='lat' dir='ltr'><strong>amisi,</strong></span> <span class='ocrx_word' id='word_1_527' title='bbox 1574 4846 1753 4902; x_wconf 89' lang='lat' dir='ltr'><strong>denuo</strong></span> <span class='ocrx_word' id='word_1_528' title='bbox 1784 4847 1868 4902; x_wconf 58' lang='lat' dir='ltr'><strong>in-</strong></span> 
     </span>
    </p>
   </div>
   <div class='ocr_carea' id='block_1_67' title="bbox 268 4937 1865 5011">
    <p class='ocr_par' dir='ltr' id='par_1_67' title="bbox 268 4937 1865 5011">
     <span class='ocr_line' id='line_1_67' title="bbox 268 4937 1865 5011; baseline 0.001 -19"><span class='ocrx_word' id='word_1_529' title='bbox 268 4937 463 4995; x_wconf 77' lang='lat' dir='ltr'><strong>venire</strong></span> <span class='ocrx_word' id='word_1_530' title='bbox 487 4955 593 4996; x_wconf 90' lang='lat' dir='ltr'><strong>non</strong></span> <span class='ocrx_word' id='word_1_531' title='bbox 624 4941 792 5011; x_wconf 89' lang='lat' dir='ltr'><strong>potui.</strong></span> <span class='ocrx_word' id='word_1_532' title='bbox 823 4940 935 4996; x_wconf 81' lang='lat' dir='ltr'><strong>Hoc</strong></span> <span class='ocrx_word' id='word_1_533' title='bbox 960 4948 1143 4995; x_wconf 88' lang='lat' dir='ltr'><strong>autem</strong></span> <span class='ocrx_word' id='word_1_534' title='bbox 1171 4947 1300 5009; x_wconf 89' lang='lat' dir='ltr'><strong>opto</strong></span> <span class='ocrx_word' id='word_1_535' title='bbox 1327 4938 1523 5005; x_wconf 88' lang='lat' dir='ltr'><strong>adhuc,</strong></span> <span class='ocrx_word' id='word_1_536' title='bbox 1553 4939 1785 5008; x_wconf 85' lang='lat' dir='ltr'><strong>suspiro,</strong></span> <span class='ocrx_word' id='word_1_537' title='bbox 1809 4948 1865 4994; x_wconf 88' lang='lat' dir='ltr'><strong>et</strong></span> 
     </span>
    </p>
   </div>
   <div class='ocr_carea' id='block_1_68' title="bbox 309 5089 532 5109">
    <p class='ocr_par' dir='ltr' id='par_1_68' title="bbox 309 5089 532 5109">
     <span class='ocr_line' id='line_1_68' title="bbox 309 5089 532 5109; baseline -0.004 -2"><span class='ocrx_word' id='word_1_538' title='bbox 309 5089 532 5109; x_wconf 74' lang='lat'><strong>—</strong></span> 
     </span>
    </p>
   </div>
   <div class='ocr_carea' id='block_1_69' title="bbox 1978 1918 3571 1994">
    <p class='ocr_par' dir='ltr' id='par_1_69' title="bbox 1978 1918 3571 1994">
     <span class='ocr_line' id='line_1_69' title="bbox 1978 1918 3571 1994; baseline 0.003 -21"><span class='ocrx_word' id='word_1_539' title='bbox 1978 1928 2029 1974; x_wconf 87' lang='lat' dir='ltr'><strong>te</strong></span> <span class='ocrx_word' id='word_1_540' title='bbox 2060 1918 2371 1988; x_wconf 84' lang='lat' dir='ltr'><strong>adjuvaute,</strong></span> <span class='ocrx_word' id='word_1_541' title='bbox 2419 1928 2472 1975; x_wconf 89' lang='lat' dir='ltr'><strong>te</strong></span> <span class='ocrx_word' id='word_1_542' title='bbox 2514 1920 2808 1990; x_wconf 89' lang='lat' dir='ltr'><strong>incipiente</strong></span> <span class='ocrx_word' id='word_1_543' title='bbox 2834 1929 2892 1977; x_wconf 88' lang='lat' dir='ltr'><strong>et</strong></span> <span class='ocrx_word' id='word_1_544' title='bbox 2927 1929 2982 1977; x_wconf 89' lang='lat' dir='ltr'><strong>te</strong></span> <span class='ocrx_word' id='word_1_545' title='bbox 3021 1922 3359 1994; x_wconf 81' lang='lat' dir='ltr'><strong>perficiente,</strong></span> <span class='ocrx_word' id='word_1_546' title='bbox 3390 1938 3423 1977; x_wconf 89' lang='lat' dir='ltr'><strong>a</strong></span> <span class='ocrx_word' id='word_1_547' title='bbox 3461 1939 3571 1994; x_wconf 90' lang='lat' dir='ltr'><strong>quo</strong></span> 
     </span>
    </p>
   </div>
   <div class='ocr_carea' id='block_1_70' title="bbox 1974 2011 3568 2082">
    <p class='ocr_par' dir='ltr' id='par_1_70' title="bbox 1974 2011 3568 2082">
     <span class='ocr_line' id='line_1_70' title="bbox 1974 2011 3568 2082; baseline 0.004 -20"><span class='ocrx_word' id='word_1_548' title='bbox 1974 2011 2293 2079; x_wconf 85' lang='lat' dir='ltr'><strong>procedunt,</strong></span> <span class='ocrx_word' id='word_1_549' title='bbox 2317 2020 2373 2066; x_wconf 87' lang='lat' dir='ltr'><strong>et</strong></span> <span class='ocrx_word' id='word_1_550' title='bbox 2398 2027 2497 2081; x_wconf 89' lang='lat' dir='ltr'><strong>per</strong></span> <span class='ocrx_word' id='word_1_551' title='bbox 2519 2026 2678 2082; x_wconf 84' lang='lat' dir='ltr'><strong>quem</strong></span> <span class='ocrx_word' id='word_1_552' title='bbox 2704 2012 3062 2082; x_wconf 89' lang='lat' dir='ltr'><strong>perﬁciuntur</strong></span> <span class='ocrx_word' id='word_1_553' title='bbox 3083 2015 3266 2069; x_wconf 88' lang='lat' dir='ltr'><strong>omnia</strong></span> <span class='ocrx_word' id='word_1_554' title='bbox 3290 2015 3454 2080; x_wconf 88' lang='lat' dir='ltr'><strong>bona,</strong></span> <span class='ocrx_word' id='word_1_555' title='bbox 3478 2015 3568 2069; x_wconf 87' lang='lat' dir='ltr'><strong>illa</strong></span> 
     </span>
    </p>
   </div>
   <div class='ocr_carea' id='block_1_71' title="bbox 1974 2103 3570 2177">
    <p class='ocr_par' dir='ltr' id='par_1_71' title="bbox 1974 2103 3570 2177">
     <span class='ocr_line' id='line_1_71' title="bbox 1974 2103 3570 2177; baseline 0.006 -23"><span class='ocrx_word' id='word_1_556' title='bbox 1974 2117 2187 2172; x_wconf 74' lang='lat' dir='ltr'><strong>semper</strong></span> <span class='ocrx_word' id='word_1_557' title='bbox 2219 2104 2465 2158; x_wconf 88' lang='lat' dir='ltr'><strong>studeam</strong></span> <span class='ocrx_word' id='word_1_558' title='bbox 2505 2103 2764 2175; x_wconf 88' lang='lat' dir='ltr'><strong>cogitare,</strong></span> <span class='ocrx_word' id='word_1_559' title='bbox 2805 2103 2972 2174; x_wconf 91' lang='lat' dir='ltr'><strong>loqui,</strong></span> <span class='ocrx_word' id='word_1_560' title='bbox 3013 2114 3069 2161; x_wconf 88' lang='lat' dir='ltr'><strong>et</strong></span> <span class='ocrx_word' id='word_1_561' title='bbox 3098 2121 3280 2177; x_wconf 84' lang='lat' dir='ltr'><strong>agere,</strong></span> <span class='ocrx_word' id='word_1_562' title='bbox 3313 2123 3432 2177; x_wconf 84' lang='lat' dir='ltr'><strong>quae</strong></span> <span class='ocrx_word' id='word_1_563' title='bbox 3471 2108 3570 2164; x_wconf 88' lang='lat' dir='ltr'><strong>tibi</strong></span> 
     </span>
    </p>
   </div>
   <div class='ocr_carea' id='block_1_72' title="bbox 1972 2191 3570 2266">
    <p class='ocr_par' dir='ltr' id='par_1_72' title="bbox 1972 2191 3570 2266">
     <span class='ocr_line' id='line_1_72' title="bbox 1972 2191 3570 2266; baseline 0.005 -23"><span class='ocrx_word' id='word_1_564' title='bbox 1972 2191 2219 2259; x_wconf 86' lang='lat' dir='ltr'><strong>placeant</strong></span> <span class='ocrx_word' id='word_1_565' title='bbox 2248 2192 2302 2247; x_wconf 89' lang='lat' dir='ltr'><strong>in</strong></span> <span class='ocrx_word' id='word_1_566' title='bbox 2334 2192 2585 2255; x_wconf 87' lang='lat' dir='ltr'><strong>veritate,</strong></span> <span class='ocrx_word' id='word_1_567' title='bbox 2621 2202 2675 2247; x_wconf 89' lang='lat' dir='ltr'><strong>et</strong></span> <span class='ocrx_word' id='word_1_568' title='bbox 2700 2209 2787 2248; x_wconf 85' lang='lat' dir='ltr'><strong>me</strong></span> <span class='ocrx_word' id='word_1_569' title='bbox 2818 2194 3033 2247; x_wconf 89' lang='lat' dir='ltr'><strong>tandem</strong></span> <span class='ocrx_word' id='word_1_570' title='bbox 3071 2195 3144 2249; x_wconf 90' lang='lat' dir='ltr'><strong>ad</strong></span> <span class='ocrx_word' id='word_1_571' title='bbox 3173 2195 3341 2249; x_wconf 87' lang='lat' dir='ltr'><strong>vitam</strong></span> <span class='ocrx_word' id='word_1_572' title='bbox 3371 2198 3570 2266; x_wconf 59' lang='lat' dir='ltr'><strong>perduc</strong></span> 
     </span>
    </p>
   </div>
   <div class='ocr_carea' id='block_1_73' title="bbox 1970 2282 3567 2354">
    <p class='ocr_par' dir='ltr' id='par_1_73' title="bbox 1970 2282 3567 2354">
     <span class='ocr_line' id='line_1_73' title="bbox 1970 2282 3567 2354; baseline 0.004 -19"><span class='ocrx_word' id='word_1_573' title='bbox 1970 2289 2096 2335; x_wconf 84' lang='lat' dir='ltr'><strong>cant</strong></span> <span class='ocrx_word' id='word_1_574' title='bbox 2120 2289 2409 2347; x_wconf 80' lang='lat' dir='ltr'><strong>:eternam;</strong></span> <span class='ocrx_word' id='word_1_575' title='bbox 2436 2290 2488 2336; x_wconf 92' lang='lat' dir='ltr'><strong>te</strong></span> <span class='ocrx_word' id='word_1_576' title='bbox 2512 2282 2824 2344; x_wconf 83' lang='lat' dir='ltr'><strong>miserante,</strong></span> <span class='ocrx_word' id='word_1_577' title='bbox 2845 2289 2899 2335; x_wconf 89' lang='lat' dir='ltr'><strong>te</strong></span> <span class='ocrx_word' id='word_1_578' title='bbox 2925 2283 3175 2347; x_wconf 89' lang='lat' dir='ltr'><strong>donante,</strong></span> <span class='ocrx_word' id='word_1_579' title='bbox 3198 2298 3297 2354; x_wconf 90' lang='lat' dir='ltr'><strong>per</strong></span> <span class='ocrx_word' id='word_1_580' title='bbox 3316 2288 3567 2341; x_wconf 83' lang='lat' dir='ltr'><strong>eumdem</strong></span> 
     </span>
    </p>
   </div>
   <div class='ocr_carea' id='block_1_74' title="bbox 1970 2373 3570 2444">
    <p class='ocr_par' dir='ltr' id='par_1_74' title="bbox 1970 2373 3570 2444">
     <span class='ocr_line' id='line_1_74' title="bbox 1970 2373 3570 2444; baseline 0.003 -15"><span class='ocrx_word' id='word_1_581' title='bbox 1970 2374 2153 2431; x_wconf 86' lang='lat' dir='ltr'><strong>Jcsum</strong></span> <span class='ocrx_word' id='word_1_582' title='bbox 2177 2373 2371 2429; x_wconf 83' lang='lat' dir='ltr'><strong>Filium</strong></span> <span class='ocrx_word' id='word_1_583' title='bbox 2397 2381 2545 2427; x_wconf 88' lang='lat' dir='ltr'><strong>tuum</strong></span> <span class='ocrx_word' id='word_1_584' title='bbox 2572 2374 2896 2427; x_wconf 81' lang='lat' dir='ltr'><strong>salvatorem</strong></span> <span class='ocrx_word' id='word_1_585' title='bbox 2922 2381 2977 2428; x_wconf 91' lang='lat' dir='ltr'><strong>et</strong></span> <span class='ocrx_word' id='word_1_586' title='bbox 3005 2374 3438 2444; x_wconf 81' lang='lat' dir='ltr'><strong>recuperatorem</strong></span> <span class='ocrx_word' id='word_1_587' title='bbox 3469 2393 3570 2433; x_wconf 89' lang='lat' dir='ltr'><strong>no-</strong></span> 
     </span>
    </p>
   </div>
   <div class='ocr_carea' id='block_1_75' title="bbox 1973 2465 3572 2536">
    <p class='ocr_par' dir='ltr' id='par_1_75' title="bbox 1973 2465 3572 2536">
     <span class='ocr_line' id='line_1_75' title="bbox 1973 2465 3572 2536; baseline 0.002 -14"><span class='ocrx_word' id='word_1_588' title='bbox 1973 2476 2171 2531; x_wconf 87' lang='lat' dir='ltr'><strong>strum,</strong></span> <span class='ocrx_word' id='word_1_589' title='bbox 2200 2465 2293 2536; x_wconf 89' lang='lat' dir='ltr'><strong>qui</strong></span> <span class='ocrx_word' id='word_1_590' title='bbox 2340 2472 2587 2521; x_wconf 89' lang='lat' dir='ltr'><strong>mortuus</strong></span> <span class='ocrx_word' id='word_1_591' title='bbox 2625 2472 2708 2519; x_wconf 87' lang='lat' dir='ltr'><strong>est</strong></span> <span class='ocrx_word' id='word_1_592' title='bbox 2749 2472 2969 2534; x_wconf 89' lang='lat' dir='ltr'><strong>propter</strong></span> <span class='ocrx_word' id='word_1_593' title='bbox 3006 2474 3231 2535; x_wconf 84' lang='lat' dir='ltr'><strong>peccata</strong></span> <span class='ocrx_word' id='word_1_594' title='bbox 3268 2475 3475 2534; x_wconf 90' lang='lat' dir='ltr'><strong>nostra,</strong></span> <span class='ocrx_word' id='word_1_595' title='bbox 3515 2476 3572 2525; x_wconf 85' lang='lat' dir='ltr'><strong>ct</strong></span> 
     </span>
    </p>
   </div>
   <div class='ocr_carea' id='block_1_76' title="bbox 1972 2558 3262 2630">
    <p class='ocr_par' dir='ltr' id='par_1_76' title="bbox 1972 2558 3262 2630">
     <span class='ocr_line' id='line_1_76' title="bbox 1972 2558 3262 2630; baseline -0.002 -15"><span class='ocrx_word' id='word_1_596' title='bbox 1972 2560 2273 2616; x_wconf 64' lang='lat' dir='ltr'><strong>resurrexit</strong></span> <span class='ocrx_word' id='word_1_597' title='bbox 2297 2566 2523 2630; x_wconf 84' lang='lat' dir='ltr'><strong>propter</strong></span> <span class='ocrx_word' id='word_1_598' title='bbox 2550 2558 2969 2613; x_wconf 74' lang='lat' dir='ltr'><strong>viviticationem</strong></span> <span class='ocrx_word' id='word_1_599' title='bbox 3001 2566 3262 2614; x_wconf 87' lang='lat' dir='ltr'><strong>nostram.</strong></span> 
     </span>
    </p>
   </div>
   <div class='ocr_carea' id='block_1_77' title="bbox 2044 2648 3568 2720">
    <p class='ocr_par' dir='ltr' id='par_1_77' title="bbox 2044 2648 3568 2720">
     <span class='ocr_line' id='line_1_77' title="bbox 2044 2648 3568 2720; baseline -0.004 -13"><span class='ocrx_word' id='word_1_600' title='bbox 2044 2650 2231 2707; x_wconf 75' lang='lat' dir='ltr'><strong>XVIII.</strong></span> <span class='ocrx_word' id='word_1_601' title='bbox 2271 2650 2375 2705; x_wconf 90' lang='lat' dir='ltr'><strong>Per</strong></span> <span class='ocrx_word' id='word_1_602' title='bbox 2405 2652 2580 2720; x_wconf 89' lang='lat' dir='ltr'><strong>ipsum</strong></span> <span class='ocrx_word' id='word_1_603' title='bbox 2611 2664 2880 2703; x_wconf 87' lang='lat' dir='ltr'><strong>summum</strong></span> <span class='ocrx_word' id='word_1_604' title='bbox 2910 2648 3266 2714; x_wconf 88' lang='lat' dir='ltr'><strong>sacerdotem,</strong></span> <span class='ocrx_word' id='word_1_605' title='bbox 3294 2657 3352 2705; x_wconf 84' lang='lat' dir='ltr'><strong>et</strong></span> <span class='ocrx_word' id='word_1_606' title='bbox 3378 2662 3568 2704; x_wconf 89' lang='lat' dir='ltr'><strong>verum</strong></span> 
     </span>
    </p>
   </div>
   <div class='ocr_carea' id='block_1_78' title="bbox 1970 2739 3565 2813">
    <p class='ocr_par' dir='ltr' id='par_1_78' title="bbox 1970 2739 3565 2813">
     <span class='ocr_line' id='line_1_78' title="bbox 1970 2739 3565 2813; baseline -0.003 -15"><span class='ocrx_word' id='word_1_607' title='bbox 1970 2742 2302 2813; x_wconf 87' lang='lat' dir='ltr'><strong>pontiﬁcem,</strong></span> <span class='ocrx_word' id='word_1_608' title='bbox 2330 2741 2423 2812; x_wconf 89' lang='lat' dir='ltr'><strong>qui</strong></span> <span class='ocrx_word' id='word_1_609' title='bbox 2450 2755 2510 2796; x_wconf 90' lang='lat' dir='ltr'><strong>se</strong></span> <span class='ocrx_word' id='word_1_610' title='bbox 2539 2740 2635 2795; x_wconf 89' lang='lat' dir='ltr'><strong>tibi</strong></span> <span class='ocrx_word' id='word_1_611' title='bbox 2658 2741 2856 2795; x_wconf 71' lang='lat' dir='ltr'><strong>obtulit</strong></span> <span class='ocrx_word' id='word_1_612' title='bbox 2879 2740 2930 2795; x_wconf 90' lang='lat' dir='ltr'><strong>in</strong></span> <span class='ocrx_word' id='word_1_613' title='bbox 2957 2739 3310 2806; x_wconf 83' lang='lat' dir='ltr'><strong>sacriﬁcium,</strong></span> <span class='ocrx_word' id='word_1_614' title='bbox 3335 2748 3389 2795; x_wconf 89' lang='lat' dir='ltr'><strong>te</strong></span> <span class='ocrx_word' id='word_1_615' title='bbox 3413 2754 3565 2810; x_wconf 89' lang='lat' dir='ltr'><strong>rogo,</strong></span> 
     </span>
    </p>
   </div>
   <div class='ocr_carea' id='block_1_79' title="bbox 1972 2834 3568 2906">
    <p class='ocr_par' dir='ltr' id='par_1_79' title="bbox 1972 2834 3568 2906">
     <span class='ocr_line' id='line_1_79' title="bbox 1972 2834 3568 2906; baseline 0 -16"><span class='ocrx_word' id='word_1_616' title='bbox 1972 2835 2181 2906; x_wconf 86' lang='lat' dir='ltr'><strong>respice</strong></span> <span class='ocrx_word' id='word_1_617' title='bbox 2232 2850 2353 2899; x_wconf 88' lang='lat' dir='ltr'><strong>me,</strong></span> <span class='ocrx_word' id='word_1_618' title='bbox 2407 2844 2466 2890; x_wconf 89' lang='lat' dir='ltr'><strong>et</strong></span> <span class='ocrx_word' id='word_1_619' title='bbox 2514 2835 2776 2890; x_wconf 88' lang='lat' dir='ltr'><strong>miserere</strong></span> <span class='ocrx_word' id='word_1_620' title='bbox 2826 2835 2965 2900; x_wconf 88' lang='lat' dir='ltr'><strong>mei;</strong></span> <span class='ocrx_word' id='word_1_621' title='bbox 3017 2834 3213 2890; x_wconf 74' lang='lat' dir='ltr'><strong>exaudi</strong></span> <span class='ocrx_word' id='word_1_622' title='bbox 3263 2834 3568 2890; x_wconf 85' lang='lat' dir='ltr'><strong>orationem</strong></span> 
     </span>
    </p>
   </div>
   <div class='ocr_carea' id='block_1_80' title="bbox 1970 2923 3571 2997">
    <p class='ocr_par' dir='ltr' id='par_1_80' title="bbox 1970 2923 3571 2997">
     <span class='ocr_line' id='line_1_80' title="bbox 1970 2923 3571 2997; baseline -0.004 -13"><span class='ocrx_word' id='word_1_623' title='bbox 1970 2943 2173 2995; x_wconf 80' lang='lat' dir='ltr'><strong>meam,</strong></span> <span class='ocrx_word' id='word_1_624' title='bbox 2202 2935 2259 2983; x_wconf 86' lang='lat' dir='ltr'><strong>et</strong></span> <span class='ocrx_word' id='word_1_625' title='bbox 2294 2928 2360 2983; x_wconf 90' lang='lat' dir='ltr'><strong>da</strong></span> <span class='ocrx_word' id='word_1_626' title='bbox 2408 2926 2546 2981; x_wconf 89' lang='lat' dir='ltr'><strong>mihi</strong></span> <span class='ocrx_word' id='word_1_627' title='bbox 2595 2926 2825 2997; x_wconf 83' lang='lat' dir='ltr'><strong>gratiam</strong></span> <span class='ocrx_word' id='word_1_628' title='bbox 2867 2935 3016 2979; x_wconf 90' lang='lat' dir='ltr'><strong>tuam</strong></span> <span class='ocrx_word' id='word_1_629' title='bbox 3059 2933 3285 2997; x_wconf 91' lang='lat' dir='ltr'><strong>propter</strong></span> <span class='ocrx_word' id='word_1_630' title='bbox 3327 2923 3571 2979; x_wconf 88' lang='lat' dir='ltr'><strong>multitu-</strong></span> 
     </span>
    </p>
   </div>
   <div class='ocr_carea' id='block_1_81' title="bbox 1971 3013 3573 3087">
    <p class='ocr_par' dir='ltr' id='par_1_81' title="bbox 1971 3013 3573 3087">
     <span class='ocr_line' id='line_1_81' title="bbox 1971 3013 3573 3087; baseline -0.005 -12"><span class='ocrx_word' id='word_1_631' title='bbox 1971 3019 2153 3076; x_wconf 79' lang='lat' dir='ltr'><strong>dinem</strong></span> <span class='ocrx_word' id='word_1_632' title='bbox 2183 3018 2442 3075; x_wconf 85' lang='lat' dir='ltr'><strong>bonitatis</strong></span> <span class='ocrx_word' id='word_1_633' title='bbox 2469 3024 2604 3083; x_wconf 66' lang='lat' dir='ltr'><strong>tum;</strong></span> <span class='ocrx_word' id='word_1_634' title='bbox 2632 3025 2688 3073; x_wconf 89' lang='lat' dir='ltr'><strong>et</strong></span> <span class='ocrx_word' id='word_1_635' title='bbox 2717 3017 2784 3072; x_wconf 90' lang='lat' dir='ltr'><strong>de</strong></span> <span class='ocrx_word' id='word_1_636' title='bbox 2812 3016 3106 3087; x_wconf 55' lang='lat' dir='ltr'><strong>praeteritis</strong></span> <span class='ocrx_word' id='word_1_637' title='bbox 3136 3015 3293 3071; x_wconf 88' lang='lat' dir='ltr'><strong>malis</strong></span> <span class='ocrx_word' id='word_1_638' title='bbox 3323 3015 3461 3070; x_wconf 90' lang='lat' dir='ltr'><strong>meis</strong></span> <span class='ocrx_word' id='word_1_639' title='bbox 3484 3013 3573 3070; x_wconf 89' lang='lat' dir='ltr'><strong>iu-</strong></span> 
     </span>
    </p>
   </div>
   <div class='ocr_carea' id='block_1_82' title="bbox 1974 3106 3570 3181">
    <p class='ocr_par' dir='ltr' id='par_1_82' title="bbox 1974 3106 3570 3181">
     <span class='ocr_line' id='line_1_82' title="bbox 1974 3106 3570 3181; baseline -0.004 -14"><span class='ocrx_word' id='word_1_640' title='bbox 1974 3110 2329 3181; x_wconf 84' lang='lat' dir='ltr'><strong>dulgcntiam,</strong></span> <span class='ocrx_word' id='word_1_641' title='bbox 2360 3111 2428 3166; x_wconf 90' lang='lat' dir='ltr'><strong>de</strong></span> <span class='ocrx_word' id='word_1_642' title='bbox 2466 3110 2826 3181; x_wconf 77' lang='lat' dir='ltr'><strong>praesentibus</strong></span> <span class='ocrx_word' id='word_1_643' title='bbox 2867 3109 3102 3164; x_wconf 89' lang='lat' dir='ltr'><strong>concede</strong></span> <span class='ocrx_word' id='word_1_644' title='bbox 3142 3108 3276 3163; x_wconf 90' lang='lat' dir='ltr'><strong>mihi</strong></span> <span class='ocrx_word' id='word_1_645' title='bbox 3315 3106 3570 3161; x_wconf 79' lang='lat' dir='ltr'><strong>emenda-</strong></span> 
     </span>
    </p>
   </div>
   <div class='ocr_carea' id='block_1_83' title="bbox 1892 3172 3569 3271">
    <p class='ocr_par' dir='ltr' id='par_1_83' title="bbox 1892 3172 3569 3271">
     <span class='ocr_line' id='line_1_83' title="bbox 1892 3172 3569 3271; baseline -0.004 -14"><span class='ocrx_word' id='word_1_646' title='bbox 1892 3172 1943 3237; x_wconf 65' lang='grc' dir='ltr'><strong>θ</strong></span> <span class='ocrx_word' id='word_1_647' title='bbox 1976 3172 2208 3265; x_wconf 65' lang='lat' dir='ltr'><strong>tionem,</strong></span> <span class='ocrx_word' id='word_1_648' title='bbox 2246 3172 2322 3256; x_wconf 77' lang='lat' dir='ltr'><strong>de</strong></span> <span class='ocrx_word' id='word_1_649' title='bbox 2340 3172 2539 3256; x_wconf 76' lang='lat' dir='ltr'><strong>futuris</strong></span> <span class='ocrx_word' id='word_1_650' title='bbox 2564 3200 2741 3271; x_wconf 89' lang='lat' dir='ltr'><strong>culpis</strong></span> <span class='ocrx_word' id='word_1_651' title='bbox 2762 3199 2967 3271; x_wconf 74' lang='lat' dir='ltr'><strong>iugiter</strong></span> <span class='ocrx_word' id='word_1_652' title='bbox 2997 3199 3199 3267; x_wconf 82' lang='lat' dir='ltr'><strong>largire</strong></span> <span class='ocrx_word' id='word_1_653' title='bbox 3225 3197 3354 3252; x_wconf 90' lang='lat' dir='ltr'><strong>mihi</strong></span> <span class='ocrx_word' id='word_1_654' title='bbox 3383 3204 3569 3253; x_wconf 89' lang='lat' dir='ltr'><strong>custo-</strong></span> 
     </span>
    </p>
   </div>
   <div class='ocr_carea' id='block_1_84' title="bbox 1972 3288 3567 3362">
    <p class='ocr_par' dir='ltr' id='par_1_84' title="bbox 1972 3288 3567 3362">
     <span class='ocr_line' id='line_1_84' title="bbox 1972 3288 3567 3362; baseline -0.004 -16"><span class='ocrx_word' id='word_1_655' title='bbox 1972 3292 2116 3346; x_wconf 90' lang='lat' dir='ltr'><strong>diam</strong></span> <span class='ocrx_word' id='word_1_656' title='bbox 2170 3300 2332 3362; x_wconf 86' lang='lat' dir='ltr'><strong>atque</strong></span> <span class='ocrx_word' id='word_1_657' title='bbox 2382 3291 2673 3347; x_wconf 84' lang='lat' dir='ltr'><strong>cautelam.</strong></span> <span class='ocrx_word' id='word_1_658' title='bbox 2727 3291 2803 3345; x_wconf 88' lang='lat' dir='ltr'><strong>Da</strong></span> <span class='ocrx_word' id='word_1_659' title='bbox 2857 3289 3032 3346; x_wconf 86' lang='lat' dir='ltr'><strong>locum</strong></span> <span class='ocrx_word' id='word_1_660' title='bbox 3085 3296 3140 3343; x_wconf 89' lang='lat' dir='ltr'><strong>et</strong></span> <span class='ocrx_word' id='word_1_661' title='bbox 3190 3288 3458 3358; x_wconf 87' lang='lat' dir='ltr'><strong>spatium,</strong></span> <span class='ocrx_word' id='word_1_662' title='bbox 3511 3295 3567 3341; x_wconf 90' lang='lat' dir='ltr'><strong>et</strong></span> 
     </span>
    </p>
   </div>
   <div class='ocr_carea' id='block_1_85' title="bbox 1972 3378 3568 3453">
    <p class='ocr_par' dir='ltr' id='par_1_85' title="bbox 1972 3378 3568 3453">
     <span class='ocr_line' id='line_1_85' title="bbox 1972 3378 3568 3453; baseline -0.002 -16"><span class='ocrx_word' id='word_1_663' title='bbox 1972 3381 2183 3439; x_wconf 81' lang='lat' dir='ltr'><strong>fructus</strong></span> <span class='ocrx_word' id='word_1_664' title='bbox 2210 3383 2403 3452; x_wconf 78' lang='lat' dir='ltr'><strong>dignos</strong></span> <span class='ocrx_word' id='word_1_665' title='bbox 2426 3382 2790 3453; x_wconf 69' lang='lat' dir='ltr'><strong>pmnitenﬁm;</strong></span> <span class='ocrx_word' id='word_1_666' title='bbox 2833 3381 2902 3436; x_wconf 89' lang='lat' dir='ltr'><strong>da</strong></span> <span class='ocrx_word' id='word_1_667' title='bbox 2931 3396 3025 3437; x_wconf 82' lang='lat' dir='ltr'><strong>eor</strong></span> <span class='ocrx_word' id='word_1_668' title='bbox 3049 3381 3340 3436; x_wconf 86' lang='lat' dir='ltr'><strong>contritum</strong></span> <span class='ocrx_word' id='word_1_669' title='bbox 3380 3388 3437 3435; x_wconf 91' lang='lat' dir='ltr'><strong>ct</strong></span> <span class='ocrx_word' id='word_1_670' title='bbox 3468 3378 3568 3434; x_wconf 83' lang='lat' dir='ltr'><strong>hu-</strong></span> 
     </span>
    </p>
   </div>
   <div class='ocr_carea' id='block_1_86' title="bbox 1970 3475 3568 3550">
    <p class='ocr_par' dir='ltr' id='par_1_86' title="bbox 1970 3475 3568 3550">
     <span class='ocr_line' id='line_1_86' title="bbox 1970 3475 3568 3550; baseline -0.004 -15"><span class='ocrx_word' id='word_1_671' title='bbox 1970 3480 2274 3545; x_wconf 89' lang='lat' dir='ltr'><strong>miliatum,</strong></span> <span class='ocrx_word' id='word_1_672' title='bbox 2320 3479 2387 3534; x_wconf 89' lang='lat' dir='ltr'><strong>da</strong></span> <span class='ocrx_word' id='word_1_673' title='bbox 2437 3479 2671 3550; x_wconf 84' lang='lat' dir='ltr'><strong>gratiam</strong></span> <span class='ocrx_word' id='word_1_674' title='bbox 2720 3478 3120 3545; x_wconf 80' lang='lat' dir='ltr'><strong>lacrymarum,</strong></span> <span class='ocrx_word' id='word_1_675' title='bbox 3169 3475 3235 3531; x_wconf 89' lang='lat' dir='ltr'><strong>da</strong></span> <span class='ocrx_word' id='word_1_676' title='bbox 3284 3475 3463 3530; x_wconf 90' lang='lat' dir='ltr'><strong>lumen</strong></span> <span class='ocrx_word' id='word_1_677' title='bbox 3512 3476 3568 3529; x_wconf 87' lang='lat' dir='ltr'><strong>in</strong></span> 
     </span>
    </p>
   </div>
   <div class='ocr_carea' id='block_1_87' title="bbox 1969 3568 3566 3643">
    <p class='ocr_par' dir='ltr' id='par_1_87' title="bbox 1969 3568 3566 3643">
     <span class='ocr_line' id='line_1_87' title="bbox 1969 3568 3566 3643; baseline -0.003 -16"><span class='ocrx_word' id='word_1_678' title='bbox 1969 3572 2154 3637; x_wconf 83' lang='lat' dir='ltr'><strong>corde,</strong></span> <span class='ocrx_word' id='word_1_679' title='bbox 2199 3572 2267 3628; x_wconf 87' lang='lat' dir='ltr'><strong>da</strong></span> <span class='ocrx_word' id='word_1_680' title='bbox 2296 3572 2440 3627; x_wconf 86' lang='lat' dir='ltr'><strong>vires</strong></span> <span class='ocrx_word' id='word_1_681' title='bbox 2477 3571 2530 3627; x_wconf 90' lang='lat' dir='ltr'><strong>in</strong></span> <span class='ocrx_word' id='word_1_682' title='bbox 2572 3586 2817 3643; x_wconf 89' lang='lat' dir='ltr'><strong>corpore,</strong></span> <span class='ocrx_word' id='word_1_683' title='bbox 2863 3571 2932 3626; x_wconf 87' lang='lat' dir='ltr'><strong>da</strong></span> <span class='ocrx_word' id='word_1_684' title='bbox 2972 3568 3122 3626; x_wconf 90' lang='lat' dir='ltr'><strong>illum</strong></span> <span class='ocrx_word' id='word_1_685' title='bbox 3158 3568 3358 3641; x_wconf 89' lang='lat' dir='ltr'><strong>ignem,</strong></span> <span class='ocrx_word' id='word_1_686' title='bbox 3402 3583 3566 3639; x_wconf 88' lang='lat' dir='ltr'><strong>quem</strong></span> 
     </span>
    </p>
   </div>
   <div class='ocr_carea' id='block_1_88' title="bbox 1970 3662 3565 3734">
    <p class='ocr_par' dir='ltr' id='par_1_88' title="bbox 1970 3662 3565 3734">
     <span class='ocr_line' id='line_1_88' title="bbox 1970 3662 3565 3734; baseline -0.003 -14"><span class='ocrx_word' id='word_1_687' title='bbox 1970 3665 2170 3721; x_wconf 85' lang='lat' dir='ltr'><strong>misisti</strong></span> <span class='ocrx_word' id='word_1_688' title='bbox 2200 3666 2426 3721; x_wconf 88' lang='lat' dir='ltr'><strong>veniens</strong></span> <span class='ocrx_word' id='word_1_689' title='bbox 2454 3665 2508 3720; x_wconf 92' lang='lat' dir='ltr'><strong>in</strong></span> <span class='ocrx_word' id='word_1_690' title='bbox 2537 3673 2758 3728; x_wconf 87' lang='lat' dir='ltr'><strong>terram,</strong></span> <span class='ocrx_word' id='word_1_691' title='bbox 2789 3671 2846 3719; x_wconf 93' lang='lat' dir='ltr'><strong>et</strong></span> <span class='ocrx_word' id='word_1_692' title='bbox 2867 3678 3029 3734; x_wconf 87' lang='lat' dir='ltr'><strong>quem</strong></span> <span class='ocrx_word' id='word_1_693' title='bbox 3052 3663 3136 3717; x_wconf 86' lang='lat' dir='ltr'><strong>vis</strong></span> <span class='ocrx_word' id='word_1_694' title='bbox 3160 3671 3221 3718; x_wconf 90' lang='lat' dir='ltr'><strong>ut</strong></span> <span class='ocrx_word' id='word_1_695' title='bbox 3246 3662 3454 3717; x_wconf 86' lang='lat' dir='ltr'><strong>ardeat.</strong></span> <span class='ocrx_word' id='word_1_696' title='bbox 3488 3662 3565 3716; x_wconf 89' lang='lat' dir='ltr'><strong>Da</strong></span> 
     </span>
    </p>
   </div>
   <div class='ocr_carea' id='block_1_89' title="bbox 1970 3751 3566 3826">
    <p class='ocr_par' dir='ltr' id='par_1_89' title="bbox 1970 3751 3566 3826">
     <span class='ocr_line' id='line_1_89' title="bbox 1970 3751 3566 3826; baseline -0.004 -15"><span class='ocrx_word' id='word_1_697' title='bbox 1970 3758 2162 3811; x_wconf 79' lang='lat' dir='ltr'><strong>ardere</strong></span> <span class='ocrx_word' id='word_1_698' title='bbox 2191 3757 2477 3811; x_wconf 87' lang='lat' dir='ltr'><strong>charitatis</strong></span> <span class='ocrx_word' id='word_1_699' title='bbox 2516 3757 2659 3826; x_wconf 87' lang='lat' dir='ltr'><strong>igne,</strong></span> <span class='ocrx_word' id='word_1_700' title='bbox 2703 3756 2769 3812; x_wconf 88' lang='lat' dir='ltr'><strong>da</strong></span> <span class='ocrx_word' id='word_1_701' title='bbox 2810 3755 2994 3810; x_wconf 89' lang='lat' dir='ltr'><strong>lucere</strong></span> <span class='ocrx_word' id='word_1_702' title='bbox 3025 3752 3346 3808; x_wconf 75' lang='lat' dir='ltr'><strong>obedientia:</strong></span> <span class='ocrx_word' id='word_1_703' title='bbox 3386 3751 3566 3821; x_wconf 82' lang='lat' dir='ltr'><strong>splen-</strong></span> 
     </span>
    </p>
   </div>
   <div class='ocr_carea' id='block_1_90' title="bbox 1971 3839 3563 3911">
    <p class='ocr_par' dir='ltr' id='par_1_90' title="bbox 1971 3839 3563 3911">
     <span class='ocr_line' id='line_1_90' title="bbox 1971 3839 3563 3911; baseline -0.004 -9"><span class='ocrx_word' id='word_1_704' title='bbox 1971 3848 2121 3908; x_wconf 89' lang='lat' dir='ltr'><strong>dore,</strong></span> <span class='ocrx_word' id='word_1_705' title='bbox 2151 3846 2215 3900; x_wconf 88' lang='lat' dir='ltr'><strong>da</strong></span> <span class='ocrx_word' id='word_1_706' title='bbox 2244 3844 2453 3901; x_wconf 82' lang='lat' dir='ltr'><strong>fervere</strong></span> <span class='ocrx_word' id='word_1_707' title='bbox 2482 3844 2787 3901; x_wconf 87' lang='lat' dir='ltr'><strong>dilectionis</strong></span> <span class='ocrx_word' id='word_1_708' title='bbox 2815 3859 3022 3909; x_wconf 84' lang='lat' dir='ltr'><strong>amore,</strong></span> <span class='ocrx_word' id='word_1_709' title='bbox 3055 3843 3123 3898; x_wconf 90' lang='lat' dir='ltr'><strong>da</strong></span> <span class='ocrx_word' id='word_1_710' title='bbox 3156 3842 3298 3897; x_wconf 87' lang='lat' dir='ltr'><strong>inter</strong></span> <span class='ocrx_word' id='word_1_711' title='bbox 3324 3839 3563 3911; x_wconf 85' lang='lat' dir='ltr'><strong>pericula</strong></span> 
     </span>
    </p>
   </div>
   <div class='ocr_carea' id='block_1_91' title="bbox 1972 3931 3563 4004">
    <p class='ocr_par' dir='ltr' id='par_1_91' title="bbox 1972 3931 3563 4004">
     <span class='ocr_line' id='line_1_91' title="bbox 1972 3931 3563 4004; baseline -0.005 -11"><span class='ocrx_word' id='word_1_712' title='bbox 1972 3938 2250 3993; x_wconf 86' lang='lat' dir='ltr'><strong>interitum</strong></span> <span class='ocrx_word' id='word_1_713' title='bbox 2281 3952 2388 3992; x_wconf 89' lang='lat' dir='ltr'><strong>non</strong></span> <span class='ocrx_word' id='word_1_714' title='bbox 2415 3937 2640 4001; x_wconf 82' lang='lat' dir='ltr'><strong>habere,</strong></span> <span class='ocrx_word' id='word_1_715' title='bbox 2667 3938 2736 3990; x_wconf 80' lang='lat' dir='ltr'><strong>da</strong></span> <span class='ocrx_word' id='word_1_716' title='bbox 2764 3936 2839 3995; x_wconf 84' lang='lat' dir='ltr'><strong>de</strong></span> <span class='ocrx_word' id='word_1_717' title='bbox 2856 3934 3112 4004; x_wconf 86' lang='lat' dir='ltr'><strong>periculis</strong></span> <span class='ocrx_word' id='word_1_718' title='bbox 3140 3931 3370 3989; x_wconf 80' lang='lat' dir='ltr'><strong>feliciter</strong></span> <span class='ocrx_word' id='word_1_719' title='bbox 3391 3931 3563 3995; x_wconf 76' lang='lat' dir='ltr'><strong>exire,</strong></span> 
     </span>
    </p>
   </div>
   <div class='ocr_carea' id='block_1_92' title="bbox 1971 4022 3565 4089">
    <p class='ocr_par' dir='ltr' id='par_1_92' title="bbox 1971 4022 3565 4089">
     <span class='ocr_line' id='line_1_92' title="bbox 1971 4022 3565 4089; baseline -0.003 -6"><span class='ocrx_word' id='word_1_720' title='bbox 1971 4028 2037 4083; x_wconf 87' lang='lat' dir='ltr'><strong>da</strong></span> <span class='ocrx_word' id='word_1_721' title='bbox 2068 4027 2137 4082; x_wconf 88' lang='lat' dir='ltr'><strong>ad</strong></span> <span class='ocrx_word' id='word_1_722' title='bbox 2173 4034 2321 4080; x_wconf 90' lang='lat' dir='ltr'><strong>tuam</strong></span> <span class='ocrx_word' id='word_1_723' title='bbox 2350 4025 2689 4081; x_wconf 88' lang='lat' dir='ltr'><strong>dulcedinem</strong></span> <span class='ocrx_word' id='word_1_724' title='bbox 2716 4025 2996 4089; x_wconf 87' lang='lat' dir='ltr'><strong>festinare,</strong></span> <span class='ocrx_word' id='word_1_725' title='bbox 3028 4024 3097 4079; x_wconf 86' lang='lat' dir='ltr'><strong>da</strong></span> <span class='ocrx_word' id='word_1_726' title='bbox 3125 4024 3193 4078; x_wconf 92' lang='lat' dir='ltr'><strong>ad</strong></span> <span class='ocrx_word' id='word_1_727' title='bbox 3224 4031 3371 4078; x_wconf 91' lang='lat' dir='ltr'><strong>tuam</strong></span> <span class='ocrx_word' id='word_1_728' title='bbox 3401 4022 3565 4079; x_wconf 82' lang='lat' dir='ltr'><strong>visio-</strong></span> 
     </span>
    </p>
   </div>
   <div class='ocr_carea' id='block_1_93' title="bbox 1970 4114 3562 4189">
    <p class='ocr_par' dir='ltr' id='par_1_93' title="bbox 1970 4114 3562 4189">
     <span class='ocr_line' id='line_1_93' title="bbox 1970 4114 3562 4189; baseline -0.002 -16"><span class='ocrx_word' id='word_1_729' title='bbox 1970 4134 2095 4175; x_wconf 89' lang='lat' dir='ltr'><strong>nem</strong></span> <span class='ocrx_word' id='word_1_730' title='bbox 2118 4115 2406 4189; x_wconf 88' lang='lat' dir='ltr'><strong>trauquille</strong></span> <span class='ocrx_word' id='word_1_731' title='bbox 2426 4117 2636 4183; x_wconf 86' lang='lat' dir='ltr'><strong>venire,</strong></span> <span class='ocrx_word' id='word_1_732' title='bbox 2659 4119 2726 4173; x_wconf 89' lang='lat' dir='ltr'><strong>da</strong></span> <span class='ocrx_word' id='word_1_733' title='bbox 2755 4124 2862 4171; x_wconf 72' lang='lat' dir='ltr'><strong>tuze</strong></span> <span class='ocrx_word' id='word_1_734' title='bbox 2882 4115 3108 4172; x_wconf 85' lang='lat' dir='ltr'><strong>visionis</strong></span> <span class='ocrx_word' id='word_1_735' title='bbox 3127 4114 3562 4171; x_wconf 81' lang='lat' dir='ltr'><strong>manifestationc</strong></span> 
     </span>
    </p>
   </div>
   <div class='ocr_carea' id='block_1_94' title="bbox 1970 4208 3562 4284">
    <p class='ocr_par' dir='ltr' id='par_1_94' title="bbox 1970 4208 3562 4284">
     <span class='ocr_line' id='line_1_94' title="bbox 1970 4208 3562 4284; baseline -0.004 -14"><span class='ocrx_word' id='word_1_736' title='bbox 1970 4212 2282 4284; x_wconf 85' lang='lat' dir='ltr'><strong>perenniter</strong></span> <span class='ocrx_word' id='word_1_737' title='bbox 2304 4211 2515 4277; x_wconf 88' lang='lat' dir='ltr'><strong>satiari,</strong></span> <span class='ocrx_word' id='word_1_738' title='bbox 2544 4213 2610 4267; x_wconf 89' lang='lat' dir='ltr'><strong>da</strong></span> <span class='ocrx_word' id='word_1_739' title='bbox 2628 4209 2752 4265; x_wconf 87' lang='lat' dir='ltr'><strong>tein</strong></span> <span class='ocrx_word' id='word_1_740' title='bbox 2766 4209 3087 4265; x_wconf 63' lang='lat' dir='ltr'><strong>seculorum</strong></span> <span class='ocrx_word' id='word_1_741' title='bbox 3111 4209 3416 4265; x_wconf 80' lang='lat' dir='ltr'><strong>aeternitate</strong></span> <span class='ocrx_word' id='word_1_742' title='bbox 3442 4208 3562 4264; x_wconf 86' lang='lat' dir='ltr'><strong>sine</strong></span> 
     </span>
    </p>
   </div>
   <div class='ocr_carea' id='block_1_95' title="bbox 1972 4298 3560 4365">
    <p class='ocr_par' dir='ltr' id='par_1_95' title="bbox 1972 4298 3560 4365">
     <span class='ocr_line' id='line_1_95' title="bbox 1972 4298 3560 4365; baseline -0.003 -7"><span class='ocrx_word' id='word_1_743' title='bbox 1972 4303 2080 4358; x_wconf 87' lang='lat' dir='ltr'><strong>ﬁne</strong></span> <span class='ocrx_word' id='word_1_744' title='bbox 2107 4301 2349 4356; x_wconf 88' lang='lat' dir='ltr'><strong>laudare.</strong></span> <span class='ocrx_word' id='word_1_745' title='bbox 2392 4298 2520 4356; x_wconf 77' lang='lat' dir='ltr'><strong>Jesu</strong></span> <span class='ocrx_word' id='word_1_746' title='bbox 2559 4300 2661 4355; x_wconf 87' lang='lat' dir='ltr'><strong>Fili</strong></span> <span class='ocrx_word' id='word_1_747' title='bbox 2709 4300 2879 4355; x_wconf 83' lang='lat' dir='ltr'><strong>David</strong></span> <span class='ocrx_word' id='word_1_748' title='bbox 2905 4299 3165 4354; x_wconf 88' lang='lat' dir='ltr'><strong>miserere</strong></span> <span class='ocrx_word' id='word_1_749' title='bbox 3190 4299 3319 4365; x_wconf 90' lang='lat' dir='ltr'><strong>mei,</strong></span> <span class='ocrx_word' id='word_1_750' title='bbox 3362 4298 3560 4354; x_wconf 82' lang='lat' dir='ltr'><strong>illumi-</strong></span> 
     </span>
    </p>
   </div>
   <div class='ocr_carea' id='block_1_96' title="bbox 1971 4389 3556 4461">
    <p class='ocr_par' dir='ltr' id='par_1_96' title="bbox 1971 4389 3556 4461">
     <span class='ocr_line' id='line_1_96' title="bbox 1971 4389 3556 4461; baseline -0.003 -12"><span class='ocrx_word' id='word_1_751' title='bbox 1971 4409 2109 4450; x_wconf 84' lang='lat' dir='ltr'><strong>nans</strong></span> <span class='ocrx_word' id='word_1_752' title='bbox 2133 4391 2318 4448; x_wconf 91' lang='lat' dir='ltr'><strong>oculos</strong></span> <span class='ocrx_word' id='word_1_753' title='bbox 2341 4407 2515 4457; x_wconf 84' lang='lat' dir='ltr'><strong>meos,</strong></span> <span class='ocrx_word' id='word_1_754' title='bbox 2543 4400 2604 4446; x_wconf 90' lang='lat' dir='ltr'><strong>ut</strong></span> <span class='ocrx_word' id='word_1_755' title='bbox 2628 4391 2863 4457; x_wconf 87' lang='lat' dir='ltr'><strong>videam,</strong></span> <span class='ocrx_word' id='word_1_756' title='bbox 2895 4404 3000 4459; x_wconf 88' lang='lat' dir='ltr'><strong>quo</strong></span> <span class='ocrx_word' id='word_1_757' title='bbox 3026 4390 3093 4445; x_wconf 92' lang='lat' dir='ltr'><strong>ad</strong></span> <span class='ocrx_word' id='word_1_758' title='bbox 3132 4399 3184 4445; x_wconf 89' lang='lat' dir='ltr'><strong>te</strong></span> <span class='ocrx_word' id='word_1_759' title='bbox 3212 4389 3556 4461; x_wconf 87' lang='lat' dir='ltr'><strong>perveniam;</strong></span> 
     </span>
    </p>
   </div>
   <div class='ocr_carea' id='block_1_97' title="bbox 1972 4480 3555 4556">
    <p class='ocr_par' dir='ltr' id='par_1_97' title="bbox 1972 4480 3555 4556">
     <span class='ocr_line' id='line_1_97' title="bbox 1972 4480 3555 4556; baseline -0.001 -17"><span class='ocrx_word' id='word_1_760' title='bbox 1972 4485 2195 4541; x_wconf 68' lang='lat' dir='ltr'><strong>firmans</strong></span> <span class='ocrx_word' id='word_1_761' title='bbox 2235 4485 2287 4540; x_wconf 92' lang='lat' dir='ltr'><strong>in</strong></span> <span class='ocrx_word' id='word_1_762' title='bbox 2330 4491 2382 4539; x_wconf 89' lang='lat' dir='ltr'><strong>te</strong></span> <span class='ocrx_word' id='word_1_763' title='bbox 2422 4499 2638 4556; x_wconf 84' lang='lat' dir='ltr'><strong>gressus</strong></span> <span class='ocrx_word' id='word_1_764' title='bbox 2676 4498 2845 4545; x_wconf 85' lang='lat' dir='ltr'><strong>meos,</strong></span> <span class='ocrx_word' id='word_1_765' title='bbox 2888 4496 2956 4536; x_wconf 90' lang='lat' dir='ltr'><strong>ne</strong></span> <span class='ocrx_word' id='word_1_766' title='bbox 2985 4480 3352 4556; x_wconf 74' lang='lat' dir='ltr'><strong>transgrediar</strong></span> <span class='ocrx_word' id='word_1_767' title='bbox 3379 4480 3555 4539; x_wconf 85' lang='lat' dir='ltr'><strong>viam:</strong></span> 
     </span>
    </p>
   </div>
   <div class='ocr_carea' id='block_1_98' title="bbox 1968 4569 3558 4644">
    <p class='ocr_par' dir='ltr' id='par_1_98' title="bbox 1968 4569 3558 4644">
     <span class='ocr_line' id='line_1_98' title="bbox 1968 4569 3558 4644; baseline -0.003 -16"><span class='ocrx_word' id='word_1_768' title='bbox 1968 4574 2218 4644; x_wconf 86' lang='lat' dir='ltr'><strong>aperiens</strong></span> <span class='ocrx_word' id='word_1_769' title='bbox 2241 4589 2303 4629; x_wconf 91' lang='lat' dir='ltr'><strong>os</strong></span> <span class='ocrx_word' id='word_1_770' title='bbox 2330 4587 2531 4638; x_wconf 89' lang='lat' dir='ltr'><strong>meum,</strong></span> <span class='ocrx_word' id='word_1_771' title='bbox 2557 4581 2618 4627; x_wconf 91' lang='lat' dir='ltr'><strong>ut</strong></span> <span class='ocrx_word' id='word_1_772' title='bbox 2643 4571 2846 4642; x_wconf 89' lang='lat' dir='ltr'><strong>possim</strong></span> <span class='ocrx_word' id='word_1_773' title='bbox 2872 4571 2937 4625; x_wconf 89' lang='lat' dir='ltr'><strong>de</strong></span> <span class='ocrx_word' id='word_1_774' title='bbox 2967 4578 3019 4624; x_wconf 90' lang='lat' dir='ltr'><strong>te</strong></span> <span class='ocrx_word' id='word_1_775' title='bbox 3048 4569 3213 4639; x_wconf 90' lang='lat' dir='ltr'><strong>loqui,</strong></span> <span class='ocrx_word' id='word_1_776' title='bbox 3243 4571 3333 4639; x_wconf 88' lang='lat' dir='ltr'><strong>qui</strong></span> <span class='ocrx_word' id='word_1_777' title='bbox 3363 4570 3558 4625; x_wconf 83' lang='lat' dir='ltr'><strong>dedisti</strong></span> 
     </span>
    </p>
   </div>
   <div class='ocr_carea' id='block_1_99' title="bbox 1969 4661 3557 4733">
    <p class='ocr_par' dir='ltr' id='par_1_99' title="bbox 1969 4661 3557 4733">
     <span class='ocr_line' id='line_1_99' title="bbox 1969 4661 3557 4733; baseline -0.004 -12"><span class='ocrx_word' id='word_1_778' title='bbox 1969 4666 2101 4721; x_wconf 89' lang='lat' dir='ltr'><strong>mihi</strong></span> <span class='ocrx_word' id='word_1_779' title='bbox 2143 4665 2280 4720; x_wconf 87' lang='lat' dir='ltr'><strong>velle</strong></span> <span class='ocrx_word' id='word_1_780' title='bbox 2326 4673 2440 4729; x_wconf 90' lang='lat' dir='ltr'><strong>tua,</strong></span> <span class='ocrx_word' id='word_1_781' title='bbox 2480 4672 2756 4733; x_wconf 89' lang='lat' dir='ltr'><strong>utcunque</strong></span> <span class='ocrx_word' id='word_1_782' title='bbox 2795 4661 3084 4731; x_wconf 88' lang='lat' dir='ltr'><strong>potuerim,</strong></span> <span class='ocrx_word' id='word_1_783' title='bbox 3128 4661 3295 4731; x_wconf 91' lang='lat' dir='ltr'><strong>loqui.</strong></span> <span class='ocrx_word' id='word_1_784' title='bbox 3335 4662 3403 4717; x_wconf 88' lang='lat' dir='ltr'><strong>Et</strong></span> <span class='ocrx_word' id='word_1_785' title='bbox 3431 4661 3557 4732; x_wconf 80' lang='lat' dir='ltr'><strong>quia</strong></span> 
     </span>
    </p>
   </div>
   <div class='ocr_carea' id='block_1_100' title="bbox 1968 4754 3555 4825">
    <p class='ocr_par' dir='ltr' id='par_1_100' title="bbox 1968 4754 3555 4825">
     <span class='ocr_line' id='line_1_100' title="bbox 1968 4754 3555 4825; baseline -0.001 -15"><span class='ocrx_word' id='word_1_786' title='bbox 1968 4754 2184 4811; x_wconf 88' lang='lat' dir='ltr'><strong>dilectio</strong></span> <span class='ocrx_word' id='word_1_787' title='bbox 2233 4754 2463 4825; x_wconf 77' lang='lat' dir='ltr'><strong>proximi</strong></span> <span class='ocrx_word' id='word_1_788' title='bbox 2514 4755 2742 4810; x_wconf 70' lang='lat' dir='ltr'><strong>inhaeret</strong></span> <span class='ocrx_word' id='word_1_789' title='bbox 2789 4754 3063 4810; x_wconf 91' lang='lat' dir='ltr'><strong>dilectioni</strong></span> <span class='ocrx_word' id='word_1_790' title='bbox 3116 4764 3253 4822; x_wconf 76' lang='lat' dir='ltr'><strong>tum,</strong></span> <span class='ocrx_word' id='word_1_791' title='bbox 3304 4754 3372 4810; x_wconf 88' lang='lat' dir='ltr'><strong>da</strong></span> <span class='ocrx_word' id='word_1_792' title='bbox 3423 4755 3555 4809; x_wconf 85' lang='lat' dir='ltr'><strong>mihi</strong></span> 
     </span>
    </p>
   </div>
   <div class='ocr_carea' id='block_1_101' title="bbox 1970 4845 3559 4915">
    <p class='ocr_par' dir='ltr' id='par_1_101' title="bbox 1970 4845 3559 4915">
     <span class='ocr_line' id='line_1_101' title="bbox 1970 4845 3559 4915; baseline -0.002 -11"><span class='ocrx_word' id='word_1_793' title='bbox 1970 4863 2225 4905; x_wconf 77' lang='lat' dir='ltr'><strong>exercere</strong></span> <span class='ocrx_word' id='word_1_794' title='bbox 2252 4846 2543 4901; x_wconf 90' lang='lat' dir='ltr'><strong>utilitatem</strong></span> <span class='ocrx_word' id='word_1_795' title='bbox 2569 4845 2704 4915; x_wconf 85' lang='lat' dir='ltr'><strong>ejus,</strong></span> <span class='ocrx_word' id='word_1_796' title='bbox 2738 4861 2857 4915; x_wconf 64' lang='lat' dir='ltr'><strong>qua!</strong></span> <span class='ocrx_word' id='word_1_797' title='bbox 2884 4846 3081 4903; x_wconf 86' lang='lat' dir='ltr'><strong>formet</strong></span> <span class='ocrx_word' id='word_1_798' title='bbox 3105 4847 3334 4903; x_wconf 87' lang='lat' dir='ltr'><strong>salutem</strong></span> <span class='ocrx_word' id='word_1_799' title='bbox 3368 4846 3439 4901; x_wconf 85' lang='lat' dir='ltr'><strong>iili</strong></span> <span class='ocrx_word' id='word_1_800' title='bbox 3458 4887 3472 4909; x_wconf 93' lang='lat'><strong>,</strong></span> <span class='ocrx_word' id='word_1_801' title='bbox 3503 4855 3559 4901; x_wconf 85' lang='lat' dir='ltr'><strong>et</strong></span> 
     </span>
    </p>
   </div>
   <div class='ocr_carea' id='block_1_102' title="bbox 1970 4936 3482 5011">
    <p class='ocr_par' dir='ltr' id='par_1_102' title="bbox 1970 4936 3482 5011">
     <span class='ocr_line' id='line_1_102' title="bbox 1970 4936 3482 5011; baseline -0.003 -17"><span class='ocrx_word' id='word_1_802' title='bbox 1970 4939 2248 5011; x_wconf 87' lang='lat' dir='ltr'><strong>perveniat</strong></span> <span class='ocrx_word' id='word_1_803' title='bbox 2272 4939 2326 4994; x_wconf 91' lang='lat' dir='ltr'><strong>in</strong></span> <span class='ocrx_word' id='word_1_804' title='bbox 2354 4937 2565 4993; x_wconf 88' lang='lat' dir='ltr'><strong>laudem</strong></span> <span class='ocrx_word' id='word_1_805' title='bbox 2588 4945 2645 4993; x_wconf 90' lang='lat' dir='ltr'><strong>et</strong></span> <span class='ocrx_word' id='word_1_806' title='bbox 2666 4938 2891 5009; x_wconf 89' lang='lat' dir='ltr'><strong>gloriam</strong></span> <span class='ocrx_word' id='word_1_807' title='bbox 2913 4938 3145 4993; x_wconf 88' lang='lat' dir='ltr'><strong>nominis</strong></span> <span class='ocrx_word' id='word_1_808' title='bbox 3167 4937 3264 4992; x_wconf 89' lang='lat' dir='ltr'><strong>tui.</strong></span> <span class='ocrx_word' id='word_1_809' title='bbox 3292 4936 3482 4991; x_wconf 81' lang='lat' dir='ltr'><strong>Amen.</strong></span> 
     </span>
    </p>
   </div>
   <div class='ocr_carea' id='block_1_103' title="bbox 540 5080 3543 5109">
    <p class='ocr_par' dir='ltr' id='par_1_103' title="bbox 540 5080 3543 5109">
     <span class='ocr_line' id='line_1_103' title="bbox 540 5080 3543 5109; baseline 0 -3"><span class='ocrx_word' id='word_1_810' title='bbox 540 5080 3543 5109; x_wconf 54' lang='lat' dir='ltr'><strong>MM.</strong></span> 
     </span>
    </p>
   </div>
   <div class='ocr_carea' id='block_1_104' title="bbox 1061 5201 2788 5319">
    <p class='ocr_par' dir='ltr' id='par_1_104' title="bbox 1061 5201 2788 5319">
     <span class='ocr_line' id='line_1_104' title="bbox 1061 5201 2788 5319; baseline -0.003 0"><span class='ocrx_word' id='word_1_811' title='bbox 1061 5201 1931 5319; x_wconf 88' lang='lat' dir='ltr'><strong>DISPUTATIO</strong></span> <span class='ocrx_word' id='word_1_812' title='bbox 2018 5203 2788 5318; x_wconf 82' lang='lat' dir='ltr'><strong>PUERORUM</strong></span> 
     </span>
    </p>
   </div>
   <div class='ocr_carea' id='block_1_105' title="bbox 869 5390 2960 5466">
    <p class='ocr_par' dir='ltr' id='par_1_105' title="bbox 869 5390 2960 5466">
     <span class='ocr_line' id='line_1_105' title="bbox 869 5390 2960 5466; baseline -0.002 -1"><span class='ocrx_word' id='word_1_813' title='bbox 869 5404 1039 5466; x_wconf 78' lang='lat' dir='ltr'><strong>PER</strong></span> <span class='ocrx_word' id='word_1_814' title='bbox 1099 5390 2011 5464; x_wconf 78' lang='lat' dir='ltr'><strong>INTERROGATIONES</strong></span> <span class='ocrx_word' id='word_1_815' title='bbox 2068 5399 2182 5459; x_wconf 86' lang='lat' dir='ltr'><strong>ET</strong></span> <span class='ocrx_word' id='word_1_816' title='bbox 2246 5400 2960 5463; x_wconf 80' lang='lat' dir='ltr'><strong>BESPONSIONES.</strong></span> 
     </span>
    </p>
   </div>
   <div class='ocr_carea' id='block_1_106' title="bbox 605 5588 1524 5666">
    <p class='ocr_par' dir='ltr' id='par_1_106' title="bbox 605 5588 1524 5666">
     <span class='ocr_line' id='line_1_106' title="bbox 605 5588 1524 5666; baseline -0.002 -17"><span class='ocrx_word' id='word_1_817' title='bbox 605 5590 771 5666; x_wconf 70' lang='grc' dir='ltr'><strong>ωε</strong></span> <span class='ocrx_word' id='word_1_818' title='bbox 804 5590 1124 5649; x_wconf 76' lang='lat' dir='ltr'><strong>nomen</strong></span> <span class='ocrx_word' id='word_1_819' title='bbox 1163 5588 1524 5647; x_wconf 61' lang='lat' dir='ltr'><strong>rnmvmu.</strong></span> 
     </span>
    </p>
   </div>
   <div class='ocr_carea' id='block_1_107' title="bbox 344 5679 1864 5755">
    <p class='ocr_par' dir='ltr' id='par_1_107' title="bbox 344 5679 1864 5755">
     <span class='ocr_line' id='line_1_107' title="bbox 344 5679 1864 5755; baseline -0.005 -14"><span class='ocrx_word' id='word_1_820' title='bbox 344 5684 499 5755; x_wconf 88' lang='lat' dir='ltr'><strong>Quod</strong></span> <span class='ocrx_word' id='word_1_821' title='bbox 525 5683 647 5739; x_wconf 89' lang='lat' dir='ltr'><strong>loco</strong></span> <span class='ocrx_word' id='word_1_822' title='bbox 674 5682 910 5755; x_wconf 73' lang='lat' dir='ltr'><strong>secundo</strong></span> <span class='ocrx_word' id='word_1_823' title='bbox 938 5682 1081 5736; x_wconf 89' lang='lat' dir='ltr'><strong>inter</strong></span> <span class='ocrx_word' id='word_1_824' title='bbox 1106 5681 1268 5736; x_wconf 88' lang='lat' dir='ltr'><strong>dubia</strong></span> <span class='ocrx_word' id='word_1_825' title='bbox 1294 5681 1439 5755; x_wconf 71' lang='lat' dir='ltr'><strong>beati</strong></span> <span class='ocrx_word' id='word_1_826' title='bbox 1467 5679 1864 5755; x_wconf 25' lang='lat' dir='ltr'><strong>Alcuini‘exlu-</strong></span> 
     </span>
    </p>
   </div>
   <div class='ocr_carea' id='block_1_108' title="bbox 273 5750 1865 5826">
    <p class='ocr_par' dir='ltr' id='par_1_108' title="bbox 273 5750 1865 5826">
     <span class='ocr_line' id='line_1_108' title="bbox 273 5750 1865 5826; baseline -0.008 -8"><span class='ocrx_word' id='word_1_827' title='bbox 273 5750 467 5818; x_wconf 71' lang='lat' dir='ltr'><strong>bemus</strong></span> <span class='ocrx_word' id='word_1_828' title='bbox 487 5753 803 5826; x_wconf 79' lang='lat' dir='ltr'><strong>opusculum</strong></span> <span class='ocrx_word' id='word_1_829' title='bbox 834 5753 886 5806; x_wconf 93' lang='lat' dir='ltr'><strong>in</strong></span> <span class='ocrx_word' id='word_1_830' title='bbox 913 5759 1225 5825; x_wconf 85' lang='lat' dir='ltr'><strong>pervetusto</strong></span> <span class='ocrx_word' id='word_1_831' title='bbox 1250 5751 1434 5807; x_wconf 88' lang='lat' dir='ltr'><strong>codice</strong></span> <span class='ocrx_word' id='word_1_832' title='bbox 1461 5766 1561 5807; x_wconf 91' lang='lat' dir='ltr'><strong>ms.</strong></span> <span class='ocrx_word' id='word_1_833' title='bbox 1590 5750 1865 5807; x_wconf 87' lang='lat' dir='ltr'><strong>Salisbur-</strong></span> 
     </span>
    </p>
   </div>
   <div class='ocr_carea' id='block_1_109' title="bbox 683 5842 1092 5937">
    <p class='ocr_par' dir='ltr' id='par_1_109' title="bbox 683 5842 1092 5937">
     <span class='ocr_line' id='line_1_109' title="bbox 683 5842 1092 5937; baseline -0.005 -33"><span class='ocrx_word' id='word_1_834' title='bbox 683 5846 955 5937; x_wconf 67' lang='lat' dir='ltr'><strong>I’n&#39;non.</strong></span> <span class='ocrx_word' id='word_1_835' title='bbox 995 5842 1092 5905; x_wconf 84' lang='lat' dir='ltr'><strong>CI.</strong></span> 
     </span>
    </p>
   </div>
   <div class='ocr_carea' id='block_1_110' title="bbox 2001 5598 3553 5673">
    <p class='ocr_par' dir='ltr' id='par_1_110' title="bbox 2001 5598 3553 5673">
     <span class='ocr_line' id='line_1_110' title="bbox 2001 5598 3553 5673; baseline -0.001 -10"><span class='ocrx_word' id='word_1_836' title='bbox 2001 5607 2120 5663; x_wconf 88' lang='lat' dir='ltr'><strong>ensi</strong></span> <span class='ocrx_word' id='word_1_837' title='bbox 2145 5606 2251 5663; x_wconf 90' lang='lat'><strong>900</strong></span> <span class='ocrx_word' id='word_1_838' title='bbox 2273 5620 2558 5669; x_wconf 87' lang='lat' dir='ltr'><strong>annorum,</strong></span> <span class='ocrx_word' id='word_1_839' title='bbox 2587 5612 2773 5660; x_wconf 89' lang='lat' dir='ltr'><strong>notato</strong></span> <span class='ocrx_word' id='word_1_840' title='bbox 2796 5619 2945 5658; x_wconf 91' lang='lat' dir='ltr'><strong>num.</strong></span> <span class='ocrx_word' id='word_1_841' title='bbox 2971 5601 3056 5667; x_wconf 83' lang='lat'><strong>67,</strong></span> <span class='ocrx_word' id='word_1_842' title='bbox 3083 5598 3553 5673; x_wconf 80' lang='lat' dir='ltr'><strong>deprehendimus.</strong></span> 
     </span>
    </p>
   </div>
   <div class='ocr_carea' id='block_1_111' title="bbox 2017 5672 3552 5742">
    <p class='ocr_par' dir='ltr' id='par_1_111' title="bbox 2017 5672 3552 5742">
     <span class='ocr_line' id='line_1_111' title="bbox 2017 5672 3552 5742; baseline -0.003 -10"><span class='ocrx_word' id='word_1_843' title='bbox 2017 5678 2231 5732; x_wconf 91' lang='lat' dir='ltr'><strong>uoniam</strong></span> <span class='ocrx_word' id='word_1_844' title='bbox 2261 5691 2392 5732; x_wconf 89' lang='lat' dir='ltr'><strong>vero</strong></span> <span class='ocrx_word' id='word_1_845' title='bbox 2426 5676 2630 5730; x_wconf 90' lang='lat' dir='ltr'><strong>nullum</strong></span> <span class='ocrx_word' id='word_1_846' title='bbox 2660 5673 2899 5729; x_wconf 85' lang='lat' dir='ltr'><strong>auctoris</strong></span> <span class='ocrx_word' id='word_1_847' title='bbox 2930 5689 3124 5728; x_wconf 85' lang='lat' dir='ltr'><strong>nomen</strong></span> <span class='ocrx_word' id='word_1_848' title='bbox 3160 5672 3236 5728; x_wconf 88' lang='lat' dir='ltr'><strong>ibi</strong></span> <span class='ocrx_word' id='word_1_849' title='bbox 3276 5672 3552 5742; x_wconf 63' lang='lat' dir='ltr'><strong>praeﬁxum</strong></span> 
     </span>
    </p>
   </div>
   <div class='ocr_carea' id='block_1_112' title="bbox 1968 5743 3551 5817">
    <p class='ocr_par' dir='ltr' id='par_1_112' title="bbox 1968 5743 3551 5817">
     <span class='ocr_line' id='line_1_112' title="bbox 1968 5743 3551 5817; baseline -0.004 -13"><span class='ocrx_word' id='word_1_850' title='bbox 1968 5743 2134 5817; x_wconf 74' lang='lat' dir='ltr'><strong>esset,</strong></span> <span class='ocrx_word' id='word_1_851' title='bbox 2158 5748 2526 5803; x_wconf 64' lang='lat' dir='ltr'><strong>baesitavintus</strong></span> <span class='ocrx_word' id='word_1_852' title='bbox 2556 5744 2862 5815; x_wconf 83' lang='lat' dir='ltr'><strong>aliquandiu</strong></span> <span class='ocrx_word' id='word_1_853' title='bbox 2883 5761 2951 5799; x_wconf 88' lang='lat' dir='ltr'><strong>an</strong></span> <span class='ocrx_word' id='word_1_854' title='bbox 2972 5743 3103 5799; x_wconf 89' lang='lat' dir='ltr'><strong>illud</strong></span> <span class='ocrx_word' id='word_1_855' title='bbox 3124 5744 3280 5798; x_wconf 85' lang='lat' dir='ltr'><strong>beato</strong></span> <span class='ocrx_word' id='word_1_856' title='bbox 3302 5743 3551 5808; x_wconf 74' lang='lat' dir='ltr'><strong>Alcnine,</strong></span> 
     </span>
    </p>
   </div>
   <div class='ocr_carea' id='block_1_113' title="bbox 3040 5834 3118 5895">
    <p class='ocr_par' dir='ltr' id='par_1_113' title="bbox 3040 5834 3118 5895">
     <span class='ocr_line' id='line_1_113' title="bbox 3040 5834 3118 5895; baseline 0.013 -1"><span class='ocrx_word' id='word_1_857' title='bbox 3040 5834 3118 5895; x_wconf 80' lang='lat'><strong>35</strong></span> 
     </span>
    </p>
   </div>
  </div>
