3934 6180
343 293 368 348 1
383 293 472 349 ibi

1251 291 1401 344 OPP.
1443 292 1667 346 lelllA.
1703 322 1769 332 --
1809 289 2215 346 DlSPlITATlO
2255 287 2657 345 PUERORUM.

3450 281 3588 336 1102

343 409 506 472 tione,
537 422 640 476 qua
671 422 768 460 nos
799 420 986 460 creare
1015 407 1263 475 dignatus
1298 416 1399 468 est,
1429 405 1617 472 dignas
1646 407 1690 458 ei
1730 406 1915 458 laudes
1946 411 1989 464 Λ
2020 404 2430 470 beatitudinem,
2482 404 2597 458 sine
2627 402 2746 456 aliis
2775 401 2984 455 dnolms
3037 403 3301 470 integrum
3356 408 3588 455 constat.

341 500 546 556 referre
577 499 950 554 valuissemus.

409 590 577 645 Inter.
607 589 896 645 Consentio
916 604 1013 659 per
1035 590 1236 652 omnia,
1261 597 1321 642 ut
1353 589 1511 652 dicis,
1544 589 1637 642 sed
1664 596 1788 657 pcto
1824 587 1922 640 hn—

340 678 558 742 militer,
588 688 646 732 ut
672 679 939 746 quomodo
961 676 1046 732 vel
1090 677 1326 746 qualiter
1373 677 1442 731 ab
1485 693 1550 731 eo
1589 679 1755 732 creati
1802 692 1922 729 esse

342 770 625 832 fateamur,
649 775 912 838 quantum
937 781 1003 820 cx
1050 774 1103 821 te
1148 776 1250 832 est,
1278 767 1410 821 mihi
1448 767 1685 822 indicare
1715 782 1820 821 non
1846 783 1925 820 re-

343 875 497 912 nuas.
533 856 689 927 Resp.
728 856 1036 912 Secundum
1078 857 1223 926 quod
1265 857 1390 927 legi,
1433 857 1629 912 faciam
1659 858 1801 926 quod
1827 873 1921 926 pc—

342 951 473 1005 tisti.
508 963 532 990 ι
567 949 739 1004 Tanta
785 948 1022 1019 dignitas
1067 950 1316 1004 humana:
1338 949 1662 1005 conditionis
1693 965 1815 1006 esse
1835 967 1924 1003 co-

343 1040 638 1112 gnoscitur,
682 1049 740 1094 ut
789 1056 895 1094 non
924 1040 1038 1094 solo
1061 1039 1302 1108 jubentis
1341 1056 1611 1104 sermone,
1657 1042 1797 1096 sicut
1819 1039 1921 1092 alia

342 1147 436 1188 sex
460 1133 668 1188 dierum
725 1149 910 1202 opera,
945 1139 1040 1187 sed
1071 1132 1299 1187 consilio
1325 1144 1526 1188 sanctae
1559 1133 1838 1186 Trinitatis
1872 1141 1926 1185 et

340 1238 503 1294 opere
550 1224 744 1278 divinae
792 1223 1087 1295 Maiestatis
1130 1233 1348 1279 creatus
1391 1234 1475 1279 est
1527 1226 1707 1289 homo,
1734 1224 1786 1278 in
1817 1239 1923 1292 quo

342 1317 417 1370 ait
448 1335 461 1370 :
497 1315 781 1370 Faciamus
818 1316 1078 1369 hominem
1114 1317 1184 1368 ad
1219 1317 1495 1385 imaginem
1531 1326 1580 1368 et
1627 1315 1926 1368 similitudi—

344 1425 457 1463 nem
485 1417 713 1462 nostram
740 1406 890 1477 (Gen.
926 1424 964 1471 ι,
987 1408 1102 1471 ‘26),
1134 1408 1276 1475 quod
1305 1407 1424 1460 ideo
1445 1407 1494 1460 ei
1524 1407 1768 1476 prrestitit
1793 1422 1923 1459 con-

343 1498 504 1562 ditor,
528 1508 586 1551 ut
609 1506 759 1552 tanto
781 1499 1059 1551 ardentius
1088 1514 1211 1551 eum
1257 1507 1484 1560 amaret,
1513 1507 1716 1566 quanto
1819 1497 1920 1549 mi-

343 1589 565 1643 rabilius
592 1588 660 1642 ab
685 1604 749 1642 eo
775 1605 895 1643 esse,
920 1590 1196 1643 conditum
1249 1590 1571 1658 intelligeret.
1608 1609 1621 1642 :
1653 1600 1704 1644 et
1732 1605 1798 1641 ne.
1822 1588 1922 1642 hoc

342 1679 516 1736 solun)
559 1681 606 1735 ei
644 1683 928 1744 concessit,
964 1683 1105 1750 quod
1137 1682 1359 1736 consilio
1383 1691 1585 1735 saneta:
1638 1682 1922 1736 Trinitatis

2095 495 2260 550 Inter.
2301 496 2489 550 Adhuc
2514 496 2579 549 de
2605 495 2792 549 eadem
2826 509 2884 547 re
2915 509 2944 546 a
2999 502 3050 546 te
3091 492 3279 546 audire
3322 489 3591 545 desidero.

2024 586 2172 656 Resp.
2194 587 2258 640 Et
2277 602 2377 658 ego
2403 586 2496 640 tibi
2520 594 2676 655 prout
2703 586 2835 647 scio,
2855 586 3028 639 adhuc
3053 585 3248 638 dicam.
3275 582 3431 638 Sicut
3449 584 3593 636 enim

2025 675 2164 730 Deus
2197 676 2374 741 Pater,
2405 677 2548 731 Deus
2581 676 2768 742 Filius,
2796 677 2936 731 Deus
2968 677 3200 745 Spiritus
3236 683 3453 729 sanctus
3493 683 3595 737 est,

2023 776 2330 822 nontamen
2361 777 2470 823 tres
2499 768 2568 824 (lii
2592 777 2736 833 sunt,
2769 770 2860 824 sed
2891 785 3030 822 unus
3080 767 3220 821 Deus
3263 775 3374 820 tres
3393 766 3599 821 habens

2021 872 2312 926 personas;
2343 860 2417 914 ita
2439 861 2614 914 anima
2642 861 2960 924 intellectus,
2986 862 3162 914 anima
3191 860 3458 924 voluntas,
3485 858 3604 912 ani-

2023 965 2110 1003 ma
2144 951 2423 1016 memoria,
2451 968 2555 1006 non
2589 961 2768 1007 tamen
2792 961 2903 1009 tres
2925 955 3116 1007 anima:
3140 954 3190 1005 in
3219 967 3327 1006 uno
3349 965 3596 1022 corpore,

2023 1041 2117 1095 sed
2141 1055 2246 1095 una
2273 1041 2452 1096 anima
2501 1050 2609 1097 tres
2655 1045 2857 1098 habens
2890 1044 3191 1112 dignitates,
3245 1053 3408 1113 atque
3432 1044 3484 1098 in
3513 1044 3600 1097 his

2024 1133 2197 1187 tribus
2225 1131 2342 1200 ejus
2365 1134 2647 1204 imaginem
2679 1134 2996 1189 mirabiliter
3023 1135 3161 1204 gerit
3183 1136 3233 1188 in
3264 1149 3359 1188 sua
3406 1144 3598 1188 natura

2025 1233 2210 1280 noster
2236 1225 2462 1280 interior
2491 1227 2682 1289 homo;
2723 1243 2786 1280 ex
2819 1226 3013 1296 quibus
3063 1227 3214 1295 quasi
3259 1223 3634 1280 excellentio-.

2026 1318 2172 1372 ribus
2217 1322 2412 1375 anima:
2437 1320 2783 1390 dignitatibus
2825 1320 3078 1389 jubemur
3115 1321 3335 1389 diligere
3362 1319 3606 1374 condito-

2026 1427 2162 1474 rem,
2189 1420 2246 1464 ut
2267 1418 2525 1478 quantum
2556 1409 2901 1479 intelligatur,
2957 1410 3222 1479 diligatur,
3257 1417 3310 1462 et
3343 1417 3602 1477 quantum

2024 1501 2275 1571 diligatur
2324 1517 2538 1571 semper
2589 1501 2642 1555 in
2688 1501 2943 1556 memoria
2979 1501 3261 1564 habeatur;
3314 1518 3411 1554 nec
3459 1500 3604 1554 solus

2027 1589 2221 1641 sufﬁcit.
2250 1591 2313 1643 de
2342 1604 2407 1642 co
2440 1587 2761 1652 intellectus,
2815 1588 2918 1642 nisi
2959 1587 3049 1640 fiat.
3075 1589 3126 1640 in
3157 1597 3340 1640 amore
3366 1586 3481 1655 ejus
3508 1603 3604 1639 vo-

2027 1683 2234 1745 luntas;
2270 1697 2366 1734 nec.
2395 1682 2554 1734 etiam
2591 1682 2702 1735 Iure
2725 1681 2829 1733 duo
2858 1677 3142 1741 sufficiunt,
3193 1679 3294 1732 nisi
3345 1678 3604 1732 meritoria

342 1777 420 1832 sic
443 1792 566 1832 eum
597 1775 856 1840 condidit,
893 1777 986 1827 sed
1011 1776 1173 1828 etiam
1217 1775 1358 1844 quod
1412 1775 1477 1827 ad
1539 1774 1825 1842 imaginem
1872 1784 1925 1827 et
1958 1753 2002 1811 Β
2030 1776 2278 1838 addatur,
2311 1789 2416 1842 qua
2442 1788 2655 1842 semper
2679 1772 2731 1825 in
2761 1781 2939 1826 mente.
2989 1771 3332 1841 intelligentis
3375 1780 3428 1824 et
3481 1769 3606 1823 dili-

342 1865 745 1920 similitudincm
797 1879 948 1918 suam
999 1880 1123 1917 eum
1167 1864 1390 1926 ereavit,
1449 1865 1590 1932 quod
1641 1864 1770 1917 nulli
1823 1864 1926 1917 alio

345 1957 516 2030 [Leg.,
553 1955 667 2028 alii]
702 1973 766 2012 ex
797 1957 1064 2010 creaturis
1099 1957 1335 2009 donavit.

412 2048 580 2102 Inter.
606 2048 804 2102 Verum
828 2055 927 2108 est,
964 2056 1020 2098 nt
1049 2047 1268 2111 asseris,
1293 2048 1385 2100 sed
1407 2045 1675 2114 quon'iodo
1698 2048 1765 2100 ad
1790 2047 1925 2099 ima-

338 2138 518 2208 ginem
545 2154 695 2192 suam
725 2154 850 2192 eum
883 2147 1144 2200 creasset,
1169 2147 1228 2190 ut
1255 2139 1385 2191 mihi
1415 2139 1646 2206 aperias,
1675 2139 1922 2193 obsecro.

343 2227 492 2297 Resp.
525 2227 708 2281 Primo
736 2227 952 2295 quidem
988 2228 1054 2280 ad
1083 2227 1370 2296 imaginem
1403 2242 1556 2281 suam
1603 2243 1722 2281 eum
1769 2243 1925 2282 crea-

340 2319 438 2382 rit,
489 2319 628 2387 quod
663 2318 714 2371 in
749 2318 1026 2372 nobilitate
1073 2319 1351 2372 interioris
1403 2319 1634 2372 hominis
1681 2320 1926 2374 conside-

341 2425 465 2463 rare
497 2410 774 2472 debemus,
807 2419 866 2462 ut
919 2410 1073 2462 sicuti
1129 2409 1268 2462 [lens
1300 2425 1437 2462 tinus
1485 2425 1696 2480 seraper
1729 2411 1926 2480 ubique

341 2509 486 2554 totus
499 2510 602 2565 est,
619 2501 794 2555 omnia
811 2501 1107 2565 vivilieans,
1124 2517 1364 2564 movens,
1381 2512 1432 2556 et
1447 2503 1772 2571 gubernans,
1789 2504 1925 2557 sicut

341 2592 627 2663 Apostolus
653 2593 959 2663 confirmat,
979 2595 1116 2658 quod
1148 2597 1200 2648 in
1223 2613 1281 2648 eo
1308 2597 1542 2656 ririmus,
1576 2613 1858 2660 moremur,
1880 2607 1926 2648 et

340 2699 525 2736 sunms
553 2683 688 2752 (alet.
725 2699 856 2745 xvii,
883 2683 997 2753 ‘28),
1026 2684 1104 2737 sic
1136 2685 1312 2738 anima
1346 2686 1398 2737 in
1424 2700 1521 2738 suo
1555 2701 1781 2753 corpore
1808 2687 1927 2740 ubi-

334 2789 448 2844 que
470 2782 583 2828 tota
603 2775 763 2841 viget,
788 2775 1067 2829 vivificaris
1093 2790 1237 2838 cum,
1267 2793 1486 2830 inm-ens
1523 2786 1574 2831 et
1597 2778 1921 2846 gubernans.

413 2864 582 2919 Inter.
615 2864 709 2918 Dic
741 2864 893 2927 ntilti,
924 2865 968 2918 si
995 2867 1180 2918 eadem
1203 2867 1399 2928 anima,
1425 2881 1586 2934 quam
1617 2868 1926 2921 interiorem

340 2954 620 3008 hominem
645 2968 764 3008 esse
788 2954 989 3018 dixisti,
1016 2955 1066 3006 in
1095 2954 1416 3023 quibusdam
1445 2955 1737 3024 majoribus
1761 2973 1929 3011 metm-

340 3046 456 3098 liris
478 3047 723 3114 corporis
751 3045 832 3098 sui
854 3046 922 3098 sit
947 3042 1132 3111 major,
1158 3055 1212 3098 et
1237 3046 1287 3098 in
1317 3047 1617 3120 minoribus
1643 3048 1808 3120 420
1831 3050 1930 3102 mi—

340 3138 480 3191 nor?
515 3136 620 3190 Aut
648 3137 810 3189 etiam
835 3137 878 3189 si
909 3135 1236 3204 singularem
1292 3137 1465 3190 locum
1501 3137 1553 3190 in
1582 3138 1768 3192 eodem
1801 3153 1924 3192 eor—

340 3245 476 3297 pore
524 3237 723 3292 teneat,
774 3243 840 3280 an
875 3228 1017 3282 non?
1059 3225 1211 3296 Resp.
1244 3227 1352 3280 Nec
1380 3227 1554 3301 locum
1592 3227 1661 3282 ibi
1689 3228 1926 3298 singula-

343 3337 461 3375 rem
491 3321 716 3383 obtinet,
747 3335 848 3373 ncc
886 3319 935 3372 in
968 3319 1262 3388 majoribus
1290 3320 1548 3373 membris
1571 3318 1763 3389 major,
1794 3330 1849 3374 et
1879 3323 1928 3375 in

347 3411 647 3466 minoribus
678 3410 873 3474 minor,
905 3411 998 3464 sed
1027 3411 1078 3463 in
1111 3411 1346 3464 minimis
1379 3419 1486 3464 tota
1517 3421 1570 3464 et
1600 3412 1650 3464 in
1681 3411 1931 3466 maximis

342 3511 580 3556 totazet
628 3502 736 3554 hinc
777 3511 861 3556 est
908 3503 1084 3571 imago
1134 3503 1356 3556 unitatis
1397 3504 1782 3573 omnipotentis
1811 3504 1926 3569 Dei,

339 3608 507 3663 quam
534 3592 713 3646 anima
741 3592 902 3646 habet
929 3593 980 3646 in
1011 3609 1088 3647 sc.

417 3709 582 3762 Inter.
599 3709 780 3763 Potest
803 3708 991 3763 eadem
1010 3709 1188 3763 anima
1207 3709 1442 3778 aliquam
1468 3708 1755 3763 Trinitatis
1771 3712 1934 3764 habe-

346 3815 405 3853 re
423 3799 730 3869 imaginem,
751 3813 819 3852 an
833 3799 975 3853 non?
997 3798 1149 3868 Resp.
1180 3798 1374 3869 Utique
1392 3807 1586 3868 potest.
1606 3798 1770 3853 Inter.
1789 3799 1936 3867 Quo-

346 3890 537 3943 modo?
553 3888 703 3958 Resp.
717 3888 899 3942 Primo
913 3888 1061 3943 enim
1073 3888 1214 3944 sicut
1230 3889 1370 3943 Deus
1387 3898 1488 3954 est,
1522 3889 1673 3956 vivit,
1699 3901 1753 3943 et
1775 3891 1933 3959 sapit,

346 3983 420 4034 ita
449 3980 628 4034 anima
657 3980 952 4034 secundum
982 3995 1138 4035 suum
1171 3981 1389 4034 modum
1406 3989 1507 4046 est,
1537 3982 1668 4035 vivit
1688 3990 1743 4035 et
1771 3983 1929 4051 sapit.

422 4071 585 4125 Inter.
618 4070 797 4126 Potest
824 4070 879 4124 in
900 4070 1002 4127 hoc
1028 4070 1188 4124 aliam
1215 4072 1415 4126 habere
1449 4072 1748 4126 rationem?
1780 4071 1930 4141 Resp.

347 4163 554 4217 Potest.
589 4161 756 4214 Inter.
787 4161 1101 4228 Quomodo?
1137 4160 1292 4231 Resp.
1339 4162 1434 4216 Est
1461 4163 1606 4216 enim
1643 4162 1746 4216 alia
1779 4163 1936 4216 trini-

350 4267 434 4312 tas
466 4259 518 4312 in
549 4273 634 4322 ea,
666 4273 772 4326 qua
812 4256 878 4309 ad
910 4255 1194 4326 imaginem
1226 4253 1307 4308 sui
1331 4253 1651 4317 conditoris,
1684 4251 1937 4323 perfectae

348 4351 568 4420 quidem
610 4360 662 4406 et
693 4364 916 4406 summa:
959 4349 1258 4414 Trinitatis,
1294 4363 1414 4418 quae
1457 4358 1542 4402 est
1594 4348 1644 4403 in
1693 4348 1855 4402 Patre
1884 4356 1936 4400 et

350 4441 488 4495 Filio
512 4450 566 4496 et
607 4439 808 4511 Spiritu
860 4448 1064 4505 sancto,
1113 4440 1348 4506 condita,
1375 4456 1492 4511 quae
1518 4439 1645 4493 licet.
1675 4439 1833 4494 unius
1865 4441 1928 4493 sit
1965 4447 2014 4508 1)

351 4541 582 4597 naturae,
616 4540 725 4586 tres
759 4539 940 4585 tamen
967 4530 1019 4584 in
1045 4546 1102 4585 sc
1125 4531 1412 4601 dignitates
1438 4531 1620 4585 habet.

424 4620 590 4674 Inter.
625 4619 752 4686 Qua:
775 4629 898 4673 sunt
921 4620 1036 4673 hic?
1064 4619 1215 4690 Resp.
1247 4621 1302 4676 ld
1333 4628 1433 4686 est,
1464 4621 1814 4686 intellectum,
1844 4639 1937 4673 vo-

350 4713 612 4765 luntatem
636 4717 690 4764 et
721 4710 1055 4764 memoriam.
1084 4709 1236 4765 Unde
1258 4719 1311 4764 et
1335 4709 1593 4765 Dominus
1621 4709 1672 4762 in
1696 4710 1939 4779 Evange-

353 4802 426 4859 lio
459 4820 470 4854 :
493 4800 702 4870 .Diliges
725 4799 1008 4853 Dominum
1033 4799 1200 4852 Deum
1226 4809 1373 4852 tuum
1414 4816 1478 4854 ex
1511 4809 1618 4853 toto
1643 4801 1798 4853 corde
1824 4811 1932 4862 tuo,

350 4901 402 4946 et
423 4908 488 4944 ex
516 4899 623 4944 tota
651 4890 828 4943 anima
863 4898 978 4952 tua,
1007 4899 1055 4942 et
1092 4906 1156 4943 ea:
1183 4899 1292 4942 tota
1321 4899 1488 4944 mente
1516 4899 1627 4953 tua,
1655 4890 1705 4944 id
1731 4898 1832 4955 est,
1871 4906 1936 4943 ex

354 4989 468 5035 toto
491 4981 782 5044 intellectu,
802 4989 854 5034 et
869 4996 930 5033 es
950 4989 1057 5034 tota
1074 4981 1365 5046 voluntate,
1385 4989 1513 5036 etex
1531 4988 1639 5034 tota
1654 4982 1934 5034 memoria.

428 5069 596 5123 Inter.
643 5069 759 5137 Qua
819 5071 1028 5124 ratione
1055 5071 1168 5124 haec
1213 5069 1316 5124 sibi
1359 5069 1724 5125 conveniunt?
1779 5067 1930 5139 Resp.

355 5163 492 5228 Quia
521 5163 662 5216 sicut
688 5177 756 5217 ex
780 5162 938 5216 Patre
961 5171 1251 5232 generatur
1277 5161 1466 5227 Filius,
1492 5177 1556 5216 ex
1582 5160 1743 5216 Patre
1770 5160 1936 5215 Filio-

355 5273 462 5326 que
483 5257 728 5326 procedit
751 5255 988 5326 Spiritus
1009 5267 1262 5320 sanctus;
1293 5257 1365 5310 ita
1393 5270 1459 5310 ex
1483 5254 1759 5310 intellectu
1783 5267 1940 5325 gene-

358 5358 512 5401 ratur
540 5347 806 5412 voluntas,
838 5357 892 5400 i-t
918 5364 980 5402 ex
1011 5349 1093 5402 his
1121 5349 1248 5401 item
1275 5346 1536 5402 ambobus
1559 5345 1802 5415 procedit
1826 5360 1939 5397 me—

355 5442 557 5496 moria.
588 5440 653 5494 Et
684 5441 786 5496 hoc
815 5441 971 5494 facile
1020 5441 1244 5511 intelligi
1294 5448 1490 5509 potest,
1523 5439 1649 5508 quia
1697 5439 1812 5492 sine
1856 5439 1940 5492 his

356 5534 537 5589 tribus
564 5535 802 5604 perfecta
835 5534 1013 5586 anima
1060 5550 1179 5588 esse
1235 5549 1340 5587 non
1378 5540 1585 5602 potest;
1617 5547 1716 5586 nec
1747 5532 1938 5585 horum

356 5624 525 5678 trium
578 5640 740 5678 tinum
799 5625 1034 5693 aliquod,
1087 5632 1346 5692 quantum
1396 5626 1462 5677 ad
1500 5639 1650 5678 suam
1709 5623 1941 5692 pertinet

2027 1869 2200 1936 gentis
2230 1875 2447 1920 tnatieat
2470 1866 2640 1929 Deus;
2667 1873 2716 1916 et
2752 1865 2792 1917 si
2833 1872 2888 1916 ut
2917 1865 3118 1916 nullum
3153 1872 3328 1933 potest
3351 1878 3468 1916 esse.
3494 1879 3608 1916 mo-

2026 1968 2287 2019 mentum,
2321 1972 2425 2026 quo
2448 1958 2607 2010 homo
2629 1972 2732 2009 non
2764 1963 2945 2009 utatur
2974 1957 3050 2010 rel
3095 1957 3302 2009 fruatur
3332 1955 3426 2009 Dei
3453 1956 3610 2009 boni-

2028 2057 2136 2100 tate.
2162 2061 2215 2100 (‘t
2240 2049 2623 2109 misericordia,
2653 2048 2724 2100 ita
2751 2046 2951 2100 nullum
2979 2048 3169 2101 delicat
3211 2063 3330 2101 esse
3367 2065 3609 2102 momen-

2026 2146 2161 2199 tum,
2191 2153 2296 2207 quo
2323 2146 2640 2206 pra-sentem
2664 2153 2784 2189 eum
2812 2153 2915 2189 non
2943 2137 3139 2192 habent
3165 2141 3442 2194 memoria.

2097 2227 2262 2279 Inter.
2305 2226 2428 2279 [hee
2461 2227 2526 2279 de.
2573 2227 2809 2296 imagine
2858 2228 2960 2281 hac
2992 2228 3105 2281 vice
3139 2229 3267 2282 mihi
3302 2229 3604 2296 sull‘iciunt;

2028 2319 2118 2373 sed
2143 2319 2374 2388 qualiter
2397 2319 2463 2372 ad
2490 2319 2893 2372 similitudinem
2938 2318 3030 2372 Dei
3057 2319 3223 2372 creati
3252 2335 3438 2374 sumus
3459 2321 3611 2374 inno-

2028 2420 2191 2462 tesce.
2252 2407 2404 2477 Resp
2455 2407 2510 2462 In
2561 2417 2818 2476 quantum
2863 2409 2978 2478 ipso
3029 2409 3304 2464 conditore
3349 2409 3612 2480 largiente

2028 2498 2198 2561 valeo,
2222 2497 2436 2550 faciam.
2471 2495 2623 2551 Sicut
2645 2497 2786 2549 enim
2815 2497 2952 2551 Deus
3002 2506 3234 2564 creator,
3279 2500 3370 2569 qui
3420 2515 3519 2556 nos
3541 2500 3612 2556 ad

2028 2587 2433 2642 similitudinem
2465 2601 2616 2640 suam
2649 2587 2871 2650 creavit,
2899 2589 3262 2652 estcharitas,
3287 2597 3372 2644 est
3415 2591 3608 2657 bonus,

2023 2677 2205 2745 justus
2230 2687 2283 2732 et
2310 2680 2542 2748 patiens,
2569 2679 2714 2733 mitis
2741 2687 2788 2732 et
2819 2680 3070 2744 mundus,
3094 2690 3255 2750 atque
3275 2683 3607 2749 misericors,

2030 2777 2083 2822 et
2103 2780 2298 2823 caetera
2327 2770 2584 2824 virtutum
2607 2780 2915 2823 sanctarum
2942 2771 3189 2838 insignia,
3215 2789 3333 2842 qua:
3362 2775 3425 2828 de
3448 2789 3512 2829 eo
3543 2777 3614 2828 lis:

2029 2873 2261 2932 guntur;
2298 2864 2369 2916 ita
2393 2864 2551 2916 homo
2573 2870 2787 2917 creatus
2808 2871 2910 2927 est,
2937 2871 2995 2915 ut
3023 2863 3343 2920 eharitatem
3367 2867 3611 2932 haberet,

2031 2965 2090 3008 nt
2117 2955 2290 3009 bonus
2311 2963 2454 3007 esset
2483 2962 2535 3007 et
2555 2955 2753 3023 justus,
2772 2964 2832 3008 ut
2857 2955 3064 3023 patiens
3089 2965 3249 3024 atque
3267 2957 3431 3022 mitis,
3459 2973 3614 3011 mun-

2035 3047 2132 3099 dus
2163 3055 2216 3099 et
2248 3045 2559 3099 misericors
2589 3045 2761 3108 foret;
2787 3060 2928 3114 quas
2957 3047 3039 3100 vir
3065 3055 3183 3099 utes
3204 3056 3403 3117 quanto
3422 3049 3540 3118 plus
3561 3051 3615 3104 in

2034 3139 2190 3192 .nobis
2218 3139 2498 3201 habemus,
2529 3145 2676 3190 tanto
2723 3137 2944 3207 propius
2969 3154 3152 3193 sumus
3194 3139 3322 3202 Deo,
3355 3148 3410 3193 et
3442 3139 3614 3209 majo-

2036 3247 2147 3283 rem
2171 3231 2336 3284 nostri
2372 3230 2670 3284 eonditoris
2692 3231 2928 3298 gerimus
2957 3231 3382 3286 similitudinem.

2107 3315 2272 3368 Inter.
2312 3315 2367 3370 Si
2401 3324 2600 3379 autem,
2648 3316 2788 3384 quod
2837 3316 2998 3380 absit,
3034 3326 3276 3370 nostrum
3303 3317 3494 3387 aliquis
3520 3333 3619 3387 per

2035 3408 2188 3461 devia
2222 3407 2498 3472 vitiorum,
2518 3415 2575 3461 et
2603 3407 2832 3461 divortia
2856 3408 3147 3462 criminum
3179 3407 3245 3461 ab
3272 3408 3374 3463 hac
3399 3409 3619 3464 nobilis-

2033 3501 2170 3554 sima
2217 3500 2295 3554 sui
2343 3499 2644 3553 conditoris
2699 3498 3052 3554 similitudine
3093 3498 3330 3570 degener
3373 3501 3614 3565 oberrat,

2035 3593 2162 3661 quid
2193 3593 2241 3645 ei
2275 3591 2512 3646 futurum
2566 3607 2683 3645 csse
2712 3592 2954 3645 asseris?
2999 3590 3152 3661 Resp.
3206 3591 3380 3655 Absit,
3417 3599 3477 3645 ut
3515 3593 3619 3647 hoc

2037 3681 2159 3734 fiat!
2201 3680 2332 3734 Nam
2356 3681 2401 3733 si
2425 3679 2652 3735 forsitan
2677 3680 2939 3744 evenerit,
2966 3682 3093 3749 quid
3118 3680 3282 3745 aliud,
3312 3682 3411 3735 nisi
3437 3690 3494 3735 ut
3522 3682 3621 3735 im-

2036 3773 2248 3842 pleatur
2277 3773 2328 3825 in
2358 3773 2532 3835 nobis,
2570 3773 2711 3839 quod
2743 3773 3003 3838 scriptum
3046 3781 3130 3824 est
3162 3789 3174 3824 :
3205 3770 3394 3833 Homo,
3419 3788 3536 3823 cum
3562 3773 3615 3825 in

2038 3865 2233 3916 honore
2259 3876 2411 3928 esset,
2434 3879 2537 3915 non
2569 3861 2848 3924 intellexit,
2894 3870 3226 3930 comparatus
3267 3871 3341 3915 est
3361 3861 3622 3931 jumentie

2037 3955 2420 4025 insipientibus,
2454 3963 2500 4007 et
2552 3952 2735 4006 similis
2766 3953 2938 4021 factus
2968 3961 3041 4004 est
3074 3951 3179 4004 illis
3205 3951 3378 4022 (Psal.
3429 3968 3616 4015 xum,

2041 4049 2150 4118 13).
2171 4048 2299 4114 Ome
2321 4046 2490 4117 [Leg.,
2519 4045 2662 4116 quis]
2685 4045 2856 4115 major
2871 4045 3044 4098 honor
3067 4044 3454 4116 potuithomini
3479 4059 3616 4108 esse,

2040 4153 2202 4207 quam
2230 4146 2290 4191 ut
2310 4139 2376 4191 ad
2403 4136 2810 4190 similitudinem
2841 4134 2921 4190 sui
2951 4133 3172 4188 factoris
3199 4135 3536 4194 conderetur,
3568 4147 3622 4188 et

2037 4230 2239 4284 eisdem
2292 4229 2547 4282 virtutum
2593 4226 2930 4280 vestimentis
2977 4234 3284 4290 ornaretur,
3331 4225 3525 4294 quibus
3569 4237 3624 4280 et

2039 4321 2310 4384 conditor,
2338 4320 2403 4373 de
2444 4334 2549 4388 quo
2578 4319 2774 4389 legitur
2809 4338 2820 4372 :
2857 4317 3113 4372 Dominus
3157 4319 3409 4388 regnavit,
3437 4318 3622 4373 decore

2039 4415 2254 4468 indutus
2289 4423 2362 4467 est
2389 4410 2564 4483 .(Psal.
2599 4428 2729 4476 ml,
2756 4413 2829 4483 1),
2859 4410 2910 4464 id
2945 4420 3047 4473 est,
3094 4411 3333 4466 omnium
3364 4412 3620 4466 \irtntum

2041 4505 2346 4576 splendore,
2376 4513 2430 4559 et
2458 4505 2620 4559 totius
2666 4504 2923 4558 bonitatis
2963 4503 3156 4557 decore
3202 4511 3443 4556 ornatus.
3482 4502 3548 4557 Et
3589 4518 3623 4557 o

2041 4610 2227 4655 contra
2252 4599 2394 4670 quod
2417 4596 2589 4664 majus
2609 4598 2657 4650 ei
2685 4605 2861 4666 potest
2889 4610 3009 4650 esse
3038 4593 3289 4659 dedecus,
3322 4603 3414 4649 aut
3443 4595 3620 4649 infeli-

2037 4698 2155 4751 οἰοι-
2183 4696 2424 4757 miseria,
2458 4709 2616 4762 quam
2657 4703 2717 4745 ut
2767 4691 2870 4744 hac
2912 4689 3279 4744 similitudinis
3322 4688 3488 4758 gloria
3540 4686 3620 4742 sui

2041 4792 2336 4845 conditoris
2378 4789 2596 4850 amissa,
2631 4787 2695 4839 ad
2734 4785 3018 4839 informem
3070 4793 3122 4837 et
3172 4781 3620 4837 irrationabilium

2044 4885 2140 4938 bru
2150 4893 2321 4938 torum
2340 4881 2705 4949 j'-.nnentorum
2729 4878 3010 4932 delabatur
3030 4876 3458 4932 similitudinem.
3483 4873 3622 4940 Qua-

2045 4983 2280 5045 propter,
2330 4989 2363 5027 o
2409 4971 2757 5026 dilectissime
2797 4969 2992 5024 frater!
3051 4969 3267 5024 attende
3316 4965 3622 5038 diligentius

2044 5066 2228 5136 prima:
2255 5063 2581 5118 conditionis
2611 5072 2808 5115 nostrm
2853 5059 3246 5125 excellentiam,
3275 5067 3329 5112 et
3361 5072 3624 5112 veneran-

2043 5158 2164 5210 dam
2189 5164 2388 5210 saneta:
2414 5153 2694 5207 Trinitatis
2716 5167 2948 5224 agnosce
2980 5151 3290 5221 imaginem,
3337 5151 3625 5204 honorem-

2043 5262 2147 5317 que
2172 5247 2540 5302 similitudinis
2569 5246 2782 5310 divfnzc,
2811 5247 2876 5300 ad
2914 5260 3075 5315 quam
3123 5253 3336 5299 creatus
3362 5257 3438 5305 es,
3469 5241 3626 5295 nobi-

2043 5341 2250 5394 litatem
2301 5355 2543 5402 morum,
2595 5339 2910 5392 exercitium
2958 5338 3250 5400 virtutum,
3313 5335 3625 5404 dignitatem

2045 5448 2258 5486 morum
2295 5430 2720 5497 meritorumque
2767 5428 2965 5480 habere
3003 5427 3290 5490 contende,
3324 5433 3382 5479 ut
3410 5425 3625 5494 quando

2045 5533 2325 5593 appareat,
2357 5521 2532 5590 qualis
2561 5521 2649 5582 sit,
2686 5529 2812 5572 tunc
2844 5518 3033 5572 similis
3061 5519 3109 5571 ei
3139 5533 3416 5587 apparens,
3451 5517 3541 5587 qui
3574 5525 3626 5570 te

2047 5614 2366 5669 mirabiliter
2394 5613 2460 5665 ad
2511 5609 2911 5666 similitudinem
2962 5624 3114 5662 suam
3156 5610 3206 5663 in
3250 5609 3427 5678 primo
3460 5608 3624 5660 Adam

3426 5716 3451 5728 ν

438 5800 456 5820 δ
487 5780 610 5834 [Lee
640 5790 757 5834 sunt
790 5779 939 5831 Dirta
973 5778 1178 5831 .llruini
1204 5796 1358 5846 super
1382 5778 1517 5832 illud
1535 5778 1743 5832 llrttrsis
1766 5795 1780 5832 :
1803 5776 2084 5832 inciuilius
2113 5775 2396 5834 hominem,
2421 5780 2549 5841 ctu,
2580 5780 2614 5824 t.
2650 5768 2688 5836 l,
2709 5769 2806 5821 col.
2843 5769 2963 5832 Silii,
2995 5769 3189 5823 omissa
3219 5766 3386 5818 forma
3411 5762 3620 5826 dialogi.
