  <div class='ocr_page' id='page_1' title='image "/cluster/home/n/w/nwhite01/storage/ocr_20150623/101/hvd.32044054759683/557.png"; bbox 0 0 3934 6180; ppageno 0'>
   <div class='ocr_carea' id='block_1_1' title="bbox 428 379 566 433">
    <p class='ocr_par' dir='ltr' id='par_1_1' title="bbox 428 379 566 433">
     <span class='ocr_line' id='line_1_1' title="bbox 428 379 566 433; baseline 0.014 -2"><span class='ocrx_word' id='word_1_1' title='bbox 428 379 566 433; x_wconf 73' lang='lat'><strong>“03</strong></span> 
     </span>
    </p>
   </div>
   <div class='ocr_carea' id='block_1_2' title="bbox 1246 360 2859 426">
    <p class='ocr_par' dir='ltr' id='par_1_2' title="bbox 1246 360 2859 426">
     <span class='ocr_line' id='line_1_2' title="bbox 1246 360 2859 426; baseline -0.007 0"><span class='ocrx_word' id='word_1_2' title='bbox 1246 372 1304 426; x_wconf 85' lang='grc' dir='ltr'><strong>Β.</strong></span> <span class='ocrx_word' id='word_1_3' title='bbox 1349 371 1410 426; x_wconf 87' lang='lat' dir='ltr'><strong>F.</strong></span> <span class='ocrx_word' id='word_1_4' title='bbox 1451 367 1675 424; x_wconf 76' lang='lat' dir='ltr'><strong>ALBINI</strong></span> <span class='ocrx_word' id='word_1_5' title='bbox 1715 366 1845 421; x_wconf 80' lang='lat' dir='ltr'><strong>SEU</strong></span> <span class='ocrx_word' id='word_1_6' title='bbox 1883 361 2156 419; x_wconf 65' lang='lat' dir='ltr'><strong>ALCUINI</strong></span> <span class='ocrx_word' id='word_1_7' title='bbox 2195 361 2474 417; x_wconf 71' lang='lat' dir='ltr'><strong>O-PERUM</strong></span> <span class='ocrx_word' id='word_1_8' title='bbox 2510 360 2689 417; x_wconf 81' lang='lat' dir='ltr'><strong>PARS</strong></span> <span class='ocrx_word' id='word_1_9' title='bbox 2727 361 2859 417; x_wconf 66' lang='lat' dir='ltr'><strong>Vill.</strong></span> 
     </span>
    </p>
   </div>
   <div class='ocr_carea' id='block_1_3' title="bbox 3515 369 3625 426">
    <p class='ocr_par' dir='ltr' id='par_1_3' title="bbox 3515 369 3625 426">
     <span class='ocr_line' id='line_1_3' title="bbox 3515 369 3625 426; baseline 0.027 -3"><span class='ocrx_word' id='word_1_10' title='bbox 3515 369 3625 426; x_wconf 69' lang='grc' dir='ltr'><strong>ιιοι</strong></span> 
     </span>
    </p>
   </div>
   <div class='ocr_carea' id='block_1_4' title="bbox 427 472 3628 558">
    <p class='ocr_par' dir='ltr' id='par_1_4' title="bbox 427 472 3628 558">
     <span class='ocr_line' id='line_1_4' title="bbox 427 472 3628 558; baseline -0.007 -9"><span class='ocrx_word' id='word_1_11' title='bbox 427 493 683 555; x_wconf 81' lang='lat' dir='ltr'><strong>condidit,</strong></span> <span class='ocrx_word' id='word_1_12' title='bbox 703 490 1107 558; x_wconf 83' lang='lat' dir='ltr'><strong>mirabiliusque</strong></span> <span class='ocrx_word' id='word_1_13' title='bbox 1126 489 1183 541; x_wconf 84' lang='lat' dir='ltr'><strong>in</strong></span> <span class='ocrx_word' id='word_1_14' title='bbox 1210 485 1444 540; x_wconf 83' lang='lat' dir='ltr'><strong>secundo</strong></span> <span class='ocrx_word' id='word_1_15' title='bbox 1470 480 1779 537; x_wconf 82' lang='lat' dir='ltr'><strong>reformavit</strong></span> <span class='ocrx_word' id='word_1_16' title='bbox 1806 493 1852 531; x_wconf 74' lang='grc' dir='ltr'><strong>α.</strong></span> <span class='ocrx_word' id='word_1_17' title='bbox 1873 477 1997 531; x_wconf 60' lang='lat' dir='ltr'><strong>llaec</strong></span> <span class='ocrx_word' id='word_1_18' title='bbox 2028 480 2073 536; x_wconf 77' lang='grc' dir='ltr'><strong>Α</strong></span> <span class='ocrx_word' id='word_1_19' title='bbox 2102 473 2224 528; x_wconf 88' lang='lat' dir='ltr'><strong>iista</strong></span> <span class='ocrx_word' id='word_1_20' title='bbox 2266 476 2339 527; x_wconf 91' lang='lat' dir='ltr'><strong>ita</strong></span> <span class='ocrx_word' id='word_1_21' title='bbox 2385 473 2603 543; x_wconf 77' lang='lat' dir='ltr'><strong>protulit</strong></span> <span class='ocrx_word' id='word_1_22' title='bbox 2649 474 2872 527; x_wconf 86' lang='lat' dir='ltr'><strong>dicens:</strong></span> <span class='ocrx_word' id='word_1_23' title='bbox 2907 472 2973 524; x_wconf 85' lang='lat' dir='ltr'><strong>Et</strong></span> <span class='ocrx_word' id='word_1_24' title='bbox 3022 472 3263 529; x_wconf 81' lang='lat' dir='ltr'><strong>inclinan</strong></span> <span class='ocrx_word' id='word_1_25' title='bbox 3304 478 3458 546; x_wconf 79' lang='lat' dir='ltr'><strong>capite</strong></span> <span class='ocrx_word' id='word_1_26' title='bbox 3485 482 3628 536; x_wconf 65' lang='lat' dir='ltr'><strong>enim</strong></span> 
     </span>
    </p>
   </div>
   <div class='ocr_carea' id='block_1_5' title="bbox 427 576 1436 654">
    <p class='ocr_par' dir='ltr' id='par_1_5' title="bbox 427 576 1436 654">
     <span class='ocr_line' id='line_1_5' title="bbox 427 576 1436 654; baseline -0.014 -14"><span class='ocrx_word' id='word_1_27' title='bbox 427 586 494 641; x_wconf 81' lang='lat' dir='ltr'><strong>de</strong></span> <span class='ocrx_word' id='word_1_28' title='bbox 519 583 752 654; x_wconf 89' lang='lat' dir='ltr'><strong>imagine</strong></span> <span class='ocrx_word' id='word_1_29' title='bbox 772 590 827 635; x_wconf 91' lang='lat' dir='ltr'><strong>et</strong></span> <span class='ocrx_word' id='word_1_30' title='bbox 854 578 1203 635; x_wconf 82' lang='lat' dir='ltr'><strong>similitudine</strong></span> <span class='ocrx_word' id='word_1_31' title='bbox 1229 576 1436 629; x_wconf 83' lang='lat' dir='ltr'><strong>habeto.</strong></span> 
     </span>
    </p>
   </div>
   <div class='ocr_carea' id='block_1_6' title="bbox 498 658 2001 742">
    <p class='ocr_par' dir='ltr' id='par_1_6' title="bbox 498 658 2001 742">
     <span class='ocr_line' id='line_1_6' title="bbox 498 658 2001 742; baseline -0.011 -15"><span class='ocrx_word' id='word_1_32' title='bbox 498 673 663 727; x_wconf 87' lang='lat' dir='ltr'><strong>Inter.</strong></span> <span class='ocrx_word' id='word_1_33' title='bbox 703 672 927 742; x_wconf 79' lang='lat' dir='ltr'><strong>Expleta</strong></span> <span class='ocrx_word' id='word_1_34' title='bbox 954 669 1161 724; x_wconf 85' lang='lat' dir='ltr'><strong>ratione</strong></span> <span class='ocrx_word' id='word_1_35' title='bbox 1216 664 1465 735; x_wconf 82' lang='lat' dir='ltr'><strong>imaginis</strong></span> <span class='ocrx_word' id='word_1_36' title='bbox 1494 662 1561 716; x_wconf 87' lang='lat' dir='ltr'><strong>ad</strong></span> <span class='ocrx_word' id='word_1_37' title='bbox 1596 658 2001 716; x_wconf 81' lang='lat' dir='ltr'><strong>similitudinem</strong></span> 
     </span>
    </p>
   </div>
   <div class='ocr_carea' id='block_1_7' title="bbox 427 753 2002 829">
    <p class='ocr_par' dir='ltr' id='par_1_7' title="bbox 427 753 2002 829">
     <span class='ocr_line' id='line_1_7' title="bbox 427 753 2002 829; baseline -0.01 -12"><span class='ocrx_word' id='word_1_38' title='bbox 427 764 700 819; x_wconf 85' lang='lat' dir='ltr'><strong>interioris</strong></span> <span class='ocrx_word' id='word_1_39' title='bbox 731 762 983 828; x_wconf 85' lang='lat' dir='ltr'><strong>hominis,</strong></span> <span class='ocrx_word' id='word_1_40' title='bbox 1008 774 1127 829; x_wconf 73' lang='lat' dir='ltr'><strong>qua:</strong></span> <span class='ocrx_word' id='word_1_41' title='bbox 1148 755 1375 819; x_wconf 90' lang='lat' dir='ltr'><strong>cunctis,</strong></span> <span class='ocrx_word' id='word_1_42' title='bbox 1399 755 1543 809; x_wconf 87' lang='lat' dir='ltr'><strong>sicut</strong></span> <span class='ocrx_word' id='word_1_43' title='bbox 1554 753 1833 819; x_wconf 79' lang='lat' dir='ltr'><strong>hucusque</strong></span> <span class='ocrx_word' id='word_1_44' title='bbox 1860 758 2002 802; x_wconf 89' lang='lat' dir='ltr'><strong>retu-</strong></span> 
     </span>
    </p>
   </div>
   <div class='ocr_carea' id='block_1_8' title="bbox 427 841 2003 924">
    <p class='ocr_par' dir='ltr' id='par_1_8' title="bbox 427 841 2003 924">
     <span class='ocr_line' id='line_1_8' title="bbox 427 841 2003 924; baseline -0.01 -18"><span class='ocrx_word' id='word_1_45' title='bbox 427 854 558 917; x_wconf 91' lang='lat' dir='ltr'><strong>iisti,</strong></span> <span class='ocrx_word' id='word_1_46' title='bbox 585 851 840 924; x_wconf 61' lang='lat' dir='ltr'><strong>praecedit</strong></span> <span class='ocrx_word' id='word_1_47' title='bbox 861 848 1144 911; x_wconf 88' lang='lat' dir='ltr'><strong>creaturis,</strong></span> <span class='ocrx_word' id='word_1_48' title='bbox 1167 844 1341 915; x_wconf 80' lang='lat' dir='ltr'><strong>qualis</strong></span> <span class='ocrx_word' id='word_1_49' title='bbox 1363 844 1480 913; x_wconf 83' lang='lat' dir='ltr'><strong>ejus</strong></span> <span class='ocrx_word' id='word_1_50' title='bbox 1506 850 1698 896; x_wconf 86' lang='lat' dir='ltr'><strong>natura</strong></span> <span class='ocrx_word' id='word_1_51' title='bbox 1725 841 1793 893; x_wconf 90' lang='lat' dir='ltr'><strong>sit</strong></span> <span class='ocrx_word' id='word_1_52' title='bbox 1813 853 2003 893; x_wconf 88' lang='lat' dir='ltr'><strong>secun—</strong></span> 
     </span>
    </p>
   </div>
   <div class='ocr_carea' id='block_1_9' title="bbox 426 932 2000 1001">
    <p class='ocr_par' dir='ltr' id='par_1_9' title="bbox 426 932 2000 1001">
     <span class='ocr_line' id='line_1_9' title="bbox 426 932 2000 1001; baseline -0.01 0"><span class='ocrx_word' id='word_1_53' title='bbox 426 951 554 1001; x_wconf 85' lang='lat' dir='ltr'><strong>dum</strong></span> <span class='ocrx_word' id='word_1_54' title='bbox 595 944 857 999; x_wconf 85' lang='lat' dir='ltr'><strong>rationem</strong></span> <span class='ocrx_word' id='word_1_55' title='bbox 905 938 1192 996; x_wconf 81' lang='lat' dir='ltr'><strong>exterioris</strong></span> <span class='ocrx_word' id='word_1_56' title='bbox 1231 935 1489 999; x_wconf 87' lang='lat' dir='ltr'><strong>hominis,</strong></span> <span class='ocrx_word' id='word_1_57' title='bbox 1520 933 1665 988; x_wconf 88' lang='lat' dir='ltr'><strong>velut</strong></span> <span class='ocrx_word' id='word_1_58' title='bbox 1708 932 1839 1001; x_wconf 89' lang='lat' dir='ltr'><strong>quid</strong></span> <span class='ocrx_word' id='word_1_59' title='bbox 1886 932 2000 1000; x_wconf 83' lang='lat' dir='ltr'><strong>ipsa</strong></span> 
     </span>
    </p>
   </div>
   <div class='ocr_carea' id='block_1_10' title="bbox 428 1021 1999 1100">
    <p class='ocr_par' dir='ltr' id='par_1_10' title="bbox 428 1021 1999 1100">
     <span class='ocr_line' id='line_1_10' title="bbox 428 1021 1999 1100; baseline -0.009 -9"><span class='ocrx_word' id='word_1_60' title='bbox 428 1047 621 1093; x_wconf 88' lang='lat' dir='ltr'><strong>natura</strong></span> <span class='ocrx_word' id='word_1_61' title='bbox 665 1036 891 1096; x_wconf 85' lang='lat' dir='ltr'><strong>dicatur,</strong></span> <span class='ocrx_word' id='word_1_62' title='bbox 933 1031 1217 1100; x_wconf 80' lang='lat' dir='ltr'><strong>diligenter</strong></span> <span class='ocrx_word' id='word_1_63' title='bbox 1257 1042 1486 1096; x_wconf 81' lang='lat' dir='ltr'><strong>expone.</strong></span> <span class='ocrx_word' id='word_1_64' title='bbox 1523 1025 1680 1095; x_wconf 85' lang='lat' dir='ltr'><strong>Resp.</strong></span> <span class='ocrx_word' id='word_1_65' title='bbox 1730 1025 1757 1064; x_wconf 71' lang='grc' dir='ltr'>δ</span> <span class='ocrx_word' id='word_1_66' title='bbox 1799 1021 1999 1077; x_wconf 83' lang='lat' dir='ltr'><strong>Natura</strong></span> 
     </span>
    </p>
   </div>
   <div class='ocr_carea' id='block_1_11' title="bbox 425 1112 2000 1189">
    <p class='ocr_par' dir='ltr' id='par_1_11' title="bbox 425 1112 2000 1189">
     <span class='ocr_line' id='line_1_11' title="bbox 425 1112 2000 1189; baseline -0.01 -9"><span class='ocrx_word' id='word_1_67' title='bbox 425 1129 571 1183; x_wconf 85' lang='lat' dir='ltr'><strong>dicta</strong></span> <span class='ocrx_word' id='word_1_68' title='bbox 596 1133 678 1182; x_wconf 86' lang='lat' dir='ltr'><strong>est</strong></span> <span class='ocrx_word' id='word_1_69' title='bbox 722 1125 788 1178; x_wconf 90' lang='lat' dir='ltr'><strong>ab</strong></span> <span class='ocrx_word' id='word_1_70' title='bbox 827 1138 911 1186; x_wconf 87' lang='lat' dir='ltr'><strong>eo,</strong></span> <span class='ocrx_word' id='word_1_71' title='bbox 943 1120 1089 1189; x_wconf 87' lang='lat' dir='ltr'><strong>quod</strong></span> <span class='ocrx_word' id='word_1_72' title='bbox 1113 1117 1262 1173; x_wconf 89' lang='lat' dir='ltr'><strong>nasci</strong></span> <span class='ocrx_word' id='word_1_73' title='bbox 1303 1116 1519 1185; x_wconf 78' lang='lat' dir='ltr'><strong>aliquod</strong></span> <span class='ocrx_word' id='word_1_74' title='bbox 1542 1114 1726 1174; x_wconf 80' lang='lat' dir='ltr'><strong>faciat,</strong></span> <span class='ocrx_word' id='word_1_75' title='bbox 1752 1112 2000 1184; x_wconf 78' lang='lat' dir='ltr'><strong>gignendi</strong></span> 
     </span>
    </p>
   </div>
   <div class='ocr_carea' id='block_1_12' title="bbox 424 1204 2003 1283">
    <p class='ocr_par' dir='ltr' id='par_1_12' title="bbox 424 1204 2003 1283">
     <span class='ocr_line' id='line_1_12' title="bbox 424 1204 2003 1283; baseline -0.012 -9"><span class='ocrx_word' id='word_1_76' title='bbox 424 1221 570 1274; x_wconf 85' lang='lat' dir='ltr'><strong>enim</strong></span> <span class='ocrx_word' id='word_1_77' title='bbox 589 1227 646 1272; x_wconf 91' lang='lat' dir='ltr'><strong>et</strong></span> <span class='ocrx_word' id='word_1_78' title='bbox 666 1214 893 1271; x_wconf 82' lang='lat' dir='ltr'><strong>faciendi</strong></span> <span class='ocrx_word' id='word_1_79' title='bbox 920 1220 1111 1283; x_wconf 83' lang='lat' dir='ltr'><strong>potens</strong></span> <span class='ocrx_word' id='word_1_80' title='bbox 1134 1219 1236 1263; x_wconf 89' lang='lat' dir='ltr'><strong>est.</strong></span> <span class='ocrx_word' id='word_1_81' title='bbox 1263 1209 1415 1263; x_wconf 88' lang='lat' dir='ltr'><strong>lianc</strong></span> <span class='ocrx_word' id='word_1_82' title='bbox 1430 1207 1648 1276; x_wconf 84' lang='lat' dir='ltr'><strong>quidam</strong></span> <span class='ocrx_word' id='word_1_83' title='bbox 1675 1204 1829 1276; x_wconf 82' lang='lat' dir='ltr'><strong>[Ms.,</strong></span> <span class='ocrx_word' id='word_1_84' title='bbox 1856 1219 2003 1273; x_wconf 67' lang='lat' dir='ltr'><strong>quae-</strong></span> 
     </span>
    </p>
   </div>
   <div class='ocr_carea' id='block_1_13' title="bbox 426 1298 2003 1378">
    <p class='ocr_par' dir='ltr' id='par_1_13' title="bbox 426 1298 2003 1378">
     <span class='ocr_line' id='line_1_13' title="bbox 426 1298 2003 1378; baseline -0.011 -14"><span class='ocrx_word' id='word_1_85' title='bbox 426 1307 572 1378; x_wconf 74' lang='lat' dir='ltr'><strong>dam]</strong></span> <span class='ocrx_word' id='word_1_86' title='bbox 596 1307 764 1362; x_wconf 89' lang='lat' dir='ltr'><strong>Deum</strong></span> <span class='ocrx_word' id='word_1_87' title='bbox 795 1320 915 1360; x_wconf 90' lang='lat' dir='ltr'><strong>esse</strong></span> <span class='ocrx_word' id='word_1_88' title='bbox 945 1304 1217 1365; x_wconf 78' lang='lat' dir='ltr'><strong>dixerunt,</strong></span> <span class='ocrx_word' id='word_1_89' title='bbox 1252 1316 1281 1353; x_wconf 88' lang='lat' dir='ltr'><strong>a</strong></span> <span class='ocrx_word' id='word_1_90' title='bbox 1312 1315 1418 1369; x_wconf 87' lang='lat' dir='ltr'><strong>quo</strong></span> <span class='ocrx_word' id='word_1_91' title='bbox 1444 1298 1623 1353; x_wconf 88' lang='lat' dir='ltr'><strong>om..ia</strong></span> <span class='ocrx_word' id='word_1_92' title='bbox 1651 1306 1832 1351; x_wconf 85' lang='lat' dir='ltr'><strong>creata</strong></span> <span class='ocrx_word' id='word_1_93' title='bbox 1878 1303 2003 1348; x_wconf 87' lang='lat' dir='ltr'><strong>sunt</strong></span> 
     </span>
    </p>
   </div>
   <div class='ocr_carea' id='block_1_14' title="bbox 426 1400 767 1455">
    <p class='ocr_par' dir='ltr' id='par_1_14' title="bbox 426 1400 767 1455">
     <span class='ocr_line' id='line_1_14' title="bbox 426 1400 767 1455; baseline -0.015 0"><span class='ocrx_word' id='word_1_94' title='bbox 426 1410 481 1455; x_wconf 86' lang='lat' dir='ltr'><strong>et</strong></span> <span class='ocrx_word' id='word_1_95' title='bbox 504 1400 767 1455; x_wconf 80' lang='lat' dir='ltr'><strong>existunt.</strong></span> 
     </span>
    </p>
   </div>
   <div class='ocr_carea' id='block_1_15' title="bbox 498 1472 2001 1555">
    <p class='ocr_par' dir='ltr' id='par_1_15' title="bbox 498 1472 2001 1555">
     <span class='ocr_line' id='line_1_15' title="bbox 498 1472 2001 1555; baseline -0.011 -12"><span class='ocrx_word' id='word_1_96' title='bbox 498 1489 660 1545; x_wconf 94' lang='lat' dir='ltr'><strong>Inter.</strong></span> <span class='ocrx_word' id='word_1_97' title='bbox 696 1487 833 1553; x_wconf 88' lang='lat' dir='ltr'><strong>Quid</strong></span> <span class='ocrx_word' id='word_1_98' title='bbox 857 1494 939 1540; x_wconf 88' lang='lat' dir='ltr'><strong>est</strong></span> <span class='ocrx_word' id='word_1_99' title='bbox 957 1482 1162 1555; x_wconf 87' lang='lat' dir='ltr'><strong>genus?</strong></span> <span class='ocrx_word' id='word_1_100' title='bbox 1197 1480 1349 1549; x_wconf 79' lang='lat' dir='ltr'><strong>Resp.</strong></span> <span class='ocrx_word' id='word_1_101' title='bbox 1375 1477 1557 1533; x_wconf 81' lang='lat' dir='ltr'><strong>Genus</strong></span> <span class='ocrx_word' id='word_1_102' title='bbox 1575 1484 1657 1528; x_wconf 83' lang='lat' dir='ltr'><strong>est</strong></span> <span class='ocrx_word' id='word_1_103' title='bbox 1684 1491 1712 1528; x_wconf 89' lang='lat' dir='ltr'><strong>a</strong></span> <span class='ocrx_word' id='word_1_104' title='bbox 1736 1472 2001 1545; x_wconf 83' lang='lat' dir='ltr'><strong>gignendo</strong></span> 
     </span>
    </p>
   </div>
   <div class='ocr_carea' id='block_1_16' title="bbox 424 1561 1998 1643">
    <p class='ocr_par' dir='ltr' id='par_1_16' title="bbox 424 1561 1998 1643">
     <span class='ocr_line' id='line_1_16' title="bbox 424 1561 1998 1643; baseline -0.013 -8"><span class='ocrx_word' id='word_1_105' title='bbox 424 1582 644 1643; x_wconf 87' lang='lat' dir='ltr'><strong>dictum,</strong></span> <span class='ocrx_word' id='word_1_106' title='bbox 674 1578 759 1632; x_wconf 90' lang='lat' dir='ltr'><strong>cui</strong></span> <span class='ocrx_word' id='word_1_107' title='bbox 782 1574 1136 1630; x_wconf 77' lang='lat' dir='ltr'><strong>derivativum</strong></span> <span class='ocrx_word' id='word_1_108' title='bbox 1158 1585 1351 1624; x_wconf 89' lang='lat' dir='ltr'><strong>nomen</strong></span> <span class='ocrx_word' id='word_1_109' title='bbox 1380 1584 1407 1620; x_wconf 87' lang='lat' dir='ltr'><strong>a</strong></span> <span class='ocrx_word' id='word_1_110' title='bbox 1436 1576 1601 1630; x_wconf 86' lang='lat' dir='ltr'><strong>terra,</strong></span> <span class='ocrx_word' id='word_1_111' title='bbox 1624 1579 1691 1620; x_wconf 81' lang='lat' dir='ltr'><strong>ex</strong></span> <span class='ocrx_word' id='word_1_112' title='bbox 1718 1580 1821 1632; x_wconf 88' lang='lat' dir='ltr'><strong>qua</strong></span> <span class='ocrx_word' id='word_1_113' title='bbox 1845 1561 1998 1633; x_wconf 62' lang='grc' dir='ltr'><strong>μὴ..</strong></span> 
     </span>
    </p>
   </div>
   <div class='ocr_carea' id='block_1_17' title="bbox 423 1650 2000 1741">
    <p class='ocr_par' dir='ltr' id='par_1_17' title="bbox 423 1650 2000 1741">
     <span class='ocr_line' id='line_1_17' title="bbox 423 1650 2000 1741; baseline -0.014 -14"><span class='ocrx_word' id='word_1_114' title='bbox 423 1690 489 1727; x_wconf 79' lang='lat' dir='ltr'><strong>ex</strong></span> <span class='ocrx_word' id='word_1_115' title='bbox 517 1669 649 1741; x_wconf 85' lang='lat' dir='ltr'><strong>quo]</strong></span> <span class='ocrx_word' id='word_1_116' title='bbox 680 1668 859 1724; x_wconf 86' lang='lat' dir='ltr'><strong>omnia</strong></span> <span class='ocrx_word' id='word_1_117' title='bbox 882 1666 1203 1738; x_wconf 57' lang='lat' dir='ltr'><strong>gignuntur.»</strong></span> <span class='ocrx_word' id='word_1_118' title='bbox 1224 1661 1385 1714; x_wconf 83' lang='lat' dir='ltr'><strong>Inter.</strong></span> <span class='ocrx_word' id='word_1_119' title='bbox 1411 1658 1722 1725; x_wconf 80' lang='lat' dir='ltr'><strong>Quomodo?</strong></span> <span class='ocrx_word' id='word_1_120' title='bbox 1751 1655 1904 1723; x_wconf 84' lang='lat' dir='ltr'><strong>Resp.</strong></span> <span class='ocrx_word' id='word_1_121' title='bbox 1928 1650 2000 1705; x_wconf 76' lang='lat' dir='ltr'><strong>Ce</strong></span> 
     </span>
    </p>
   </div>
   <div class='ocr_carea' id='block_1_18' title="bbox 424 1751 1998 1835">
    <p class='ocr_par' dir='ltr' id='par_1_18' title="bbox 424 1751 1998 1835">
     <span class='ocr_line' id='line_1_18' title="bbox 424 1751 1998 1835; baseline -0.012 -15"><span class='ocrx_word' id='word_1_122' title='bbox 424 1766 568 1819; x_wconf 83' lang='lat' dir='ltr'><strong>enim</strong></span> <span class='ocrx_word' id='word_1_123' title='bbox 594 1778 765 1835; x_wconf 67' lang='lat' dir='ltr'><strong>graece</strong></span> <span class='ocrx_word' id='word_1_124' title='bbox 794 1770 939 1815; x_wconf 87' lang='lat' dir='ltr'><strong>terra</strong></span> <span class='ocrx_word' id='word_1_125' title='bbox 967 1759 1186 1813; x_wconf 89' lang='lat' dir='ltr'><strong>dicitur.</strong></span> <span class='ocrx_word' id='word_1_126' title='bbox 1222 1757 1385 1810; x_wconf 82' lang='lat' dir='ltr'><strong>Inter.</strong></span> <span class='ocrx_word' id='word_1_127' title='bbox 1440 1755 1557 1807; x_wconf 73' lang='lat' dir='ltr'><strong>Vita</strong></span> <span class='ocrx_word' id='word_1_128' title='bbox 1603 1754 1743 1806; x_wconf 80' lang='lat' dir='ltr'><strong>unde</strong></span> <span class='ocrx_word' id='word_1_129' title='bbox 1770 1751 1998 1805; x_wconf 85' lang='lat' dir='ltr'><strong>dicitur?</strong></span> 
     </span>
    </p>
   </div>
   <div class='ocr_carea' id='block_1_19' title="bbox 2102 564 3629 639">
    <p class='ocr_par' dir='ltr' id='par_1_19' title="bbox 2102 564 3629 639">
     <span class='ocr_line' id='line_1_19' title="bbox 2102 564 3629 639; baseline 0.005 -17"><span class='ocrx_word' id='word_1_130' title='bbox 2102 570 2340 638; x_wconf 81' lang='lat' dir='ltr'><strong>spiritum</strong></span> <span class='ocrx_word' id='word_1_131' title='bbox 2387 567 2569 639; x_wconf 82' lang='lat' dir='ltr'><strong>(Joan.</strong></span> <span class='ocrx_word' id='word_1_132' title='bbox 2600 582 2714 631; x_wconf 75' lang='lat' dir='ltr'><strong>xxx,</strong></span> <span class='ocrx_word' id='word_1_133' title='bbox 2743 564 2854 636; x_wconf 77' lang='lat'><strong>50).</strong></span> <span class='ocrx_word' id='word_1_134' title='bbox 2898 565 2964 619; x_wconf 84' lang='lat' dir='ltr'><strong>Et</strong></span> <span class='ocrx_word' id='word_1_135' title='bbox 3000 565 3200 621; x_wconf 88' lang='lat' dir='ltr'><strong>idcirco</strong></span> <span class='ocrx_word' id='word_1_136' title='bbox 3240 568 3368 623; x_wconf 80' lang='lat' dir='ltr'><strong>nihil</strong></span> <span class='ocrx_word' id='word_1_137' title='bbox 3408 570 3532 626; x_wconf 85' lang='lat' dir='ltr'><strong>aliud</strong></span> <span class='ocrx_word' id='word_1_138' title='bbox 3560 586 3629 628; x_wconf 68' lang='grc' dir='ltr'><strong>εει</strong></span> 
     </span>
    </p>
   </div>
   <div class='ocr_carea' id='block_1_20' title="bbox 2102 656 3623 729">
    <p class='ocr_par' dir='ltr' id='par_1_20' title="bbox 2102 656 3623 729">
     <span class='ocr_line' id='line_1_20' title="bbox 2102 656 3623 729; baseline 0.003 -16"><span class='ocrx_word' id='word_1_139' title='bbox 2102 659 2348 728; x_wconf 84' lang='lat' dir='ltr'><strong>spiritum</strong></span> <span class='ocrx_word' id='word_1_140' title='bbox 2368 658 2634 721; x_wconf 83' lang='lat' dir='ltr'><strong>emittere,</strong></span> <span class='ocrx_word' id='word_1_141' title='bbox 2649 656 2754 710; x_wconf 84' lang='lat' dir='ltr'><strong>nisi</strong></span> <span class='ocrx_word' id='word_1_142' title='bbox 2774 656 2917 726; x_wconf 90' lang='lat' dir='ltr'><strong>quod</strong></span> <span class='ocrx_word' id='word_1_143' title='bbox 2940 664 2996 711; x_wconf 92' lang='lat' dir='ltr'><strong>et</strong></span> <span class='ocrx_word' id='word_1_144' title='bbox 3013 657 3245 712; x_wconf 86' lang='lat' dir='ltr'><strong>animam</strong></span> <span class='ocrx_word' id='word_1_145' title='bbox 3264 674 3465 729; x_wconf 87' lang='lat' dir='ltr'><strong>ponere.</strong></span> <span class='ocrx_word' id='word_1_146' title='bbox 3491 661 3623 717; x_wconf 75' lang='lat' dir='ltr'><strong>Inter.</strong></span> 
     </span>
    </p>
   </div>
   <div class='ocr_carea' id='block_1_21' title="bbox 2101 745 3628 814">
    <p class='ocr_par' dir='ltr' id='par_1_21' title="bbox 2101 745 3628 814">
     <span class='ocr_line' id='line_1_21' title="bbox 2101 745 3628 814; baseline 0.004 -12"><span class='ocrx_word' id='word_1_147' title='bbox 2101 751 2278 814; x_wconf 86' lang='lat' dir='ltr'><strong>Quare</strong></span> <span class='ocrx_word' id='word_1_148' title='bbox 2302 747 2446 802; x_wconf 85' lang='lat' dir='ltr'><strong>dicta</strong></span> <span class='ocrx_word' id='word_1_149' title='bbox 2474 756 2560 802; x_wconf 87' lang='lat' dir='ltr'><strong>est</strong></span> <span class='ocrx_word' id='word_1_150' title='bbox 2582 746 2763 801; x_wconf 85' lang='lat' dir='ltr'><strong>anima</strong></span> <span class='ocrx_word' id='word_1_151' title='bbox 2785 747 2808 799; x_wconf 87' lang='lat'><strong>?</strong></span> <span class='ocrx_word' id='word_1_152' title='bbox 2834 745 2986 814; x_wconf 62' lang='lat' dir='ltr'><strong>Resp.</strong></span> <span class='ocrx_word' id='word_1_153' title='bbox 3017 747 3209 801; x_wconf 80' lang='lat' dir='ltr'><strong>Anima</strong></span> <span class='ocrx_word' id='word_1_154' title='bbox 3248 759 3329 803; x_wconf 87' lang='lat' dir='ltr'><strong>est</strong></span> <span class='ocrx_word' id='word_1_155' title='bbox 3359 752 3491 805; x_wconf 87' lang='lat' dir='ltr'><strong>enim</strong></span> <span class='ocrx_word' id='word_1_156' title='bbox 3511 753 3628 808; x_wconf 83' lang='lat' dir='ltr'><strong>dicta</strong></span> 
     </span>
    </p>
   </div>
   <div class='ocr_carea' id='block_1_22' title="bbox 2102 837 2666 909">
    <p class='ocr_par' dir='ltr' id='par_1_22' title="bbox 2102 837 2666 909">
     <span class='ocr_line' id='line_1_22' title="bbox 2102 837 2666 909; baseline -0.002 -17"><span class='ocrx_word' id='word_1_157' title='bbox 2102 848 2319 909; x_wconf 80' lang='lat' dir='ltr'><strong>propter</strong></span> <span class='ocrx_word' id='word_1_158' title='bbox 2342 838 2486 908; x_wconf 88' lang='lat' dir='ltr'><strong>quod</strong></span> <span class='ocrx_word' id='word_1_159' title='bbox 2512 837 2666 892; x_wconf 81' lang='lat' dir='ltr'><strong>vivit.</strong></span> 
     </span>
    </p>
   </div>
   <div class='ocr_carea' id='block_1_23' title="bbox 2173 927 3629 1000">
    <p class='ocr_par' dir='ltr' id='par_1_23' title="bbox 2173 927 3629 1000">
     <span class='ocr_line' id='line_1_23' title="bbox 2173 927 3629 1000; baseline 0.003 -19"><span class='ocrx_word' id='word_1_160' title='bbox 2173 927 2337 983; x_wconf 82' lang='lat' dir='ltr'><strong>Inter.</strong></span> <span class='ocrx_word' id='word_1_161' title='bbox 2379 927 2558 994; x_wconf 82' lang='lat' dir='ltr'><strong>Quare</strong></span> <span class='ocrx_word' id='word_1_162' title='bbox 2587 937 2810 983; x_wconf 85' lang='lat' dir='ltr'><strong>vocatur</strong></span> <span class='ocrx_word' id='word_1_163' title='bbox 2836 928 3060 998; x_wconf 85' lang='lat' dir='ltr'><strong>spiritus</strong></span> <span class='ocrx_word' id='word_1_164' title='bbox 3078 927 3105 982; x_wconf 83' lang='lat' dir='ltr'><strong>‘I</strong></span> <span class='ocrx_word' id='word_1_165' title='bbox 3131 927 3284 1000; x_wconf 85' lang='lat' dir='ltr'><strong>Resp.</strong></span> <span class='ocrx_word' id='word_1_166' title='bbox 3314 928 3524 1000; x_wconf 88' lang='lat' dir='ltr'><strong>Spiritus</strong></span> <span class='ocrx_word' id='word_1_167' title='bbox 3554 946 3629 986; x_wconf 84' lang='lat' dir='ltr'><strong>au-</strong></span> 
     </span>
    </p>
   </div>
   <div class='ocr_carea' id='block_1_24' title="bbox 2103 1017 3629 1090">
    <p class='ocr_par' dir='ltr' id='par_1_24' title="bbox 2103 1017 3629 1090">
     <span class='ocr_line' id='line_1_24' title="bbox 2103 1017 3629 1090; baseline 0.002 -20"><span class='ocrx_word' id='word_1_168' title='bbox 2103 1026 2209 1071; x_wconf 90' lang='lat' dir='ltr'><strong>tem</strong></span> <span class='ocrx_word' id='word_1_169' title='bbox 2236 1017 2532 1087; x_wconf 82' lang='lat' dir='ltr'><strong>appellatus</strong></span> <span class='ocrx_word' id='word_1_170' title='bbox 2566 1026 2669 1083; x_wconf 86' lang='lat' dir='ltr'><strong>est,</strong></span> <span class='ocrx_word' id='word_1_171' title='bbox 2704 1017 2788 1072; x_wconf 84' lang='lat' dir='ltr'><strong>vel</strong></span> <span class='ocrx_word' id='word_1_172' title='bbox 2822 1031 2922 1087; x_wconf 88' lang='lat' dir='ltr'><strong>pro</strong></span> <span class='ocrx_word' id='word_1_173' title='bbox 2951 1017 3214 1088; x_wconf 83' lang='lat' dir='ltr'><strong>spirituali</strong></span> <span class='ocrx_word' id='word_1_174' title='bbox 3243 1028 3445 1085; x_wconf 75' lang='lat' dir='ltr'><strong>natura,</strong></span> <span class='ocrx_word' id='word_1_175' title='bbox 3466 1021 3537 1073; x_wconf 89' lang='lat' dir='ltr'><strong>vei</strong></span> <span class='ocrx_word' id='word_1_176' title='bbox 3553 1035 3629 1090; x_wconf 84' lang='lat' dir='ltr'><strong>pro</strong></span> 
     </span>
    </p>
   </div>
   <div class='ocr_carea' id='block_1_25' title="bbox 2101 1108 2979 1179">
    <p class='ocr_par' dir='ltr' id='par_1_25' title="bbox 2101 1108 2979 1179">
     <span class='ocr_line' id='line_1_25' title="bbox 2101 1108 2979 1179; baseline 0 -18"><span class='ocrx_word' id='word_1_177' title='bbox 2101 1122 2187 1172; x_wconf 84' lang='lat' dir='ltr'><strong>eo,</strong></span> <span class='ocrx_word' id='word_1_178' title='bbox 2217 1108 2362 1177; x_wconf 88' lang='lat' dir='ltr'><strong>quod</strong></span> <span class='ocrx_word' id='word_1_179' title='bbox 2394 1108 2620 1179; x_wconf 87' lang='lat' dir='ltr'><strong>inspiret</strong></span> <span class='ocrx_word' id='word_1_180' title='bbox 2648 1108 2703 1162; x_wconf 91' lang='lat' dir='ltr'><strong>in</strong></span> <span class='ocrx_word' id='word_1_181' title='bbox 2728 1122 2979 1178; x_wconf 89' lang='lat' dir='ltr'><strong>corpore.</strong></span> 
     </span>
    </p>
   </div>
   <div class='ocr_carea' id='block_1_26' title="bbox 2173 1199 3630 1270">
    <p class='ocr_par' dir='ltr' id='par_1_26' title="bbox 2173 1199 3630 1270">
     <span class='ocr_line' id='line_1_26' title="bbox 2173 1199 3630 1270; baseline 0.004 -17"><span class='ocrx_word' id='word_1_182' title='bbox 2173 1199 2529 1254; x_wconf 68' lang='lat' dir='ltr'><strong>Inter.&#39;lnter</strong></span> <span class='ocrx_word' id='word_1_183' title='bbox 2573 1201 2811 1254; x_wconf 84' lang='lat' dir='ltr'><strong>animum</strong></span> <span class='ocrx_word' id='word_1_184' title='bbox 2861 1209 2918 1255; x_wconf 90' lang='lat' dir='ltr'><strong>et</strong></span> <span class='ocrx_word' id='word_1_185' title='bbox 2960 1201 3194 1255; x_wconf 87' lang='lat' dir='ltr'><strong>animam</strong></span> <span class='ocrx_word' id='word_1_186' title='bbox 3243 1202 3368 1270; x_wconf 88' lang='lat' dir='ltr'><strong>quid</strong></span> <span class='ocrx_word' id='word_1_187' title='bbox 3408 1203 3630 1260; x_wconf 82' lang='lat' dir='ltr'><strong>interest?</strong></span> 
     </span>
    </p>
   </div>
   <div class='ocr_carea' id='block_1_27' title="bbox 2105 1288 3630 1360">
    <p class='ocr_par' dir='ltr' id='par_1_27' title="bbox 2105 1288 3630 1360">
     <span class='ocr_line' id='line_1_27' title="bbox 2105 1288 3630 1360; baseline 0.006 -19"><span class='ocrx_word' id='word_1_188' title='bbox 2105 1288 2260 1359; x_wconf 87' lang='lat' dir='ltr'><strong>Resp.</strong></span> <span class='ocrx_word' id='word_1_189' title='bbox 2306 1288 2533 1345; x_wconf 78' lang='lat' dir='ltr'><strong>Animus</strong></span> <span class='ocrx_word' id='word_1_190' title='bbox 2568 1290 2711 1345; x_wconf 90' lang='lat' dir='ltr'><strong>idem</strong></span> <span class='ocrx_word' id='word_1_191' title='bbox 2748 1297 2854 1355; x_wconf 87' lang='lat' dir='ltr'><strong>est,</strong></span> <span class='ocrx_word' id='word_1_192' title='bbox 2880 1291 3027 1360; x_wconf 89' lang='lat' dir='ltr'><strong>quod</strong></span> <span class='ocrx_word' id='word_1_193' title='bbox 3053 1298 3109 1345; x_wconf 90' lang='lat' dir='ltr'><strong>et</strong></span> <span class='ocrx_word' id='word_1_194' title='bbox 3133 1292 3347 1358; x_wconf 86' lang='lat' dir='ltr'><strong>anima;</strong></span> <span class='ocrx_word' id='word_1_195' title='bbox 3376 1294 3460 1348; x_wconf 90' lang='lat' dir='ltr'><strong>sed</strong></span> <span class='ocrx_word' id='word_1_196' title='bbox 3486 1295 3630 1349; x_wconf 78' lang='lat' dir='ltr'><strong>anima</strong></span> 
     </span>
    </p>
   </div>
   <div class='ocr_carea' id='block_1_28' title="bbox 2102 1380 3627 1455">
    <p class='ocr_par' dir='ltr' id='par_1_28' title="bbox 2102 1380 3627 1455">
     <span class='ocr_line' id='line_1_28' title="bbox 2102 1380 3627 1455; baseline 0.003 -21"><span class='ocrx_word' id='word_1_197' title='bbox 2102 1382 2225 1435; x_wconf 74' lang='lat' dir='ltr'><strong>vita:</strong></span> <span class='ocrx_word' id='word_1_198' title='bbox 2250 1390 2353 1445; x_wconf 89' lang='lat' dir='ltr'><strong>est,</strong></span> <span class='ocrx_word' id='word_1_199' title='bbox 2395 1380 2607 1435; x_wconf 88' lang='lat' dir='ltr'><strong>animus</strong></span> <span class='ocrx_word' id='word_1_200' title='bbox 2648 1380 2879 1436; x_wconf 80' lang='lat' dir='ltr'><strong>consilii.</strong></span> <span class='ocrx_word' id='word_1_201' title='bbox 2934 1381 3087 1437; x_wconf 82' lang='lat' dir='ltr'><strong>Unde</strong></span> <span class='ocrx_word' id='word_1_202' title='bbox 3133 1382 3315 1436; x_wconf 86' lang='lat' dir='ltr'><strong>dicunt</strong></span> <span class='ocrx_word' id='word_1_203' title='bbox 3355 1383 3627 1455; x_wconf 83' lang='lat' dir='ltr'><strong>philosophi,</strong></span> 
     </span>
    </p>
   </div>
   <div class='ocr_carea' id='block_1_29' title="bbox 2101 1470 3629 1537">
    <p class='ocr_par' dir='ltr' id='par_1_29' title="bbox 2101 1470 3629 1537">
     <span class='ocr_line' id='line_1_29' title="bbox 2101 1470 3629 1537; baseline 0.003 -14"><span class='ocrx_word' id='word_1_204' title='bbox 2101 1470 2258 1523; x_wconf 86' lang='lat' dir='ltr'><strong>etiam</strong></span> <span class='ocrx_word' id='word_1_205' title='bbox 2290 1470 2407 1524; x_wconf 88' lang='lat' dir='ltr'><strong>sine</strong></span> <span class='ocrx_word' id='word_1_206' title='bbox 2448 1470 2631 1525; x_wconf 87' lang='lat' dir='ltr'><strong>animo</strong></span> <span class='ocrx_word' id='word_1_207' title='bbox 2671 1470 2840 1525; x_wconf 87' lang='lat' dir='ltr'><strong>vitam</strong></span> <span class='ocrx_word' id='word_1_208' title='bbox 2870 1485 3108 1537; x_wconf 85' lang='lat' dir='ltr'><strong>manere,</strong></span> <span class='ocrx_word' id='word_1_209' title='bbox 3154 1481 3210 1526; x_wconf 90' lang='lat' dir='ltr'><strong>et</strong></span> <span class='ocrx_word' id='word_1_210' title='bbox 3234 1472 3347 1526; x_wconf 88' lang='lat' dir='ltr'><strong>sine</strong></span> <span class='ocrx_word' id='word_1_211' title='bbox 3374 1484 3532 1527; x_wconf 88' lang='lat' dir='ltr'><strong>mente</strong></span> <span class='ocrx_word' id='word_1_212' title='bbox 3553 1475 3629 1529; x_wconf 83' lang='lat' dir='ltr'><strong>dn-</strong></span> 
     </span>
    </p>
   </div>
   <div class='ocr_carea' id='block_1_30' title="bbox 2102 1561 3627 1627">
    <p class='ocr_par' dir='ltr' id='par_1_30' title="bbox 2102 1561 3627 1627">
     <span class='ocr_line' id='line_1_30' title="bbox 2102 1561 3627 1627; baseline 0.004 -13"><span class='ocrx_word' id='word_1_213' title='bbox 2102 1575 2225 1615; x_wconf 90' lang='lat' dir='ltr'><strong>rare</strong></span> <span class='ocrx_word' id='word_1_214' title='bbox 2248 1561 2505 1627; x_wconf 88' lang='lat' dir='ltr'><strong>animam,</strong></span> <span class='ocrx_word' id='word_1_215' title='bbox 2535 1562 2677 1617; x_wconf 90' lang='lat' dir='ltr'><strong>unde</strong></span> <span class='ocrx_word' id='word_1_216' title='bbox 2699 1573 2755 1617; x_wconf 89' lang='lat' dir='ltr'><strong>et</strong></span> <span class='ocrx_word' id='word_1_217' title='bbox 2781 1572 3043 1618; x_wconf 84' lang='lat' dir='ltr'><strong>amentes.</strong></span> <span class='ocrx_word' id='word_1_218' title='bbox 3078 1563 3215 1617; x_wconf 81' lang='lat' dir='ltr'><strong>Nam</strong></span> <span class='ocrx_word' id='word_1_219' title='bbox 3236 1574 3457 1619; x_wconf 85' lang='lat' dir='ltr'><strong>mentem</strong></span> <span class='ocrx_word' id='word_1_220' title='bbox 3478 1569 3627 1620; x_wconf 79' lang='lat' dir='ltr'><strong>vocari</strong></span> 
     </span>
    </p>
   </div>
   <div class='ocr_carea' id='block_1_31' title="bbox 2103 1653 3325 1727">
    <p class='ocr_par' dir='ltr' id='par_1_31' title="bbox 2103 1653 3325 1727">
     <span class='ocr_line' id='line_1_31' title="bbox 2103 1653 3325 1727; baseline 0.002 -20"><span class='ocrx_word' id='word_1_221' title='bbox 2103 1653 2331 1727; x_wconf 79' lang='lat' dir='ltr'><strong>[volunt]</strong></span> <span class='ocrx_word' id='word_1_222' title='bbox 2363 1662 2421 1709; x_wconf 81' lang='lat' dir='ltr'><strong>ut</strong></span> <span class='ocrx_word' id='word_1_223' title='bbox 2455 1655 2609 1721; x_wconf 80' lang='lat' dir='ltr'><strong>sciat,</strong></span> <span class='ocrx_word' id='word_1_224' title='bbox 2657 1655 2891 1709; x_wconf 84' lang='lat' dir='ltr'><strong>animam</strong></span> <span class='ocrx_word' id='word_1_225' title='bbox 2920 1671 3072 1719; x_wconf 87' lang='lat' dir='ltr'><strong>vero,</strong></span> <span class='ocrx_word' id='word_1_226' title='bbox 3100 1667 3162 1710; x_wconf 91' lang='lat' dir='ltr'><strong>ut</strong></span> <span class='ocrx_word' id='word_1_227' title='bbox 3181 1656 3325 1711; x_wconf 77' lang='lat' dir='ltr'><strong>velit.</strong></span> 
     </span>
    </p>
   </div>
   <div class='ocr_carea' id='block_1_32' title="bbox 2173 1744 3628 1818">
    <p class='ocr_par' dir='ltr' id='par_1_32' title="bbox 2173 1744 3628 1818">
     <span class='ocr_line' id='line_1_32' title="bbox 2173 1744 3628 1818; baseline 0.003 -20"><span class='ocrx_word' id='word_1_228' title='bbox 2173 1744 2339 1800; x_wconf 83' lang='lat' dir='ltr'><strong>Inter.</strong></span> <span class='ocrx_word' id='word_1_229' title='bbox 2369 1745 2520 1801; x_wconf 83' lang='lat' dir='ltr'><strong>Mens</strong></span> <span class='ocrx_word' id='word_1_230' title='bbox 2543 1745 2683 1801; x_wconf 87' lang='lat' dir='ltr'><strong>unde</strong></span> <span class='ocrx_word' id='word_1_231' title='bbox 2705 1748 2973 1802; x_wconf 82' lang='lat' dir='ltr'><strong>vocatur?</strong></span> <span class='ocrx_word' id='word_1_232' title='bbox 3015 1747 3172 1818; x_wconf 90' lang='lat' dir='ltr'><strong>Resp.</strong></span> <span class='ocrx_word' id='word_1_233' title='bbox 3203 1748 3347 1803; x_wconf 80' lang='lat' dir='ltr'><strong>Mens</strong></span> <span class='ocrx_word' id='word_1_234' title='bbox 3381 1761 3538 1804; x_wconf 87' lang='lat' dir='ltr'><strong>autem</strong></span> <span class='ocrx_word' id='word_1_235' title='bbox 3560 1766 3628 1803; x_wconf 88' lang='lat' dir='ltr'><strong>vo-</strong></span> 
     </span>
    </p>
   </div>
   <div class='ocr_carea' id='block_1_33' title="bbox 426 1824 3629 1927">
    <p class='ocr_par' dir='ltr' id='par_1_33' title="bbox 426 1824 3629 1927">
     <span class='ocr_line' id='line_1_33' title="bbox 426 1824 3629 1927; baseline -0.006 -17"><span class='ocrx_word' id='word_1_236' title='bbox 426 1824 737 1927; x_wconf 52' lang='lat' dir='ltr'><strong>Resp.vVita</strong></span> <span class='ocrx_word' id='word_1_237' title='bbox 766 1854 912 1909; x_wconf 87' lang='lat' dir='ltr'><strong>dicta</strong></span> <span class='ocrx_word' id='word_1_238' title='bbox 938 1859 1019 1905; x_wconf 88' lang='lat' dir='ltr'><strong>est</strong></span> <span class='ocrx_word' id='word_1_239' title='bbox 1047 1857 1266 1919; x_wconf 86' lang='lat' dir='ltr'><strong>propter</strong></span> <span class='ocrx_word' id='word_1_240' title='bbox 1307 1848 1564 1916; x_wconf 78' lang='lat' dir='ltr'><strong>vigorem,</strong></span> <span class='ocrx_word' id='word_1_241' title='bbox 1594 1844 1675 1897; x_wconf 86' lang='lat' dir='ltr'><strong>vel</strong></span> <span class='ocrx_word' id='word_1_242' title='bbox 1723 1840 1862 1911; x_wconf 88' lang='lat' dir='ltr'><strong>quod</strong></span> <span class='ocrx_word' id='word_1_243' title='bbox 1893 1841 1998 1893; x_wconf 68' lang='lat' dir='ltr'><strong>vim</strong></span> <span class='ocrx_word' id='word_1_244' title='bbox 2034 1824 2078 1884; x_wconf 81' lang='grc' dir='ltr'><strong>Β</strong></span> <span class='ocrx_word' id='word_1_245' title='bbox 2102 1843 2246 1899; x_wconf 86' lang='lat' dir='ltr'><strong>cata,</strong></span> <span class='ocrx_word' id='word_1_246' title='bbox 2269 1834 2411 1903; x_wconf 92' lang='lat' dir='ltr'><strong>quod</strong></span> <span class='ocrx_word' id='word_1_247' title='bbox 2439 1835 2642 1888; x_wconf 86' lang='lat' dir='ltr'><strong>eminet</strong></span> <span class='ocrx_word' id='word_1_248' title='bbox 2660 1834 2711 1888; x_wconf 91' lang='lat' dir='ltr'><strong>in</strong></span> <span class='ocrx_word' id='word_1_249' title='bbox 2735 1834 2937 1901; x_wconf 89' lang='lat' dir='ltr'><strong>anima,</strong></span> <span class='ocrx_word' id='word_1_250' title='bbox 2971 1835 3054 1889; x_wconf 88' lang='lat' dir='ltr'><strong>vel</strong></span> <span class='ocrx_word' id='word_1_251' title='bbox 3077 1836 3225 1905; x_wconf 87' lang='lat' dir='ltr'><strong>quod</strong></span> <span class='ocrx_word' id='word_1_252' title='bbox 3246 1838 3488 1892; x_wconf 86' lang='lat' dir='ltr'><strong>meminit.</strong></span> <span class='ocrx_word' id='word_1_253' title='bbox 3514 1838 3629 1893; x_wconf 80' lang='lat' dir='ltr'><strong>Unde</strong></span> 
     </span>
    </p>
   </div>
   <div class='ocr_carea' id='block_1_34' title="bbox 424 1931 2001 2008">
    <p class='ocr_par' dir='ltr' id='par_1_34' title="bbox 424 1931 2001 2008">
     <span class='ocr_line' id='line_1_34' title="bbox 424 1931 2001 2008; baseline -0.012 -6"><span class='ocrx_word' id='word_1_254' title='bbox 424 1955 605 2001; x_wconf 84' lang='lat' dir='ltr'><strong>teneat</strong></span> <span class='ocrx_word' id='word_1_255' title='bbox 656 1943 931 2005; x_wconf 88' lang='lat' dir='ltr'><strong>nascendi,</strong></span> <span class='ocrx_word' id='word_1_256' title='bbox 986 1948 1148 2008; x_wconf 89' lang='lat' dir='ltr'><strong>atque</strong></span> <span class='ocrx_word' id='word_1_257' title='bbox 1195 1935 1495 1999; x_wconf 77' lang='lat' dir='ltr'><strong>crescendi,</strong></span> <span class='ocrx_word' id='word_1_258' title='bbox 1524 1934 1663 1987; x_wconf 85' lang='lat' dir='ltr'><strong>unde</strong></span> <span class='ocrx_word' id='word_1_259' title='bbox 1690 1941 1745 1986; x_wconf 88' lang='lat' dir='ltr'><strong>ct</strong></span> <span class='ocrx_word' id='word_1_260' title='bbox 1778 1931 2001 1985; x_wconf 78' lang='lat' dir='ltr'><strong>arbores</strong></span> 
     </span>
    </p>
   </div>
   <div class='ocr_carea' id='block_1_35' title="bbox 421 2026 1954 2096">
    <p class='ocr_par' dir='ltr' id='par_1_35' title="bbox 421 2026 1954 2096">
     <span class='ocr_line' id='line_1_35' title="bbox 421 2026 1954 2096; baseline -0.01 -7"><span class='ocrx_word' id='word_1_261' title='bbox 421 2037 588 2090; x_wconf 86' lang='lat' dir='ltr'><strong>vitam</strong></span> <span class='ocrx_word' id='word_1_262' title='bbox 617 2035 815 2090; x_wconf 86' lang='lat' dir='ltr'><strong>habere</strong></span> <span class='ocrx_word' id='word_1_263' title='bbox 838 2031 1112 2093; x_wconf 87' lang='lat' dir='ltr'><strong>dicuntur,</strong></span> <span class='ocrx_word' id='word_1_264' title='bbox 1140 2028 1264 2096; x_wconf 86' lang='lat' dir='ltr'><strong>quia</strong></span> <span class='ocrx_word' id='word_1_265' title='bbox 1290 2026 1582 2096; x_wconf 85' lang='lat' dir='ltr'><strong>gignuntur</strong></span> <span class='ocrx_word' id='word_1_266' title='bbox 1608 2031 1662 2074; x_wconf 82' lang='lat' dir='ltr'><strong>et</strong></span> <span class='ocrx_word' id='word_1_267' title='bbox 1684 2029 1954 2075; x_wconf 86' lang='lat' dir='ltr'><strong>crescunt.</strong></span> 
     </span>
    </p>
   </div>
   <div class='ocr_carea' id='block_1_36' title="bbox 496 2113 2000 2185">
    <p class='ocr_par' dir='ltr' id='par_1_36' title="bbox 496 2113 2000 2185">
     <span class='ocr_line' id='line_1_36' title="bbox 496 2113 2000 2185; baseline -0.011 -5"><span class='ocrx_word' id='word_1_268' title='bbox 496 2128 662 2182; x_wconf 90' lang='lat' dir='ltr'><strong>Inter.</strong></span> <span class='ocrx_word' id='word_1_269' title='bbox 717 2125 886 2179; x_wconf 86' lang='lat' dir='ltr'><strong>iiomo</strong></span> <span class='ocrx_word' id='word_1_270' title='bbox 940 2122 1080 2178; x_wconf 87' lang='lat' dir='ltr'><strong>unde</strong></span> <span class='ocrx_word' id='word_1_271' title='bbox 1123 2128 1209 2175; x_wconf 83' lang='lat' dir='ltr'><strong>est</strong></span> <span class='ocrx_word' id='word_1_272' title='bbox 1252 2116 1459 2173; x_wconf 83' lang='lat' dir='ltr'><strong>dictus?</strong></span> <span class='ocrx_word' id='word_1_273' title='bbox 1499 2114 1650 2185; x_wconf 82' lang='lat' dir='ltr'><strong>Resp.</strong></span> <span class='ocrx_word' id='word_1_274' title='bbox 1685 2113 1809 2167; x_wconf 82' lang='lat' dir='ltr'><strong>ideo</strong></span> <span class='ocrx_word' id='word_1_275' title='bbox 1857 2113 2000 2165; x_wconf 88' lang='lat' dir='ltr'><strong>enim</strong></span> 
     </span>
    </p>
   </div>
   <div class='ocr_carea' id='block_1_37' title="bbox 428 2204 2001 2288">
    <p class='ocr_par' dir='ltr' id='par_1_37' title="bbox 428 2204 2001 2288">
     <span class='ocr_line' id='line_1_37' title="bbox 428 2204 2001 2288; baseline -0.013 -12"><span class='ocrx_word' id='word_1_276' title='bbox 428 2224 589 2276; x_wconf 91' lang='lat' dir='ltr'><strong>homo</strong></span> <span class='ocrx_word' id='word_1_277' title='bbox 614 2228 697 2274; x_wconf 83' lang='lat' dir='ltr'><strong>est</strong></span> <span class='ocrx_word' id='word_1_278' title='bbox 721 2215 1038 2288; x_wconf 81' lang='lat' dir='ltr'><strong>appellatus,</strong></span> <span class='ocrx_word' id='word_1_279' title='bbox 1069 2213 1195 2282; x_wconf 87' lang='lat' dir='ltr'><strong>quia</strong></span> <span class='ocrx_word' id='word_1_280' title='bbox 1216 2227 1279 2266; x_wconf 81' lang='lat' dir='ltr'><strong>ex</strong></span> <span class='ocrx_word' id='word_1_281' title='bbox 1308 2212 1473 2264; x_wconf 91' lang='lat' dir='ltr'><strong>humo</strong></span> <span class='ocrx_word' id='word_1_282' title='bbox 1498 2215 1580 2261; x_wconf 89' lang='lat' dir='ltr'><strong>est</strong></span> <span class='ocrx_word' id='word_1_283' title='bbox 1624 2206 1831 2269; x_wconf 81' lang='lat' dir='ltr'><strong>Iactus;</strong></span> <span class='ocrx_word' id='word_1_284' title='bbox 1864 2204 2001 2258; x_wconf 85' lang='lat' dir='ltr'><strong>sicut</strong></span> 
     </span>
    </p>
   </div>
   <div class='ocr_carea' id='block_1_38' title="bbox 424 2294 2000 2366">
    <p class='ocr_par' dir='ltr' id='par_1_38' title="bbox 424 2294 2000 2366">
     <span class='ocr_line' id='line_1_38' title="bbox 424 2294 2000 2366; baseline -0.011 -2"><span class='ocrx_word' id='word_1_285' title='bbox 424 2322 480 2365; x_wconf 74' lang='lat' dir='ltr'><strong>et</strong></span> <span class='ocrx_word' id='word_1_286' title='bbox 508 2312 561 2365; x_wconf 89' lang='lat' dir='ltr'><strong>in</strong></span> <span class='ocrx_word' id='word_1_287' title='bbox 590 2308 785 2366; x_wconf 86' lang='lat' dir='ltr'><strong>Genesi</strong></span> <span class='ocrx_word' id='word_1_288' title='bbox 814 2306 1012 2363; x_wconf 82' lang='lat' dir='ltr'><strong>dicitur</strong></span> <span class='ocrx_word' id='word_1_289' title='bbox 1053 2322 1066 2357; x_wconf 88' lang='lat'><strong>:</strong></span> <span class='ocrx_word' id='word_1_290' title='bbox 1098 2302 1168 2356; x_wconf 82' lang='lat' dir='ltr'><strong>Et</strong></span> <span class='ocrx_word' id='word_1_291' title='bbox 1219 2301 1411 2356; x_wconf 74' lang='lat' dir='ltr'><strong>crearit</strong></span> <span class='ocrx_word' id='word_1_292' title='bbox 1460 2298 1600 2352; x_wconf 83' lang='lat' dir='ltr'><strong>Deus</strong></span> <span class='ocrx_word' id='word_1_293' title='bbox 1647 2296 1907 2350; x_wconf 81' lang='lat' dir='ltr'><strong>hominem</strong></span> <span class='ocrx_word' id='word_1_294' title='bbox 1937 2294 2000 2347; x_wconf 82' lang='lat' dir='ltr'><strong>de</strong></span> 
     </span>
    </p>
   </div>
   <div class='ocr_carea' id='block_1_39' title="bbox 424 2390 1999 2474">
    <p class='ocr_par' dir='ltr' id='par_1_39' title="bbox 424 2390 1999 2474">
     <span class='ocr_line' id='line_1_39' title="bbox 424 2390 1999 2474; baseline -0.01 -18"><span class='ocrx_word' id='word_1_295' title='bbox 424 2392 1276 2474; x_wconf 19' lang='lat' dir='ltr'><strong>Immo,[Al.,limo]terra&#39;(Cen.</strong></span> <span class='ocrx_word' id='word_1_296' title='bbox 1326 2409 1388 2457; x_wconf 86' lang='lat' dir='ltr'><strong>ll,</strong></span> <span class='ocrx_word' id='word_1_297' title='bbox 1433 2392 1506 2463; x_wconf 87' lang='lat'><strong>7).</strong></span> <span class='ocrx_word' id='word_1_298' title='bbox 1537 2390 1771 2443; x_wconf 80' lang='lat' dir='ltr'><strong>Abusive</strong></span> <span class='ocrx_word' id='word_1_299' title='bbox 1819 2397 1999 2442; x_wconf 88' lang='lat' dir='ltr'><strong>autem</strong></span> 
     </span>
    </p>
   </div>
   <div class='ocr_carea' id='block_1_40' title="bbox 426 2479 1996 2563">
    <p class='ocr_par' dir='ltr' id='par_1_40' title="bbox 426 2479 1996 2563">
     <span class='ocr_line' id='line_1_40' title="bbox 426 2479 1996 2563; baseline -0.01 -16"><span class='ocrx_word' id='word_1_300' title='bbox 426 2492 645 2563; x_wconf 89' lang='lat' dir='ltr'><strong>ponitur</strong></span> <span class='ocrx_word' id='word_1_301' title='bbox 688 2506 754 2544; x_wconf 76' lang='lat' dir='ltr'><strong>ex</strong></span> <span class='ocrx_word' id='word_1_302' title='bbox 797 2500 1037 2557; x_wconf 79' lang='lat' dir='ltr'><strong>utraque</strong></span> <span class='ocrx_word' id='word_1_303' title='bbox 1085 2484 1384 2540; x_wconf 87' lang='lat' dir='ltr'><strong>substantia</strong></span> <span class='ocrx_word' id='word_1_304' title='bbox 1426 2491 1570 2535; x_wconf 92' lang='lat' dir='ltr'><strong>totus</strong></span> <span class='ocrx_word' id='word_1_305' title='bbox 1592 2482 1768 2541; x_wconf 90' lang='lat' dir='ltr'><strong>homo,</strong></span> <span class='ocrx_word' id='word_1_306' title='bbox 1804 2479 1857 2533; x_wconf 90' lang='lat' dir='ltr'><strong>id</strong></span> <span class='ocrx_word' id='word_1_307' title='bbox 1893 2488 1996 2541; x_wconf 89' lang='lat' dir='ltr'><strong>est,</strong></span> 
     </span>
    </p>
   </div>
   <div class='ocr_carea' id='block_1_41' title="bbox 424 2570 2000 2643">
    <p class='ocr_par' dir='ltr' id='par_1_41' title="bbox 424 2570 2000 2643">
     <span class='ocr_line' id='line_1_41' title="bbox 424 2570 2000 2643; baseline -0.008 -8"><span class='ocrx_word' id='word_1_308' title='bbox 424 2597 491 2637; x_wconf 80' lang='lat' dir='ltr'><strong>ex</strong></span> <span class='ocrx_word' id='word_1_309' title='bbox 534 2581 793 2637; x_wconf 81' lang='lat' dir='ltr'><strong>societate</strong></span> <span class='ocrx_word' id='word_1_310' title='bbox 838 2579 1033 2633; x_wconf 76' lang='lat' dir='ltr'><strong>animae</strong></span> <span class='ocrx_word' id='word_1_311' title='bbox 1074 2584 1128 2630; x_wconf 89' lang='lat' dir='ltr'><strong>et</strong></span> <span class='ocrx_word' id='word_1_312' title='bbox 1155 2574 1425 2643; x_wconf 88' lang='lat' dir='ltr'><strong>corporis;</strong></span> <span class='ocrx_word' id='word_1_313' title='bbox 1451 2585 1573 2625; x_wconf 89' lang='lat' dir='ltr'><strong>nam</strong></span> <span class='ocrx_word' id='word_1_314' title='bbox 1595 2570 1811 2638; x_wconf 89' lang='lat' dir='ltr'><strong>proprie</strong></span> <span class='ocrx_word' id='word_1_315' title='bbox 1839 2570 2000 2622; x_wconf 91' lang='lat' dir='ltr'><strong>homo</strong></span> 
     </span>
    </p>
   </div>
   <div class='ocr_carea' id='block_1_42' title="bbox 426 2673 715 2729">
    <p class='ocr_par' dir='ltr' id='par_1_42' title="bbox 426 2673 715 2729">
     <span class='ocr_line' id='line_1_42' title="bbox 426 2673 715 2729; baseline -0.003 -2"><span class='ocrx_word' id='word_1_316' title='bbox 426 2673 495 2727; x_wconf 87' lang='lat' dir='ltr'><strong>ab</strong></span> <span class='ocrx_word' id='word_1_317' title='bbox 532 2675 715 2729; x_wconf 90' lang='lat' dir='ltr'><strong>humo.</strong></span> 
     </span>
    </p>
   </div>
   <div class='ocr_carea' id='block_1_43' title="bbox 496 2753 1997 2837">
    <p class='ocr_par' dir='ltr' id='par_1_43' title="bbox 496 2753 1997 2837">
     <span class='ocr_line' id='line_1_43' title="bbox 496 2753 1997 2837; baseline -0.01 -15"><span class='ocrx_word' id='word_1_318' title='bbox 496 2768 660 2822; x_wconf 85' lang='lat' dir='ltr'><strong>Inter.</strong></span> <span class='ocrx_word' id='word_1_319' title='bbox 696 2766 869 2821; x_wconf 78' lang='lat' dir='ltr'><strong>Homo</strong></span> <span class='ocrx_word' id='word_1_320' title='bbox 887 2762 1156 2833; x_wconf 90' lang='lat' dir='ltr'><strong>quomodo</strong></span> <span class='ocrx_word' id='word_1_321' title='bbox 1174 2768 1397 2815; x_wconf 87' lang='lat' dir='ltr'><strong>vocatur</strong></span> <span class='ocrx_word' id='word_1_322' title='bbox 1419 2757 1638 2813; x_wconf 55' lang='lat' dir='ltr'><strong>Graece?</strong></span> <span class='ocrx_word' id='word_1_323' title='bbox 1653 2756 1804 2837; x_wconf 74' lang='lat' dir='ltr'><strong>Resp.</strong></span> <span class='ocrx_word' id='word_1_324' title='bbox 1826 2753 1997 2809; x_wconf 82' lang='lat' dir='ltr'><strong>Graeci</strong></span> 
     </span>
    </p>
   </div>
   <div class='ocr_carea' id='block_1_44' title="bbox 426 2845 2034 2925">
    <p class='ocr_par' dir='ltr' id='par_1_44' title="bbox 426 2845 2034 2925">
     <span class='ocr_line' id='line_1_44' title="bbox 426 2845 2034 2925; baseline -0.011 -9"><span class='ocrx_word' id='word_1_325' title='bbox 426 2871 610 2915; x_wconf 73' lang='lat' dir='ltr'><strong>autem</strong></span> <span class='ocrx_word' id='word_1_326' title='bbox 644 2858 915 2915; x_wconf 86' lang='lat' dir='ltr'><strong>hominem</strong></span> <span class='ocrx_word' id='word_1_327' title='bbox 942 2855 1264 2925; x_wconf 82' lang='lat' dir='ltr'><strong>antmphum</strong></span> <span class='ocrx_word' id='word_1_328' title='bbox 1294 2851 1713 2922; x_wconf 80' lang='lat' dir='ltr'><strong>appellaverunt,</strong></span> <span class='ocrx_word' id='word_1_329' title='bbox 1749 2862 1816 2902; x_wconf 89' lang='lat' dir='ltr'><strong>eo</strong></span> <span class='ocrx_word' id='word_1_330' title='bbox 1856 2845 1999 2916; x_wconf 91' lang='lat' dir='ltr'><strong>quod</strong></span> <span class='ocrx_word' id='word_1_331' title='bbox 2029 2862 2034 2866; x_wconf 72' lang='lat'>&#39;</span> 
     </span>
    </p>
   </div>
   <div class='ocr_carea' id='block_1_45' title="bbox 423 2937 1997 3019">
    <p class='ocr_par' dir='ltr' id='par_1_45' title="bbox 423 2937 1997 3019">
     <span class='ocr_line' id='line_1_45' title="bbox 423 2937 1997 3019; baseline -0.011 -13"><span class='ocrx_word' id='word_1_332' title='bbox 423 2966 640 3019; x_wconf 85' lang='lat' dir='ltr'><strong>sursum</strong></span> <span class='ocrx_word' id='word_1_333' title='bbox 664 2955 872 3018; x_wconf 83' lang='lat' dir='ltr'><strong>spectet</strong></span> <span class='ocrx_word' id='word_1_334' title='bbox 898 2944 1205 3000; x_wconf 82' lang='lat' dir='ltr'><strong>sublevatus</strong></span> <span class='ocrx_word' id='word_1_335' title='bbox 1228 2943 1297 2997; x_wconf 90' lang='lat' dir='ltr'><strong>ah</strong></span> <span class='ocrx_word' id='word_1_336' title='bbox 1317 2943 1480 2997; x_wconf 88' lang='lat' dir='ltr'><strong>immo</strong></span> <span class='ocrx_word' id='word_1_337' title='bbox 1496 2941 1565 2995; x_wconf 86' lang='lat' dir='ltr'><strong>ad</strong></span> <span class='ocrx_word' id='word_1_338' title='bbox 1588 2937 1997 3007; x_wconf 81' lang='lat' dir='ltr'><strong>contemplatio-</strong></span> 
     </span>
    </p>
   </div>
   <div class='ocr_carea' id='block_1_46' title="bbox 431 3029 1997 3108">
    <p class='ocr_par' dir='ltr' id='par_1_46' title="bbox 431 3029 1997 3108">
     <span class='ocr_line' id='line_1_46' title="bbox 431 3029 1997 3108; baseline -0.011 -9"><span class='ocrx_word' id='word_1_339' title='bbox 431 3059 554 3099; x_wconf 90' lang='lat' dir='ltr'><strong>nem</strong></span> <span class='ocrx_word' id='word_1_340' title='bbox 581 3041 806 3097; x_wconf 74' lang='lat' dir='ltr'><strong>artificis</strong></span> <span class='ocrx_word' id='word_1_341' title='bbox 827 3040 935 3103; x_wconf 92' lang='lat' dir='ltr'><strong>sui,</strong></span> <span class='ocrx_word' id='word_1_342' title='bbox 961 3037 1104 3108; x_wconf 89' lang='lat' dir='ltr'><strong>quod</strong></span> <span class='ocrx_word' id='word_1_343' title='bbox 1122 3034 1346 3092; x_wconf 86' lang='lat' dir='ltr'><strong>Obidius</strong></span> <span class='ocrx_word' id='word_1_344' title='bbox 1368 3032 1539 3105; x_wconf 82' lang='lat' dir='ltr'><strong>[Leg.,</strong></span> <span class='ocrx_word' id='word_1_345' title='bbox 1566 3029 1810 3100; x_wconf 79' lang='lat' dir='ltr'><strong>Ovidius]</strong></span> <span class='ocrx_word' id='word_1_346' title='bbox 1839 3039 1997 3099; x_wconf 84' lang='lat' dir='ltr'><strong>poeta</strong></span> 
     </span>
    </p>
   </div>
   <div class='ocr_carea' id='block_1_47' title="bbox 422 3124 1391 3208">
    <p class='ocr_par' dir='ltr' id='par_1_47' title="bbox 422 3124 1391 3208">
     <span class='ocr_line' id='line_1_47' title="bbox 422 3124 1391 3208; baseline -0.014 -14"><span class='ocrx_word' id='word_1_347' title='bbox 422 3136 687 3208; x_wconf 79' lang='lat' dir='ltr'><strong>designat,</strong></span> <span class='ocrx_word' id='word_1_348' title='bbox 716 3148 841 3188; x_wconf 92' lang='lat' dir='ltr'><strong>cum</strong></span> <span class='ocrx_word' id='word_1_349' title='bbox 869 3130 1000 3185; x_wconf 90' lang='lat' dir='ltr'><strong>dicit</strong></span> <span class='ocrx_word' id='word_1_350' title='bbox 1027 3128 1066 3201; x_wconf 86' lang='lat' dir='ltr'><strong>(t</strong></span> <span class='ocrx_word' id='word_1_351' title='bbox 1100 3127 1223 3181; x_wconf 79' lang='lat' dir='ltr'><strong>Met.</strong></span> <span class='ocrx_word' id='word_1_352' title='bbox 1252 3124 1342 3197; x_wconf 64' lang='grc'><strong>84)</strong></span> <span class='ocrx_word' id='word_1_353' title='bbox 1378 3142 1391 3180; x_wconf 90' lang='lat'><strong>:</strong></span> 
     </span>
    </p>
   </div>
   <div class='ocr_carea' id='block_1_48' title="bbox 546 3254 1796 3332">
    <p class='ocr_par' dir='ltr' id='par_1_48' title="bbox 546 3254 1796 3332">
     <span class='ocr_line' id='line_1_48' title="bbox 546 3254 1796 3332; baseline -0.013 -18"><span class='ocrx_word' id='word_1_354' title='bbox 546 3265 1133 3332; x_wconf 58' lang='lat' dir='ltr'><strong>Pronaqueconspectant</strong></span> <span class='ocrx_word' id='word_1_355' title='bbox 1145 3254 1376 3332; x_wconf 53' lang='lat' dir='ltr'><strong>genualia</strong></span> <span class='ocrx_word' id='word_1_356' title='bbox 1393 3261 1569 3325; x_wconf 68' lang='lat' dir='ltr'><strong>caetera</strong></span> <span class='ocrx_word' id='word_1_357' title='bbox 1590 3259 1796 3332; x_wconf 64' lang='lat' dir='ltr'><strong>terram,</strong></span> 
     </span>
    </p>
   </div>
   <div class='ocr_carea' id='block_1_49' title="bbox 545 3316 1696 3380">
    <p class='ocr_par' dir='ltr' id='par_1_49' title="bbox 545 3316 1696 3380">
     <span class='ocr_line' id='line_1_49' title="bbox 545 3316 1696 3380; baseline -0.01 -7"><span class='ocrx_word' id='word_1_358' title='bbox 545 3330 616 3375; x_wconf 82' lang='lat' dir='ltr'><strong>()s</strong></span> <span class='ocrx_word' id='word_1_359' title='bbox 635 3316 811 3374; x_wconf 78' lang='lat' dir='ltr'><strong>homini</strong></span> <span class='ocrx_word' id='word_1_360' title='bbox 830 3316 1037 3372; x_wconf 84' lang='lat' dir='ltr'><strong>sublime</strong></span> <span class='ocrx_word' id='word_1_361' title='bbox 1061 3320 1214 3380; x_wconf 88' lang='lat' dir='ltr'><strong>dedit,</strong></span> <span class='ocrx_word' id='word_1_362' title='bbox 1237 3319 1510 3380; x_wconf 66' lang='lat' dir='ltr'><strong>caelumque</strong></span> <span class='ocrx_word' id='word_1_363' title='bbox 1526 3316 1696 3380; x_wconf 54' lang='lat' dir='ltr'><strong>ridere</strong></span> 
     </span>
    </p>
   </div>
   <div class='ocr_carea' id='block_1_50' title="bbox 545 3375 1668 3443">
    <p class='ocr_par' dir='ltr' id='par_1_50' title="bbox 545 3375 1668 3443">
     <span class='ocr_line' id='line_1_50' title="bbox 545 3375 1668 3443; baseline -0.012 -7"><span class='ocrx_word' id='word_1_364' title='bbox 545 3389 717 3443; x_wconf 85' lang='lat' dir='ltr'><strong>Jnssit,</strong></span> <span class='ocrx_word' id='word_1_365' title='bbox 744 3394 793 3434; x_wconf 92' lang='lat' dir='ltr'><strong>et</strong></span> <span class='ocrx_word' id='word_1_366' title='bbox 812 3390 1006 3434; x_wconf 85' lang='lat' dir='ltr'><strong>erectos</strong></span> <span class='ocrx_word' id='word_1_367' title='bbox 1024 3383 1081 3429; x_wconf 80' lang='lat' dir='ltr'><strong>ad</strong></span> <span class='ocrx_word' id='word_1_368' title='bbox 1104 3375 1273 3430; x_wconf 79' lang='lat' dir='ltr'><strong>sidera</strong></span> <span class='ocrx_word' id='word_1_369' title='bbox 1294 3378 1467 3428; x_wconf 83' lang='lat' dir='ltr'><strong>tollere</strong></span> <span class='ocrx_word' id='word_1_370' title='bbox 1487 3375 1668 3427; x_wconf 86' lang='lat' dir='ltr'><strong>vultus.</strong></span> 
     </span>
    </p>
   </div>
   <div class='ocr_carea' id='block_1_51' title="bbox 492 3476 2000 3561">
    <p class='ocr_par' dir='ltr' id='par_1_51' title="bbox 492 3476 2000 3561">
     <span class='ocr_line' id='line_1_51' title="bbox 492 3476 2000 3561; baseline -0.009 -20"><span class='ocrx_word' id='word_1_371' title='bbox 492 3490 651 3561; x_wconf 56' lang='lat'><strong>[‘21</strong></span> <span class='ocrx_word' id='word_1_372' title='bbox 686 3487 847 3540; x_wconf 81' lang='lat' dir='ltr'><strong>Inter.</strong></span> <span class='ocrx_word' id='word_1_373' title='bbox 905 3485 1014 3539; x_wconf 81' lang='lat' dir='ltr'><strong>Cur</strong></span> <span class='ocrx_word' id='word_1_374' title='bbox 1042 3482 1205 3536; x_wconf 88' lang='lat' dir='ltr'><strong>homo</strong></span> <span class='ocrx_word' id='word_1_375' title='bbox 1248 3479 1490 3550; x_wconf 88' lang='lat' dir='ltr'><strong>aspicere</strong></span> <span class='ocrx_word' id='word_1_376' title='bbox 1539 3476 1735 3531; x_wconf 74' lang='lat' dir='ltr'><strong>omium</strong></span> <span class='ocrx_word' id='word_1_377' title='bbox 1765 3478 2000 3530; x_wconf 83' lang='lat' dir='ltr'><strong>dicitur?</strong></span> 
     </span>
    </p>
   </div>
   <div class='ocr_carea' id='block_1_52' title="bbox 431 3567 2000 3651">
    <p class='ocr_par' dir='ltr' id='par_1_52' title="bbox 431 3567 2000 3651">
     <span class='ocr_line' id='line_1_52' title="bbox 431 3567 2000 3651; baseline -0.01 -15"><span class='ocrx_word' id='word_1_378' title='bbox 431 3583 580 3651; x_wconf 83' lang='lat' dir='ltr'><strong>Resp.</strong></span> <span class='ocrx_word' id='word_1_379' title='bbox 614 3580 737 3633; x_wconf 85' lang='lat' dir='ltr'><strong>ideo</strong></span> <span class='ocrx_word' id='word_1_380' title='bbox 763 3577 906 3631; x_wconf 82' lang='lat' dir='ltr'><strong>enim</strong></span> <span class='ocrx_word' id='word_1_381' title='bbox 929 3580 1144 3629; x_wconf 86' lang='lat' dir='ltr'><strong>erectus</strong></span> <span class='ocrx_word' id='word_1_382' title='bbox 1174 3572 1240 3625; x_wconf 90' lang='lat' dir='ltr'><strong>ad</strong></span> <span class='ocrx_word' id='word_1_383' title='bbox 1270 3570 1468 3625; x_wconf 75' lang='lat' dir='ltr'><strong>omium</strong></span> <span class='ocrx_word' id='word_1_384' title='bbox 1494 3568 1706 3637; x_wconf 88' lang='lat' dir='ltr'><strong>aspicit,</strong></span> <span class='ocrx_word' id='word_1_385' title='bbox 1738 3575 1796 3619; x_wconf 89' lang='lat' dir='ltr'><strong>ut</strong></span> <span class='ocrx_word' id='word_1_386' title='bbox 1832 3567 2000 3621; x_wconf 88' lang='lat' dir='ltr'><strong>Deum</strong></span> 
     </span>
    </p>
   </div>
   <div class='ocr_carea' id='block_1_53' title="bbox 423 3658 1999 3742">
    <p class='ocr_par' dir='ltr' id='par_1_53' title="bbox 423 3658 1999 3742">
     <span class='ocr_line' id='line_1_53' title="bbox 423 3658 1999 3742; baseline -0.009 -17"><span class='ocrx_word' id='word_1_387' title='bbox 423 3679 647 3742; x_wconf 63' lang='lat' dir='ltr'><strong>quaerat,</strong></span> <span class='ocrx_word' id='word_1_388' title='bbox 678 3685 782 3723; x_wconf 87' lang='lat' dir='ltr'><strong>non</strong></span> <span class='ocrx_word' id='word_1_389' title='bbox 817 3675 874 3721; x_wconf 88' lang='lat' dir='ltr'><strong>ut</strong></span> <span class='ocrx_word' id='word_1_390' title='bbox 901 3674 1097 3719; x_wconf 82' lang='lat' dir='ltr'><strong>terram</strong></span> <span class='ocrx_word' id='word_1_391' title='bbox 1132 3661 1393 3725; x_wconf 85' lang='lat' dir='ltr'><strong>intendat,</strong></span> <span class='ocrx_word' id='word_1_392' title='bbox 1439 3658 1602 3712; x_wconf 88' lang='lat' dir='ltr'><strong>veluti</strong></span> <span class='ocrx_word' id='word_1_393' title='bbox 1638 3671 1851 3727; x_wconf 77' lang='lat' dir='ltr'><strong>pecora,</strong></span> <span class='ocrx_word' id='word_1_394' title='bbox 1881 3673 1999 3725; x_wconf 72' lang='lat' dir='ltr'><strong>qua:</strong></span> 
     </span>
    </p>
   </div>
   <div class='ocr_carea' id='block_1_54' title="bbox 425 3749 1637 3832">
    <p class='ocr_par' dir='ltr' id='par_1_54' title="bbox 425 3749 1637 3832">
     <span class='ocr_line' id='line_1_54' title="bbox 425 3749 1637 3832; baseline -0.013 -13"><span class='ocrx_word' id='word_1_395' title='bbox 425 3772 617 3819; x_wconf 87' lang='lat' dir='ltr'><strong>natura</strong></span> <span class='ocrx_word' id='word_1_396' title='bbox 644 3775 813 3832; x_wconf 87' lang='lat' dir='ltr'><strong>prona</strong></span> <span class='ocrx_word' id='word_1_397' title='bbox 852 3765 905 3813; x_wconf 89' lang='lat' dir='ltr'><strong>ct</strong></span> <span class='ocrx_word' id='word_1_398' title='bbox 933 3755 1108 3811; x_wconf 84' lang='lat' dir='ltr'><strong>ventri</strong></span> <span class='ocrx_word' id='word_1_399' title='bbox 1135 3752 1438 3809; x_wconf 76' lang='lat' dir='ltr'><strong>obedientia</strong></span> <span class='ocrx_word' id='word_1_400' title='bbox 1469 3749 1637 3805; x_wconf 75' lang='lat' dir='ltr'><strong>iiiixit.</strong></span> 
     </span>
    </p>
   </div>
   <div class='ocr_carea' id='block_1_55' title="bbox 499 3839 2001 3916">
    <p class='ocr_par' dir='ltr' id='par_1_55' title="bbox 499 3839 2001 3916">
     <span class='ocr_line' id='line_1_55' title="bbox 499 3839 2001 3916; baseline -0.009 -9"><span class='ocrx_word' id='word_1_401' title='bbox 499 3853 657 3907; x_wconf 82' lang='lat' dir='ltr'><strong>Inter.</strong></span> <span class='ocrx_word' id='word_1_402' title='bbox 683 3851 777 3905; x_wconf 84' lang='lat' dir='ltr'><strong>Est</strong></span> <span class='ocrx_word' id='word_1_403' title='bbox 804 3850 962 3904; x_wconf 92' lang='lat' dir='ltr'><strong>homo</strong></span> <span class='ocrx_word' id='word_1_404' title='bbox 989 3844 1239 3916; x_wconf 78' lang='lat' dir='ltr'><strong>simplex,</strong></span> <span class='ocrx_word' id='word_1_405' title='bbox 1280 3859 1348 3898; x_wconf 92' lang='lat' dir='ltr'><strong>an</strong></span> <span class='ocrx_word' id='word_1_406' title='bbox 1372 3841 1610 3910; x_wconf 81' lang='lat' dir='ltr'><strong>duplex?</strong></span> <span class='ocrx_word' id='word_1_407' title='bbox 1644 3840 1795 3910; x_wconf 76' lang='lat' dir='ltr'><strong>Ilt&#39;sp.</strong></span> <span class='ocrx_word' id='word_1_408' title='bbox 1828 3839 2001 3894; x_wconf 90' lang='lat' dir='ltr'><strong>ilomo</strong></span> 
     </span>
    </p>
   </div>
   <div class='ocr_carea' id='block_1_56' title="bbox 424 3933 1557 4011">
    <p class='ocr_par' dir='ltr' id='par_1_56' title="bbox 424 3933 1557 4011">
     <span class='ocr_line' id='line_1_56' title="bbox 424 3933 1557 4011; baseline -0.012 -11"><span class='ocrx_word' id='word_1_409' title='bbox 424 3955 602 4000; x_wconf 84' lang='lat' dir='ltr'><strong>autem</strong></span> <span class='ocrx_word' id='word_1_410' title='bbox 631 3942 824 4011; x_wconf 74' lang='lat' dir='ltr'><strong>duplex</strong></span> <span class='ocrx_word' id='word_1_411' title='bbox 851 3949 954 4003; x_wconf 81' lang='lat' dir='ltr'><strong>est,</strong></span> <span class='ocrx_word' id='word_1_412' title='bbox 981 3936 1204 3992; x_wconf 83' lang='lat' dir='ltr'><strong>interior</strong></span> <span class='ocrx_word' id='word_1_413' title='bbox 1224 3943 1278 3989; x_wconf 87' lang='lat' dir='ltr'><strong>et</strong></span> <span class='ocrx_word' id='word_1_414' title='bbox 1300 3933 1557 3989; x_wconf 78' lang='lat' dir='ltr'><strong>exterior.</strong></span> 
     </span>
    </p>
   </div>
   <div class='ocr_carea' id='block_1_57' title="bbox 498 4018 2002 4101">
    <p class='ocr_par' dir='ltr' id='par_1_57' title="bbox 498 4018 2002 4101">
     <span class='ocr_line' id='line_1_57' title="bbox 498 4018 2002 4101; baseline -0.011 -10"><span class='ocrx_word' id='word_1_415' title='bbox 498 4036 662 4091; x_wconf 80' lang='lat' dir='ltr'><strong>Inter.</strong></span> <span class='ocrx_word' id='word_1_416' title='bbox 689 4030 1008 4101; x_wconf 81' lang='lat' dir='ltr'><strong>Quomodo?</strong></span> <span class='ocrx_word' id='word_1_417' title='bbox 1037 4026 1188 4098; x_wconf 89' lang='lat' dir='ltr'><strong>Resp.</strong></span> <span class='ocrx_word' id='word_1_418' title='bbox 1215 4025 1444 4081; x_wconf 88' lang='lat' dir='ltr'><strong>interior</strong></span> <span class='ocrx_word' id='word_1_419' title='bbox 1480 4024 1660 4079; x_wconf 89' lang='lat' dir='ltr'><strong>homo.</strong></span> <span class='ocrx_word' id='word_1_420' title='bbox 1695 4018 1874 4076; x_wconf 90' lang='lat' dir='ltr'><strong>anima</strong></span> <span class='ocrx_word' id='word_1_421' title='bbox 1900 4041 1915 4088; x_wconf 86' lang='lat'><strong>;</strong></span> <span class='ocrx_word' id='word_1_422' title='bbox 1949 4032 2002 4075; x_wconf 85' lang='lat' dir='ltr'><strong>et</strong></span> 
     </span>
    </p>
   </div>
   <div class='ocr_carea' id='block_1_58' title="bbox 424 4124 1112 4191">
    <p class='ocr_par' dir='ltr' id='par_1_58' title="bbox 424 4124 1112 4191">
     <span class='ocr_line' id='line_1_58' title="bbox 424 4124 1112 4191; baseline -0.015 -6"><span class='ocrx_word' id='word_1_423' title='bbox 424 4127 662 4185; x_wconf 72' lang='lat' dir='ltr'><strong>exterior</strong></span> <span class='ocrx_word' id='word_1_424' title='bbox 685 4124 868 4191; x_wconf 86' lang='lat' dir='ltr'><strong>homo,</strong></span> <span class='ocrx_word' id='word_1_425' title='bbox 898 4136 1112 4191; x_wconf 86' lang='lat' dir='ltr'><strong>corpus.</strong></span> 
     </span>
    </p>
   </div>
   <div class='ocr_carea' id='block_1_59' title="bbox 498 4208 2003 4281">
    <p class='ocr_par' dir='ltr' id='par_1_59' title="bbox 498 4208 2003 4281">
     <span class='ocr_line' id='line_1_59' title="bbox 498 4208 2003 4281; baseline -0.008 -7"><span class='ocrx_word' id='word_1_426' title='bbox 498 4219 661 4274; x_wconf 84' lang='lat' dir='ltr'><strong>Inter.</strong></span> <span class='ocrx_word' id='word_1_427' title='bbox 686 4215 879 4271; x_wconf 77' lang='lat' dir='ltr'><strong>Anima</strong></span> <span class='ocrx_word' id='word_1_428' title='bbox 902 4213 1041 4268; x_wconf 85' lang='lat' dir='ltr'><strong>unde</strong></span> <span class='ocrx_word' id='word_1_429' title='bbox 1072 4227 1266 4267; x_wconf 90' lang='lat' dir='ltr'><strong>nomen</strong></span> <span class='ocrx_word' id='word_1_430' title='bbox 1292 4210 1540 4281; x_wconf 88' lang='lat' dir='ltr'><strong>accepit?</strong></span> <span class='ocrx_word' id='word_1_431' title='bbox 1564 4210 1719 4281; x_wconf 86' lang='lat' dir='ltr'><strong>Resp.</strong></span> <span class='ocrx_word' id='word_1_432' title='bbox 1744 4210 1789 4264; x_wconf 86' lang='lat' dir='ltr'><strong>A</strong></span> <span class='ocrx_word' id='word_1_433' title='bbox 1830 4208 2003 4281; x_wconf 84' lang='lat' dir='ltr'><strong>genti-</strong></span> 
     </span>
    </p>
   </div>
   <div class='ocr_carea' id='block_1_60' title="bbox 426 4301 2001 4382">
    <p class='ocr_par' dir='ltr' id='par_1_60' title="bbox 426 4301 2001 4382">
     <span class='ocr_line' id='line_1_60' title="bbox 426 4301 2001 4382; baseline -0.008 -14"><span class='ocrx_word' id='word_1_434' title='bbox 426 4313 566 4368; x_wconf 83' lang='lat' dir='ltr'><strong>libus</strong></span> <span class='ocrx_word' id='word_1_435' title='bbox 606 4308 786 4382; x_wconf 84' lang='lat' dir='ltr'><strong>[Isid.,</strong></span> <span class='ocrx_word' id='word_1_436' title='bbox 823 4322 853 4361; x_wconf 89' lang='lat' dir='ltr'><strong>a</strong></span> <span class='ocrx_word' id='word_1_437' title='bbox 878 4303 1073 4376; x_wconf 78' lang='lat' dir='ltr'><strong>ventis]</strong></span> <span class='ocrx_word' id='word_1_438' title='bbox 1113 4303 1255 4359; x_wconf 89' lang='lat' dir='ltr'><strong>enim</strong></span> <span class='ocrx_word' id='word_1_439' title='bbox 1289 4303 1468 4358; x_wconf 85' lang='lat' dir='ltr'><strong>anima</strong></span> <span class='ocrx_word' id='word_1_440' title='bbox 1511 4319 1706 4358; x_wconf 88' lang='lat' dir='ltr'><strong>nomen</strong></span> <span class='ocrx_word' id='word_1_441' title='bbox 1749 4301 2001 4371; x_wconf 86' lang='lat' dir='ltr'><strong>sumpsit,</strong></span> 
     </span>
    </p>
   </div>
   <div class='ocr_carea' id='block_1_61' title="bbox 424 4390 2004 4472">
    <p class='ocr_par' dir='ltr' id='par_1_61' title="bbox 424 4390 2004 4472">
     <span class='ocr_line' id='line_1_61' title="bbox 424 4390 2004 4472; baseline -0.009 -13"><span class='ocrx_word' id='word_1_442' title='bbox 424 4419 490 4458; x_wconf 80' lang='lat' dir='ltr'><strong>eo</strong></span> <span class='ocrx_word' id='word_1_443' title='bbox 525 4400 669 4472; x_wconf 87' lang='lat' dir='ltr'><strong>quod</strong></span> <span class='ocrx_word' id='word_1_444' title='bbox 694 4407 887 4455; x_wconf 88' lang='lat' dir='ltr'><strong>ventus</strong></span> <span class='ocrx_word' id='word_1_445' title='bbox 911 4395 1000 4461; x_wconf 90' lang='lat' dir='ltr'><strong>sit,</strong></span> <span class='ocrx_word' id='word_1_446' title='bbox 1023 4394 1162 4449; x_wconf 87' lang='lat' dir='ltr'><strong>unde</strong></span> <span class='ocrx_word' id='word_1_447' title='bbox 1181 4401 1239 4450; x_wconf 87' lang='lat' dir='ltr'><strong>et</strong></span> <span class='ocrx_word' id='word_1_448' title='bbox 1258 4401 1453 4448; x_wconf 89' lang='lat' dir='ltr'><strong>ventus</strong></span> <span class='ocrx_word' id='word_1_449' title='bbox 1477 4391 1664 4447; x_wconf 62' lang='lat' dir='ltr'><strong>Graece</strong></span> <span class='ocrx_word' id='word_1_450' title='bbox 1692 4408 1903 4446; x_wconf 86' lang='lat' dir='ltr'><strong>anemos</strong></span> <span class='ocrx_word' id='word_1_451' title='bbox 1923 4390 2004 4446; x_wconf 85' lang='lat' dir='ltr'><strong>di-</strong></span> 
     </span>
    </p>
   </div>
   <div class='ocr_carea' id='block_1_62' title="bbox 2102 1924 3629 1995">
    <p class='ocr_par' dir='ltr' id='par_1_62' title="bbox 2102 1924 3629 1995">
     <span class='ocr_line' id='line_1_62' title="bbox 2102 1924 3629 1995; baseline 0.003 -18"><span class='ocrx_word' id='word_1_452' title='bbox 2102 1935 2158 1977; x_wconf 90' lang='lat' dir='ltr'><strong>et</strong></span> <span class='ocrx_word' id='word_1_453' title='bbox 2185 1924 2527 1979; x_wconf 82' lang='lat' dir='ltr'><strong>immemores</strong></span> <span class='ocrx_word' id='word_1_454' title='bbox 2554 1932 2814 1979; x_wconf 83' lang='lat' dir='ltr'><strong>amentes.</strong></span> <span class='ocrx_word' id='word_1_455' title='bbox 2866 1924 3208 1995; x_wconf 82' lang='lat' dir='ltr'><strong>Quapropter</strong></span> <span class='ocrx_word' id='word_1_456' title='bbox 3243 1943 3343 1983; x_wconf 87' lang='lat' dir='ltr'><strong>non</strong></span> <span class='ocrx_word' id='word_1_457' title='bbox 3380 1929 3537 1982; x_wconf 84' lang='lat' dir='ltr'><strong>anima</strong></span> <span class='ocrx_word' id='word_1_458' title='bbox 3559 1931 3629 1984; x_wconf 77' lang='lat' dir='ltr'><strong>sei</strong></span> 
     </span>
    </p>
   </div>
   <div class='ocr_carea' id='block_1_63' title="bbox 2102 2017 3631 2091">
    <p class='ocr_par' dir='ltr' id='par_1_63' title="bbox 2102 2017 3631 2091">
     <span class='ocr_line' id='line_1_63' title="bbox 2102 2017 3631 2091; baseline 0.005 -23"><span class='ocrx_word' id='word_1_459' title='bbox 2102 2017 2244 2086; x_wconf 90' lang='lat' dir='ltr'><strong>quod</strong></span> <span class='ocrx_word' id='word_1_460' title='bbox 2282 2017 2493 2072; x_wconf 78' lang='lat' dir='ltr'><strong>excellit</strong></span> <span class='ocrx_word' id='word_1_461' title='bbox 2529 2017 2810 2083; x_wconf 90' lang='lat' dir='ltr'><strong>inanima,</strong></span> <span class='ocrx_word' id='word_1_462' title='bbox 2848 2033 3001 2073; x_wconf 88' lang='lat' dir='ltr'><strong>mens</strong></span> <span class='ocrx_word' id='word_1_463' title='bbox 3028 2028 3276 2086; x_wconf 86' lang='lat' dir='ltr'><strong>vocatur,</strong></span> <span class='ocrx_word' id='word_1_464' title='bbox 3315 2030 3543 2091; x_wconf 81' lang='lat' dir='ltr'><strong>tanquam</strong></span> <span class='ocrx_word' id='word_1_465' title='bbox 3562 2037 3631 2076; x_wconf 80' lang='lat' dir='ltr'><strong>ca-</strong></span> 
     </span>
    </p>
   </div>
   <div class='ocr_carea' id='block_1_64' title="bbox 2102 2108 3629 2181">
    <p class='ocr_par' dir='ltr' id='par_1_64' title="bbox 2102 2108 3629 2181">
     <span class='ocr_line' id='line_1_64' title="bbox 2102 2108 3629 2181; baseline 0.005 -23"><span class='ocrx_word' id='word_1_466' title='bbox 2102 2115 2197 2175; x_wconf 91' lang='lat' dir='ltr'><strong>put</strong></span> <span class='ocrx_word' id='word_1_467' title='bbox 2233 2108 2349 2178; x_wconf 87' lang='lat' dir='ltr'><strong>ejus</strong></span> <span class='ocrx_word' id='word_1_468' title='bbox 2385 2108 2472 2163; x_wconf 87' lang='lat' dir='ltr'><strong>vei</strong></span> <span class='ocrx_word' id='word_1_469' title='bbox 2514 2108 2704 2163; x_wconf 87' lang='lat' dir='ltr'><strong>oculus</strong></span> <span class='ocrx_word' id='word_1_470' title='bbox 2745 2127 2756 2162; x_wconf 93' lang='lat'>:</span> <span class='ocrx_word' id='word_1_471' title='bbox 2790 2109 2931 2163; x_wconf 83' lang='lat' dir='ltr'><strong>unde</strong></span> <span class='ocrx_word' id='word_1_472' title='bbox 2958 2118 3013 2162; x_wconf 90' lang='lat' dir='ltr'><strong>et</strong></span> <span class='ocrx_word' id='word_1_473' title='bbox 3043 2110 3208 2166; x_wconf 82' lang='lat' dir='ltr'><strong>homo</strong></span> <span class='ocrx_word' id='word_1_474' title='bbox 3236 2112 3345 2181; x_wconf 84' lang='lat' dir='ltr'><strong>ipse</strong></span> <span class='ocrx_word' id='word_1_475' title='bbox 3386 2112 3629 2168; x_wconf 83' lang='lat' dir='ltr'><strong>secundum</strong></span> 
     </span>
    </p>
   </div>
   <div class='ocr_carea' id='block_1_65' title="bbox 2102 2197 3629 2270">
    <p class='ocr_par' dir='ltr' id='par_1_65' title="bbox 2102 2197 3629 2270">
     <span class='ocr_line' id='line_1_65' title="bbox 2102 2197 3629 2270; baseline 0.003 -20"><span class='ocrx_word' id='word_1_476' title='bbox 2102 2205 2337 2252; x_wconf 86' lang='lat' dir='ltr'><strong>mentem</strong></span> <span class='ocrx_word' id='word_1_477' title='bbox 2385 2198 2559 2270; x_wconf 84' lang='lat' dir='ltr'><strong>imago</strong></span> <span class='ocrx_word' id='word_1_478' title='bbox 2600 2197 2695 2253; x_wconf 90' lang='lat' dir='ltr'><strong>Dei</strong></span> <span class='ocrx_word' id='word_1_479' title='bbox 2740 2197 2960 2254; x_wconf 88' lang='lat' dir='ltr'><strong>dicitur.</strong></span> <span class='ocrx_word' id='word_1_480' title='bbox 3015 2200 3089 2254; x_wconf 82' lang='lat' dir='ltr'><strong>ita</strong></span> <span class='ocrx_word' id='word_1_481' title='bbox 3135 2208 3315 2255; x_wconf 87' lang='lat' dir='ltr'><strong>autem</strong></span> <span class='ocrx_word' id='word_1_482' title='bbox 3355 2203 3459 2256; x_wconf 81' lang='lat' dir='ltr'><strong>inec</strong></span> <span class='ocrx_word' id='word_1_483' title='bbox 3488 2202 3629 2255; x_wconf 85' lang='lat' dir='ltr'><strong>omnia</strong></span> 
     </span>
    </p>
   </div>
   <div class='ocr_carea' id='block_1_66' title="bbox 2101 2288 3630 2361">
    <p class='ocr_par' dir='ltr' id='par_1_66' title="bbox 2101 2288 3630 2361">
     <span class='ocr_line' id='line_1_66' title="bbox 2101 2288 3630 2361; baseline 0.001 -19"><span class='ocrx_word' id='word_1_484' title='bbox 2101 2288 2351 2357; x_wconf 89' lang='lat' dir='ltr'><strong>adjuncta</strong></span> <span class='ocrx_word' id='word_1_485' title='bbox 2382 2300 2506 2344; x_wconf 88' lang='lat' dir='ltr'><strong>sunt</strong></span> <span class='ocrx_word' id='word_1_486' title='bbox 2535 2291 2748 2355; x_wconf 73' lang='lat' dir='ltr'><strong>animm,</strong></span> <span class='ocrx_word' id='word_1_487' title='bbox 2780 2300 2839 2344; x_wconf 91' lang='lat' dir='ltr'><strong>ut</strong></span> <span class='ocrx_word' id='word_1_488' title='bbox 2870 2305 2974 2343; x_wconf 89' lang='lat' dir='ltr'><strong>una</strong></span> <span class='ocrx_word' id='word_1_489' title='bbox 2997 2306 3087 2345; x_wconf 85' lang='lat' dir='ltr'><strong>res</strong></span> <span class='ocrx_word' id='word_1_490' title='bbox 3115 2292 3228 2356; x_wconf 89' lang='lat' dir='ltr'><strong>sit;</strong></span> <span class='ocrx_word' id='word_1_491' title='bbox 3268 2306 3362 2361; x_wconf 88' lang='lat' dir='ltr'><strong>pro</strong></span> <span class='ocrx_word' id='word_1_492' title='bbox 3384 2290 3630 2346; x_wconf 70' lang='lat' dir='ltr'><strong>efﬁciendis</strong></span> 
     </span>
    </p>
   </div>
   <div class='ocr_carea' id='block_1_67' title="bbox 2099 2381 3630 2439">
    <p class='ocr_par' dir='ltr' id='par_1_67' title="bbox 2099 2381 3630 2439">
     <span class='ocr_line' id='line_1_67' title="bbox 2099 2381 3630 2439; baseline 0.001 -5"><span class='ocrx_word' id='word_1_493' title='bbox 2099 2381 2242 2435; x_wconf 87' lang='lat' dir='ltr'><strong>enim</strong></span> <span class='ocrx_word' id='word_1_494' title='bbox 2260 2398 2545 2437; x_wconf 87' lang='lat' dir='ltr'><strong>causarum</strong></span> <span class='ocrx_word' id='word_1_495' title='bbox 2565 2382 2776 2438; x_wconf 87' lang='lat' dir='ltr'><strong>diversa</strong></span> <span class='ocrx_word' id='word_1_496' title='bbox 2794 2383 3013 2438; x_wconf 89' lang='lat' dir='ltr'><strong>nomina</strong></span> <span class='ocrx_word' id='word_1_497' title='bbox 3033 2384 3230 2438; x_wconf 87' lang='lat' dir='ltr'><strong>sortita</strong></span> <span class='ocrx_word' id='word_1_498' title='bbox 3243 2394 3326 2439; x_wconf 90' lang='lat' dir='ltr'><strong>est</strong></span> <span class='ocrx_word' id='word_1_499' title='bbox 3337 2384 3512 2439; x_wconf 85' lang='lat' dir='ltr'><strong>anima.</strong></span> <span class='ocrx_word' id='word_1_500' title='bbox 3529 2384 3630 2437; x_wconf 78' lang='lat' dir='ltr'><strong>Nam</strong></span> 
     </span>
    </p>
   </div>
   <div class='ocr_carea' id='block_1_68' title="bbox 2099 2473 3628 2537">
    <p class='ocr_par' dir='ltr' id='par_1_68' title="bbox 2099 2473 3628 2537">
     <span class='ocr_line' id='line_1_68' title="bbox 2099 2473 3628 2537; baseline 0.003 -12"><span class='ocrx_word' id='word_1_501' title='bbox 2099 2481 2154 2526; x_wconf 88' lang='lat' dir='ltr'><strong>et</strong></span> <span class='ocrx_word' id='word_1_502' title='bbox 2197 2473 2457 2528; x_wconf 87' lang='lat' dir='ltr'><strong>memoria</strong></span> <span class='ocrx_word' id='word_1_503' title='bbox 2472 2488 2624 2528; x_wconf 89' lang='lat' dir='ltr'><strong>mens</strong></span> <span class='ocrx_word' id='word_1_504' title='bbox 2649 2482 2753 2537; x_wconf 86' lang='lat' dir='ltr'><strong>est,</strong></span> <span class='ocrx_word' id='word_1_505' title='bbox 2808 2475 2953 2529; x_wconf 75' lang='lat' dir='ltr'><strong>unde</strong></span> <span class='ocrx_word' id='word_1_506' title='bbox 2972 2484 3026 2528; x_wconf 86' lang='lat' dir='ltr'><strong>et</strong></span> <span class='ocrx_word' id='word_1_507' title='bbox 3048 2476 3391 2531; x_wconf 88' lang='lat' dir='ltr'><strong>immemores</strong></span> <span class='ocrx_word' id='word_1_508' title='bbox 3416 2486 3628 2531; x_wconf 82' lang='lat' dir='ltr'><strong>amentes.</strong></span> 
     </span>
    </p>
   </div>
   <div class='ocr_carea' id='block_1_69' title="bbox 2173 2556 3633 2638">
    <p class='ocr_par' dir='ltr' id='par_1_69' title="bbox 2173 2556 3633 2638">
     <span class='ocr_line' id='line_1_69' title="bbox 2173 2556 3633 2638; baseline 0 -21"><span class='ocrx_word' id='word_1_509' title='bbox 2173 2563 2338 2618; x_wconf 89' lang='lat' dir='ltr'><strong>Inter.</strong></span> <span class='ocrx_word' id='word_1_510' title='bbox 2370 2565 2489 2632; x_wconf 88' lang='lat' dir='ltr'><strong>Qua</strong></span> <span class='ocrx_word' id='word_1_511' title='bbox 2520 2563 2768 2619; x_wconf 86' lang='lat' dir='ltr'><strong>ratione?</strong></span> <span class='ocrx_word' id='word_1_512' title='bbox 2798 2563 2954 2636; x_wconf 89' lang='lat' dir='ltr'><strong>Resp.</strong></span> <span class='ocrx_word' id='word_1_513' title='bbox 2993 2556 3132 2620; x_wconf 81' lang='lat' dir='ltr'><strong>Cum</strong></span> <span class='ocrx_word' id='word_1_514' title='bbox 3160 2581 3286 2638; x_wconf 85' lang='lat' dir='ltr'><strong>ergo</strong></span> <span class='ocrx_word' id='word_1_515' title='bbox 3304 2566 3515 2621; x_wconf 86' lang='lat' dir='ltr'><strong>viviﬁcat</strong></span> <span class='ocrx_word' id='word_1_516' title='bbox 3538 2581 3633 2619; x_wconf 87' lang='lat' dir='ltr'><strong>cor-</strong></span> 
     </span>
    </p>
   </div>
   <div class='ocr_carea' id='block_1_70' title="bbox 2099 2656 3635 2726">
    <p class='ocr_par' dir='ltr' id='par_1_70' title="bbox 2099 2656 3635 2726">
     <span class='ocr_line' id='line_1_70' title="bbox 2099 2656 3635 2726; baseline -0.002 -14"><span class='ocrx_word' id='word_1_517' title='bbox 2099 2673 2219 2726; x_wconf 90' lang='lat' dir='ltr'><strong>pus,</strong></span> <span class='ocrx_word' id='word_1_518' title='bbox 2236 2658 2416 2712; x_wconf 89' lang='lat' dir='ltr'><strong>anima</strong></span> <span class='ocrx_word' id='word_1_519' title='bbox 2438 2666 2523 2712; x_wconf 86' lang='lat' dir='ltr'><strong>est</strong></span> <span class='ocrx_word' id='word_1_520' title='bbox 2539 2674 2553 2722; x_wconf 92' lang='lat'><strong>;</strong></span> <span class='ocrx_word' id='word_1_521' title='bbox 2569 2658 2696 2712; x_wconf 88' lang='lat' dir='ltr'><strong>dum</strong></span> <span class='ocrx_word' id='word_1_522' title='bbox 2712 2656 2846 2723; x_wconf 91' lang='lat' dir='ltr'><strong>vult,</strong></span> <span class='ocrx_word' id='word_1_523' title='bbox 2871 2657 3084 2712; x_wconf 88' lang='lat' dir='ltr'><strong>animus</strong></span> <span class='ocrx_word' id='word_1_524' title='bbox 3106 2668 3196 2714; x_wconf 86' lang='lat' dir='ltr'><strong>est</strong></span> <span class='ocrx_word' id='word_1_525' title='bbox 3219 2676 3233 2725; x_wconf 91' lang='lat'><strong>;</strong></span> <span class='ocrx_word' id='word_1_526' title='bbox 3257 2664 3376 2713; x_wconf 87' lang='lat' dir='ltr'><strong>dum</strong></span> <span class='ocrx_word' id='word_1_527' title='bbox 3397 2659 3635 2723; x_wconf 81' lang='lat' dir='ltr'><strong>scit,meus</strong></span> 
     </span>
    </p>
   </div>
   <div class='ocr_carea' id='block_1_71' title="bbox 2098 2744 3632 2814">
    <p class='ocr_par' dir='ltr' id='par_1_71' title="bbox 2098 2744 3632 2814">
     <span class='ocr_line' id='line_1_71' title="bbox 2098 2744 3632 2814; baseline -0.005 -11"><span class='ocrx_word' id='word_1_528' title='bbox 2098 2756 2216 2814; x_wconf 88' lang='lat' dir='ltr'><strong>est;</strong></span> <span class='ocrx_word' id='word_1_529' title='bbox 2240 2746 2367 2803; x_wconf 89' lang='lat' dir='ltr'><strong>dum</strong></span> <span class='ocrx_word' id='word_1_530' title='bbox 2395 2747 2607 2811; x_wconf 88' lang='lat' dir='ltr'><strong>recolit,</strong></span> <span class='ocrx_word' id='word_1_531' title='bbox 2630 2746 2893 2800; x_wconf 87' lang='lat' dir='ltr'><strong>memoria</strong></span> <span class='ocrx_word' id='word_1_532' title='bbox 2920 2757 3045 2810; x_wconf 89' lang='lat' dir='ltr'><strong>est;</strong></span> <span class='ocrx_word' id='word_1_533' title='bbox 3069 2746 3204 2801; x_wconf 87' lang='lat' dir='ltr'><strong>dum</strong></span> <span class='ocrx_word' id='word_1_534' title='bbox 3240 2744 3632 2813; x_wconf 81' lang='lat' dir='ltr'><strong>rectumjudicst,</strong></span> 
     </span>
    </p>
   </div>
   <div class='ocr_carea' id='block_1_72' title="bbox 2099 2833 3633 2905">
    <p class='ocr_par' dir='ltr' id='par_1_72' title="bbox 2099 2833 3633 2905">
     <span class='ocr_line' id='line_1_72' title="bbox 2099 2833 3633 2905; baseline -0.005 -14"><span class='ocrx_word' id='word_1_535' title='bbox 2099 2837 2239 2891; x_wconf 89' lang='lat' dir='ltr'><strong>ratio</strong></span> <span class='ocrx_word' id='word_1_536' title='bbox 2261 2848 2376 2900; x_wconf 88' lang='lat' dir='ltr'><strong>est;</strong></span> <span class='ocrx_word' id='word_1_537' title='bbox 2430 2836 2558 2891; x_wconf 89' lang='lat' dir='ltr'><strong>dum</strong></span> <span class='ocrx_word' id='word_1_538' title='bbox 2582 2836 2771 2905; x_wconf 87' lang='lat' dir='ltr'><strong>spirat,</strong></span> <span class='ocrx_word' id='word_1_539' title='bbox 2802 2835 3024 2905; x_wconf 89' lang='lat' dir='ltr'><strong>spiritus</strong></span> <span class='ocrx_word' id='word_1_540' title='bbox 3043 2843 3135 2890; x_wconf 87' lang='lat' dir='ltr'><strong>est</strong></span> <span class='ocrx_word' id='word_1_541' title='bbox 3161 2851 3177 2901; x_wconf 90' lang='lat'><strong>;</strong></span> <span class='ocrx_word' id='word_1_542' title='bbox 3200 2836 3323 2890; x_wconf 89' lang='lat' dir='ltr'><strong>dum</strong></span> <span class='ocrx_word' id='word_1_543' title='bbox 3345 2833 3519 2904; x_wconf 86' lang='lat' dir='ltr'><strong>aliquid</strong></span> <span class='ocrx_word' id='word_1_544' title='bbox 3539 2846 3633 2886; x_wconf 80' lang='lat' dir='ltr'><strong>sen-</strong></span> 
     </span>
    </p>
   </div>
   <div class='ocr_carea' id='block_1_73' title="bbox 2102 2926 3636 2994">
    <p class='ocr_par' dir='ltr' id='par_1_73' title="bbox 2102 2926 3636 2994">
     <span class='ocr_line' id='line_1_73' title="bbox 2102 2926 3636 2994; baseline -0.003 -12"><span class='ocrx_word' id='word_1_545' title='bbox 2102 2930 2183 2994; x_wconf 87' lang='lat' dir='ltr'><strong>tit,</strong></span> <span class='ocrx_word' id='word_1_546' title='bbox 2213 2943 2405 2984; x_wconf 88' lang='lat' dir='ltr'><strong>sensus</strong></span> <span class='ocrx_word' id='word_1_547' title='bbox 2427 2936 2547 2983; x_wconf 85' lang='lat' dir='ltr'><strong>est:</strong></span> <span class='ocrx_word' id='word_1_548' title='bbox 2588 2942 2715 2983; x_wconf 87' lang='lat' dir='ltr'><strong>nam</strong></span> <span class='ocrx_word' id='word_1_549' title='bbox 2745 2926 2869 2981; x_wconf 89' lang='lat' dir='ltr'><strong>inde</strong></span> <span class='ocrx_word' id='word_1_550' title='bbox 2923 2928 3140 2981; x_wconf 83' lang='lat' dir='ltr'><strong>animus</strong></span> <span class='ocrx_word' id='word_1_551' title='bbox 3169 2943 3352 2983; x_wconf 87' lang='lat' dir='ltr'><strong>sensus</strong></span> <span class='ocrx_word' id='word_1_552' title='bbox 3376 2927 3543 2981; x_wconf 87' lang='lat' dir='ltr'><strong>dicitur</strong></span> <span class='ocrx_word' id='word_1_553' title='bbox 3560 2940 3636 2993; x_wconf 83' lang='lat' dir='ltr'><strong>pro</strong></span> 
     </span>
    </p>
   </div>
   <div class='ocr_carea' id='block_1_74' title="bbox 2099 3017 3631 3089">
    <p class='ocr_par' dir='ltr' id='par_1_74' title="bbox 2099 3017 3631 3089">
     <span class='ocr_line' id='line_1_74' title="bbox 2099 3017 3631 3089; baseline -0.005 -14"><span class='ocrx_word' id='word_1_554' title='bbox 2099 3020 2203 3085; x_wconf 87' lang='lat' dir='ltr'><strong>his,</strong></span> <span class='ocrx_word' id='word_1_555' title='bbox 2250 3034 2370 3089; x_wconf 65' lang='lat' dir='ltr'><strong>quae</strong></span> <span class='ocrx_word' id='word_1_556' title='bbox 2399 3019 2584 3084; x_wconf 88' lang='lat' dir='ltr'><strong>sentit,</strong></span> <span class='ocrx_word' id='word_1_557' title='bbox 2634 3017 2779 3074; x_wconf 88' lang='lat' dir='ltr'><strong>unde</strong></span> <span class='ocrx_word' id='word_1_558' title='bbox 2819 3026 2873 3072; x_wconf 90' lang='lat' dir='ltr'><strong>et</strong></span> <span class='ocrx_word' id='word_1_559' title='bbox 2914 3019 3192 3074; x_wconf 87' lang='lat' dir='ltr'><strong>sententia</strong></span> <span class='ocrx_word' id='word_1_560' title='bbox 3232 3033 3415 3074; x_wconf 85' lang='lat' dir='ltr'><strong>nomen</strong></span> <span class='ocrx_word' id='word_1_561' title='bbox 3447 3017 3631 3086; x_wconf 79' lang='lat' dir='ltr'><strong>accepit.</strong></span> 
     </span>
    </p>
   </div>
   <div class='ocr_carea' id='block_1_75' title="bbox 2178 3109 3637 3183">
    <p class='ocr_par' dir='ltr' id='par_1_75' title="bbox 2178 3109 3637 3183">
     <span class='ocr_line' id='line_1_75' title="bbox 2178 3109 3637 3183; baseline -0.003 -17"><span class='ocrx_word' id='word_1_562' title='bbox 2178 3111 2343 3166; x_wconf 83' lang='lat' dir='ltr'><strong>Inter.</strong></span> <span class='ocrx_word' id='word_1_563' title='bbox 2376 3112 2584 3181; x_wconf 90' lang='lat' dir='ltr'><strong>Corpus</strong></span> <span class='ocrx_word' id='word_1_564' title='bbox 2613 3111 2753 3166; x_wconf 89' lang='lat' dir='ltr'><strong>unde</strong></span> <span class='ocrx_word' id='word_1_565' title='bbox 2778 3109 2982 3165; x_wconf 88' lang='lat' dir='ltr'><strong>dictum</strong></span> <span class='ocrx_word' id='word_1_566' title='bbox 3008 3120 3092 3166; x_wconf 88' lang='lat' dir='ltr'><strong>est</strong></span> <span class='ocrx_word' id='word_1_567' title='bbox 3113 3112 3139 3165; x_wconf 85' lang='lat'><strong>?</strong></span> <span class='ocrx_word' id='word_1_568' title='bbox 3172 3111 3321 3183; x_wconf 75' lang='lat' dir='ltr'><strong>Resp‘.</strong></span> <span class='ocrx_word' id='word_1_569' title='bbox 3368 3112 3550 3166; x_wconf 85' lang='lat' dir='ltr'><strong>Dictum</strong></span> <span class='ocrx_word' id='word_1_570' title='bbox 3573 3119 3637 3162; x_wconf 73' lang='lat' dir='ltr'><strong>est</strong></span> 
     </span>
    </p>
   </div>
   <div class='ocr_carea' id='block_1_76' title="bbox 2028 3169 3637 3273">
    <p class='ocr_par' dir='ltr' id='par_1_76' title="bbox 2028 3169 3637 3273">
     <span class='ocr_line' id='line_1_76' title="bbox 2028 3169 3637 3273; baseline -0.006 -13"><span class='ocrx_word' id='word_1_571' title='bbox 2028 3169 2077 3232; x_wconf 61' lang='grc' dir='ltr'><strong>Ω</strong></span> <span class='ocrx_word' id='word_1_572' title='bbox 2106 3205 2250 3259; x_wconf 90' lang='lat' dir='ltr'><strong>enim</strong></span> <span class='ocrx_word' id='word_1_573' title='bbox 2294 3219 2509 3273; x_wconf 89' lang='lat' dir='ltr'><strong>corpus,</strong></span> <span class='ocrx_word' id='word_1_574' title='bbox 2557 3217 2623 3257; x_wconf 89' lang='lat' dir='ltr'><strong>eo</strong></span> <span class='ocrx_word' id='word_1_575' title='bbox 2664 3202 2811 3273; x_wconf 88' lang='lat' dir='ltr'><strong>quod</strong></span> <span class='ocrx_word' id='word_1_576' title='bbox 2857 3212 3182 3272; x_wconf 87' lang='lat' dir='ltr'><strong>corruptum</strong></span> <span class='ocrx_word' id='word_1_577' title='bbox 3231 3169 3365 3273; x_wconf 74' lang='lat' dir='ltr'><strong>perit</strong></span> <span class='ocrx_word' id='word_1_578' title='bbox 3400 3220 3413 3269; x_wconf 91' lang='lat'><strong>;</strong></span> <span class='ocrx_word' id='word_1_579' title='bbox 3457 3199 3637 3255; x_wconf 65' lang='lat' dir='ltr'><strong>solubilis</strong></span> 
     </span>
    </p>
   </div>
   <div class='ocr_carea' id='block_1_77' title="bbox 2104 3293 3551 3364">
    <p class='ocr_par' dir='ltr' id='par_1_77' title="bbox 2104 3293 3551 3364">
     <span class='ocr_line' id='line_1_77' title="bbox 2104 3293 3551 3364; baseline -0.003 -15"><span class='ocrx_word' id='word_1_580' title='bbox 2104 3294 2246 3349; x_wconf 91' lang='lat' dir='ltr'><strong>enim</strong></span> <span class='ocrx_word' id='word_1_581' title='bbox 2278 3302 2441 3364; x_wconf 88' lang='lat' dir='ltr'><strong>atque</strong></span> <span class='ocrx_word' id='word_1_582' title='bbox 2464 3293 2692 3348; x_wconf 86' lang='lat' dir='ltr'><strong>mortale</strong></span> <span class='ocrx_word' id='word_1_583' title='bbox 2717 3302 2823 3360; x_wconf 90' lang='lat' dir='ltr'><strong>est,</strong></span> <span class='ocrx_word' id='word_1_584' title='bbox 2851 3301 2908 3348; x_wconf 90' lang='lat' dir='ltr'><strong>et</strong></span> <span class='ocrx_word' id='word_1_585' title='bbox 2933 3293 3229 3363; x_wconf 86' lang='lat' dir='ltr'><strong>aliquando</strong></span> <span class='ocrx_word' id='word_1_586' title='bbox 3256 3295 3551 3350; x_wconf 84' lang='lat' dir='ltr'><strong>solvendum.</strong></span> 
     </span>
    </p>
   </div>
   <div class='ocr_carea' id='block_1_78' title="bbox 2174 3384 3637 3457">
    <p class='ocr_par' dir='ltr' id='par_1_78' title="bbox 2174 3384 3637 3457">
     <span class='ocr_line' id='line_1_78' title="bbox 2174 3384 3637 3457; baseline -0.005 -18"><span class='ocrx_word' id='word_1_587' title='bbox 2174 3385 2340 3439; x_wconf 87' lang='lat' dir='ltr'><strong>Inter.</strong></span> <span class='ocrx_word' id='word_1_588' title='bbox 2387 3384 2538 3440; x_wconf 86' lang='lat' dir='ltr'><strong>Unde</strong></span> <span class='ocrx_word' id='word_1_589' title='bbox 2582 3384 2727 3439; x_wconf 86' lang='lat' dir='ltr'><strong>dicta</strong></span> <span class='ocrx_word' id='word_1_590' title='bbox 2768 3392 2853 3440; x_wconf 87' lang='lat' dir='ltr'><strong>est</strong></span> <span class='ocrx_word' id='word_1_591' title='bbox 2875 3386 3050 3439; x_wconf 87' lang='lat' dir='ltr'><strong>caro?</strong></span> <span class='ocrx_word' id='word_1_592' title='bbox 3086 3385 3250 3457; x_wconf 84' lang='lat' dir='ltr'><strong>Resp.</strong></span> <span class='ocrx_word' id='word_1_593' title='bbox 3291 3385 3421 3440; x_wconf 87' lang='lat' dir='ltr'><strong>Caro</strong></span> <span class='ocrx_word' id='word_1_594' title='bbox 3444 3394 3637 3437; x_wconf 84' lang='lat' dir='ltr'><strong>autema</strong></span> 
     </span>
    </p>
   </div>
   <div class='ocr_carea' id='block_1_79' title="bbox 2103 3474 3640 3544">
    <p class='ocr_par' dir='ltr' id='par_1_79' title="bbox 2103 3474 3640 3544">
     <span class='ocr_line' id='line_1_79' title="bbox 2103 3474 3640 3544; baseline -0.003 -13"><span class='ocrx_word' id='word_1_595' title='bbox 2103 3476 2338 3531; x_wconf 67' lang='lat' dir='ltr'><strong>creando</strong></span> <span class='ocrx_word' id='word_1_596' title='bbox 2362 3482 2448 3529; x_wconf 88' lang='lat' dir='ltr'><strong>est</strong></span> <span class='ocrx_word' id='word_1_597' title='bbox 2472 3474 2756 3544; x_wconf 88' lang='lat' dir='ltr'><strong>appellata.</strong></span> <span class='ocrx_word' id='word_1_598' title='bbox 2812 3474 2980 3529; x_wconf 88' lang='lat' dir='ltr'><strong>Inter.</strong></span> <span class='ocrx_word' id='word_1_599' title='bbox 3025 3475 3347 3543; x_wconf 87' lang='lat' dir='ltr'><strong>Quomodo?</strong></span> <span class='ocrx_word' id='word_1_600' title='bbox 3374 3475 3515 3544; x_wconf 84' lang='lat' dir='ltr'><strong>Resp.</strong></span> <span class='ocrx_word' id='word_1_601' title='bbox 3541 3474 3640 3527; x_wconf 75' lang='lat' dir='ltr'><strong>Cre-</strong></span> 
     </span>
    </p>
   </div>
   <div class='ocr_carea' id='block_1_80' title="bbox 2104 3565 3639 3633">
    <p class='ocr_par' dir='ltr' id='par_1_80' title="bbox 2104 3565 3639 3633">
     <span class='ocr_line' id='line_1_80' title="bbox 2104 3565 3639 3633; baseline -0.007 -10"><span class='ocrx_word' id='word_1_602' title='bbox 2104 3575 2342 3623; x_wconf 89' lang='lat' dir='ltr'><strong>mentum</strong></span> <span class='ocrx_word' id='word_1_603' title='bbox 2372 3568 2519 3623; x_wconf 91' lang='lat' dir='ltr'><strong>enim</strong></span> <span class='ocrx_word' id='word_1_604' title='bbox 2543 3582 2731 3623; x_wconf 87' lang='lat' dir='ltr'><strong>semen</strong></span> <span class='ocrx_word' id='word_1_605' title='bbox 2756 3575 2840 3623; x_wconf 88' lang='lat' dir='ltr'><strong>est</strong></span> <span class='ocrx_word' id='word_1_606' title='bbox 2862 3565 3108 3633; x_wconf 89' lang='lat' dir='ltr'><strong>masculi,</strong></span> <span class='ocrx_word' id='word_1_607' title='bbox 3145 3568 3287 3623; x_wconf 83' lang='lat' dir='ltr'><strong>unde</strong></span> <span class='ocrx_word' id='word_1_608' title='bbox 3307 3566 3579 3621; x_wconf 87' lang='lat' dir='ltr'><strong>animalium</strong></span> <span class='ocrx_word' id='word_1_609' title='bbox 3598 3571 3639 3613; x_wconf 73' lang='lat' dir='ltr'><strong>et</strong></span> 
     </span>
    </p>
   </div>
   <div class='ocr_carea' id='block_1_81' title="bbox 2103 3658 3644 3729">
    <p class='ocr_par' dir='ltr' id='par_1_81' title="bbox 2103 3658 3644 3729">
     <span class='ocr_line' id='line_1_81' title="bbox 2103 3658 3644 3729; baseline -0.004 -18"><span class='ocrx_word' id='word_1_610' title='bbox 2103 3658 2381 3713; x_wconf 58' lang='lat' dir='ltr'><strong>hominum</strong></span> <span class='ocrx_word' id='word_1_611' title='bbox 2427 3672 2656 3727; x_wconf 85' lang='lat' dir='ltr'><strong>corpora</strong></span> <span class='ocrx_word' id='word_1_612' title='bbox 2697 3658 3077 3729; x_wconf 88' lang='lat' dir='ltr'><strong>concipiuntur</strong></span> <span class='ocrx_word' id='word_1_613' title='bbox 3111 3675 3127 3722; x_wconf 91' lang='lat'><strong>;</strong></span> <span class='ocrx_word' id='word_1_614' title='bbox 3178 3660 3299 3714; x_wconf 88' lang='lat' dir='ltr'><strong>hinc</strong></span> <span class='ocrx_word' id='word_1_615' title='bbox 3348 3668 3397 3713; x_wconf 84' lang='lat' dir='ltr'><strong>e:</strong></span> <span class='ocrx_word' id='word_1_616' title='bbox 3438 3664 3644 3727; x_wconf 74' lang='lat' dir='ltr'><strong>parentes</strong></span> 
     </span>
    </p>
   </div>
   <div class='ocr_carea' id='block_1_82' title="bbox 2101 3757 2688 3805">
    <p class='ocr_par' dir='ltr' id='par_1_82' title="bbox 2101 3757 2688 3805">
     <span class='ocr_line' id='line_1_82' title="bbox 2101 3757 2688 3805; baseline 0.002 -2"><span class='ocrx_word' id='word_1_617' title='bbox 2101 3758 2376 3804; x_wconf 85' lang='lat' dir='ltr'><strong>creatores</strong></span> <span class='ocrx_word' id='word_1_618' title='bbox 2404 3757 2688 3805; x_wconf 83' lang='lat' dir='ltr'><strong>vocantur.</strong></span> 
     </span>
    </p>
   </div>
   <div class='ocr_carea' id='block_1_83' title="bbox 2175 3840 3644 3913">
    <p class='ocr_par' dir='ltr' id='par_1_83' title="bbox 2175 3840 3644 3913">
     <span class='ocr_line' id='line_1_83' title="bbox 2175 3840 3644 3913; baseline -0.003 -18"><span class='ocrx_word' id='word_1_619' title='bbox 2175 3842 2340 3896; x_wconf 88' lang='lat' dir='ltr'><strong>Inter.</strong></span> <span class='ocrx_word' id='word_1_620' title='bbox 2370 3841 2575 3911; x_wconf 88' lang='lat' dir='ltr'><strong>Quibus</strong></span> <span class='ocrx_word' id='word_1_621' title='bbox 2610 3857 2679 3899; x_wconf 78' lang='lat' dir='ltr'><strong>ex</strong></span> <span class='ocrx_word' id='word_1_622' title='bbox 2707 3843 2889 3901; x_wconf 90' lang='lat' dir='ltr'><strong>causis</strong></span> <span class='ocrx_word' id='word_1_623' title='bbox 2917 3853 3141 3900; x_wconf 89' lang='lat' dir='ltr'><strong>constat</strong></span> <span class='ocrx_word' id='word_1_624' title='bbox 3168 3845 3331 3901; x_wconf 89' lang='lat' dir='ltr'><strong>caro?</strong></span> <span class='ocrx_word' id='word_1_625' title='bbox 3363 3843 3503 3913; x_wconf 80' lang='lat' dir='ltr'><strong>Resp.</strong></span> <span class='ocrx_word' id='word_1_626' title='bbox 3533 3840 3644 3894; x_wconf 78' lang='lat' dir='ltr'><strong>Caro</strong></span> 
     </span>
    </p>
   </div>
   <div class='ocr_carea' id='block_1_84' title="bbox 2103 3932 3639 4008">
    <p class='ocr_par' dir='ltr' id='par_1_84' title="bbox 2103 3932 3639 4008">
     <span class='ocr_line' id='line_1_84' title="bbox 2103 3932 3639 4008; baseline -0.007 -17"><span class='ocrx_word' id='word_1_627' title='bbox 2103 3945 2283 3991; x_wconf 85' lang='lat' dir='ltr'><strong>autem</strong></span> <span class='ocrx_word' id='word_1_628' title='bbox 2325 3952 2393 3992; x_wconf 82' lang='lat' dir='ltr'><strong>ex</strong></span> <span class='ocrx_word' id='word_1_629' title='bbox 2436 3943 2669 4007; x_wconf 83' lang='lat' dir='ltr'><strong>quatuor</strong></span> <span class='ocrx_word' id='word_1_630' title='bbox 2714 3935 2997 3992; x_wconf 89' lang='lat' dir='ltr'><strong>elementis</strong></span> <span class='ocrx_word' id='word_1_631' title='bbox 3044 3946 3327 4008; x_wconf 85' lang='lat' dir='ltr'><strong>compacta</strong></span> <span class='ocrx_word' id='word_1_632' title='bbox 3369 3946 3463 3991; x_wconf 86' lang='lat' dir='ltr'><strong>est.</strong></span> <span class='ocrx_word' id='word_1_633' title='bbox 3509 3932 3639 3985; x_wconf 84' lang='lat' dir='ltr'><strong>Inter.</strong></span> 
     </span>
    </p>
   </div>
   <div class='ocr_carea' id='block_1_85' title="bbox 2103 4021 3644 4097">
    <p class='ocr_par' dir='ltr' id='par_1_85' title="bbox 2103 4021 3644 4097">
     <span class='ocr_line' id='line_1_85' title="bbox 2103 4021 3644 4097; baseline -0.005 -16"><span class='ocrx_word' id='word_1_634' title='bbox 2103 4028 2351 4095; x_wconf 85' lang='lat' dir='ltr'><strong>Quibus?</strong></span> <span class='ocrx_word' id='word_1_635' title='bbox 2381 4026 2537 4097; x_wconf 83' lang='lat' dir='ltr'><strong>Resp.</strong></span> <span class='ocrx_word' id='word_1_636' title='bbox 2567 4026 2703 4082; x_wconf 83' lang='lat' dir='ltr'><strong>Nam</strong></span> <span class='ocrx_word' id='word_1_637' title='bbox 2740 4036 2885 4083; x_wconf 85' lang='lat' dir='ltr'><strong>terra</strong></span> <span class='ocrx_word' id='word_1_638' title='bbox 2933 4028 2987 4083; x_wconf 91' lang='lat' dir='ltr'><strong>in</strong></span> <span class='ocrx_word' id='word_1_639' title='bbox 3029 4043 3200 4085; x_wconf 85' lang='lat' dir='ltr'><strong>carne</strong></span> <span class='ocrx_word' id='word_1_640' title='bbox 3241 4037 3352 4095; x_wconf 87' lang='lat' dir='ltr'><strong>est;</strong></span> <span class='ocrx_word' id='word_1_641' title='bbox 3391 4041 3478 4081; x_wconf 85' lang='lat' dir='ltr'><strong>aer</strong></span> <span class='ocrx_word' id='word_1_642' title='bbox 3503 4021 3644 4078; x_wconf 83' lang='lat' dir='ltr'><strong>inha—</strong></span> 
     </span>
    </p>
   </div>
   <div class='ocr_carea' id='block_1_86' title="bbox 2102 4112 3645 4189">
    <p class='ocr_par' dir='ltr' id='par_1_86' title="bbox 2102 4112 3645 4189">
     <span class='ocr_line' id='line_1_86' title="bbox 2102 4112 3645 4189; baseline -0.005 -17"><span class='ocrx_word' id='word_1_643' title='bbox 2102 4118 2221 4183; x_wconf 92' lang='lat' dir='ltr'><strong>litu,</strong></span> <span class='ocrx_word' id='word_1_644' title='bbox 2250 4119 2445 4173; x_wconf 90' lang='lat' dir='ltr'><strong>humor</strong></span> <span class='ocrx_word' id='word_1_645' title='bbox 2480 4118 2534 4171; x_wconf 89' lang='lat' dir='ltr'><strong>in</strong></span> <span class='ocrx_word' id='word_1_646' title='bbox 2563 4117 2841 4188; x_wconf 85' lang='lat' dir='ltr'><strong>sanguine,</strong></span> <span class='ocrx_word' id='word_1_647' title='bbox 2877 4117 3017 4189; x_wconf 82' lang='lat' dir='ltr'><strong>ignis</strong></span> <span class='ocrx_word' id='word_1_648' title='bbox 3064 4118 3121 4172; x_wconf 87' lang='lat' dir='ltr'><strong>in</strong></span> <span class='ocrx_word' id='word_1_649' title='bbox 3175 4118 3351 4175; x_wconf 89' lang='lat' dir='ltr'><strong>calore</strong></span> <span class='ocrx_word' id='word_1_650' title='bbox 3379 4114 3545 4176; x_wconf 85' lang='lat' dir='ltr'><strong>vitali;</strong></span> <span class='ocrx_word' id='word_1_651' title='bbox 3570 4112 3645 4164; x_wconf 82' lang='lat' dir='ltr'><strong>ha-</strong></span> 
     </span>
    </p>
   </div>
   <div class='ocr_carea' id='block_1_87' title="bbox 2102 4206 3642 4278">
    <p class='ocr_par' dir='ltr' id='par_1_87' title="bbox 2102 4206 3642 4278">
     <span class='ocr_line' id='line_1_87' title="bbox 2102 4206 3642 4278; baseline -0.001 -16"><span class='ocrx_word' id='word_1_652' title='bbox 2102 4207 2231 4262; x_wconf 87' lang='lat' dir='ltr'><strong>bent</strong></span> <span class='ocrx_word' id='word_1_653' title='bbox 2252 4208 2395 4263; x_wconf 91' lang='lat' dir='ltr'><strong>enim</strong></span> <span class='ocrx_word' id='word_1_654' title='bbox 2436 4208 2494 4264; x_wconf 89' lang='lat' dir='ltr'><strong>in</strong></span> <span class='ocrx_word' id='word_1_655' title='bbox 2536 4208 2691 4263; x_wconf 87' lang='lat' dir='ltr'><strong>nobis</strong></span> <span class='ocrx_word' id='word_1_656' title='bbox 2713 4206 2980 4263; x_wconf 87' lang='lat' dir='ltr'><strong>elementa</strong></span> <span class='ocrx_word' id='word_1_657' title='bbox 3009 4223 3168 4263; x_wconf 88' lang='lat' dir='ltr'><strong>suam</strong></span> <span class='ocrx_word' id='word_1_658' title='bbox 3211 4221 3430 4278; x_wconf 76' lang='lat' dir='ltr'><strong>quaeque</strong></span> <span class='ocrx_word' id='word_1_659' title='bbox 3452 4210 3642 4275; x_wconf 70' lang='lat' dir='ltr'><strong>partem.</strong></span> 
     </span>
    </p>
   </div>
   <div class='ocr_carea' id='block_1_88' title="bbox 2102 4291 3642 4371">
    <p class='ocr_par' dir='ltr' id='par_1_88' title="bbox 2102 4291 3642 4371">
     <span class='ocr_line' id='line_1_88' title="bbox 2102 4291 3642 4371; baseline -0.007 -16"><span class='ocrx_word' id='word_1_660' title='bbox 2102 4298 2256 4370; x_wconf 90' lang='lat' dir='ltr'><strong>cujus</strong></span> <span class='ocrx_word' id='word_1_661' title='bbox 2300 4297 2482 4370; x_wconf 83' lang='lat' dir='ltr'><strong>[Isid.,</strong></span> <span class='ocrx_word' id='word_1_662' title='bbox 2511 4297 2729 4371; x_wconf 83' lang='lat' dir='ltr'><strong>quibus]</strong></span> <span class='ocrx_word' id='word_1_663' title='bbox 2757 4298 2888 4368; x_wconf 91' lang='lat' dir='ltr'><strong>quid</strong></span> <span class='ocrx_word' id='word_1_664' title='bbox 2911 4298 3142 4354; x_wconf 89' lang='lat' dir='ltr'><strong>debetur</strong></span> <span class='ocrx_word' id='word_1_665' title='bbox 3161 4312 3411 4368; x_wconf 81' lang='lat' dir='ltr'><strong>compage</strong></span> <span class='ocrx_word' id='word_1_666' title='bbox 3433 4291 3642 4349; x_wconf 75' lang='lat' dir='ltr'><strong>resoluta.</strong></span> 
     </span>
    </p>
   </div>
   <div class='ocr_carea' id='block_1_89' title="bbox 2175 4378 3641 4458">
    <p class='ocr_par' dir='ltr' id='par_1_89' title="bbox 2175 4378 3641 4458">
     <span class='ocr_line' id='line_1_89' title="bbox 2175 4378 3641 4458; baseline -0.007 -16"><span class='ocrx_word' id='word_1_667' title='bbox 2175 4387 2339 4444; x_wconf 89' lang='lat' dir='ltr'><strong>Inter.</strong></span> <span class='ocrx_word' id='word_1_668' title='bbox 2369 4388 2511 4442; x_wconf 86' lang='lat' dir='ltr'><strong>inter</strong></span> <span class='ocrx_word' id='word_1_669' title='bbox 2546 4403 2763 4445; x_wconf 87' lang='lat' dir='ltr'><strong>carnem</strong></span> <span class='ocrx_word' id='word_1_670' title='bbox 2787 4397 2842 4442; x_wconf 86' lang='lat' dir='ltr'><strong>et</strong></span> <span class='ocrx_word' id='word_1_671' title='bbox 2866 4403 3064 4458; x_wconf 88' lang='lat' dir='ltr'><strong>corpus</strong></span> <span class='ocrx_word' id='word_1_672' title='bbox 3083 4389 3215 4458; x_wconf 92' lang='lat' dir='ltr'><strong>quid</strong></span> <span class='ocrx_word' id='word_1_673' title='bbox 3245 4383 3492 4442; x_wconf 88' lang='lat' dir='ltr'><strong>interest?</strong></span> <span class='ocrx_word' id='word_1_674' title='bbox 3518 4378 3641 4445; x_wconf 80' lang='lat' dir='ltr'><strong>Resp.</strong></span> 
     </span>
    </p>
   </div>
   <div class='ocr_carea' id='block_1_90' title="bbox 424 4471 3643 4577">
    <p class='ocr_par' dir='ltr' id='par_1_90' title="bbox 424 4471 3643 4577">
     <span class='ocr_line' id='line_1_90' title="bbox 424 4471 3643 4577; baseline -0.007 -27"><span class='ocrx_word' id='word_1_675' title='bbox 424 4471 584 4559; x_wconf 80' lang='lat' dir='ltr'><strong>citur,</strong></span> <span class='ocrx_word' id='word_1_676' title='bbox 612 4490 756 4562; x_wconf 90' lang='lat' dir='ltr'><strong>quod</strong></span> <span class='ocrx_word' id='word_1_677' title='bbox 780 4503 874 4544; x_wconf 86' lang='lat' dir='ltr'><strong>ore</strong></span> <span class='ocrx_word' id='word_1_678' title='bbox 906 4486 1179 4542; x_wconf 87' lang='lat' dir='ltr'><strong>trahentes</strong></span> <span class='ocrx_word' id='word_1_679' title='bbox 1206 4499 1385 4538; x_wconf 88' lang='lat' dir='ltr'><strong>aerem</strong></span> <span class='ocrx_word' id='word_1_680' title='bbox 1409 4483 1588 4539; x_wconf 86' lang='lat' dir='ltr'><strong>vivere</strong></span> <span class='ocrx_word' id='word_1_681' title='bbox 1615 4482 1767 4554; x_wconf 78' lang='lat' dir='ltr'><strong>[Ms.,</strong></span> <span class='ocrx_word' id='word_1_682' title='bbox 1797 4481 2001 4556; x_wconf 85' lang='lat' dir='ltr'><strong>videre]</strong></span> <span class='ocrx_word' id='word_1_683' title='bbox 2031 4514 2084 4577; x_wconf 68' lang='grc' dir='ltr'><strong>υ</strong></span> <span class='ocrx_word' id='word_1_684' title='bbox 2104 4479 2244 4535; x_wconf 88' lang='lat' dir='ltr'><strong>Caro</strong></span> <span class='ocrx_word' id='word_1_685' title='bbox 2268 4479 2412 4534; x_wconf 88' lang='lat' dir='ltr'><strong>enim</strong></span> <span class='ocrx_word' id='word_1_686' title='bbox 2440 4489 2495 4534; x_wconf 90' lang='lat' dir='ltr'><strong>et</strong></span> <span class='ocrx_word' id='word_1_687' title='bbox 2522 4493 2717 4548; x_wconf 88' lang='lat' dir='ltr'><strong>corpus</strong></span> <span class='ocrx_word' id='word_1_688' title='bbox 2743 4479 2954 4536; x_wconf 84' lang='lat' dir='ltr'><strong>diversa</strong></span> <span class='ocrx_word' id='word_1_689' title='bbox 2985 4479 3314 4551; x_wconf 84' lang='lat' dir='ltr'><strong>signiﬁcant.</strong></span> <span class='ocrx_word' id='word_1_690' title='bbox 3346 4477 3500 4531; x_wconf 79' lang='lat' dir='ltr'><strong>Inter.</strong></span> <span class='ocrx_word' id='word_1_691' title='bbox 3527 4471 3643 4538; x_wconf 80' lang='lat' dir='ltr'><strong>Quo-</strong></span> 
     </span>
    </p>
   </div>
   <div class='ocr_carea' id='block_1_91' title="bbox 425 4573 1588 4647">
    <p class='ocr_par' dir='ltr' id='par_1_91' title="bbox 425 4573 1588 4647">
     <span class='ocr_line' id='line_1_91' title="bbox 425 4573 1588 4647; baseline -0.01 -6"><span class='ocrx_word' id='word_1_692' title='bbox 425 4587 739 4642; x_wconf 78' lang='lat' dir='ltr'><strong>videamur:</strong></span> <span class='ocrx_word' id='word_1_693' title='bbox 771 4581 864 4637; x_wconf 83' lang='lat' dir='ltr'><strong>sed</strong></span> <span class='ocrx_word' id='word_1_694' title='bbox 898 4576 1237 4647; x_wconf 86' lang='lat' dir='ltr'><strong>apertissime</strong></span> <span class='ocrx_word' id='word_1_695' title='bbox 1260 4573 1454 4628; x_wconf 78' lang='lat' dir='ltr'><strong>falsum</strong></span> <span class='ocrx_word' id='word_1_696' title='bbox 1486 4582 1588 4629; x_wconf 88' lang='lat' dir='ltr'><strong>est.</strong></span> 
     </span>
    </p>
   </div>
   <div class='ocr_carea' id='block_1_92' title="bbox 496 4663 2004 4742">
    <p class='ocr_par' dir='ltr' id='par_1_92' title="bbox 496 4663 2004 4742">
     <span class='ocr_line' id='line_1_92' title="bbox 496 4663 2004 4742; baseline -0.019 -10"><span class='ocrx_word' id='word_1_697' title='bbox 496 4676 664 4731; x_wconf 69' lang='lat' dir='ltr'><strong>Inter.</strong></span> <span class='ocrx_word' id='word_1_698' title='bbox 698 4672 813 4742; x_wconf 86' lang='lat' dir='ltr'><strong>Qua</strong></span> <span class='ocrx_word' id='word_1_699' title='bbox 834 4667 1085 4726; x_wconf 87' lang='lat' dir='ltr'><strong>ratione?</strong></span> <span class='ocrx_word' id='word_1_700' title='bbox 1117 4664 1270 4736; x_wconf 80' lang='lat' dir='ltr'><strong>Resp.</strong></span> <span class='ocrx_word' id='word_1_701' title='bbox 1304 4665 1441 4732; x_wconf 86' lang='lat' dir='ltr'><strong>Quia</strong></span> <span class='ocrx_word' id='word_1_702' title='bbox 1464 4664 1632 4719; x_wconf 90' lang='lat' dir='ltr'><strong>multo</strong></span> <span class='ocrx_word' id='word_1_703' title='bbox 1658 4663 1806 4733; x_wconf 88' lang='lat' dir='ltr'><strong>prius</strong></span> <span class='ocrx_word' id='word_1_704' title='bbox 1833 4663 2004 4733; x_wconf 78' lang='lat' dir='ltr'><strong>gigni-</strong></span> 
     </span>
    </p>
   </div>
   <div class='ocr_carea' id='block_1_93' title="bbox 426 4752 1999 4836">
    <p class='ocr_par' dir='ltr' id='par_1_93' title="bbox 426 4752 1999 4836">
     <span class='ocr_line' id='line_1_93' title="bbox 426 4752 1999 4836; baseline -0.012 -10"><span class='ocrx_word' id='word_1_705' title='bbox 426 4785 513 4828; x_wconf 89' lang='lat' dir='ltr'><strong>tur</strong></span> <span class='ocrx_word' id='word_1_706' title='bbox 535 4770 735 4831; x_wconf 85' lang='lat' dir='ltr'><strong>anima,</strong></span> <span class='ocrx_word' id='word_1_707' title='bbox 763 4779 923 4836; x_wconf 89' lang='lat' dir='ltr'><strong>quam</strong></span> <span class='ocrx_word' id='word_1_708' title='bbox 952 4760 1160 4830; x_wconf 90' lang='lat' dir='ltr'><strong>concipi</strong></span> <span class='ocrx_word' id='word_1_709' title='bbox 1188 4756 1324 4830; x_wconf 83' lang='lat' dir='ltr'><strong>[ore]</strong></span> <span class='ocrx_word' id='word_1_710' title='bbox 1368 4773 1461 4811; x_wconf 88' lang='lat' dir='ltr'><strong>aer</strong></span> <span class='ocrx_word' id='word_1_711' title='bbox 1507 4755 1695 4826; x_wconf 89' lang='lat' dir='ltr'><strong>possit,</strong></span> <span class='ocrx_word' id='word_1_712' title='bbox 1725 4756 1852 4825; x_wconf 85' lang='lat' dir='ltr'><strong>quia</strong></span> <span class='ocrx_word' id='word_1_713' title='bbox 1890 4752 1999 4820; x_wconf 86' lang='lat' dir='ltr'><strong>iam</strong></span> 
     </span>
    </p>
   </div>
   <div class='ocr_carea' id='block_1_94' title="bbox 428 4848 1996 4927">
    <p class='ocr_par' dir='ltr' id='par_1_94' title="bbox 428 4848 1996 4927">
     <span class='ocr_line' id='line_1_94' title="bbox 428 4848 1996 4927; baseline -0.01 -11"><span class='ocrx_word' id='word_1_714' title='bbox 428 4863 479 4918; x_wconf 85' lang='lat' dir='ltr'><strong>in</strong></span> <span class='ocrx_word' id='word_1_715' title='bbox 513 4856 790 4927; x_wconf 86' lang='lat' dir='ltr'><strong>genitricis</strong></span> <span class='ocrx_word' id='word_1_716' title='bbox 815 4863 966 4909; x_wconf 88' lang='lat' dir='ltr'><strong>utero</strong></span> <span class='ocrx_word' id='word_1_717' title='bbox 997 4852 1144 4916; x_wconf 89' lang='lat' dir='ltr'><strong>vivit,</strong></span> <span class='ocrx_word' id='word_1_718' title='bbox 1172 4858 1226 4903; x_wconf 88' lang='lat' dir='ltr'><strong>et</strong></span> <span class='ocrx_word' id='word_1_719' title='bbox 1268 4850 1387 4902; x_wconf 90' lang='lat' dir='ltr'><strong>ideo</strong></span> <span class='ocrx_word' id='word_1_720' title='bbox 1412 4863 1515 4902; x_wconf 91' lang='lat' dir='ltr'><strong>non</strong></span> <span class='ocrx_word' id='word_1_721' title='bbox 1557 4856 1643 4902; x_wconf 88' lang='lat' dir='ltr'><strong>est</strong></span> <span class='ocrx_word' id='word_1_722' title='bbox 1669 4863 1764 4903; x_wconf 90' lang='lat' dir='ltr'><strong>aer</strong></span> <span class='ocrx_word' id='word_1_723' title='bbox 1796 4848 1996 4913; x_wconf 91' lang='lat' dir='ltr'><strong>anima,</strong></span> 
     </span>
    </p>
   </div>
   <div class='ocr_carea' id='block_1_95' title="bbox 424 4936 1996 5022">
    <p class='ocr_par' dir='ltr' id='par_1_95' title="bbox 424 4936 1996 5022">
     <span class='ocr_line' id='line_1_95' title="bbox 424 4936 1996 5022; baseline -0.018 -14"><span class='ocrx_word' id='word_1_724' title='bbox 424 4950 568 5022; x_wconf 80' lang='lat' dir='ltr'><strong>quod</strong></span> <span class='ocrx_word' id='word_1_725' title='bbox 595 4952 921 5020; x_wconf 86' lang='lat' dir='ltr'><strong>putaverunt</strong></span> <span class='ocrx_word' id='word_1_726' title='bbox 944 4942 1187 5011; x_wconf 88' lang='lat' dir='ltr'><strong>quidam,</strong></span> <span class='ocrx_word' id='word_1_727' title='bbox 1231 4940 1357 5008; x_wconf 89' lang='lat' dir='ltr'><strong>quia</strong></span> <span class='ocrx_word' id='word_1_728' title='bbox 1401 4936 1553 5009; x_wconf 63' lang='lat' dir='ltr'><strong>[tiIs.,</strong></span> <span class='ocrx_word' id='word_1_729' title='bbox 1585 4936 1728 5010; x_wconf 67' lang='lat' dir='ltr'><strong>qum]</strong></span> <span class='ocrx_word' id='word_1_730' title='bbox 1764 4953 1870 4993; x_wconf 88' lang='lat' dir='ltr'><strong>non</strong></span> <span class='ocrx_word' id='word_1_731' title='bbox 1898 4954 1996 5007; x_wconf 78' lang='lat' dir='ltr'><strong>po-</strong></span> 
     </span>
    </p>
   </div>
   <div class='ocr_carea' id='block_1_96' title="bbox 426 5030 1741 5109">
    <p class='ocr_par' dir='ltr' id='par_1_96' title="bbox 426 5030 1741 5109">
     <span class='ocr_line' id='line_1_96' title="bbox 426 5030 1741 5109; baseline -0.012 -11"><span class='ocrx_word' id='word_1_732' title='bbox 426 5049 646 5100; x_wconf 85' lang='lat' dir='ltr'><strong>tuerunt</strong></span> <span class='ocrx_word' id='word_1_733' title='bbox 666 5041 1038 5109; x_wconf 79' lang='lat' dir='ltr'><strong>incorpoream</strong></span> <span class='ocrx_word' id='word_1_734' title='bbox 1066 5030 1183 5099; x_wconf 81' lang='lat' dir='ltr'><strong>ejus</strong></span> <span class='ocrx_word' id='word_1_735' title='bbox 1212 5031 1448 5102; x_wconf 86' lang='lat' dir='ltr'><strong>cogitare</strong></span> <span class='ocrx_word' id='word_1_736' title='bbox 1473 5039 1741 5084; x_wconf 86' lang='lat' dir='ltr'><strong>naturam.</strong></span> 
     </span>
    </p>
   </div>
   <div class='ocr_carea' id='block_1_97' title="bbox 498 5120 2001 5193">
    <p class='ocr_par' dir='ltr' id='par_1_97' title="bbox 498 5120 2001 5193">
     <span class='ocr_line' id='line_1_97' title="bbox 498 5120 2001 5193; baseline -0.01 -3"><span class='ocrx_word' id='word_1_737' title='bbox 498 5136 663 5189; x_wconf 75' lang='lat' dir='ltr'><strong>Inter.</strong></span> <span class='ocrx_word' id='word_1_738' title='bbox 696 5132 791 5186; x_wconf 87' lang='lat' dir='ltr'><strong>Dic</strong></span> <span class='ocrx_word' id='word_1_739' title='bbox 817 5126 967 5193; x_wconf 89' lang='lat' dir='ltr'><strong>mihi,</strong></span> <span class='ocrx_word' id='word_1_740' title='bbox 991 5126 1035 5181; x_wconf 92' lang='lat' dir='ltr'><strong>si</strong></span> <span class='ocrx_word' id='word_1_741' title='bbox 1066 5124 1208 5179; x_wconf 90' lang='lat' dir='ltr'><strong>idem</strong></span> <span class='ocrx_word' id='word_1_742' title='bbox 1236 5123 1309 5177; x_wconf 91' lang='lat' dir='ltr'><strong>sit</strong></span> <span class='ocrx_word' id='word_1_743' title='bbox 1347 5121 1588 5191; x_wconf 91' lang='lat' dir='ltr'><strong>spiritus,</strong></span> <span class='ocrx_word' id='word_1_744' title='bbox 1621 5120 1764 5191; x_wconf 91' lang='lat' dir='ltr'><strong>quod</strong></span> <span class='ocrx_word' id='word_1_745' title='bbox 1792 5130 1847 5176; x_wconf 90' lang='lat' dir='ltr'><strong>et</strong></span> <span class='ocrx_word' id='word_1_746' title='bbox 1885 5121 2001 5176; x_wconf 89' lang='lat' dir='ltr'><strong>ani-</strong></span> 
     </span>
    </p>
   </div>
   <div class='ocr_carea' id='block_1_98' title="bbox 428 5213 2000 5293">
    <p class='ocr_par' dir='ltr' id='par_1_98' title="bbox 428 5213 2000 5293">
     <span class='ocr_line' id='line_1_98' title="bbox 428 5213 2000 5293; baseline -0.009 -11"><span class='ocrx_word' id='word_1_747' title='bbox 428 5227 563 5282; x_wconf 83' lang='lat' dir='ltr'><strong>ma?</strong></span> <span class='ocrx_word' id='word_1_748' title='bbox 608 5224 760 5293; x_wconf 85' lang='lat' dir='ltr'><strong>Resp.</strong></span> <span class='ocrx_word' id='word_1_749' title='bbox 806 5219 1063 5290; x_wconf 86' lang='lat' dir='ltr'><strong>Spiritum</strong></span> <span class='ocrx_word' id='word_1_750' title='bbox 1109 5215 1247 5269; x_wconf 90' lang='lat' dir='ltr'><strong>idem</strong></span> <span class='ocrx_word' id='word_1_751' title='bbox 1288 5227 1425 5279; x_wconf 87' lang='lat' dir='ltr'><strong>esse,</strong></span> <span class='ocrx_word' id='word_1_752' title='bbox 1476 5213 1618 5282; x_wconf 88' lang='lat' dir='ltr'><strong>quod</strong></span> <span class='ocrx_word' id='word_1_753' title='bbox 1662 5221 1717 5267; x_wconf 91' lang='lat' dir='ltr'><strong>et</strong></span> <span class='ocrx_word' id='word_1_754' title='bbox 1764 5213 2000 5268; x_wconf 89' lang='lat' dir='ltr'><strong>animam</strong></span> 
     </span>
    </p>
   </div>
   <div class='ocr_carea' id='block_1_99' title="bbox 424 5302 1998 5387">
    <p class='ocr_par' dir='ltr' id='par_1_99' title="bbox 424 5302 1998 5387">
     <span class='ocr_line' id='line_1_99' title="bbox 424 5302 1998 5387; baseline -0.01 -15"><span class='ocrx_word' id='word_1_755' title='bbox 424 5314 750 5387; x_wconf 88' lang='lat' dir='ltr'><strong>evangelista</strong></span> <span class='ocrx_word' id='word_1_756' title='bbox 784 5307 1095 5382; x_wconf 87' lang='lat' dir='ltr'><strong>pronuntiat</strong></span> <span class='ocrx_word' id='word_1_757' title='bbox 1122 5304 1306 5359; x_wconf 88' lang='lat' dir='ltr'><strong>dicens</strong></span> <span class='ocrx_word' id='word_1_758' title='bbox 1334 5321 1345 5356; x_wconf 91' lang='lat'><strong>:</strong></span> <span class='ocrx_word' id='word_1_759' title='bbox 1376 5302 1691 5357; x_wconf 85' lang='lat' dir='ltr'><strong>Potestatem</strong></span> <span class='ocrx_word' id='word_1_760' title='bbox 1718 5302 1880 5357; x_wconf 86' lang='lat' dir='ltr'><strong>habeo</strong></span> <span class='ocrx_word' id='word_1_761' title='bbox 1903 5320 1998 5372; x_wconf 88' lang='lat' dir='ltr'><strong>po-</strong></span> 
     </span>
    </p>
   </div>
   <div class='ocr_carea' id='block_1_100' title="bbox 428 5394 2005 5464">
    <p class='ocr_par' dir='ltr' id='par_1_100' title="bbox 428 5394 2005 5464">
     <span class='ocr_line' id='line_1_100' title="bbox 428 5394 2005 5464; baseline -0.01 -2"><span class='ocrx_word' id='word_1_762' title='bbox 428 5405 584 5461; x_wconf 79' lang='lat' dir='ltr'><strong>nendi</strong></span> <span class='ocrx_word' id='word_1_763' title='bbox 607 5404 839 5458; x_wconf 82' lang='lat' dir='ltr'><strong>animam</strong></span> <span class='ocrx_word' id='word_1_764' title='bbox 864 5414 1053 5463; x_wconf 88' lang='lat' dir='ltr'><strong>meam,</strong></span> <span class='ocrx_word' id='word_1_765' title='bbox 1083 5404 1130 5450; x_wconf 82' lang='lat' dir='ltr'><strong>et</strong></span> <span class='ocrx_word' id='word_1_766' title='bbox 1171 5411 1350 5449; x_wconf 83' lang='lat' dir='ltr'><strong>rursus</strong></span> <span class='ocrx_word' id='word_1_767' title='bbox 1393 5402 1695 5464; x_wconf 82' lang='lat' dir='ltr'><strong>potestatem</strong></span> <span class='ocrx_word' id='word_1_768' title='bbox 1724 5394 1887 5448; x_wconf 76' lang='lat' dir='ltr'><strong>habeo</strong></span> <span class='ocrx_word' id='word_1_769' title='bbox 1915 5410 2005 5447; x_wconf 83' lang='lat' dir='ltr'><strong>su-</strong></span> 
     </span>
    </p>
   </div>
   <div class='ocr_carea' id='block_1_101' title="bbox 425 5484 2006 5563">
    <p class='ocr_par' dir='ltr' id='par_1_101' title="bbox 425 5484 2006 5563">
     <span class='ocr_line' id='line_1_101' title="bbox 425 5484 2006 5563; baseline -0.009 -13"><span class='ocrx_word' id='word_1_770' title='bbox 425 5496 598 5550; x_wconf 84' lang='lat' dir='ltr'><strong>mendi</strong></span> <span class='ocrx_word' id='word_1_771' title='bbox 626 5511 741 5549; x_wconf 87' lang='lat' dir='ltr'><strong>eam</strong></span> <span class='ocrx_word' id='word_1_772' title='bbox 779 5488 960 5563; x_wconf 82' lang='lat' dir='ltr'><strong>(Joan.</strong></span> <span class='ocrx_word' id='word_1_773' title='bbox 991 5504 1044 5554; x_wconf 72' lang='grc' dir='ltr'><strong>ι,</strong></span> <span class='ocrx_word' id='word_1_774' title='bbox 1089 5486 1194 5556; x_wconf 79' lang='grc'><strong>18).</strong></span> <span class='ocrx_word' id='word_1_775' title='bbox 1236 5485 1309 5539; x_wconf 84' lang='lat' dir='ltr'><strong>De</strong></span> <span class='ocrx_word' id='word_1_776' title='bbox 1348 5485 1448 5540; x_wconf 91' lang='lat' dir='ltr'><strong>hac</strong></span> <span class='ocrx_word' id='word_1_777' title='bbox 1490 5500 1700 5553; x_wconf 89' lang='lat' dir='ltr'><strong>quoque</strong></span> <span class='ocrx_word' id='word_1_778' title='bbox 1744 5484 1859 5554; x_wconf 87' lang='lat' dir='ltr'><strong>ipsa</strong></span> <span class='ocrx_word' id='word_1_779' title='bbox 1904 5484 2006 5538; x_wconf 88' lang='lat' dir='ltr'><strong>Do-</strong></span> 
     </span>
    </p>
   </div>
   <div class='ocr_carea' id='block_1_102' title="bbox 2106 4569 3643 4642">
    <p class='ocr_par' dir='ltr' id='par_1_102' title="bbox 2106 4569 3643 4642">
     <span class='ocr_line' id='line_1_102' title="bbox 2106 4569 3643 4642; baseline -0.006 -16"><span class='ocrx_word' id='word_1_780' title='bbox 2106 4571 2305 4627; x_wconf 89' lang='lat' dir='ltr'><strong>modo?</strong></span> <span class='ocrx_word' id='word_1_781' title='bbox 2330 4569 2486 4640; x_wconf 90' lang='lat' dir='ltr'><strong>Resp.</strong></span> <span class='ocrx_word' id='word_1_782' title='bbox 2521 4570 2579 4625; x_wconf 81' lang='lat' dir='ltr'><strong>la</strong></span> <span class='ocrx_word' id='word_1_783' title='bbox 2606 4586 2774 4627; x_wconf 87' lang='lat' dir='ltr'><strong>carne</strong></span> <span class='ocrx_word' id='word_1_784' title='bbox 2819 4585 3032 4641; x_wconf 87' lang='lat' dir='ltr'><strong>semper</strong></span> <span class='ocrx_word' id='word_1_785' title='bbox 3057 4586 3259 4642; x_wconf 88' lang='lat' dir='ltr'><strong>corpus</strong></span> <span class='ocrx_word' id='word_1_786' title='bbox 3286 4579 3386 4634; x_wconf 89' lang='lat' dir='ltr'><strong>est,</strong></span> <span class='ocrx_word' id='word_1_787' title='bbox 3417 4581 3513 4621; x_wconf 88' lang='lat' dir='ltr'><strong>non</strong></span> <span class='ocrx_word' id='word_1_788' title='bbox 3532 4574 3643 4617; x_wconf 82' lang='lat' dir='ltr'><strong>sem-</strong></span> 
     </span>
    </p>
   </div>
   <div class='ocr_carea' id='block_1_103' title="bbox 2103 4652 3642 4734">
    <p class='ocr_par' dir='ltr' id='par_1_103' title="bbox 2103 4652 3642 4734">
     <span class='ocr_line' id='line_1_103' title="bbox 2103 4652 3642 4734; baseline -0.01 -16"><span class='ocrx_word' id='word_1_789' title='bbox 2103 4677 2201 4734; x_wconf 83' lang='lat' dir='ltr'><strong>per</strong></span> <span class='ocrx_word' id='word_1_790' title='bbox 2226 4663 2280 4717; x_wconf 90' lang='lat' dir='ltr'><strong>in</strong></span> <span class='ocrx_word' id='word_1_791' title='bbox 2309 4676 2535 4732; x_wconf 87' lang='lat' dir='ltr'><strong>corpore</strong></span> <span class='ocrx_word' id='word_1_792' title='bbox 2556 4676 2705 4717; x_wconf 90' lang='lat' dir='ltr'><strong>caro.</strong></span> <span class='ocrx_word' id='word_1_793' title='bbox 2735 4661 2903 4716; x_wconf 86' lang='lat' dir='ltr'><strong>Inter.</strong></span> <span class='ocrx_word' id='word_1_794' title='bbox 2934 4664 3052 4729; x_wconf 81' lang='lat' dir='ltr'><strong>Qua</strong></span> <span class='ocrx_word' id='word_1_795' title='bbox 3078 4661 3333 4717; x_wconf 88' lang='lat' dir='ltr'><strong>ratione?</strong></span> <span class='ocrx_word' id='word_1_796' title='bbox 3378 4658 3516 4727; x_wconf 85' lang='lat' dir='ltr'><strong>Resp.</strong></span> <span class='ocrx_word' id='word_1_797' title='bbox 3537 4652 3642 4707; x_wconf 75' lang='lat' dir='ltr'><strong>Nam</strong></span> 
     </span>
    </p>
   </div>
   <div class='ocr_carea' id='block_1_104' title="bbox 2103 4738 3643 4823">
    <p class='ocr_par' dir='ltr' id='par_1_104' title="bbox 2103 4738 3643 4823">
     <span class='ocr_line' id='line_1_104' title="bbox 2103 4738 3643 4823; baseline -0.006 -15"><span class='ocrx_word' id='word_1_798' title='bbox 2103 4768 2231 4809; x_wconf 87' lang='lat' dir='ltr'><strong>caro</strong></span> <span class='ocrx_word' id='word_1_799' title='bbox 2272 4761 2374 4817; x_wconf 89' lang='lat' dir='ltr'><strong>est,</strong></span> <span class='ocrx_word' id='word_1_800' title='bbox 2406 4768 2526 4823; x_wconf 75' lang='lat' dir='ltr'><strong>qua:</strong></span> <span class='ocrx_word' id='word_1_801' title='bbox 2573 4752 2721 4820; x_wconf 84' lang='lat' dir='ltr'><strong>vivit,</strong></span> <span class='ocrx_word' id='word_1_802' title='bbox 2771 4752 2912 4808; x_wconf 91' lang='lat' dir='ltr'><strong>idem</strong></span> <span class='ocrx_word' id='word_1_803' title='bbox 2943 4760 2998 4807; x_wconf 90' lang='lat' dir='ltr'><strong>et</strong></span> <span class='ocrx_word' id='word_1_804' title='bbox 3039 4767 3279 4822; x_wconf 90' lang='lat' dir='ltr'><strong>corpus;</strong></span> <span class='ocrx_word' id='word_1_805' title='bbox 3321 4762 3504 4818; x_wconf 87' lang='lat' dir='ltr'><strong>corpus</strong></span> <span class='ocrx_word' id='word_1_806' title='bbox 3531 4738 3643 4812; x_wconf 79' lang='lat' dir='ltr'><strong>quod</strong></span> 
     </span>
    </p>
   </div>
   <div class='ocr_carea' id='block_1_105' title="bbox 2103 4836 3641 4915">
    <p class='ocr_par' dir='ltr' id='par_1_105' title="bbox 2103 4836 3641 4915">
     <span class='ocr_line' id='line_1_105' title="bbox 2103 4836 3641 4915; baseline -0.004 -19"><span class='ocrx_word' id='word_1_807' title='bbox 2103 4859 2209 4896; x_wconf 88' lang='lat' dir='ltr'><strong>non</strong></span> <span class='ocrx_word' id='word_1_808' title='bbox 2240 4843 2394 4907; x_wconf 84' lang='lat' dir='ltr'><strong>vivit,</strong></span> <span class='ocrx_word' id='word_1_809' title='bbox 2420 4843 2561 4899; x_wconf 88' lang='lat' dir='ltr'><strong>idem</strong></span> <span class='ocrx_word' id='word_1_810' title='bbox 2582 4858 2690 4898; x_wconf 89' lang='lat' dir='ltr'><strong>non</strong></span> <span class='ocrx_word' id='word_1_811' title='bbox 2712 4857 2841 4898; x_wconf 89' lang='lat' dir='ltr'><strong>caro</strong></span> <span class='ocrx_word' id='word_1_812' title='bbox 2864 4842 3043 4915; x_wconf 82' lang='lat' dir='ltr'><strong>[Isid.,</strong></span> <span class='ocrx_word' id='word_1_813' title='bbox 3074 4844 3217 4899; x_wconf 89' lang='lat' dir='ltr'><strong>idem</strong></span> <span class='ocrx_word' id='word_1_814' title='bbox 3239 4852 3295 4898; x_wconf 89' lang='lat' dir='ltr'><strong>et</strong></span> <span class='ocrx_word' id='word_1_815' title='bbox 3318 4839 3480 4911; x_wconf 88' lang='lat' dir='ltr'><strong>caro].</strong></span> <span class='ocrx_word' id='word_1_816' title='bbox 3508 4836 3641 4889; x_wconf 73' lang='lat' dir='ltr'><strong>Inter-</strong></span> 
     </span>
    </p>
   </div>
   <div class='ocr_carea' id='block_1_106' title="bbox 2104 4920 3644 5005">
    <p class='ocr_par' dir='ltr' id='par_1_106' title="bbox 2104 4920 3644 5005">
     <span class='ocr_line' id='line_1_106' title="bbox 2104 4920 3644 5005; baseline -0.003 -17"><span class='ocrx_word' id='word_1_817' title='bbox 2104 4934 2380 5002; x_wconf 83' lang='lat' dir='ltr'><strong>Quomodo</strong></span> <span class='ocrx_word' id='word_1_818' title='bbox 2398 4935 2421 4986; x_wconf 93' lang='lat'><strong>?</strong></span> <span class='ocrx_word' id='word_1_819' title='bbox 2447 4932 2598 5005; x_wconf 79' lang='lat' dir='ltr'><strong>Resp.</strong></span> <span class='ocrx_word' id='word_1_820' title='bbox 2623 4932 2757 4988; x_wconf 89' lang='lat' dir='ltr'><strong>Nam</strong></span> <span class='ocrx_word' id='word_1_821' title='bbox 2780 4948 2975 5003; x_wconf 90' lang='lat' dir='ltr'><strong>corpus</strong></span> <span class='ocrx_word' id='word_1_822' title='bbox 2988 4934 3184 4988; x_wconf 88' lang='lat' dir='ltr'><strong>dicitur</strong></span> <span class='ocrx_word' id='word_1_823' title='bbox 3209 4942 3301 4987; x_wconf 90' lang='lat' dir='ltr'><strong>aut</strong></span> <span class='ocrx_word' id='word_1_824' title='bbox 3314 4930 3450 5001; x_wconf 89' lang='lat' dir='ltr'><strong>quod</strong></span> <span class='ocrx_word' id='word_1_825' title='bbox 3466 4931 3566 4996; x_wconf 74' lang='lat' dir='ltr'><strong>post</strong></span> <span class='ocrx_word' id='word_1_826' title='bbox 3582 4920 3644 4973; x_wconf 69' lang='grc' dir='ltr'><strong>νὶ-</strong></span> 
     </span>
    </p>
   </div>
   <div class='ocr_carea' id='block_1_107' title="bbox 2104 5016 3645 5089">
    <p class='ocr_par' dir='ltr' id='par_1_107' title="bbox 2104 5016 3645 5089">
     <span class='ocr_line' id='line_1_107' title="bbox 2104 5016 3645 5089; baseline -0.009 -11"><span class='ocrx_word' id='word_1_827' title='bbox 2104 5035 2213 5079; x_wconf 90' lang='lat' dir='ltr'><strong>tam</strong></span> <span class='ocrx_word' id='word_1_828' title='bbox 2242 5033 2325 5079; x_wconf 84' lang='lat' dir='ltr'><strong>est</strong></span> <span class='ocrx_word' id='word_1_829' title='bbox 2354 5032 2660 5089; x_wconf 88' lang='lat' dir='ltr'><strong>mortuum;</strong></span> <span class='ocrx_word' id='word_1_830' title='bbox 2690 5024 2919 5078; x_wconf 86' lang='lat' dir='ltr'><strong>autsine</strong></span> <span class='ocrx_word' id='word_1_831' title='bbox 2944 5024 3052 5078; x_wconf 88' lang='lat' dir='ltr'><strong>vita</strong></span> <span class='ocrx_word' id='word_1_832' title='bbox 3078 5032 3162 5079; x_wconf 86' lang='lat' dir='ltr'><strong>est</strong></span> <span class='ocrx_word' id='word_1_833' title='bbox 3188 5021 3473 5079; x_wconf 88' lang='lat' dir='ltr'><strong>conditum.</strong></span> <span class='ocrx_word' id='word_1_834' title='bbox 3509 5016 3645 5071; x_wconf 70' lang='lat' dir='ltr'><strong>lutet-</strong></span> 
     </span>
    </p>
   </div>
   <div class='ocr_carea' id='block_1_108' title="bbox 2105 5114 3638 5187">
    <p class='ocr_par' dir='ltr' id='par_1_108' title="bbox 2105 5114 3638 5187">
     <span class='ocr_line' id='line_1_108' title="bbox 2105 5114 3638 5187; baseline -0.007 -14"><span class='ocrx_word' id='word_1_835' title='bbox 2105 5120 2231 5173; x_wconf 91' lang='lat' dir='ltr'><strong>dum</strong></span> <span class='ocrx_word' id='word_1_836' title='bbox 2244 5126 2436 5173; x_wconf 91' lang='lat' dir='ltr'><strong>etcum</strong></span> <span class='ocrx_word' id='word_1_837' title='bbox 2448 5119 2556 5172; x_wconf 89' lang='lat' dir='ltr'><strong>vita</strong></span> <span class='ocrx_word' id='word_1_838' title='bbox 2571 5133 2765 5187; x_wconf 88' lang='lat' dir='ltr'><strong>corpus</strong></span> <span class='ocrx_word' id='word_1_839' title='bbox 2781 5126 2833 5173; x_wconf 90' lang='lat' dir='ltr'><strong>et</strong></span> <span class='ocrx_word' id='word_1_840' title='bbox 2847 5133 2953 5173; x_wconf 91' lang='lat' dir='ltr'><strong>non</strong></span> <span class='ocrx_word' id='word_1_841' title='bbox 2980 5134 3126 5183; x_wconf 82' lang='lat' dir='ltr'><strong>caro,</strong></span> <span class='ocrx_word' id='word_1_842' title='bbox 3143 5126 3202 5172; x_wconf 92' lang='lat' dir='ltr'><strong>ut</strong></span> <span class='ocrx_word' id='word_1_843' title='bbox 3219 5118 3388 5172; x_wconf 87' lang='lat' dir='ltr'><strong>herba</strong></span> <span class='ocrx_word' id='word_1_844' title='bbox 3397 5124 3447 5170; x_wconf 88' lang='lat' dir='ltr'><strong>et</strong></span> <span class='ocrx_word' id='word_1_845' title='bbox 3460 5114 3638 5182; x_wconf 81' lang='lat' dir='ltr'><strong>lignum-</strong></span> 
     </span>
    </p>
   </div>
   <div class='ocr_carea' id='block_1_109' title="bbox 2175 5202 3640 5283">
    <p class='ocr_par' dir='ltr' id='par_1_109' title="bbox 2175 5202 3640 5283">
     <span class='ocr_line' id='line_1_109' title="bbox 2175 5202 3640 5283; baseline -0.005 -21"><span class='ocrx_word' id='word_1_846' title='bbox 2175 5209 2342 5264; x_wconf 89' lang='lat' dir='ltr'><strong>Inter.</strong></span> <span class='ocrx_word' id='word_1_847' title='bbox 2377 5208 2581 5264; x_wconf 91' lang='lat' dir='ltr'><strong>Sensus</strong></span> <span class='ocrx_word' id='word_1_848' title='bbox 2604 5208 2850 5279; x_wconf 89' lang='lat' dir='ltr'><strong>corporis</strong></span> <span class='ocrx_word' id='word_1_849' title='bbox 2877 5219 3008 5277; x_wconf 85' lang='lat' dir='ltr'><strong>quot</strong></span> <span class='ocrx_word' id='word_1_850' title='bbox 3048 5208 3211 5283; x_wconf 80' lang='lat' dir='ltr'><strong>sunt?</strong></span> <span class='ocrx_word' id='word_1_851' title='bbox 3240 5206 3390 5276; x_wconf 86' lang='lat' dir='ltr'><strong>Resp.</strong></span> <span class='ocrx_word' id='word_1_852' title='bbox 3418 5202 3640 5270; x_wconf 59' lang='lat' dir='ltr'><strong>Quinque.</strong></span> 
     </span>
    </p>
   </div>
   <div class='ocr_carea' id='block_1_110' title="bbox 2107 5288 3640 5369">
    <p class='ocr_par' dir='ltr' id='par_1_110' title="bbox 2107 5288 3640 5369">
     <span class='ocr_line' id='line_1_110' title="bbox 2107 5288 3640 5369; baseline -0.006 -14"><span class='ocrx_word' id='word_1_853' title='bbox 2107 5301 2271 5355; x_wconf 89' lang='lat' dir='ltr'><strong>Inter.</strong></span> <span class='ocrx_word' id='word_1_854' title='bbox 2326 5299 2605 5368; x_wconf 85' lang='lat' dir='ltr'><strong>Quomodo</strong></span> <span class='ocrx_word' id='word_1_855' title='bbox 2656 5300 2965 5355; x_wconf 86' lang='lat' dir='ltr'><strong>vocantur?</strong></span> <span class='ocrx_word' id='word_1_856' title='bbox 3012 5298 3166 5369; x_wconf 86' lang='lat' dir='ltr'><strong>Resp.</strong></span> <span class='ocrx_word' id='word_1_857' title='bbox 3225 5297 3399 5359; x_wconf 74' lang='lat' dir='ltr'><strong>Visus,</strong></span> <span class='ocrx_word' id='word_1_858' title='bbox 3446 5288 3640 5346; x_wconf 58' lang='lat' dir='ltr'><strong>auditus,</strong></span> 
     </span>
    </p>
   </div>
   <div class='ocr_carea' id='block_1_111' title="bbox 2106 5394 2888 5463">
    <p class='ocr_par' dir='ltr' id='par_1_111' title="bbox 2106 5394 2888 5463">
     <span class='ocr_line' id='line_1_111' title="bbox 2106 5394 2888 5463; baseline 0.001 -20"><span class='ocrx_word' id='word_1_859' title='bbox 2106 5394 2381 5457; x_wconf 85' lang='lat' dir='ltr'><strong>odoratus,</strong></span> <span class='ocrx_word' id='word_1_860' title='bbox 2411 5402 2598 5463; x_wconf 87' lang='lat' dir='ltr'><strong>gustus</strong></span> <span class='ocrx_word' id='word_1_861' title='bbox 2619 5399 2673 5446; x_wconf 92' lang='lat' dir='ltr'><strong>et</strong></span> <span class='ocrx_word' id='word_1_862' title='bbox 2694 5399 2888 5445; x_wconf 90' lang='lat' dir='ltr'><strong>tactus.</strong></span> 
     </span>
    </p>
   </div>
   <div class='ocr_carea' id='block_1_112' title="bbox 2178 5459 3642 5550">
    <p class='ocr_par' dir='ltr' id='par_1_112' title="bbox 2178 5459 3642 5550">
     <span class='ocr_line' id='line_1_112' title="bbox 2178 5459 3642 5550; baseline -0.002 -15"><span class='ocrx_word' id='word_1_863' title='bbox 2178 5482 2340 5536; x_wconf 90' lang='lat' dir='ltr'><strong>Inter.</strong></span> <span class='ocrx_word' id='word_1_864' title='bbox 2374 5459 2475 5550; x_wconf 72' lang='lat' dir='ltr'><strong>Qui</strong></span> <span class='ocrx_word' id='word_1_865' title='bbox 2519 5498 2584 5538; x_wconf 79' lang='lat' dir='ltr'><strong>ex</strong></span> <span class='ocrx_word' id='word_1_866' title='bbox 2615 5483 2701 5537; x_wconf 90' lang='lat' dir='ltr'><strong>his</strong></span> <span class='ocrx_word' id='word_1_867' title='bbox 2742 5482 3058 5549; x_wconf 85' lang='lat' dir='ltr'><strong>aperiuntur</strong></span> <span class='ocrx_word' id='word_1_868' title='bbox 3104 5488 3157 5535; x_wconf 87' lang='lat' dir='ltr'><strong>et</strong></span> <span class='ocrx_word' id='word_1_869' title='bbox 3205 5469 3544 5540; x_wconf 76' lang='lat' dir='ltr'><strong>clauduntur?</strong></span> <span class='ocrx_word' id='word_1_870' title='bbox 3569 5459 3642 5532; x_wconf 74' lang='grc' dir='ltr'><strong>ίῐιιί</strong></span> 
     </span>
    </p>
   </div>
   <div class='ocr_carea' id='block_1_113' title="bbox 426 5556 3644 5654">
    <p class='ocr_par' dir='ltr' id='par_1_113' title="bbox 426 5556 3644 5654">
     <span class='ocr_line' id='line_1_113' title="bbox 426 5556 3644 5654; baseline -0.01 -13"><span class='ocrx_word' id='word_1_871' title='bbox 426 5586 559 5641; x_wconf 89' lang='lat' dir='ltr'><strong>mini</strong></span> <span class='ocrx_word' id='word_1_872' title='bbox 602 5586 777 5640; x_wconf 85' lang='lat' dir='ltr'><strong>anima</strong></span> <span class='ocrx_word' id='word_1_873' title='bbox 810 5580 1075 5654; x_wconf 88' lang='lat' dir='ltr'><strong>passionis</strong></span> <span class='ocrx_word' id='word_1_874' title='bbox 1122 5588 1360 5646; x_wconf 86' lang='lat' dir='ltr'><strong>tempore</strong></span> <span class='ocrx_word' id='word_1_875' title='bbox 1404 5585 1732 5632; x_wconf 78' lang='lat' dir='ltr'><strong>memoratus</strong></span> <span class='ocrx_word' id='word_1_876' title='bbox 1780 5591 2009 5646; x_wconf 82' lang='lat' dir='ltr'><strong>evange-</strong></span> <span class='ocrx_word' id='word_1_877' title='bbox 2109 5588 2237 5625; x_wconf 85' lang='lat' dir='ltr'><strong>vero</strong></span> <span class='ocrx_word' id='word_1_878' title='bbox 2263 5580 2387 5626; x_wconf 89' lang='lat' dir='ltr'><strong>sunt</strong></span> <span class='ocrx_word' id='word_1_879' title='bbox 2417 5570 2704 5642; x_wconf 87' lang='lat' dir='ltr'><strong>patentes?</strong></span> <span class='ocrx_word' id='word_1_880' title='bbox 2737 5568 2891 5639; x_wconf 85' lang='lat' dir='ltr'><strong>Resp.</strong></span> <span class='ocrx_word' id='word_1_881' title='bbox 2937 5568 3088 5625; x_wconf 90' lang='lat' dir='ltr'><strong>Oculi</strong></span> <span class='ocrx_word' id='word_1_882' title='bbox 3131 5577 3186 5622; x_wconf 88' lang='lat' dir='ltr'><strong>et</strong></span> <span class='ocrx_word' id='word_1_883' title='bbox 3209 5583 3270 5621; x_wconf 90' lang='lat' dir='ltr'><strong>os</strong></span> <span class='ocrx_word' id='word_1_884' title='bbox 3298 5562 3580 5635; x_wconf 85' lang='lat' dir='ltr'><strong>aperiuntur</strong></span> <span class='ocrx_word' id='word_1_885' title='bbox 3601 5556 3644 5604; x_wconf 72' lang='lat' dir='ltr'><strong>cl</strong></span> 
     </span>
    </p>
   </div>
   <div class='ocr_carea' id='block_1_114' title="bbox 426 5707 2004 5846">
    <p class='ocr_par' dir='ltr' id='par_1_114' title="bbox 426 5707 2004 5846">
     <span class='ocr_line' id='line_1_114' title="bbox 426 5707 2004 5846; baseline -0.009 -75"><span class='ocrx_word' id='word_1_886' title='bbox 426 5791 480 5846; x_wconf 59' lang='grc' dir='ltr'>ω</span> <span class='ocrx_word' id='word_1_887' title='bbox 501 5734 524 5758; x_wconf 71' lang='grc' dir='ltr'>ιι</span> <span class='ocrx_word' id='word_1_888' title='bbox 555 5716 651 5798; x_wconf 74' lang='lat' dir='ltr'><strong>llic</strong></span> <span class='ocrx_word' id='word_1_889' title='bbox 676 5714 930 5767; x_wconf 77' lang='lat' dir='ltr'><strong>liniuntur</strong></span> <span class='ocrx_word' id='word_1_890' title='bbox 950 5712 1099 5764; x_wconf 81' lang='lat' dir='ltr'><strong>Dicta</strong></span> <span class='ocrx_word' id='word_1_891' title='bbox 1117 5709 1322 5762; x_wconf 77' lang='lat' dir='ltr'><strong>Alcuiui</strong></span> <span class='ocrx_word' id='word_1_892' title='bbox 1342 5710 1393 5762; x_wconf 88' lang='lat' dir='ltr'><strong>in</strong></span> <span class='ocrx_word' id='word_1_893' title='bbox 1410 5708 1674 5776; x_wconf 80' lang='lat' dir='ltr'><strong>Operihus</strong></span> <span class='ocrx_word' id='word_1_894' title='bbox 1692 5707 1857 5769; x_wconf 85' lang='lat' dir='ltr'><strong>illius,</strong></span> <span class='ocrx_word' id='word_1_895' title='bbox 1875 5716 2004 5770; x_wconf 77' lang='lat' dir='ltr'><strong>etc.,</strong></span> 
     </span>
     <span class='ocr_line' id='line_1_115' title="bbox 483 5795 652 5845; baseline -0.036 1"><span class='ocrx_word' id='word_1_896' title='bbox 483 5806 531 5845; x_wconf 74' lang='grc' dir='ltr'><strong>(ι.</strong></span> <span class='ocrx_word' id='word_1_897' title='bbox 558 5795 652 5843; x_wconf 79' lang='lat' dir='ltr'><strong>ett.</strong></span> 
     </span>
    </p>
   </div>
   <div class='ocr_carea' id='block_1_115' title="bbox 483 5795 652 5845">
    <p class='ocr_par' dir='ltr' id='par_1_115' title="bbox 483 5795 652 5845">
     <span class='ocr_line' id='line_1_116' title="bbox 483 5795 652 5845; baseline -0.036 1"><span class='ocrx_word' id='word_1_898' title='bbox 483 5806 531 5845; x_wconf 90' lang='lat' dir='ltr'><strong>c.</strong></span> <span class='ocrx_word' id='word_1_899' title='bbox 558 5795 652 5843; x_wconf 88' lang='lat' dir='ltr'><strong>cit.</strong></span> 
     </span>
    </p>
   </div>
   <div class='ocr_carea' id='block_1_116' title="bbox 2189 5703 3141 5773">
    <p class='ocr_par' dir='ltr' id='par_1_116' title="bbox 2189 5703 3141 5773">
     <span class='ocr_line' id='line_1_117' title="bbox 2189 5703 3141 5773; baseline -0.003 -15"><span class='ocrx_word' id='word_1_900' title='bbox 2189 5705 2214 5745; x_wconf 73' lang='grc' dir='ltr'><strong>ι’</strong></span> <span class='ocrx_word' id='word_1_901' title='bbox 2245 5705 2319 5758; x_wconf 75' lang='lat' dir='ltr'><strong>Ex</strong></span> <span class='ocrx_word' id='word_1_902' title='bbox 2344 5704 2532 5758; x_wconf 84' lang='lat' dir='ltr'><strong>lsidor.</strong></span> <span class='ocrx_word' id='word_1_903' title='bbox 2564 5704 2683 5757; x_wconf 89' lang='lat' dir='ltr'><strong>libr.</strong></span> <span class='ocrx_word' id='word_1_904' title='bbox 2713 5720 2763 5757; x_wconf 73' lang='grc' dir='ltr'><strong>χι</strong></span> <span class='ocrx_word' id='word_1_905' title='bbox 2789 5703 2936 5773; x_wconf 83' lang='lat' dir='ltr'><strong>Orig.</strong></span> <span class='ocrx_word' id='word_1_906' title='bbox 2970 5704 3141 5773; x_wconf 83' lang='lat' dir='ltr'><strong>cap.i.</strong></span> 
     </span>
    </p>
   </div>
  </div>
