3934 6180
337 388 363 443 Ι
374 386 476 443 1θὸ

1240 388 1390 444 UPP.
1434 387 1661 445 DUBIA.
1705 419 1775 429 -—-
1815 388 2226 446 DlSPUTATlO
2268 391 2695 449 PUERORUM.’

3453 398 3588 454 H06

329 504 692 568 clauduntur;
739 517 895 557 aures
932 517 1059 557 vero
1099 511 1154 554 et
1184 516 1343 556 nares
1368 508 1615 569 patentes
1648 499 1904 555 existunt.
1938 503 1986 561 Α
2083 501 2249 556 Inter.
2283 501 2432 558 Unde
2452 503 2702 558 dicuntur
2724 504 2900 574 capilli
2922 507 2943 559 ?
2967 505 3122 577 Resp.
3145 507 3333 577 (lapilli
3357 518 3480 563 sunt
3501 524 3591 563 vo-

401 592 567 647 Inter.
598 593 777 660 Quare
801 608 989 648 sensus
1018 592 1319 647 vocantur?
1358 590 1515 659 Resp.
1539 589 1744 645 Sensus
1784 584 1910 645 sunt

328 683 479 747 dicti,
508 683 634 752 quia
661 698 757 752 per
796 698 891 737 eos
916 683 1095 737 anima
1138 682 1486 737 subtilissime
1513 689 1681 737 totum
1711 697 1909 751 corpus

326 770 495 841 agitat
521 771 705 842 vigore
728 771 1017 837 sentiendi,
1039 770 1180 826 unde
1204 781 1260 826 et
1281 771 1559 842 prwsentia
1593 784 1909 840 nuncupan-

328 875 437 929 tur,
465 865 610 935 quod
651 864 762 920 sint
800 882 910 936 pra:
951 864 1226 928 sensibus;
1254 864 1394 919 sicut
1437 878 1548 934 prae
1574 863 1764 928 oculis,
1791 876 1912 932 quae

326 964 525 1026 prtesto
550 962 675 1011 sunt
697 955 885 1011 oculis.

398 1044 565 1100 Inter.
595 1045 734 1113 Quid
760 1052 844 1100 est
870 1045 1064 1100 visus?
1102 1044 1255 1115 Resp.
1286 1045 1446 1100 Visus
1483 1055 1587 1110 est,
1617 1044 1706 1114 qui
1732 1059 1762 1098 a
1787 1042 1909 1114 phi-

325 1134 566 1205 losophis
590 1136 786 1191 humor
811 1133 1356 1206 vitreus'appellatur.
1389 1133 1557 1189 Inter.
1582 1133 1745 1188 Visus
1770 1130 1912 1186 unde

328 1225 430 1279 fit?
456 1223 608 1295 Resp.
644 1226 831 1281 Visum
855 1233 1036 1280 autem
1077 1225 1194 1281 ﬁeri
1223 1224 1442 1294 quidam
1476 1231 1792 1279 asseverant
1820 1230 1913 1276 aut

324 1325 571 1373 extrema
598 1317 820 1373 aetheria
846 1316 987 1383 luce,
1017 1324 1110 1372 aut
1152 1317 1367 1371 interno
1394 1315 1581 1386 spiritu
1617 1314 1793 1369 lucido
1812 1328 1912 1383 per

327 1418 516 1464 tenues
541 1408 657 1462 vias
685 1423 717 1463 a
746 1407 972 1463 cerebro
998 1407 1276 1464 venientes
1307 1414 1468 1477 atque
1505 1406 1803 1476 penetratis
1830 1414 1912 1460 tu-

326 1497 466 1555 nicis
491 1497 547 1552 in
588 1512 716 1552 aere
744 1506 1022 1564 exeuntes,
1057 1507 1113 1553 et
1154 1506 1284 1553 tunc
1311 1496 1688 1554 commistidne
1719 1495 1912 1551 similis

327 1590 568 1644 materiae.
589 1588 766 1644 visum
793 1588 1002 1644 dantes.

398 1678 565 1734 Inter.
594 1678 747 1736 Unde
769 1679 968 1735 dicitur
991 1680 1184 1736 visus?
1222 1679 1379 1750 Resp.
1411 1681 1573 1736 Visus
1599 1687 1683 1735 est
1709 1680 1907 1743 dictus,

325 1785 392 1827 eo
413 1770 557 1841 quod
596 1770 838 1826 vivacior
865 1772 937 1826 sit
969 1773 1178 1828 eteteris
1205 1772 1455 1828 sensibus
1479 1786 1544 1827 ac
1565 1772 1910 1843 praestantior

2011 592 2138 656 cati,
2168 592 2322 663 quasi
2345 594 2536 662 capitis
2561 594 2675 663 pili,
2709 593 2837 651 facti
2865 604 2922 650 ut
2949 606 3004 652 ct
3026 598 3275 653 decorem
3315 608 3588 668 prmstent,

2010 689 2065 735 et
2090 682 2372 736 cerebrum
2415 683 2675 738 adversus
2706 682 2875 755 frigus
2917 687 3183 744 muniant.
3227 697 3388 756 atque
3420 703 3451 741 a
3480 687 3594 743 sole

2010 772 2315 829 defendant.
2944 776 2953 784 ’

2083 865 2247 921 Inter.
2296 868 2393 924 Pili
2431 885 2601 942 quare
2629 874 2933 926 vocantur?
2974 872 3129 945 Resp.
3162 876 3300 931 Dicti
3341 885 3466 931 sunt
3496 892 3596 931 au-

2012 969 2120 1012 tem
2148 958 2239 1028 pili
2265 975 2293 1012 a
2317 960 2472 1030 pelle,
2499 963 2566 1019 de
2594 979 2698 1034 qua
2723 965 2987 1033 prodeunt
3012 983 3025 1031 ;
3057 966 3196 1021 sicut
3236 978 3289 1022 et
3313 969 3478 1039 pilum
3509 969 3593 1026 di-

2012 1048 2155 1103 citur
2181 1065 2209 1102 a
2239 1050 2366 1119 pila,
2398 1051 2486 1105 ubi
2512 1053 2845 1125 pigmentum
2874 1057 3237 1112 contunditur.

2084 1137 2251 1191 Inter.
2282 1137 2542 1195 Caesaries
2586 1143 2724 1196 unde
2762 1143 3101 1212 appellatur?
3136 1145 3287 1216 Resp.
3336 1148 3595 1205 Cresarics

2014 1243 2042 1281 a
2075 1228 2329 1283 caedendo
2369 1238 2449 1284 est
2475 1239 2681 1293 vocata,
2714 1231 2941 1301 ideoque
2984 1241 3193 1289 tantum
3221 1237 3460 1292 virorum
3490 1249 3590 1293 est.

2014 1318 2177 1373 Inter.
2236 1320 2416 1387 Quare
2462 1322 2697 1377 virorum
2750 1331 2805 1377 ct
2853 1338 2957 1378 non
3009 1325 3389 1381 feminarum?
3441 1329 3591 1399 Resp.

2015 1412 2279 1480 Quoniam
2307 1414 2480 1468 virum
2517 1415 2669 1470 decet
2717 1423 2930 1471 tonsum
2981 1433 3119 1481 esse,
3169 1420 3447 1475 mulierem
3487 1438 3592 1475 non

2013 1504 2184 1559 decet.

2082 1594 2247 1649 Inter.
2281 1596 2417 1662 Quid
2448 1606 2573 1651 sunt
2602 1599 2811 1652 comm?
2841 1597 2989 1668 Resp.
3019 1599 3197 1655 Coma:
3224 1611 3349 1655 sunt
3383 1604 3595 1673 proprie

2012 1704 2117 1741 non
2158 1689 2279 1742 caesi
2316 1689 2512 1758 capilli,
2542 1698 2597 1743 et
2628 1698 2711 1745 cst
2752 1706 2933 1745 sermo
2978 1692 3217 1749 Gratcus.
3268 1692 3431 1747 Inter.
3483 1695 3593 1761 Qua

2014 1778 2256 1833 ratione?
2297 1777 2449 1849 Resp.
2480 1781 2674 1835 Comas
2701 1784 2846 1835 enim
2876 1781 3049 1838 Graeci
3075 1781 3284 1837 Caimas
3310 1800 3337 1837 a
3363 1787 3597 1839 secando

325 1863 441 1918 sive
466 1861 718 1928 velocior,
764 1861 1099 1932 ampliusque
1123 1862 1317 1934 vigeat,
1356 1872 1619 1933 quantum
1648 1864 1909 1919 memoria
1947 1849 1988 1908 Β
2017 1866 2222 1939 [Forte,
2267 1870 2442 1941 κόμας,
2476 1886 2504 1924 a
2541 1873 2736 1936 κόπτω,
2789 1872 2926 1945 seco]
2984 1875 3303 1937 nominant;
3362 1876 3503 1930 unde
3544 1886 3598 1930 et

328 1954 472 2009 inter
501 1960 695 2008 caetera
723 1953 920 2009 mentis
964 1952 1138 2009 otiicia
1164 1971 1180 2022 ;
1222 1953 1452 2009 vicinior
1476 1961 1562 2009 est
1584 1955 1728 2010 enim
1757 1969 1911 2010 cerc-

328 2042 445 2107 bro,
478 2043 619 2099 unde
645 2044 827 2099 omnia
855 2052 1117 2110 manant;
1147 2059 1215 2099 ex
1238 2060 1347 2114 quo
1388 2044 1465 2109 tit,
1504 2055 1561 2099 ut
1588 2060 1672 2110 ea,
1700 2061 1819 2115 quae
1845 2046 1914 2101 ad

325 2135 464 2191 alios
487 2137 759 2207 pertinent
800 2152 1011 2201 sensus,
1058 2137 1241 2192 videre
1269 2137 1543 2193 dicamus:
1595 2138 1758 2192 veluti
1791 2154 1913 2194 cum

326 2228 591 2284 dicimus:
621 2229 754 2286 Vide
778 2230 1047 2301 quomodo
1091 2235 1274 2294 sonat,
1299 2228 1420 2284 vide
1446 2231 1713 2299 quomodo
1751 2232 1912 2300 sapit,

327 2317 408 2371 sic
436 2325 491 2371 et
516 2325 734 2372 caetera.

398 2403 567 2461 Inter.
592 2405 819 2463 Auditus
845 2423 1013 2477 quare
1033 2409 1333 2479 appellatur
1353 2411 1377 2450 ν
1397 2408 1551 2480 Resp.
1586 2408 1812 2464 Auditus
1834 2418 1915 2465 est

329 2495 626 2566 appellatus
652 2512 719 2553 eo
751 2498 897 2568 quod
918 2514 1079 2555 voces
1102 2499 1337 2567 hauriat,
1366 2500 1470 2555 hoc
1501 2508 1603 2567 est,
1644 2515 1767 2556 aere
1796 2515 1916 2554 ver-

330 2590 521 2645 berato
554 2591 816 2661 suscipiat
840 2607 1023 2648 sonos.

404 2679 568 2736 Inter.
605 2681 785 2748 Quare
809 2684 1007 2738 dicitur
1026 2685 1324 2741 odoratus?
1349 2685 1504 2756 Resp.
1537 2686 1742 2740 Dicitur
1768 2687 1915 2741 enim

327 2772 606 2838 odoratus,
629 2773 784 2844 quasi
803 2776 946 2831 aeris
966 2776 1146 2832 odoris
1161 2785 1396 2833 attactus
1411 2777 1546 2850 [Isid
1554 2819 1590 2842 .,
1610 2777 1911 2850 attractus].

326 2862 497 2917 Tacta
525 2862 671 2917 enim
700 2876 826 2919 aere
853 2866 1105 2932 sentitur,
1136 2866 1215 2922 sic
1256 2876 1310 2922 et
1335 2865 1584 2933 olfactus,
1612 2868 1752 2936 quod
1787 2869 1917 2924 odo-

321 2954 476 3008 ribus
495 2951 777 3009 aliiciatur.
811 2953 976 3009 Inter.
1010 2954 1212 3012 Gustus
1240 2957 1381 3013 unde
1404 2955 1740 3027 appellatur?
1761 2958 1911 3031 Resp.

321 3046 528 3101 Gustus
554 3046 700 3101 enim
732 3062 762 3101 a
787 3056 1006 3119 gutture
1029 3057 1115 3105 est
1140 3049 1332 3106 dictus.

396 3138 562 3194 Inter.
595 3139 797 3195 Tactus
824 3156 993 3211 quare
1020 3144 1286 3198 vocatur?
1325 3144 1482 3215 Resp.
1514 3145 1713 3201 Tactus
1739 3145 1915 3202 dictus

2013 1959 2175 2029 Cyrin
2204 1961 2432 2016 tundere
2464 1959 2671 2033 [Forte,
2701 1967 2897 2035 κείρειν,
2932 1964 3171 2036 tundere]
3218 1965 3424 2020 dicunt.
3470 1968 3597 2021 Inde

2014 2060 2068 2106 et
2087 2052 2215 2105 cirri
2241 2061 2501 2107 vocantur
2526 2070 2540 2118 ;
2573 2054 2712 2123 quod
2736 2056 2898 2108 etiam
2929 2055 3089 2110 iidem
3114 2056 3286 2112 Graeci
3319 2057 3598 2113 mal/onem

2014 2141 2220 2215 [Forte,
2252 2159 2279 2197 a
2305 2146 2511 2216 pande,
2556 2144 2680 2198 lana
2708 2145 2987 2217 promissa]
3019 2156 3230 2202 vocant.
3276 2147 3442 2203 Inter.
3476 2148 3595 2204 Cri-

2015 2250 2111 2290 nes
2138 2235 2275 2289 unde
2303 2237 2599 2290 vocantur?
2632 2236 2783 2306 Resp.
2812 2237 3003 2294 Crines
3033 2249 3210 2294 autem
3236 2242 3451 2311 proprie
3483 2258 3597 2297 tuu-

2015 2330 2205 2384 lierum
2249 2337 2394 2393 sunt,
2426 2337 2479 2383 et
2508 2330 2636 2384 dicti
2685 2331 2864 2386 crines
2908 2349 2974 2386 eo
3019 2333 3163 2402 quod
3205 2333 3355 2389 vittis
3394 2335 3600 2389 discen-

2014 2428 2232 2484 nuntur,
2264 2421 2405 2475 unde
2434 2420 2899 2475 etdiscriminalia
2939 2423 3207 2488 dicuntur,
3240 2440 3269 2477 a
3298 2424 3493 2495 quibus
3519 2425 3601 2481 di-

2014 2512 2144 2565 visa}
2171 2510 2485 2582 religantur.

2088 2602 2252 2657 Inter.
2300 2604 2435 2671 Quid
2479 2612 2604 2659 sunt
2654 2612 2898 2675 tympora
2944 2604 3054 2678 [Ita
3091 2607 3245 2671 cod.;
3287 2608 3412 2680 leg.,
3456 2617 3597 2664 teut-

2016 2694 2214 2766 pora]?
2242 2693 2393 2765 Resp.
2429 2694 2694 2765 Tympora
2720 2705 2845 2751 sunt
2874 2711 2993 2765 qua;
3021 2697 3268 2752 calvaria:
3289 2699 3479 2754 dextra
3508 2699 3598 2754 lte-
3633 2752 3642 2761 ,

2017 2801 2190 2855 vaque
2213 2785 2515 2855 subjacent.

2086 2876 2252 2930 Inter.
2284 2877 2462 2944 Quare
2504 2878 2579 2931 ita
2611 2880 2914 2933 vocantur?
2941 2878 3094 2952 Resp.
3125 2879 3249 2936 Ideo
3276 2880 3354 2936 sic
3393 2897 3599 2936 nuncu-

2015 2976 2234 3038 pantur,
2255 2969 2380 3038 quia
2403 2978 2702 3035 moventur,
2725 2971 2948 3040 ipsaque
2979 2972 3274 3026 mobilitate
3290 2972 3444 3041 quasi
3464 2979 3600 3028 tem-

2015 3075 2147 3130 pora
2177 3075 2206 3112 a
2238 3059 2558 3128 quibusdam
2588 3060 2880 3114 intervallis
2908 3068 3206 3115 mutantur.

2087 3150 2251 3205 Inter.
2285 3151 2464 3218 Quare
2488 3152 2631 3206 dicta
2662 3160 2747 3207 est
2784 3152 2993 3207 facies?
3016 3151 3169 3223 Resp.
3204 3152 3392 3209 Facies
3422 3155 3491 3209 ab
3514 3154 3596 3210 ef-

324 3240 430 3298 est,
456 3247 522 3289 co
542 3233 686 3303 quod
713 3242 1005 3303 pertractet
1032 3244 1087 3292 et
1116 3246 1318 3310 tangat,
1342 3248 1397 3295 et
1421 3197 1519 3311 per
1540 3241 1720 3296 omnia
1745 3256 1913 3296 mem-
1941 3197 1989 3261 Ο
2017 3239 2141 3312 ligio
2169 3248 2254 3296 est
2291 3197 2453 3306 dicta,
2497 3240 2586 3295 ubi
2620 3238 2823 3313 [Fort.,
2853 3240 2949 3313 ibi]
2977 3249 3060 3296 εει
3098 3197 3242 3296 ernim
3268 3251 3381 3297 tota
3411 3241 3595 3314 [Isid.,

324 3329 424 3384 bra
452 3328 690 3401 vigorem
719 3345 911 3385 sensus
941 3322 1209 3404 aspergat.
1261 3333 1393 3389 Nam
1431 3343 1575 3390 tactu
1620 3336 1913 3406 probamus

323 3418 584 3489 quidquid
615 3421 829 3476 exteris
857 3422 1102 3478 sensibus
1121 3422 1368 3492 judicare
1396 3442 1502 3481 non
1533 3443 1839 3498 possumus.

398 3508 561 3565 Inter.
598 3511 808 3568 Genera
853 3520 1029 3570 tactus
1065 3524 1197 3585 quot
1239 3531 1362 3572 esse
1404 3516 1702 3574 dicuntur?
1749 3517 1907 3589 Resp.

324 3604 461 3657 Duo.
485 3600 652 3657 Inter.
685 3602 857 3671 Quae?
892 3604 1047 3676 Resp.
1081 3604 1189 3660 Aut
1207 3606 1363 3662 enim
1378 3608 1719 3665 extrinsecus
1745 3612 1910 3676 venit,

324 3690 470 3762 quod
496 3690 699 3758 feriat;
726 3700 820 3747 aut
847 3694 994 3748 intus
1023 3694 1076 3747 in
1104 3694 1220 3764 ipso
1239 3709 1468 3764 corpore
1491 3697 1686 3764 oritur,
1713 3706 1773 3752 ut
1792 3713 1915 3754 sen-

326 3787 512 3842 tiatur.

390 3875 569 3931 Inter.
596 3876 772 3933 liabet
808 3876 1177 3948 unusquisque
1218 3892 1410 3934 sensus
1434 3877 1710 3948 propriam
1756 3885 1915 3932 natu—

327 3982 466 4033 ram,
491 3984 559 4022 an
604 3969 752 4024 non?
798 3967 952 4039 Resp.
993 3967 1168 4024 Habet
1192 3969 1427 4041 quidem.
1466 3968 1633 4024 Inter.
1678 3968 1795 4036 Qua
1823 3985 1913 4024 ra-

327 4061 515 4115 tione?
543 4059 698 4132 Resp.
733 4059 885 4128 Quod
915 4061 1061 4116 enim
1083 4060 1373 4117 videndum
1398 4068 1503 4126 est,
1546 4061 1719 4117 oeulis
1762 4062 1912 4132 capi-

325 4163 453 4217 tur;
484 4152 626 4223 quod
654 4150 1004 4219 audiendum,
1040 4151 1262 4209 auribus
1287 4169 1302 4219 ;
1332 4166 1496 4223 quam
1529 4151 1710 4207 mollia
1751 4149 1913 4224 422

326 4254 384 4300 ει
410 4245 564 4312 dura,
596 4252 744 4301 tactu
777 4246 1152 4312 aestimantur;
1197 4258 1358 4315 sapor
1381 4257 1512 4298 vero
1537 4251 1693 4315 gustu
1720 4260 1735 4309 ;
1780 4244 1915 4299 odor

327 4344 511 4392 autem
540 4337 767 4393 naribus
793 4334 1030 4392 ducitur.

399 4429 567 4485 Inter.
597 4430 726 4499 Qua:
759 4438 841 4486 est
869 4429 1045 4500 prima
1074 4443 1202 4498 pars
1239 4427 1520 4484 hominis?
1546 4426 1698 4499 Resp.
1730 4426 1913 4482 Prima

2016 3338 2127 3387 tota
2152 3329 2314 3403 facta]
2343 3331 2512 3402 ﬁgura
2540 3332 2796 3399 hominis,
2826 3341 2881 3388 ει
2910 3331 3329 3404 uniuscujusque
3353 3349 3598 3405 persona

2012 3422 2268 3493 cognitio.

2083 3510 2249 3566 Inter.
2284 3511 2463 3578 Quare
2510 3513 2708 3568 dicitur
2749 3514 2972 3569 vultus?
3003 3514 3155 3585 Resp.
3198 3515 3386 3571 Vultus
3416 3516 3595 3572 dictus

2014 3608 2116 3667 est,
2144 3618 2210 3659 eo
2224 3603 2375 3674 quod
2398 3619 2501 3674 per.
2517 3618 2638 3659 eum
2664 3604 2913 3659 voluntas
2937 3605 3101 3659 animi
3130 3607 3449 3662 ostenditur.

2083 3692 2250 3747 Inter.
2280 3692 2396 3761 Qua
2422 3695 2671 3750 ratione?
2714 3693 2868 3765 Resp.
2917 3694 3223 3750 Secundum
3267 3697 3598 3752 voluntatem

2010 3785 2160 3839 enim
2186 3784 2240 3838 in
2272 3784 2451 3840 varios
2476 3793 2653 3840 motus
2678 3791 2936 3850 mutatur,
2966 3785 3106 3840 unde
3127 3794 3183 3840 et
3217 3786 3467 3842 diil‘eruut
3495 3786 3599 3843 sibi

2014 3880 2282 3943 utraque;
2310 3889 2433 3928 nam
2465 3872 2631 3929 facies
2671 3873 2985 3943 simpliciter
3022 3875 3285 3944 accipitur
3310 3877 3375 3930 de
3413 3878 3600 3934 unius-

2013 3962 2273 4035 cujusque
2310 3963 2543 4019 naturali
2572 3972 2832 4033 aspectu;
2864 3963 3044 4019 vultus
3091 3972 3269 4020 autem
3295 3965 3596 4021 animorum

2015 4053 2330 4123 qualitatem
2359 4053 2643 4125 significat.

2085 4143 2252 4198 Inter.
2283 4143 2459 4199 Frons
2502 4145 2647 4200 unde
2690 4159 2885 4200 nomen
2933 4146 3180 4215 accepit?
3224 4144 3377 4216 Resp.
3425 4146 3596 4202 Frons

2014 4236 2159 4291 enim
2203 4236 2271 4293 ab
2306 4235 2584 4293 oculorum
2612 4236 2969 4293 foraminibus
2999 4237 3276 4293 nominata
3317 4247 3436 4304 est;
3482 4240 3597 4295 haec

2016 4327 2193 4399 imago
2218 4328 2463 4399 quaedam
2493 4328 2681 4394 animi,
2712 4330 3017 4399 mentisque
3052 4337 3256 4386 motum
3294 4331 3474 4400 specie
3498 4346 3595 4386 sua

2015 4419 2287 4492 exprimit,
2316 4420 2444 4475 dum
2471 4420 2556 4476 vel
2580 4420 2700 4475 lteta
2728 4420 2810 4475 vel
2836 4420 3004 4477 tristis
3033 4428 3137 4477 est.

322 4538 455 4593 pars
478 4523 720 4593 corporis
750 4531 931 4592 caput.
960 4519 1127 4574 Inter.
1161 4518 1340 4588 Quare
1366 4518 1442 4574 ita
1461 4519 1727 4575 vocatur?
1753 4516 1907 4589 Resp.
1940 4545 1991 4606 ι)
2086 4508 2211 4567 Hice
2235 4510 2351 4577 tibi,
2378 4510 2546 4567 frater
2567 4512 2661 4579 mi,
2682 4510 2748 4567 de
2770 4512 2977 4606 ratione
3001 4512 3247 4568 humana:
3272 4522 3475 4569 naturae
3494 4513 3596 4569 hac

326 4611 453 4667 Ideo
476 4612 619 4666 enim
647 4612 828 4667 datum
857 4620 943 4666 est
970 4610 1045 4665 illi
1073 4611 1177 4665 hoc
1203 4624 1421 4677 nomen,
1449 4624 1515 4667 eo
1541 4608 1685 4680 quod
1705 4616 1761 4664 et
1789 4625 1911 4665 sen—

328 4718 423 4757 sus
448 4717 638 4757 omnes
664 4710 720 4758 et
744 4702 893 4758 nervi
923 4700 1045 4755 inde
1070 4700 1283 4755 initium
1311 4700 1545 4772 capiant,
1573 4708 1734 4770 atque
1759 4715 1826 4756 ex
1845 4717 1912 4757 eo

327 4792 506 4849 omnis
532 4793 746 4864 vigeudi
771 4808 934 4848 causa
962 4792 1208 4858 oriatur;
1234 4791 1309 4848 ibi
1334 4792 1479 4847 enim
1503 4805 1692 4847 omnes
1720 4807 1912 4848 sensus

329 4900 628 4964 apparent;
658 4891 798 4948 unde
841 4892 1008 4962 ipsius
1036 4890 1247 4956 animae,
1278 4903 1396 4961 quae
1421 4888 1652 4946 consulit
1676 4889 1910 4960 corpori,

328 4982 723 5054 quodammodo
744 4982 879 5054 gerit
898 4995 1204 5051 personam.

2017 4607 2134 4662 vice
2161 4605 2427 4662 sufﬁciant
2456 4605 2767 4679 (Hucusque
2794 4622 2860 4660 ea;
2881 4604 3062 4675 Isid.).

2644 4714 2869 4772 CAPUT
2908 4716 2989 4770 Ill.

2618 4803 2682 4841 DE
2707 4802 3020 4842 SPIRITIBUS.

2088 4882 2253 4937 Inter.
2287 4882 2392 4937 Ista
2417 4879 2546 4935 mibi
2576 4878 2864 4945 sufﬁciunt,
2893 4878 2988 4935 sed
3029 4880 3074 4935 si
3119 4878 3311 4950 placet,
3360 4891 3600 4933 reverta-

2017 4990 2140 5030 mur
2177 4975 2246 5028 ad
2289 4972 2575 5026 rationem.
2603 4971 2842 5040 spiritus,
2890 4970 2958 5025 de
2997 4985 3106 5041 quo
3148 4968 3308 5041 paulo
3350 4970 3597 5041 superius

398 5070 567 5128 Inter.
603 5071 742 5141 Quid
769 5079 854 5128 est
878 5071 1053 5127 vertix
1080 5069 1192 5143 [Ita
1219 5068 1408 5143 cod.]?
1435 5067 1585 5141 Resp.
1620 5070 1806 5126 νει·ιίι
1831 5079 1916 5127 εει
2009 5066 2126 5135 iam
2149 5063 2350 5135 aliquid
2391 5061 2679 5133 protulisti.
2721 5070 2775 5116 et
2815 5064 3220 5134 investigemus,
3252 5064 3305 5117 in
3340 5071 3596 5133 quantum

330 5179 397 5220 ea
419 5178 571 5234 pars,
595 5179 705 5235 qua
730 5162 908 5233 capilli
932 5161 1123 5233 capitis
1152 5160 1499 5233 colliguntur,
1525 5169 1580 5216 et
1605 5160 1659 5215 in
1686 5176 1790 5231 qua
1810 5176 1913 5217 (:33-

331 5257 504 5313 saries
530 5254 767 5318 vertitur,
795 5253 937 5307 unde
963 5260 1017 5306 et
1045 5259 1408 5322 nuncupatur.

405 5345 571 5400 Inter.
603 5342 744 5412 Quid
766 5350 850 5399 est
876 5341 1155 5399 calvaria?
1196 5340 1347 5412 Resp.
1392 5336 1638 5394 Calvaria
1661 5348 1744 5395 est
1769 5339 1914 5395 dicta

333 5441 403 5496 ab
426 5437 639 5494 ossibus
660 5435 828 5493 calvis
854 5451 950 5507 per
970 5433 1346 5490 defectionem.
1373 5438 1431 5488 et
1454 5431 1768 5488 neutraliter
1786 5448 1914 5505 pro-

333 5531 631 5587 nuntiatur.

406 5622 568 5677 Inter.
606 5620 745 5688 Quid
771 5628 855 5676 est
882 5618 1227 5689 occipitium?
1265 5616 1417 5688 Resp.
1470 5616 1788 5688 Oceipitium
1833 5626 1917 5673 est

334 5713 528 5782 capitis
567 5727 693 5783 pars
737 5710 1025 5781 posterior,
1073 5709 1227 5780 quasi
1277 5716 1467 5765 contra
1513 5708 1786 5777 capitium,
1832 5707 1913 5761 vel

336 5804 479 5874 quod
509 5803 578 5858 sit
615 5802 803 5871 capitis
830 5810 1143 5856 retrorsum.

2018 5157 2128 5211 Deo
2170 5153 2512 5225 permittente
2557 5151 2851 5219 valeamus,
2893 5163 3025 5222 quot
3068 5151 3219 5225 [Ms.,
3246 5152 3390 5223 quod
3440 5153 3601 5224 spiri-

2017 5255 2103 5302 tus
2127 5246 2268 5303 idem
2312 5250 2526 5299 creator
2556 5243 2797 5299 omnium
2840 5245 3117 5299 creasset?
3150 5243 3303 5315 Resp.
3357 5242 3600 5299 Dillicilis

2016 5353 2103 5392 res
2128 5344 2211 5392 est
2254 5336 2321 5391 ad
2366 5333 2817 5405 investigandum,
2859 5333 2953 5388 sed
2990 5340 3167 5389 tamen
3213 5333 3494 5399 faciamus,
3538 5343 3597 5389 ut

2017 5428 2173 5483 dicis.

2086 5519 2253 5574 Inter.
2302 5519 2398 5573 Dic
2429 5532 2556 5590 ergo
2598 5516 2755 5581 mibi,
2797 5526 2930 5586 quot
2976 5515 3199 5587 spiritus
3244 5516 3434 5572 vitales
3478 5532 3599 5573 esse

2017 5612 2349 5668 credantur?
2376 5609 2527 5682 Resp.
2560 5608 2867 5665 Secundum
2906 5610 3049 5680 quod
3078 5607 3200 5681 legi,
3239 5617 3351 5665 tres
3378 5610 3599 5682 spiritus

2018 5705 2208 5761 vitales
2237 5706 2439 5760 creavit
2470 5704 2814 5775 omnipotens
2842 5704 3003 5760 Deus.
3035 5701 3199 5759 Inter.
3230 5704 3330 5773 Qui
3360 5715 3484 5763 sunt
3509 5707 3601 5761 bi?

2018 5795 2170 5868 Resp.
2226 5795 2374 5852 Unus
2417 5803 2518 5860 est,
2567 5796 2658 5866 qui
2698 5811 2859 5851 carne
2904 5811 3007 5851 non
3053 5796 3284 5861 tegitur;
3330 5796 3462 5852 alius
3503 5789 3616 5859 (ΙΕιῦ
