3934 6180
362 414 499 468 1107

1215 413 1269 466 Β.
1315 415 1372 467 ι’.
1417 413 1636 467 ALBINI
1681 412 1809 466 SEU
1853 407 2126 462 ALCL'INI
2169 402 2449 463 OPEIlUM
2492 401 2671 457 PARS
2715 401 2847 456 VIII.

3497 397 3630 452 “('8

360 545 521 582 carne
553 530 767 597 tegitur,
798 528 891 581 sed
930 544 1032 580 non
1075 543 1194 580 cum
1237 542 1399 580 carne
1440 527 1702 588 moritur;
1753 523 1942 578 tertius
1969 521 2012 578 Α
2045 515 2313 570 hominem
2350 520 2644 566 tumentem
2692 510 2920 579 spiritu;
2959 515 3048 562 aut
3089 507 3227 561 sicut
3271 504 3484 567 dicitur,
3515 507 3624 577 Spi-

360 635 506 681 vero,
531 619 632 687 qui
659 633 821 672 carne
848 619 1060 687 tegitur,
1089 625 1142 670 et
1168 633 1288 670 cum
1310 631 1472 670 carne
1492 617 1734 670 moritur.

432 732 596 788 Inter.
627 732 778 787 Nunc
809 748 960 802 rogo,
987 743 1045 785 ut
1079 732 1208 785 mihi
1236 731 1467 800 aperias,
1497 732 1585 800 qui
1615 748 1692 785 es.
1723 733 1809 786 his
1835 747 1938 785 non

359 825 558 896 tegitur
584 840 782 890 carne;
816 834 872 878 et
898 840 1059 878 carne
1099 824 1317 894 tegitur,
1360 824 1452 878 sed
1479 839 1583 877 non
1625 839 1746 878 cum
1778 840 1942 878 carne

359 914 627 981 moritur;
653 916 743 985 qui
768 930 893 968 vero
931 930 1094 969 carne
1121 914 1338 984 tegitur,
1384 923 1438 968 et
1465 929 1584 968 eum
1627 930 1788 967 carne
1828 929 1940 967 mo-

361 1006 541 1060 ritur?
563 1022 657 1060 seu
686 1007 848 1061 etiam
878 1005 1243 1074 unusquisque
1268 1021 1450 1059 eorum
1481 1006 1548 1058 ad
1572 1022 1731 1074 quam
1773 1006 1938 1074 perti—

360 1107 484 1151 neat
511 1099 855 1152 creaturam?
883 1095 1032 1166 Resp.
1084 1097 1318 1167 Spiritus
1361 1113 1608 1166 namque,
1642 1099 1731 1166 qui
1780 1114 1942 1152 carne

358 1205 466 1244 non
515 1190 730 1260 tdgitur,
781 1189 1091 1260 angelorum
1141 1201 1267 1254 est;
1318 1189 1539 1258 spiritus
1593 1200 1793 1252 autem,
1849 1190 1941 1258 qui

358 1293 520 1332 carne
572 1278 786 1350 tegitur,
832 1279 925 1333 sed
967 1295 1075 1332 non
1110 1294 1230 1333 cum
1279 1295 1440 1333 carne
1471 1282 1719 1343 moritur,
1770 1278 1943 1332 homi-

358 1386 488 1425 num
515 1379 632 1437 est;
679 1370 899 1442 spiritus
942 1387 1089 1436 vero,
1137 1372 1227 1441 qui
1271 1387 1433 1424 carne.
1475 1372 1688 1441 tegitur,
1739 1378 1792 1423 et
1820 1386 1938 1423 eum

358 1478 523 1517 carne
564 1464 810 1528 moritur,
854 1463 1241 1532 jumentorum,
1289 1464 1634 1530 omniumque
1663 1462 1940 1515 brutorum

360 1553 671 1608 animalium
701 1565 800 1607 est.

433 1665 596 1718 Inter.
646 1667 920 1719 Habentur
969 1668 1150 1736 plures
1199 1668 1441 1736 spiritus,
1487 1685 1551 1720 an
1585 1683 1688 1720 non
1717 1667 1741 1718 Σ)
1787 1666 1936 1734 Resp.

364 1758 558 1826 Utique
605 1759 887 1812 habentur.
940 1759 1104 1811 Inter.
1157 1760 1487 1824 Quomodo?
1534 1757 1685 1828 Resp.
1739 1757 1944 1811 Dicitur

2042 609 2175 661 ritus
2202 604 2486 675 superbize,
2511 600 2734 670 spiritus
2757 613 2910 653 vana:
2935 598 3138 668 glorite.

2055 745 2067 760 ,
2112 695 2278 748 Inter.
2305 691 2586 759 Quomodo
2617 690 2682 743 ad
2713 688 3173 742 submissionem?
3205 685 3360 755 Resp.
3395 684 3470 739 Ad
3503 687 3631 747 sub.

2042 785 2351 839 missionem
2387 795 2618 850 quoque,
2653 779 2796 834 sicut
2830 779 2881 831 in
2919 777 3115 832 bonam
3149 785 3397 845 partem:
3441 775 3508 830 In
3525 779 3636 847 spi-

2044 879 2145 930 ritu
2163 874 2494 936 humilitatis,
2517 880 2589 934 et,
2615 871 2750 924 beati
2769 885 3020 940 pauperes
3041 868 3228 936 spiritu
3247 866 3463 938 (Matth.
3479 885 3532 932 ν,
3551 869 3632 939 3).

2043 969 2109 1022 Et
2139 965 2426 1036 Apostolus
2450 963 2513 1019 de
2540 978 2789 1018 sermone
2819 961 2909 1014 Dei
2941 960 3090 1025 dicit,
3133 961 3275 1028 quod
3319 961 3391 1014 sit
3428 963 3636 1027 pertin-

2041 1073 2163 1127 gens
2200 1070 2360 1124 usque
2407 1057 2475 1106 ad
2510 1053 2814 1106 divisionem
2860 1051 3072 1116 animm,
3105 1066 3168 1103 ac
3211 1050 3429 1119 spiritus
3466 1048 3631 1122 (Heb.

2043 1165 2114 1212 IV,
2154 1148 2261 1219 12).
2289 1145 2448 1200 Juxta
2489 1160 2649 1214 quem
2677 1143 2833 1199 talem
2878 1144 3096 1198 modum
3128 1144 3324 1198 dicitur
3358 1155 3413 1199 et
3449 1145 3636 1200 divina

2042 1237 2436 1292 animadversio
2475 1235 2718 1306 spiritus,
2754 1235 2895 1289 sicut
2923 1233 3182 1303 scriptum
3206 1243 3286 1289 est
3315 1254 3326 1288 :
3382 1233 3466 1288 En
3501 1253 3631 1305 pro-

2043 1331 2207 1399 feram
2238 1328 2377 1383 vobis
2419 1328 2662 1399 spiritum
2705 1343 2898 1390 meum,
2940 1336 2989 1380 et
3031 1325 3300 1380 ostendam
3332 1325 3484 1379 rerba
3515 1344 3638 1380 mea

2044 1419 2223 1490 (Prov.
2259 1436 2297 1484 ι,
2325 1419 2436 1490 25).
2481 1418 2548 1472 Et
2580 1418 2800 1482 iterum,
2845 1417 3011 1486 iniqui
3039 1417 3293 1470 dicuntur
3327 1416 3490 1470 ﬂante
3526 1417 3639 1472 Deo

2042 1510 2288 1579 periisse,
2337 1517 2388 1562 et
2429 1509 2620 1579 spiritu
2666 1508 2761 1562 irae
2807 1505 2922 1576 ejus
2963 1522 3082 1561 esse
3119 1507 3451 1575 consumpti,
3489 1510 3635 1578 quod

2043 1603 2226 1670 utique
2255 1617 2358 1654 non
2384 1601 2600 1669 proprie
2632 1600 2830 1653 dicitur
2874 1600 2938 1653 de
2966 1600 3097 1664 Deo,
3132 1600 3225 1653 sed
3262 1601 3638 1668 metaphoriee

2045 1696 2112 1748 ab
2154 1693 2404 1746 immanis
2439 1691 2676 1746 motibus
2715 1691 3034 1744 translatum
3068 1701 3150 1744 est
3184 1689 3250 1742 ad
3296 1689 3490 1744 Deum.

2119 1783 2281 1837 Inter.
2339 1783 2688 1836 Inveniuntur
2731 1781 2816 1835 alii
2867 1781 3110 1848 spiritus,
3159 1797 3224 1833 an
3281 1781 3435 1833 non?
3477 1779 3628 1850 Resp.

357 1852 520 1944 etiam
546 1860 600 1904 et
622 1868 746 1921 pars
769 1853 980 1916 animae,
1022 1853 1073 1905 id
1114 1864 1215 1916 est,
1251 1853 1581 1905 rationabilis
1611 1867 1782 1944 mens,
1823 1866 1943 1921 quin
1975 1863 2018 1922 Β
2049 1875 2316 1944 Scriptum
2363 1881 2445 1928 est
2493 1873 2656 1927 etiam
2691 1871 2758 1926 de
2781 1871 2928 1926 sole:
2977 1868 3181 1940 Gym,“
3226 1870 3464 1939 gymndo
3497 1872 3634 1924 Μαί,

356 1943 546 1997 oculus
568 1951 649 1998 est
678 1944 890 2008 animae,
920 1944 1168 2016 spiritus,
1208 1959 1327 2012 quae
1354 1958 1519 2012 capax
1551 1950 1634 1997 est
1678 1943 1942 1997 donorum

359 2035 642 2101 spirituum
686 2032 890 2105 (Forte,
925 2034 1327 2105 spiritualium],
1360 2044 1413 2087 et
1440 2035 1634 2088 divinte
1673 2033 1944 2088 inhabita-

360 2125 523 2180 tionis
547 2127 772 2195 gratiam
803 2126 1008 2178 obtinet
1037 2125 1428 2194 participando,
1475 2125 1614 2178 sicut
1657 2122 1942 2192 Apostolus

359 2226 471 2270 ait:
505 2216 840 2272 Renovamini
867 2219 1051 2286 spiritu
1079 2218 1259 2270 mentis
1284 2223 1462 2270 restra!
1485 2214 1698 2287 (Ep/tes.
1731 2230 1802 2277 tv,
1826 2213 1939 2283 25).

360 2308 425 2360 Et
460 2309 653 2361 iterum
683 2326 694 2360 :
745 2306 801 2360 Si
833 2311 1044 2362 rivimus
1074 2309 1282 2378 spiritu.
1331 2308 1515 2378 spiritu
1542 2317 1589 2360 et
1619 2305 1940 2359 ambulemus

360 2398 501 2465 (Gal.
536 2415 586 2465 γ,
609 2399 720 2467 23).
755 2400 819 2453 Et
857 2401 985 2454 item
1013 2419 1022 2453 :
1066 2399 1170 2454 Vos
1199 2410 1371 2454 autent
1402 2400 1456 2452 in
1485 2416 1640 2451 carne
1673 2415 1776 2452 non
1797 2399 1936 2458 estis,

358 2490 446 2541 sed
484 2489 536 2542 in
563 2490 746 2559 spiritu
775 2489 942 2560 (Rom.
977 2507 1088 2553 vni,
1120 2493 1194 2559 9).

435 2601 592 2654 Inter.
647 2603 741 2656 Est
772 2604 867 2656 tibi
913 2603 1112 2670 aliquid
1161 2595 1387 2673 amplius
1414 2604 1479 2656 ad
1525 2602 1942 2670 requirendum?

297 2747 309 2756 ,
365 2692 516 2761 Resp.
567 2692 761 2745 Etiam.
817 2692 978 2744 Inter.
1036 2693 1224 2758 Quid?
1271 2691 1423 2761 Resp.
1477 2692 1682 2745 Dicitur
1727 2706 1940 2759 quoque

358 2783 682 2850 generaliter
708 2791 816 2834 tota
860 2783 1035 2835 anima
1081 2783 1318 2851 Spiritus,
1365 2784 1500 2836 sicut
1541 2782 1605 2836 de
1631 2781 1856 2835 Domino
1887 2782 1938 2833 in

363 2871 648 2940 I‘lvangclio
699 2873 954 2941 scriptum
1001 2881 1082 2926 est
1122 2892 1132 2926 :
1193 2873 1456 2925 Inclinato
1506 2873 1672 2942 rapite
1721 2872 1940 2925 tradidit

358 2961 594 3031 spiritum
639 2963 816 3033 (Iona.
863 2980 969 3026 xix,
1023 2965 1132 3032 ὅθ).
1184 2964 1246 3017 Iit
1291 2963 1427 3018 I’sal.
1476 2966 1540 3016 de
1582 2962 1934 3017 hominibus:

359 3055 534 3109 Iz'xirit
556 3057 768 3126 spiritus
806 3074 981 3109 eorum
1009 3057 1176 3118 (I’sal.
1216 3073 1332 3119 xiv,
1353 3057 1428 3125 αἱ).
1461 3057 1519 3108 Et
1543 3055 1898 3109 Ecclesiastes
1925 3075 1934 3107 :

360 3147 491 3211 Quis
527 3149 685 3214 novit,
725 3151 770 3201 si
799 3150 1015 3219 spiritus
1058 3151 1287 3218 ﬁliorum
1328 3151 1493 3201 Adam
1543 3149 1774 3201 ascendit
1823 3166 1940 3201 sur-

2046 1967 2278 2036 spiritus.
2326 1965 2416 2018 Vel
2469 1965 2608 2018 sicut
2657 1963 2761 2016 alia
2806 1962 2970 2016 habet
3014 1960 3337 2014 translatio:
3377 1959 3637 2014 Lustrum

2045 2059 2280 2111 universi.
2319 2073 2408 2126 per
2450 2055 2726 2108 circuitum
2773 2054 2938 2124 pergit
2981 2052 3192 2122 spiritus
3238 2050 3436 2121 (It‘ccle.
3490 2066 3528 2115 ι,
3559 2051 3634 2118 6).

2046 2153 2150 2208 Sed
2179 2154 2244 2206 de
2269 2153 2352 2206 his
2375 2148 2740 2220 superioribus
2776 2148 2949 2201 modis
2983 2154 3129 2216 patet
3167 2145 3382 2206 veritas,
3409 2159 3536 2213 quas
3559 2143 3642 2198 di-

2044 2253 2240 2297 cuntur
2279 2241 2538 2311 spiritus;
2580 2241 2645 2293 de
2685 2241 2787 2294 hoc
2825 2241 3059 2309 quoque,
3110 2237 3251 2306 quod
3293 2235 3373 2290 sol
3414 2236 3642 2306 spiritus

2045 2337 2255 2396 dicitur,
2297 2351 2400 2387 non
2439 2333 2700 2395 declarat,
2727 2347 2894 2400 quare
2925 2330 3156 2393 dicatur,
3186 2337 3323 2383 teste
3345 2327 3504 2382 beato
3525 2328 3637 2381 At)-

2045 2427 2276 2497 gus‘ino,
2316 2426 2406 2495 qui
2436 2427 2509 2479 ait
2539 2445 2549 2476 :
2589 2424 2776 2477 Dicant
2803 2425 2890 2492 qui
2919 2431 3154 2492 possunt,
3189 2430 3243 2475 et
3267 2419 3492 2490 reliqua.

2117 2518 2280 2570 Inter.
2322 2515 2416 2571 His
2445 2518 2514 2569 ita
2542 2515 2790 2585 expletis,
2822 2515 3064 2584 supplico
3101 2513 3416 2567 cbaritatem
3459 2519 3642 2576 tuam,

2045 2619 2101 2660 ut
2137 2609 2264 2661 mihi
2297 2608 2564 2660 veraciter
2614 2605 2849 2674 aperias,
2902 2605 2946 2659 si
2994 2604 3045 2657 in
3088 2602 3288 2658 sanctis
3335 2599 3648 2671 Scripturis

2042 2701 2224 2769 plures
2260 2699 2478 2767 spiritus
2509 2699 2610 2751 sim
2645 2713 2806 2751 ausus
2833 2694 3203 2766 investigare?
3238 2693 3389 2761 Resp.
3412 2693 3644 2763 Utique.

2046 2795 2208 2847 Inter.
2237 2796 2351 2860 Qua
2381 2793 2634 2847 ratione?
2669 2790 2821 2862 Resp.
2854 2790 3109 2845 Summus
3133 2803 3364 2858 namque
3387 2786 3647 2842 conditor

2044 2895 2097 2938 et
2123 2884 2418 2937 \I\lllCIllt)l‘
2462 2883 2694 2952 Spiritus
2729 2880 3069 2949 omnipotens
3094 2879 3235 2933 Deus
3277 2885 3501 2948 propter
3527 2877 3644 2945 spi-

2047 2975 2254 3028 ritalem
2279 2983 2332 3028 et
2356 2975 2723 3043 incorporeum
2747 2982 2993 3026 naturam
3017 2971 3234 3040 spiritus
3257 2969 3472 3033 dicitur,
3497 2970 3644 3023 sicut

2048 3065 2256 3118 Veritas
2294 3066 2344 3118 in
2388 3064 2675 3134 Iivangelio
2701 3065 2813 3116 ait:
2875 3062 3104 3132 Spiritus
3141 3071 3214 3115 est
3253 3061 3419 3125 Deus,
3449 3069 3494 3113 et
3524 3075 3642 3122 eos,

2042 3157 2131 3225 qui
2153 3156 2374 3208 adorant
2406 3171 2547 3218 eum,
2581 3155 2633 3207 in
2662 3155 2847 3224 spiritu
2873 3164 2919 3208 et
2945 3155 3160 3208 veritate
3188 3163 3386 3223 oportet
3413 3151 3646 3206 adorare

357 3257 472 3292 sum
505 3239 701 3310 (Eccle.
758 3257 838 3305 III,
868 3241 980 3310 2t).
1025 3241 1304 3304 Dicuntur,
1339 3243 1476 3295 sicut
1517 3241 1763 3310 superius
1800 3239 1930 3302 disi,
1961 3231 2008 3294 C
2039 3247 2218 3315 (Joan.
2249 3261 2316 3308 tv,
2353 3245 2466 3315 2i).
2510 3246 2769 3299 Dicuntur
2791 3245 2933 3299 enim
2965 3245 3104 3300 dona
3148 3245 3443 3316 gratiarum
3464 3242 3646 3312 spiri-

360 3333 552 3385 animm
573 3335 810 3388 omnium
843 3334 1150 3388 animalium
1195 3334 1435 3402 spiritus,
1480 3334 1546 3387 de
1571 3333 1766 3402 quibus
1797 3333 1934 3385 idem

360 3423 714 3477 Ecclesiastes
745 3425 856 3476 ait:
909 3425 1037 3488 Quis
1066 3425 1220 3487 norit,
1255 3425 1297 3475 si
1324 3425 1535 3493 spiritus
1580 3425 1934 3490 jumentorum

357 3513 637 3565 descendat
668 3514 929 3566 deorsum.
964 3514 1029 3567 Iit
1062 3516 1111 3566 in
1144 3518 1246 3567 line
1281 3515 1631 3582 psalmoriun,
1663 3514 1803 3568 unde
1825 3514 1935 3583 jam

359 3605 559 3655 dictum
582 3611 658 3654 est
689 3621 700 3654 :
737 3603 918 3655 Omnis
957 3605 1172 3674 spiritus
1214 3603 1389 3656 laudet
1437 3603 1712 3656 Dominum
1763 3601 1932 3672 (Psal.

355 3711 444 3757 cr,
477 3695 549 3763 ϐ).
585 3695 638 3746 In
672 3693 932 3748 llebraieo
956 3696 1152 3748 etenim
1182 3694 1374 3763 legitur
1405 3712 1416 3747 :
1471 3692 1635 3748 Omne
1659 3696 1798 3765 quod
1835 3699 1938 3766 spi-

360 3795 462 3851 rat,
487 3787 663 3841 laudet
695 3787 993 3842 Dominum.
1029 3791 1092 3843 Et
1117 3792 1169 3844 in
1190 3790 1381 3845 Genesi
1408 3811 1418 3844 τ
1450 3791 1632 3844 Omnis
1659 3810 1802 3855 caro,
1823 3810 1938 3864 quae

358 3878 542 3932 habeat
577 3881 816 3949 spiritum
847 3882 964 3933 rita'
996 3880 1145 3951 (lien.
1183 3897 1272 3945 vn,
1305 3882 1412 3954 15).
1457 3882 1660 3937 Dicitur
1687 3885 1828 3938 enim
1853 3902 1940 3938 vo-

359 3969 490 4022 calis
521 3968 676 4024 llatus
707 3971 755 4024 ll
783 3972 997 4025 homine
1028 3973 1265 4040 spiritus,
1311 3974 1450 4027 sicut
1494 3974 1567 4027 ait
1615 3975 1898 4043 Apostolus
1925 3994 1933 4026 :

362 4061 501 4112 Nam
530 4061 576 4113 si
606 4078 743 4114 orem
775 4061 974 4132 lingua,
1004 4065 1216 4133 spiritus
1240 4065 1444 4134 quidem
1470 4083 1611 4118 meus
1639 4077 1772 4128 orat,
1799 4083 1938 4118 mens

359 4160 530 4203 autem
561 4168 673 4204 mea
699 4154 810 4204 sine
837 4153 1008 4221 {ructu
1045 4166 1114 4207 est
1145 4155 1192 4225 (Ι
1221 4155 1341 4208 (ἴον.
1377 4171 1485 4219 xlv,
1530 4157 1631 4208 Η).

431 4261 594 4314 Inter.
628 4261 810 4315 Adhuc
839 4263 903 4315 tle.
933 4264 1142 4318 ratione
1173 4266 1454 4334 spirituum
1481 4286 1507 4318 ιι
1541 4277 1591 4318 te
1624 4269 1809 4320 atulire
1851 4285 1940 4319 κυ-

358 4350 595 4404 luissem.
629 4350 777 4420 Resp.
807 4351 870 4404 Et
910 4369 1008 4419 ego
1035 4354 1146 4417 tibi,
1178 4364 1328 4422 prout
1362 4358 1490 4420 scio,
1540 4357 1711 4410 adhuc
1741 4358 1936 4410 diram.

361 4442 566 4496 Dicitur
593 4459 804 4512 quoque
850 4443 1003 4498 ﬂatus
1044 4454 1323 4499 ventorum
1373 4450 1615 4516 spiritus,
1646 4451 1784 4502 sicut
1810 4452 1941 4503 scri-

2043 3347 2148 3400 lus,
2194 3339 2329 3390 sicut
2366 3336 2691 3407 evangelista
2740 3346 2975 3392 testatur
3007 3353 3130 3391 cum
3182 3336 3363 3391 verbis
3399 3335 3646 3402 Domini,

2041 3428 2128 3496 qui
2168 3429 2277 3480 ait:
2329 3425 2577 3479 Flumina
2619 3427 2682 3480 de
2709 3437 2882 3480 centre
2925 3428 3039 3496 ejus
3069 3429 3234 3495 ﬂuent
3273 3441 3426 3497 aqua:
3467 3426 3588 3479 vita:
3619 3443 3647 3490 ;

2041 3519 2309 3588 subjungit
2334 3538 2344 3571 :
2388 3518 2502 3572 IIoc
2529 3529 2704 3574 autem
2731 3521 2935 3574 dicebat
2970 3521 3033 3574 de
3060 3520 3268 3591 spiritu,
3295 3536 3449 3591 quem
3488 3536 3651 3573 acce-

2040 3611 2178 3680 pturi
2216 3620 2362 3662 erant
2407 3610 2671 3663 credentes
2725 3611 2778 3663 in
2829 3628 2945 3664 eum
2990 3609 3172 3664 (Joan.
3217 3627 3312 3676 vlt,
3522 3609 3651 3666 Iloc

2041 3704 2198 3756 modo
2227 3702 2459 3771 Spiritus
2487 3712 2707 3758 sanctus
2742 3703 3001 3757 mentium
3045 3703 3318 3757 habitator
3347 3718 3468 3757 esse
3500 3703 3650 3757 dici-

2042 3808 2146 3861 tur,
2175 3798 2308 3850 sicut
2338 3798 2621 3866 Apostolus
2652 3799 2754 3850 ait:
2785 3797 3014 3867 Corpora
3041 3808 3209 3851 vestra
3234 3798 3482 3868 templum
3509 3808 3650 3852 sunt

2043 3890 2271 3959 Spiritus
2299 3891 2486 3942 sancti.
2517 3889 2582 3942 lit
2619 3899 2736 3958 post
2766 3905 2938 3956 pauca
2970 3908 2980 3942 :
3026 3889 3331 3957 Cloriﬁcate
3358 3899 3405 3942 et
3433 3897 3652 3958 portate

2042 3980 2207 4032 Deum
2237 3980 2286 4033 in
2327 3997 2541 4049 corpore
2569 3990 2735 4032 restro
2765 3979 2820 4048 (I
2847 3979 2971 4033 Cor.
3003 3995 3076 4044 γι,
3112 3980 3196 4043 I9,
3225 3977 3338 4048 20).
3369 3980 3436 4033 Et
3465 3977 3589 4034 alibi
3631 4001 3645 4036 :

2042 4071 2286 4124 (.‘haritas
2324 4071 2419 4124 Dei
2468 4071 2664 4138 (ii/[usa
2694 4080 2767 4122 est
2800 4070 2850 4123 in
2898 4070 3140 4124 cordibus
3169 4070 3360 4123 nostris
3395 4085 3492 4137 per
3516 4068 3650 4138 Spi-

2043 4165 2196 4217 ritum
2225 4173 2479 4226 sanrtum,
2521 4165 2609 4232 qui
2634 4163 2787 4215 datus
2814 4172 2889 4215 est
2923 4163 3066 4215 nobis
3097 4160 3269 4226 (Rom.
3306 4179 3356 4226 ν,
3394 4161 3473 4232 εἰ).
3513 4159 3647 4216 Ilaec

2040 4258 2106 4310 de
2129 4257 2406 4326 spiritibus
2431 4257 2644 4310 habeto.

2647 4368 2870 4423 CAPUT
2902 4368 2986 4422 IV.

2457 4475 2476 4501 ³
2510 4479 2572 4516 DE
2607 4476 2776 4515 DECEM
2802 4474 2887 4514 DEI
2915 4476 3215 4514 NOMINIIII'S.

358 4545 506 4603 ptum
529 4546 608 4590 est
636 4556 645 4590 :
701 4537 922 4606 Spiritus
951 4537 1295 4610 procellarum
1327 4539 1494 4604 (Ps/tl.
1532 4558 1584 4605 χ,
1613 4540 1644 4593 7
1669 4559 1682 4606 ;
1712 4553 1756 4594 et
1791 4540 1935 4598 Psal.

2117 4557 2278 4608 Inter.
2304 4554 2514 4606 Prolata
2546 4553 2755 4605 ratione
2787 4551 3092 4621 spirituum,
3117 4565 3260 4603 nunc
3287 4550 3409 4604 volo
3441 4557 3500 4602 ut
3546 4550 3631 4602 di-

357 4641 576 4690 cxt.vnt,
605 4629 678 4695 8).
709 4628 773 4681 Et
803 4629 925 4682 alibi
954 4649 962 4682 :
995 4628 1153 4701 423
1183 4628 1378 4700 Spiritu
1405 4633 1682 4686 vehementi
1707 4645 1937 4690 conteres

361 4732 513 4767 nares
564 4715 776 4770 Thursis
817 4717 985 4787 (Psal.
1019 4735 1180 4783 xu'u,
1220 4721 1293 4792 8).
1337 4722 1566 4776 Adduxit
1601 4742 1802 4795 quoque
1832 4725 1937 4779 Do-

359 4808 530 4860 minus
561 4807 795 4875 spiritum
825 4827 976 4879 super
997 4821 1211 4875 lerram,
1252 4821 1299 4865 et
1326 4812 1594 4868 diminutw
1622 4826 1740 4868 sunt
1786 4834 1936 4886 aquw

361 4894 511 4956 (Gen.
538 4913 654 4962 vut,
682 4899 755 4969 I).
794 4899 1054 4981 Dicuntur
1083 4909 1136 4954 et
1161 4903 1484 4958 adversarize
1511 4914 1802 4973 potestates
1829 4908 1938 4978 spi-

363 4988 513 5050 ritus,
543 4989 679 5042 sicut
719 4991 971 5058 scripium
1005 5002 1086 5045 est
1112 5011 1123 5046 :
1168 4991 1397 5062 Spiritus
1429 4995 1639 5050 Domini
1667 4997 1836 5051 malus
1865 4999 1937 5051 ir-

291 5145 310 5150 .)
360 5081 543 5134 ruebat
578 5083 633 5136 in
665 5081 796 5136 Saul
843 5082 892 5153 (I
923 5082 1045 5152 Reg.
1088 5100 1239 5148 χιι-ιιι,
1277 5084 1383 5154 I0).
1417 5085 1482 5139 Et
1521 5086 1754 5141 iterum:
1806 5086 1937 5142 Cum

359 5175 657 5230 immundus
683 5177 896 5247 spiritus
926 5177 1104 5230 exierit
1139 5179 1202 5231 ab
1228 5179 1434 5231 homine
1462 5177 1674 5249 (.‘lIattlt.
1702 5197 1801 5243 xu,
1824 5181 1934 5253 45).

363 5267 566 5320 Dicitur
595 5268 758 5323 etiam
803 5276 976 5323 motus
1004 5267 1169 5322 animi
1217 5269 1296 5320 vel
1330 5269 1395 5322 ad
1428 5269 1828 5335 excitationem,
1857 5272 1940 5324 vel

363 5359 428 5409 ad
463 5357 873 5412 submissionem
910 5359 1148 5428 spiritus.

434 5473 595 5526 Inter.
633 5472 909 5540 Quomodo
934 5475 998 5527 ad
1033 5475 1413 5527 exritationem
1439 5477 1460 5525 ’ἔ
1490 5474 1636 5544 Resp.
1685 5476 1762 5527 Ad
1802 5476 1946 5527 exci-

366 5565 622 5619 l:1ll0[tt‘.ttt
662 5581 912 5636 namque,
964 5566 1102 5619 sicut
1152 5566 1383 5621 diximus
1426 5564 1631 5637 (Forte,
1670 5565 1938 5634 dicimus],

436 5779 459 5802 ει
485 5764 812 5818 Τι’ῘΙΙιυιυίιΙδ
839 5766 926 5816 lib.
950 5781 982 5816 ll
1001 5765 1063 5817 de
1087 5766 1226 5818 Viris
1255 5763 1623 5818 illustribusO.
1645 5765 1701 5816 5.
1721 5764 1801 5820 IL.
1822 5780 1937 5831 cap.

371 5840 720 5893 ‘lt3,t'ccmzsct
776 5834 911 5884 inter
974 5835 1166 5902 scriptu
1223 5835 1426 5887 Alcuini
1470 5834 1585 5887 :Ilr
1629 5833 1940 5904 proprietate

2043 4666 2133 4702 cas
2175 4647 2326 4708 mihi,
2354 4645 2548 4714 quibus
2581 4643 2887 4697 nominibus
2919 4643 2972 4695 in
3020 4641 3320 4710 Seripturis
3346 4642 3632 4695 sacris.....

2045 4740 2273 4815 [Suppl.,
2307 4740 2448 4793 Deus
2475 4737 2816 4808 appellatur].
2836 4735 2984 4806 Resp.
3019 4737 3214 4790 Decem
3238 4735 3462 4790 nomina
3489 4734 3634 4789 Deus

2043 4832 2245 4886 habere
2271 4831 2483 4901 legitur.
2527 4828 2692 4881 Inter.
2719 4827 2847 4894 Qua:
2879 4836 3005 4882 sunt
3033 4827 3180 4880 btec?
3206 4824 3358 4896 Resp.
3386 4825 3631 4880 Primum

2044 4924 2183 4994 apud
2216 4920 2456 4976 lchrcos
2469 4936 2665 4974 nomen
2692 4917 2784 4973 Dei
2811 4917 2876 4971 Et
2898 4917 3446 4983 dicitur;secundum
3473 4913 3600 4970 Eloi
3615 4935 3634 4983 ,-

2043 5017 2260 5071 tertium
2289 5014 2446 5077 Eloe;
2470 5020 2720 5082 quartum
2747 5011 3013 5072 Sabaoth;
3039 5009 3286 5079 quintum
3307 5007 3498 5072 Elian;
3516 5023 3630 5062 sex-

2045 5105 2158 5160 tum
2187 5103 2332 5169 Ifiei;
2381 5102 2665 5172 septimum
2713 5100 2947 5165 Adonei,
2977 5109 3228 5154 octavum
3281 5099 3388 5161 la;
3429 5113 3627 5153 nonum

2045 5204 2521 5264 tetragrammaton,
2550 5190 2691 5261 quod
2722 5200 2802 5244 est
2827 5190 2960 5243 Jode
2989 5190 3157 5253 Jode;
3196 5190 3470 5244 decirmm
3502 5203 3626 5244 rem

2048 5287 2232 5340 Sadai.

2123 5376 2285 5430 Inter.
2318 5375 2470 5429 Nunc
2499 5390 2625 5442 rogo
2654 5384 2710 5426 ut
2742 5374 2930 5426 horum
2958 5373 3196 5426 omnium
3242 5374 3506 5426 rationem
3549 5382 3623 5425 at-

2047 5489 2150 5540 quc
2177 5470 2691 5539 interpretationem,
2709 5467 2774 5521 de
2797 5467 2990 5536 quibus
3013 5466 3217 5531 dixisti,
3240 5480 3414 5535 quare
3436 5479 3623 5520 vocen-

2050 5575 2152 5629 tur,
2181 5565 2308 5618 mihi
2337 5578 2592 5622 exponas.
2621 5559 2774 5629 Resp.
2803 5561 3104 5616 Secundum
3121 5561 3262 5630 quod
3291 5561 3410 5630 legi,
3434 5558 3612 5615 faciam

2047 5762 2330 5821 nominum,
2369 5779 2481 5830 quu'
2517 5760 2621 5815 Deo
2657 5761 3010 5814 attributmtnr
3039 5761 3088 5811 in
3124 5759 3408 5826 Srripturis
3439 5757 3619 5811 librum

2048 5848 2076 5883 ii
2087 5848 2113 5884 li
2124 5849 2148 5882 ll
2159 5847 2202 5882 111
2213 5871 2223 5882 .
