3914 6178
396 365 524 420 ΜΗ

1191 369 1251 426 Β.
1291 369 1351 424 F.
1393 369 1618 425 ALBINI
1661 369 1792 427 SEU
1830 370 2107 428 ALCUlNl
2145 374 2431 433 OPERUM
2471 376 2651 434 PARS
2692 375 2823 434 Vill.

3515 380 3655 437 πη

391 488 482 535 tur
525 480 639 536 sive
693 496 797 534 non
838 482 1137 538 amittendo
1181 483 1324 551 quod
1353 482 1535 549 habet,
1561 497 1655 537 seu
1699 482 1826 553 quia
1871 498 1976 538 non
2004 487 2052 548 Α
2082 488 2235 543 nobis
2265 489 2457 546 faciem
2507 501 2693 558 tuam;
2727 506 2791 547 ac
2819 492 2864 547 si
2889 492 3102 547 dicatur
3131 513 3143 546 :
3176 493 3254 547 Da
3282 494 3436 549 nobis
3473 499 3654 567 uigui-

389 574 534 630 aliud
563 582 647 629 cst
675 575 806 644 ipse,
836 585 891 629 ct
916 575 1057 629 aliud
1084 576 1226 645 quod
1257 576 1310 628 in
1335 575 1449 643 ipso
1478 584 1592 639 est;
1629 574 1767 629 sicut
1788 575 1842 630 in
1872 576 1970 630 ho-

393 666 562 732 mine,
588 666 743 737 cujus
768 667 911 721 aliud
926 676 1007 722 est
1020 682 1159 730 esse,
1179 675 1231 721 et
1247 667 1388 720 aliud
1406 682 1616 737 sapere,
1640 682 1764 721 nam
1782 676 1836 719 et
1853 682 1973 722 esse

390 765 588 828 potest,
612 764 668 811 et
688 758 903 827 sapiens
933 773 1037 810 non
1061 772 1212 820 esse;
1241 757 1381 810 Deus
1405 766 1585 811 autem
1607 756 1771 810 habet
1785 769 1972 810 essen-

388 848 541 914 tiam,
569 849 733 903 habet
753 857 808 903 et
825 848 1161 917 sapientiam,
1187 848 1279 901 sed
1306 861 1425 915 qua:
1449 846 1633 910 habet,
1656 845 1759 900 hoc
1782 853 1836 900 et
1862 856 1966 908 est,

386 950 444 996 et
463 941 646 996 omnia
674 957 810 996 unus
833 950 934 1003 est,
962 955 1024 995 ac
1052 940 1276 1010 proinde
1316 940 1542 1008 simplex
1565 946 1666 1003 est,
1698 938 1822 1007 quia
1862 953 1966 991 non

387 1031 441 1086 in
464 1045 530 1088 eo
558 1032 759 1103 aliquid
781 1032 1072 1087 accidentis
1099 1040 1202 1095 est,
1230 1030 1322 1085 sed
1352 1038 1406 1084 et
1435 1031 1578 1099 quod
1609 1036 1712 1092 est,
1744 1037 1798 1082 et
1820 1027 1965 1097 quod

386 1124 441 1178 in
465 1124 581 1194 ipso
599 1132 702 1189 est,
729 1122 1089 1178 essentialiter
1114 1130 1217 1186 est,
1247 1127 1475 1189 excepto
1499 1117 1641 1188 quod
1659 1118 1883 1172 relative
1896 1119 1965 1171 ad

382 1228 760 1283 quamcunque
797 1227 1082 1283 personam
1118 1219 1219 1266 est.
1264 1209 1546 1264 Summum
1588 1208 1807 1273 bonum,
1840 1208 1964 1277 quia

382 1303 839 1359 incommutabilis
863 1312 974 1369 est;
1015 1311 1263 1359 creatura
1300 1316 1429 1356 vero
1464 1301 1686 1365 bonum,
1723 1300 1817 1355 sed
1857 1316 1963 1355 non

379 1411 649 1451 summum
675 1405 778 1461 est,
799 1397 923 1465 quia
957 1394 1232 1451 mutabilis
1256 1402 1367 1457 est;
1391 1402 1446 1447 et
1468 1394 1592 1447 dum
1638 1392 1709 1447 sit
1747 1391 1962 1461 quidem

297 1546 307 1561 ,
376 1486 597 1554 bonum,
628 1503 735 1542 non
764 1496 941 1542 tamen
971 1501 1091 1542 esse
1122 1494 1297 1556 potest
1316 1493 1370 1538 et
1389 1498 1679 1538 summum.

287 1560 301 1568 ’ν
448 1578 613 1633 Inter.
646 1579 823 1646 Quare
843 1578 1042 1631 dicitur
1063 1578 1414 1646 incorporeus
1428 1575 1453 1627 ἓ
1474 1573 1624 1642 Resp.
1644 1572 1767 1627 Ideo
1781 1573 1960 1627 incor-

374 1684 593 1741 poreus,
633 1672 718 1724 vel
771 1668 1125 1738 incorporalis
1174 1668 1315 1722 Deus
1363 1665 1582 1730 dicitur,
1623 1674 1683 1719 ut
1740 1664 1961 1735 spiritus

374 1759 648 1825 credatur,
683 1759 763 1813 vel
804 1759 1243 1830 intelligatur,-ct
1266 1771 1370 1811 non
1403 1770 1619 1825 corpus.
1659 1754 1790 1809 Nam
1831 1754 1958 1809 dum

372 1850 574 1904 dicitur
593 1850 830 1920 spiritus,
861 1850 977 1919 ejus
1003 1848 1336 1917 signiﬁcatur
1362 1844 1681 1900 substantia.

444 1936 610 1992 Inter.
640 1939 816 2005 Quale
848 1938 1141 1991 immensus
1170 1934 1500 2005 appellatur?
1528 1933 1681 2004 Resp.
1708 1932 1844 1998 Quia
1864 1932 1956 1987 ille

372 2036 564 2082 cuncta
587 2027 880 2092 concludit,
905 2036 961 2081 et
984 2043 1013 2080 a
1045 2026 1259 2080 nemine
1272 2023 1637 2089 concluditur,
1655 2023 1750 2078 sed
1769 2023 1952 2079 omnia

372 2119 511 2172 intra
534 2118 651 2189 ejus
679 2118 972 2188 potentiam
998 2126 1361 2175 coarctantur.

442 2206 607 2261 Inter.
639 2205 818 2274 Quare
850 2206 1051 2261 dicitur
1083 2205 1388 2276 perfectus?
1433 2205 1590 2277 Resp.
1636 2205 1771 2273 Quia
1821 2204 1952 2260 nihil

366 2299 537 2369 possit
561 2300 612 2354 ei
641 2297 819 2366 adjici.
851 2299 1102 2354 Attamen
1135 2299 1203 2354 de
1229 2300 1694 2354 consummatione
1719 2299 1952 2369 alicujus

368 2387 498 2443 facti
523 2387 784 2457 perfectio
816 2388 1030 2443 dicitur.
1076 2387 1237 2442 Inter.
1287 2388 1429 2444 Dens
1474 2398 1671 2452 autem,
1724 2390 1814 2459 qui
1845 2405 1951 2443 non

365 2490 453 2535 est
508 2479 700 2544 factus,
744 2481 1013 2551 quomodo
1063 2489 1241 2550 potest
1280 2495 1401 2536 esse
1447 2481 1752 2551 perfectus?
1794 2480 1946 2551 Resp.

369 2572 481 2627 lloc
510 2573 826 2628 vocabulum
856 2589 921 2627 ex
953 2588 1051 2627 usu
1095 2581 1279 2628 nostro
1320 2572 1551 2643 sumpsit
1575 2572 1809 2626 humana
1835 2573 1951 2626 ino-

366 2664 474 2732 pia,
503 2662 641 2717 sicut
666 2671 720 2716 et
751 2662 951 2731 reliqua
981 2660 1198 2732 herba,
1239 2668 1504 2729 quatenus
1542 2660 1613 2725 id,
1646 2660 1788 2729 quod
1817 2659 1951 2714 incf-

365 2752 526 2807 l‘abile
553 2763 666 2818 est,
698 2762 969 2824 utcunque
995 2753 1099 2807 diei
1126 2752 1296 2823 possit
1318 2751 1427 2823 (Er
1453 2751 1619 2823 Isid.)
1638 2750 1675 2823 J.

436 2843 602 2899 Inter.
634 2843 814 2910 Quare
834 2845 974 2898 idem
1018 2854 1245 2899 vocatur
1278 2844 1531 2899 creator?
1571 2842 1728 2914 Resji.
1764 2842 1948 2898 Dictus

361 2947 447 2993 est
470 2938 614 2993 enim
644 2946 858 2993 creator
878 2953 976 3009 pro
995 2938 1161 2993 totius
1179 2936 1362 2992 mundi
1388 2935 1548 2991 rebus
1570 2936 1641 2991 ab
1659 2937 1777 3006 ipso
1796 2951 1949 2991 crea-

364 3032 465 3095 tis;
509 3027 641 3083 nihil
676 3028 820 3083 enim
849 3038 955 3091 est,
980 3029 1122 3099 quod
1156 3044 1262 3083 non
1295 3027 1555 3099 originem
1577 3041 1607 3080 a
1631 3025 1742 3081 Deo
1764 3034 1943 3081 traxe-

360 3122 452 3175 rit.
482 3118 600 3191 Ipse
623 3128 680 3175 et
700 3135 857 3183 unus,
881 3121 1006 3190 quia
1038 3120 1202 3175 dividi
1232 3134 1335 3175 non
1359 3126 1555 3189 potest,
1588 3116 1672 3173 vel
1703 3118 1827 3187 quia
1863 3117 1945 3171 ni-

361 3211 436 3267 hil
451 3189 593 3267 aliud
604 3226 724 3268 esse
737 3189 935 3283 potest,
951 3212 1093 3282 quod
1108 3211 1439 3267 tantumdem
1451 3210 1629 3281 capiat
1640 3211 1940 3280 potestatis.
1972 3189 2018 3250 (ἶ

431 3302 558 3357 llzec
582 3304 765 3375 igitur,
796 3319 916 3373 qua:
952 3304 1019 3358 de
1058 3304 1170 3359 Deo
1207 3305 1485 3372 hucusque
1514 3302 1656 3357 dicta
1687 3308 1831 3366 sunt,
1878 3300 1943 3354 ad

360 3402 525 3446 totam
550 3396 819 3464 pertinent
840 3394 1160 3449 Trinitatem
1194 3403 1413 3465 propter
1445 3409 1605 3447 unam
1637 3401 1693 3448 et
1725 3400 1948 3448 coaeter-

360 3500 484 3540 nam
501 3486 879 3547 substantiam,
904 3486 1015 3539 sive
1036 3486 1089 3539 in
1112 3486 1291 3548 Patre,
1309 3485 1421 3539 sive
1444 3485 1496 3538 in
1514 3484 1650 3539 Filio
1687 3482 1803 3552 ejus
1831 3485 1943 3537 uni-

357 3580 540 3650 genito
559 3579 612 3632 in
635 3578 806 3632 forma
829 3578 946 3644 Dei,
964 3579 1077 3633 sive
1094 3578 1147 3631 in
1174 3577 1377 3647 Spiritu
1401 3585 1610 3639 sancto,
1647 3578 1775 3647 quia
1807 3592 1946 3630 unus

359 3670 595 3740 Spiritus
612 3677 698 3724 est
721 3669 811 3725 Dei
838 3670 1013 3725 Patris
1036 3678 1092 3724 et
1113 3668 1230 3722 Filii
1252 3666 1370 3737 ejus
1388 3668 1671 3738 unigeniti.

431 3760 595 3814 Inter.
622 3759 772 3816 Nunc
791 3760 1077 3815 voluissem
1100 3759 1261 3824 scire,
1297 3759 1343 3814 si
1369 3757 1601 3828 amplius
1620 3758 1686 3812 de
1718 3760 1946 3813 nomini-

357 3852 459 3905 bus
501 3850 596 3904 Dei
638 3865 802 3906 ausus
842 3864 1016 3905 essem
1062 3849 1419 3919 investigare?
1444 3847 1595 3918 Resp.
1635 3847 1707 3903 Es
1740 3847 1941 3918 utique.

354 3940 524 3997 Inter.
547 3940 663 4008 Qua
676 3941 918 3997 ratione?
941 3939 1095 4011 Resp.
1120 3940 1259 3996 Sunt
1276 3939 1439 3995 etiam
1454 3940 1699 4011 quasdam
1712 3939 1947 3995 voeabu-

357 4032 407 4086 la
430 4047 495 4086 ex
518 4047 615 4088 usu
638 4042 821 4087 nostro
843 4033 909 4087 ad
931 4032 1100 4086 Deum
1115 4041 1327 4102 sumpta
1348 4031 1415 4088 de
1437 4031 1696 4088 membris
1718 4033 1940 4097 matris,

2076 580 2274 633 tionem
2305 589 2473 635 tuam.
2507 580 2600 635 Sic
2621 589 2676 636 et
2697 583 2915 652 vestigia
2941 581 3039 637 Dei
3065 582 3335 647 dicuntur,
3365 585 3491 654 quia
3513 603 3653 644 nunc

2074 666 2215 722 Deus
2241 684 2339 739 per
2374 670 2651 739 Speculum
2679 672 3025 742 cognoscitur
3049 687 3065 737 ;
3106 671 3174 725 ad
3203 672 3505 742 perfectum
3526 689 3654 731 vero

2069 758 2408 828 omnipotens
2459 760 2779 829 reperietur,
2815 760 2943 815 dum
2990 761 3044 814 in
3076 760 3256 816 futuro
3299 761 3439 818 faeie
3474 765 3543 817 ad
3571 765 3652 819 Ia-

2069 849 2209 904 ciem
2238 850 2540 920 quibusque
2574 850 2758 906 electis
2784 853 3220 921 prmsentabitur,
3252 861 3312 908 ut
3341 854 3515 923 ipsam
3538 870 3663 925 spe-

2067 939 2206 994 ciem
2232 941 2685 1011 contemplentur,
2740 940 2897 1011 cujus
2946 957 3089 998 nunc
3136 945 3364 1016 vestigia
3394 961 3652 1018 eomprc~

2067 1030 2304 1087 bendere
2334 1042 2621 1099 conantur,
2648 1033 2750 1089 hoc
2775 1042 2878 1101 est,
2917 1050 3081 1105 quem
3122 1037 3307 1092 videre
3331 1053 3431 1108 per
3459 1054 3653 1108 specu-

2064 1118 2177 1173 lum
2204 1120 2478 1175 dicuntur.
2535 1122 2670 1177 Nam
2700 1132 2754 1177 et
2783 1124 2920 1179 situs
2962 1132 3016 1179 et
3046 1125 3287 1191 habitus,
3319 1136 3375 1182 et
3420 1128 3578 1182 locus
3602 1139 3653 1185 et

2067 1217 2278 1279 tempus
2307 1225 2414 1265 non
2460 1210 2516 1265 in
2548 1211 2659 1268 Deo
2688 1215 2931 1284 proprie,
2974 1216 3069 1270 sed
3092 1231 3192 1286 per
3243 1218 3650 1275 similitudinem

2066 1300 2324 1355 translata
2374 1302 2667 1371 dicuntur;
2707 1306 2905 1376 quippe
2947 1307 3128 1361 sedere
3179 1324 3340 1379 super
3381 1308 3650 1368 Cherubin

2062 1387 2284 1455 dicitur,
2312 1391 2455 1459 quod
2485 1400 2573 1446 est
2604 1395 2672 1448 ad
2718 1394 2883 1449 situm
2909 1411 2924 1459 ;
2956 1404 3012 1449 ct
3040 1412 3052 1449 :
3093 1396 3353 1467 Abyasunt
3394 1408 3649 1471 tanquam

2060 1478 2418 1533 vestimentum
2447 1481 2670 1535 amictus
2694 1482 2866 1554 (Paul.
2891 1500 3007 1549 cru,
3033 1485 3111 1553 6),
3137 1486 3281 1555 quod
3303 1496 3387 1542 est
3407 1488 3476 1542 ad
3500 1488 3650 1543 habi-

2062 1578 2173 1624 tum
2198 1587 2213 1637 ;
2254 1579 2310 1625 et
2333 1586 2348 1626 :
2375 1571 2515 1626 Anni
2539 1573 2617 1627 tui
2645 1590 2752 1628 non
2780 1575 3022 1643 deﬁcient
3047 1575 3220 1647 (Psal.
3258 1593 3333 1643 Cl,
3364 1577 3481 1649 28),
3503 1581 3646 1649 quod

2060 1660 2128 1715 ad
2159 1670 2370 1730 tempus
2413 1664 2686 1733 pertinet;
2726 1674 2821 1721 et:
2860 1664 2918 1719 Si
2948 1669 3230 1721 ascendere
3279 1668 3334 1721 in
3360 1669 3644 1733 calum,tu

2058 1750 2165 1805 illic
2202 1768 2256 1806 es
2284 1749 2453 1824 (Paul.
2483 1770 2747 1821 cxxxvm,
2774 1754 2851 1827 8),
2898 1758 3043 1827 quod
3089 1758 3157 1813 ad
3188 1759 3368 1814 locum
3419 1769 3639 1826 manet;

1986 1832 2033 1892 Β
2056 1851 2112 1896 et
2137 1842 2192 1896 in
2237 1840 2530 1912 Propheta,
2559 1843 2786 1913 plaustri
2812 1847 3082 1915 portantis
3112 1846 3295 1903 fenum
3341 1850 3561 1920 species
3582 1854 3642 1907 ad

2055 1933 2222 1987 Deum
2258 1933 2458 1988 dicitur
2485 1953 2499 1989 :
2528 1944 2584 1989 et
2624 1937 2739 1991 lucc
2788 1938 2969 1992 omnia
3018 1952 3116 2008 per
3135 1938 3366 2011 ﬁguram
3419 1942 3640 2009 dicitur,

2053 2028 2181 2095 quia
2225 2026 2359 2081 nihil
2408 2037 2493 2082 est
2536 2029 2731 2083 horum
2774 2030 2840 2085 ad
2884 2032 3269 2102 proprietatem
3323 2035 3645 2091 substantia:

2053 2114 2188 2184 ejus.
2229 2115 2356 2171 Haec
2406 2118 2498 2173 tibi
2546 2119 2614 2174 de
2651 2119 2744 2175 Dei
2796 2122 3104 2179 nominibus
3156 2125 3436 2196 hucusque
3495 2128 3647 2182 suni-

2054 2208 2217 2262 ciant.

2685 2325 2912 2384 CAPUT
2948 2326 3012 2381 ν.

2052 2461 2117 2500 DE
2138 2460 2233 2499 SEX
2255 2462 2533 2503 .ETATIBUS
2555 2464 2743 2514 ICNDI,
2768 2463 2988 2506 IAJORIS
3007 2466 3290 2507 VIDELICET
3308 2470 3376 2509 ΕΤ
3402 2471 3643 2512 IINOBIS.

2126 2564 2289 2619 Inter.
2329 2564 2454 2621 llasc
2498 2567 2627 2622 mihi
2662 2568 2959 2635 sufficiunt,
3009 2570 3104 2626 sed
3127 2572 3379 2642 quoniam
3408 2589 3438 2627 a
3465 2589 3641 2629 sena-

2051 2657 2132 2709 rio
2156 2673 2380 2711 numero
2408 2658 2524 2713 hzec
2549 2659 2843 2729 disputatio
2880 2670 3064 2717 nostra
3091 2663 3258 2735 cmpit
3285 2663 3522 2727 initium,
3558 2665 3644 2720 in-

2050 2747 2328 2816 quiramus
2351 2763 2419 2805 ex
2451 2760 2605 2819 parte
2656 2752 2920 2808 rationem
2952 2770 3045 2809 sex
3077 2765 3299 2811 aetatum
3328 2756 3515 2811 mundi
3543 2774 3559 2822 ;
3590 2768 3642 2812 et

2048 2853 2169 2905 quae
2193 2853 2380 2894 earum
2418 2841 2559 2896 ratio
2605 2842 2696 2907 sit,
2734 2852 2790 2897 et
2812 2852 2944 2914 quot
2969 2847 3368 2916 generationes,
3398 2847 3484 2902 vel
3509 2860 3643 2918 quot

2049 2930 2174 2983 anui
2206 2930 2258 2984 in
2286 2946 2606 3002 unaquaque
2632 2948 2818 2988 earum
2867 2937 3269 3003 contineantur,
3297 2949 3360 2992 ut
3400 2939 3643 2994 breviter

2050 3020 2180 3073 mihi
2207 3036 2447 3091 exponas
2487 3022 2733 3078 obsecro.
2776 3023 2927 3097 Resp.
2970 3025 3046 3081 De
3076 3029 3519 3098 generationibus
3550 3044 3639 3085 ea-

2049 3130 2187 3179 rum,
2238 3125 2399 3185 prout
2452 3116 2689 3172 dextante
2724 3118 2953 3174 Domino
3002 3122 3227 3191 possim,
3288 3123 3541 3189 solvam;
3576 3125 3641 3179 de

2048 3207 2205 3260 annis
2230 3222 2376 3273 vero,
2407 3208 2546 3262 sicut
2572 3209 2739 3274 nosti,
2782 3210 2981 3266 diversi
3012 3211 3227 3267 diversa
3255 3214 3519 3277 sentiunt,
3558 3226 3639 3268 at-

2050 3307 2228 3352 tamen
2275 3296 2432 3365 juxta
2478 3299 2621 3369 quod
2654 3315 2723 3354 ex
2753 3302 2884 3371 ipsis
2923 3302 3164 3358 invenire
3193 3304 3358 3369 valui,
3383 3313 3488 3359 tua:
3524 3306 3639 3360 fra-

2048 3386 2287 3442 ternitati
2318 3389 2672 3457 respondebo.
2699 3389 2881 3445 Prima
2903 3401 3039 3447 tetas
3070 3392 3189 3459 fuit,
3224 3394 3327 3449 nisi
3358 3393 3543 3461 fallor,
3571 3399 3638 3450 ab

2047 3477 2218 3532 Adam
2268 3492 2436 3546 usque
2482 3479 2548 3532 ad
2600 3479 2746 3547 Noe,
2798 3483 3083 3539 continens
3136 3485 3520 3553 generationes
3576 3504 3638 3550 x,

2047 3582 2218 3623 annos
2246 3569 2541 3626 secundum
2593 3569 2847 3628 llebrmos
2873 3572 2974 3629 inc
2997 3590 3103 3629 Lvt.
3146 3575 3457 3632 Secundum
3487 3577 3638 3633 LXX

2047 3660 2371 3730 interpretes
2395 3664 2437 3715 Ti
2455 3676 2514 3714 cc
2541 3678 2669 3716 xui.
2698 3663 2947 3719 Secunda
2977 3680 3007 3719 a
3034 3664 3147 3720 Noe
3164 3682 3338 3737 usque
3359 3668 3429 3721 ad
3460 3668 3639 3724 Abra-

2047 3752 2196 3815 ham,
2221 3753 2507 3807 contiucns
2530 3753 2782 3808 similiter
2801 3756 3179 3825 generationes
3204 3775 3260 3823 x,
3300 3774 3476 3814 annos
3507 3761 3638 3830 jux-

2047 3849 2100 3895 ta
2139 3840 2381 3898 Hebr-eos
2416 3858 2613 3909 ccxui,
2650 3845 2805 3915 juxta
2836 3846 2981 3901 LXX
3034 3862 3163 3904 vero
3187 3864 3420 3903 ccnxxn.
3448 3849 3640 3905 Tertia

2044 3934 2113 3988 ab
2134 3934 2410 3989 Abraham
2444 3951 2615 4007 usque
2641 3936 2710 3992 ad
2747 3935 2915 3991 David
2941 3941 3320 4009 generationes
3352 3955 3466 4005 xiv,
3502 3943 3636 3996 armi

2044 4023 2341 4078 secundum
2380 4023 2619 4080 llebreos
2648 4041 2943 4082 nccccxun
2969 4028 3171 4095 Quarta
3200 4046 3231 4084 a
3267 4030 3441 4088 David
3462 4048 3640 4103 usque

356 4124 472 4180 sive
488 4124 935 4181 deinferioribus.
963 4123 1028 4177 Et
1050 4124 1176 4193 quia
1192 4124 1243 4177 in
1261 4122 1944 4194 proprianaturainvisibi—
2045 4115 2112 4169 ad
2144 4116 2667 4186 ιηηειιιὶεηιιίοηειιι
2728 4119 3035 4189 Babylonia!
3087 4125 3472 4183 αειιθνειιίοερε
3518 4143 3635 4189 xl".

357 4214 427 4269 lis
442 4221 497 4269 et
514 4214 865 4284 incorporeus
877 4221 979 4278 est,
998 4228 1101 4285 pro
1128 4212 1428 4270 ellicientiis
1450 4223 1628 4269 tamen
1649 4229 1939 4270 causarum

2056 4205 2168 4259 anni
2197 4206 2355 4275 juxta
2378 4207 2615 4262 llebreos
2634 4222 2947 4264 ccccnxxlv.
2977 4212 3176 4280 Quinta
3199 4214 3433 4285 denique
3457 4232 3637 4287 usque

358 4309 412 4360 in
439 4308 554 4377 ipso
575 4320 756 4361 rerum
776 4305 981 4374 species
994 4304 1395 4371 adscribuntur,
1412 4315 1474 4361 ut
1488 4319 1639 4361 more
1654 4304 1944 4362 locutionis
2041 4299 2108 4353 ad
2130 4298 2418 4355 adventum
2450 4301 2660 4355 Domini
2693 4304 2862 4357 nostri
2908 4302 3035 4361 Jesu
3081 4306 3284 4363 Christi
3327 4311 3636 4366 secundum

356 4409 557 4455 nostra)
574 4397 784 4455 facilius
802 4398 1037 4468 seipsum
1058 4398 1314 4453 insinuet.

428 4489 594 4545 Inter.
617 4490 689 4547 Ut
713 4491 817 4547 hoc
838 4489 1137 4559 intelligere
1165 4490 1392 4560 possim,
1438 4491 1682 4557 obsecro,
1714 4499 1774 4546 ut
1803 4491 1935 4546 mihi

357 4580 599 4636 indicare
626 4595 731 4635 non
769 4580 1003 4635 renuas?
1034 4578 1191 4651 Resp.
1227 4579 1361 4647 Quia
1385 4580 1567 4635 omnia
1596 4580 1745 4635 videt
1766 4588 1937 4645 recte,

356 4670 556 4725 dicitur
569 4670 758 4727 oculus
774 4687 789 4736 ;
816 4678 1034 4741 propter
1048 4669 1190 4740 quod
1204 4669 1382 4725 omnia
1406 4668 1555 4724 audit
1568 4676 1734 4735 recte,
1748 4669 1947 4725 dicitur

355 4760 533 4825 auris;
552 4775 650 4831 pro
669 4776 755 4826 eo,
783 4761 926 4831 quod
948 4760 1235 4825 avertitur,
1255 4758 1418 4832 ωε
1439 4758 1711 4824 ambulat;
1735 4773 1835 4830 pro
1854 4773 1941 4825 eo,

354 4851 498 4920 quod
518 4860 816 4922 exspectat,
838 4859 975 4916 stat;
996 4851 1074 4906 sic
1093 4859 1149 4906 et
1164 4852 1216 4906 in
1235 4851 1448 4907 caeteris
1467 4852 1657 4908 horum
1677 4850 1945 4907 similibus

353 4944 423 4998 ab
448 4943 699 5000 humanis
722 4943 956 4999 motibus
975 4942 1129 5015 [Isid.
1150 4984 1165 5008 ,
1191 4942 1482 5017 mentibus]
1503 4944 1737 5003 trahitur
1755 4944 1946 5000 simili-

357 5033 487 5088 tudo
519 5034 584 5088 ad
616 5034 805 5097 Deum,
852 5035 991 5090 sicut
1019 5043 1102 5088 est
1140 5034 1463 5089 obliviscens
1505 5043 1560 5089 et
1594 5050 1936 5101 memorans;

355 5124 484 5181 hinc
515 5136 619 5191 est,
657 5127 801 5197 quod
832 5137 890 5183 et
918 5126 1185 5196 Propheta
1230 5127 1361 5183 dicit
1393 5145 1404 5181 :
1438 5126 1645 5181 Iuravit
1684 5126 1938 5184 Dominus

355 5220 673 5273 exercituum
697 5237 789 5289 per
807 5220 1036 5274 animam
1056 5235 1203 5272 suam
1228 5216 1359 5289 (Jer.
1385 5235 1457 5284 Li,
1486 5219 1591 5290 l4).

428 5309 592 5364 Inter.
627 5309 908 5377 Quomodo
937 5325 1034 5379 per
1060 5310 1294 5364 animam
1314 5309 1527 5379 jurasse
1556 5309 1781 5376 dicitur,
1812 5324 1937 5365 cum

357 5401 502 5459 Deus
548 5404 783 5459 animam
832 5420 938 5459 non
978 5404 1183 5459 habet?
1246 5402 1394 5472 Resp.
1431 5402 1546 5457 Hoc
1591 5411 1777 5458 nostro
1806 5418 1936 5458 nar-

359 5506 446 5551 rat
470 5495 660 5553 ell'ectu
685 5513 699 5559 ;
729 5498 868 5552 sicut
919 5507 975 5552 ct
1005 5495 1173 5551 facies
1204 5495 1295 5550 Dei
1329 5496 1380 5548 in
1413 5493 1708 5564 Scripturis
1735 5494 1939 5550 sanctis

360 5601 467 5640 non
496 5600 643 5649 caro,
679 5586 773 5640 sed
800 5586 983 5642 divina
1011 5585 1248 5655 cognitio
1278 5583 1612 5654 intelligitur,
1630 5583 1819 5639 eadem
1847 5600 1933 5639 ra-

361 5676 529 5739 tione,
566 5675 693 5743 quia
721 5689 817 5743 per
865 5675 1059 5737 faciem
1088 5681 1431 5744 conspectam
1462 5673 1690 5745 quisque
1740 5688 1935 5745 cogno-

363 5766 543 5824 scitur.
579 5764 688 5821 lloc
714 5765 856 5819 enim
904 5765 954 5821 in
979 5764 1219 5819 oratione
1270 5764 1380 5821 Deo
1436 5762 1668 5819 dicitur:
1701 5762 1935 5820 Ostende

1968 4534 2019 4596 ι)

2039 4406 2257 4446 carnem
2286 4393 2659 4465 generationes
2703 4410 2815 4459 xiv,
2849 4396 2979 4451 anni
3025 4413 3157 4453 vero
3185 4398 3343 4471 juxta
3389 4399 3638 4457 Hebreos

2044 4496 2358 4539 nuxxvnu.
2391 4482 2554 4538 Sexta
2585 4484 2869 4554 siquidem,
2902 4502 3024 4557 qua
3067 4505 3209 4546 nunc
3256 4492 3440 4563 agitur
3484 4494 3635 4548 nulla

2049 4572 2458 4641 generationum
2484 4572 2569 4627 vel
2598 4582 2901 4646 temporum
2919 4578 3060 4634 serie
3078 4588 3251 4647 certa,
3282 4581 3379 4636 sed
3410 4592 3471 4636 ut
3498 4592 3633 4639 aetas

2045 4662 2318 4733 decrepita
2363 4664 2479 4736 ipsa
2528 4667 2694 4723 totius
2731 4670 2913 4724 saeculi
2949 4682 3126 4728 morte
3171 4672 3428 4731 ﬁnienda.
3491 4676 3634 4733 Ecce

2045 4754 2213 4811 babes
2245 4757 2301 4812 in
2334 4757 2540 4826 paucis,
2578 4774 2699 4830 qua:
2746 4762 2812 4815 de
2864 4763 3114 4819 aetatibus
3168 4766 3357 4821 mundi
3408 4768 3633 4838 majoris

2044 4848 2302 4916 quaesisti.

2116 4935 2281 4991 Inter.
2321 4939 2426 4993 lsta
2457 4942 2677 5011 recipio,
2703 4945 2746 4997 si
2779 4951 2956 4999 tamen
2983 4946 3164 5001 dicere
3186 4946 3476 5013 voluisses,
3501 4959 3631 5020 quat

2043 5028 2152 5081 sint
2170 5036 2359 5085 aetates
2384 5034 2570 5088 mundi
2623 5036 2848 5090 minoris
2869 5035 2894 5087 Ἰ
2926 5033 3079 5105 Resp.
3118 5035 3365 5092 Totidem
3392 5047 3543 5105 sunt,
3573 5046 3631 5092 ut

2043 5131 2184 5182 reor,
2216 5128 2350 5189 quot
2379 5130 2434 5175 et
2468 5123 2705 5191 majoris.

2116 5209 2281 5264 Inter.
2324 5212 2390 5266 Et
2417 5214 2461 5266 si
2487 5215 2706 5270 totidem
2738 5225 2885 5282 sunt,
2933 5215 3204 5287 quomodo
3235 5219 3623 5281 nominantur;

2043 5302 2126 5356 vel
2148 5319 2270 5374 qua:
2287 5314 2373 5361 est
2402 5321 2587 5363 earum
2605 5311 2763 5375 ratio,
2794 5320 2889 5365 aut
2905 5319 3033 5383 quot
3050 5313 3210 5367 annis
3233 5311 3625 5367 continentur?

2047 5394 2201 5466 Resp.
2243 5394 2421 5453 Prima
2447 5415 2632 5455 carum
2684 5402 2908 5457 infantia
2945 5411 3028 5459 est
3053 5404 3209 5474 pueri
3259 5404 3531 5459 nascentis
3555 5402 3624 5457 ad

2044 5486 2239 5553 lucem,
2264 5498 2469 5559 septem
2500 5493 2787 5549 continens
2814 5509 2985 5550 annos
3011 5512 3026 5562 ;
3058 5511 3183 5551 nam
3219 5495 3400 5551 infans
3428 5493 3625 5551 dicitur

2044 5578 2206 5634 homo
2240 5582 2428 5651 primae
2456 5584 2650 5643 aetatis.
2681 5600 2749 5641 eo
2797 5586 2939 5657 quod
2971 5588 3149 5643 adhuc
3187 5586 3313 5653 fari,
3346 5587 3399 5642 id
3421 5594 3521 5649 est,
3546 5582 3624 5637 lo-

2042 5672 2132 5740 qui
2167 5674 2359 5727 ncscit.
2394 5674 2642 5729 Secunda
2671 5678 2900 5746 pueritia
2925 5689 3027 5741 est,
3056 5694 3188 5749 pura
3213 5687 3268 5733 et
3292 5678 3517 5733 necdum
3552 5672 3624 5727 ad

2041 5764 2406 5836 generandum
2432 5773 2577 5839 apta,
2604 5767 2828 5827 tendens
2851 5784 3019 5843 usque
3035 5769 3099 5826 ad
3116 5784 3205 5829 xiv
3223 5784 3413 5829 annos.
3441 5764 3622 5824 Tertia
