  <div class='ocr_page' id='page_1' title='image "/cluster/home/n/w/nwhite01/storage/ocr_20150623/101/hvd.32044054759683/562.png"; bbox 0 0 3914 6178; ppageno 0'>
   <div class='ocr_carea' id='block_1_1' title="bbox 296 335 432 392">
    <p class='ocr_par' dir='ltr' id='par_1_1' title="bbox 296 335 432 392">
     <span class='ocr_line' id='line_1_1' title="bbox 296 335 432 392; baseline 0.022 -3"><span class='ocrx_word' id='word_1_1' title='bbox 296 335 432 392; x_wconf 78' lang='grc'><strong>1115</strong></span> 
     </span>
    </p>
   </div>
   <div class='ocr_carea' id='block_1_2' title="bbox 1194 335 2613 399">
    <p class='ocr_par' dir='ltr' id='par_1_2' title="bbox 1194 335 2613 399">
     <span class='ocr_line' id='line_1_2' title="bbox 1194 335 2613 399; baseline 0.001 -5"><span class='ocrx_word' id='word_1_2' title='bbox 1194 335 1343 394; x_wconf 83' lang='grc' dir='ltr'><strong>ΟΡΡ.</strong></span> <span class='ocrx_word' id='word_1_3' title='bbox 1383 339 1610 397; x_wconf 72' lang='lat' dir='ltr'><strong>DUBIA.</strong></span> <span class='ocrx_word' id='word_1_4' title='bbox 1648 371 1721 381; x_wconf 89' lang='lat'><em>—</em></span> <span class='ocrx_word' id='word_1_5' title='bbox 1759 340 2173 399; x_wconf 78' lang='lat' dir='ltr'><strong>DlSPUTATlO</strong></span> <span class='ocrx_word' id='word_1_6' title='bbox 2207 340 2613 398; x_wconf 73' lang='lat' dir='ltr'><strong>PUERORUM.</strong></span> 
     </span>
    </p>
   </div>
   <div class='ocr_carea' id='block_1_3' title="bbox 3409 347 3545 405">
    <p class='ocr_par' dir='ltr' id='par_1_3' title="bbox 3409 347 3545 405">
     <span class='ocr_line' id='line_1_3' title="bbox 3409 347 3545 405; baseline 0.007 -1"><span class='ocrx_word' id='word_1_7' title='bbox 3409 347 3545 405; x_wconf 73' lang='grc'><strong>1114</strong></span> 
     </span>
    </p>
   </div>
   <div class='ocr_carea' id='block_1_4' title="bbox 287 450 3545 526">
    <p class='ocr_par' dir='ltr' id='par_1_4' title="bbox 287 450 3545 526">
     <span class='ocr_line' id='line_1_4' title="bbox 287 450 3545 526; baseline 0.001 -17"><span class='ocrx_word' id='word_1_8' title='bbox 287 450 653 513; x_wconf 80' lang='lat' dir='ltr'><strong>adolescentia</strong></span> <span class='ocrx_word' id='word_1_9' title='bbox 668 451 736 507; x_wconf 86' lang='lat' dir='ltr'><strong>ad</strong></span> <span class='ocrx_word' id='word_1_10' title='bbox 746 452 1075 525; x_wconf 84' lang='lat' dir='ltr'><strong>gignendum</strong></span> <span class='ocrx_word' id='word_1_11' title='bbox 1101 453 1305 519; x_wconf 86' lang='lat' dir='ltr'><strong>adulta,</strong></span> <span class='ocrx_word' id='word_1_12' title='bbox 1326 469 1446 525; x_wconf 69' lang='lat' dir='ltr'><strong>qua:</strong></span> <span class='ocrx_word' id='word_1_13' title='bbox 1466 452 1759 526; x_wconf 74' lang='lat' dir='ltr'><strong>porrigitur</strong></span> <span class='ocrx_word' id='word_1_14' title='bbox 1780 470 1865 509; x_wconf 84' lang='lat' dir='ltr'><strong>us-</strong></span> <span class='ocrx_word' id='word_1_15' title='bbox 1891 468 1937 523; x_wconf 71' lang='grc' dir='ltr'><strong>Α</strong></span> <span class='ocrx_word' id='word_1_16' title='bbox 1965 452 2101 508; x_wconf 88' lang='lat' dir='ltr'><strong>hora</strong></span> <span class='ocrx_word' id='word_1_17' title='bbox 2136 451 2259 524; x_wconf 85' lang='lat' dir='ltr'><strong>[Ita</strong></span> <span class='ocrx_word' id='word_1_18' title='bbox 2294 452 2411 506; x_wconf 82' lang='lat' dir='ltr'><strong>cod.</strong></span> <span class='ocrx_word' id='word_1_19' title='bbox 2437 469 2454 517; x_wconf 88' lang='lat'><em>;</em></span> <span class='ocrx_word' id='word_1_20' title='bbox 2494 452 2592 524; x_wconf 76' lang='lat' dir='ltr'><strong>leg.</strong></span> <span class='ocrx_word' id='word_1_21' title='bbox 2635 451 2764 523; x_wconf 85' lang='lat' dir='ltr'><strong>ora]</strong></span> <span class='ocrx_word' id='word_1_22' title='bbox 2800 463 2925 507; x_wconf 90' lang='lat' dir='ltr'><strong>sunt</strong></span> <span class='ocrx_word' id='word_1_23' title='bbox 2974 453 3096 510; x_wconf 85' lang='lat' dir='ltr'><strong>linis</strong></span> <span class='ocrx_word' id='word_1_24' title='bbox 3134 454 3327 519; x_wconf 85' lang='lat' dir='ltr'><strong>maris,</strong></span> <span class='ocrx_word' id='word_1_25' title='bbox 3357 454 3545 513; x_wconf 74' lang='lat' dir='ltr'><strong>ﬂuvio-</strong></span> 
     </span>
    </p>
   </div>
   <div class='ocr_carea' id='block_1_5' title="bbox 291 545 1862 617">
    <p class='ocr_par' dir='ltr' id='par_1_5' title="bbox 291 545 1862 617">
     <span class='ocr_line' id='line_1_5' title="bbox 291 545 1862 617; baseline 0.003 -19"><span class='ocrx_word' id='word_1_26' title='bbox 291 560 395 615; x_wconf 80' lang='lat' dir='ltr'><strong>que</strong></span> <span class='ocrx_word' id='word_1_27' title='bbox 418 545 486 600; x_wconf 86' lang='lat' dir='ltr'><strong>ad</strong></span> <span class='ocrx_word' id='word_1_28' title='bbox 510 560 656 600; x_wconf 74' lang='lat' dir='ltr'><strong>xxvn</strong></span> <span class='ocrx_word' id='word_1_29' title='bbox 682 561 870 601; x_wconf 87' lang='lat' dir='ltr'><strong>annos.</strong></span> <span class='ocrx_word' id='word_1_30' title='bbox 903 545 1106 612; x_wconf 90' lang='lat' dir='ltr'><strong>Quarta</strong></span> <span class='ocrx_word' id='word_1_31' title='bbox 1127 546 1386 617; x_wconf 77' lang='lat' dir='ltr'><strong>juventus</strong></span> <span class='ocrx_word' id='word_1_32' title='bbox 1401 547 1715 603; x_wconf 70' lang='lat' dir='ltr'><strong>ﬁrmissima</strong></span> <span class='ocrx_word' id='word_1_33' title='bbox 1735 556 1862 603; x_wconf 80' lang='lat' dir='ltr'><strong>aeta-</strong></span> 
     </span>
    </p>
   </div>
   <div class='ocr_carea' id='block_1_6' title="bbox 288 637 1861 711">
    <p class='ocr_par' dir='ltr' id='par_1_6' title="bbox 288 637 1861 711">
     <span class='ocr_line' id='line_1_6' title="bbox 288 637 1861 711; baseline 0.003 -22"><span class='ocrx_word' id='word_1_34' title='bbox 288 644 402 691; x_wconf 83' lang='lat' dir='ltr'><strong>tum</strong></span> <span class='ocrx_word' id='word_1_35' title='bbox 417 637 678 704; x_wconf 84' lang='lat' dir='ltr'><strong>omnium,</strong></span> <span class='ocrx_word' id='word_1_36' title='bbox 706 637 899 701; x_wconf 86' lang='lat' dir='ltr'><strong>ﬁniens</strong></span> <span class='ocrx_word' id='word_1_37' title='bbox 919 638 976 692; x_wconf 92' lang='lat' dir='ltr'><strong>in</strong></span> <span class='ocrx_word' id='word_1_38' title='bbox 994 638 1440 711; x_wconf 86' lang='lat' dir='ltr'><strong>quinquagesimo</strong></span> <span class='ocrx_word' id='word_1_39' title='bbox 1463 656 1625 695; x_wconf 86' lang='lat' dir='ltr'><strong>anno.</strong></span> <span class='ocrx_word' id='word_1_40' title='bbox 1664 641 1861 708; x_wconf 86' lang='lat' dir='ltr'><strong>Quinta</strong></span> 
     </span>
    </p>
   </div>
   <div class='ocr_carea' id='block_1_7' title="bbox 286 729 1865 803">
    <p class='ocr_par' dir='ltr' id='par_1_7' title="bbox 286 729 1865 803">
     <span class='ocr_line' id='line_1_7' title="bbox 286 729 1865 803; baseline 0.002 -20"><span class='ocrx_word' id='word_1_41' title='bbox 286 738 423 783; x_wconf 69' lang='lat' dir='ltr'><strong>artas</strong></span> <span class='ocrx_word' id='word_1_42' title='bbox 456 729 640 785; x_wconf 82' lang='lat' dir='ltr'><strong>senior</strong></span> <span class='ocrx_word' id='word_1_43' title='bbox 668 738 752 786; x_wconf 84' lang='lat' dir='ltr'><strong>est</strong></span> <span class='ocrx_word' id='word_1_44' title='bbox 775 730 1030 801; x_wconf 75' lang='lat' dir='ltr'><strong>gravitas,</strong></span> <span class='ocrx_word' id='word_1_45' title='bbox 1055 745 1175 799; x_wconf 63' lang='lat' dir='ltr'><strong>qua:</strong></span> <span class='ocrx_word' id='word_1_46' title='bbox 1196 739 1281 786; x_wconf 90' lang='lat' dir='ltr'><strong>est</strong></span> <span class='ocrx_word' id='word_1_47' title='bbox 1303 732 1592 787; x_wconf 72' lang='lat' dir='ltr'><strong>declinatio</strong></span> <span class='ocrx_word' id='word_1_48' title='bbox 1613 748 1645 787; x_wconf 88' lang='lat' dir='ltr'><strong>a</strong></span> <span class='ocrx_word' id='word_1_49' title='bbox 1675 733 1865 803; x_wconf 83' lang='lat' dir='ltr'><strong>juven-</strong></span> 
     </span>
    </p>
   </div>
   <div class='ocr_carea' id='block_1_8' title="bbox 288 818 1863 888">
    <p class='ocr_par' dir='ltr' id='par_1_8' title="bbox 288 818 1863 888">
     <span class='ocr_line' id='line_1_8' title="bbox 288 818 1863 888; baseline 0.004 -15"><span class='ocrx_word' id='word_1_50' title='bbox 288 828 404 874; x_wconf 89' lang='lat' dir='ltr'><strong>tute</strong></span> <span class='ocrx_word' id='word_1_51' title='bbox 433 818 502 874; x_wconf 83' lang='lat' dir='ltr'><strong>ad</strong></span> <span class='ocrx_word' id='word_1_52' title='bbox 544 827 896 885; x_wconf 68' lang='lat' dir='ltr'><strong>senectutem,</strong></span> <span class='ocrx_word' id='word_1_53' title='bbox 949 820 1186 876; x_wconf 84' lang='lat' dir='ltr'><strong>nondum</strong></span> <span class='ocrx_word' id='word_1_54' title='bbox 1235 829 1417 879; x_wconf 89' lang='lat' dir='ltr'><strong>tamen</strong></span> <span class='ocrx_word' id='word_1_55' title='bbox 1465 830 1740 888; x_wconf 85' lang='lat' dir='ltr'><strong>senectus,</strong></span> <span class='ocrx_word' id='word_1_56' title='bbox 1768 823 1863 880; x_wconf 81' lang='lat' dir='ltr'><strong>sed</strong></span> 
     </span>
    </p>
   </div>
   <div class='ocr_carea' id='block_1_9' title="bbox 282 908 1864 984">
    <p class='ocr_par' dir='ltr' id='par_1_9' title="bbox 282 908 1864 984">
     <span class='ocr_line' id='line_1_9' title="bbox 282 908 1864 984; baseline 0.002 -20"><span class='ocrx_word' id='word_1_57' title='bbox 282 908 396 980; x_wconf 86' lang='lat' dir='ltr'><strong>jam</strong></span> <span class='ocrx_word' id='word_1_58' title='bbox 420 909 653 964; x_wconf 91' lang='lat' dir='ltr'><strong>nondum</strong></span> <span class='ocrx_word' id='word_1_59' title='bbox 674 908 965 977; x_wconf 75' lang='lat' dir='ltr'><strong>juventus;</strong></span> <span class='ocrx_word' id='word_1_60' title='bbox 1000 911 1116 966; x_wconf 70' lang='lat' dir='ltr'><strong>haec</strong></span> <span class='ocrx_word' id='word_1_61' title='bbox 1137 911 1283 967; x_wconf 87' lang='lat' dir='ltr'><strong>enim</strong></span> <span class='ocrx_word' id='word_1_62' title='bbox 1315 919 1449 968; x_wconf 73' lang='lat' dir='ltr'><strong>aetas</strong></span> <span class='ocrx_word' id='word_1_63' title='bbox 1474 927 1507 967; x_wconf 89' lang='lat' dir='ltr'><strong>a</strong></span> <span class='ocrx_word' id='word_1_64' title='bbox 1531 912 1864 984; x_wconf 87' lang='lat' dir='ltr'><strong>quinquage-</strong></span> 
     </span>
    </p>
   </div>
   <div class='ocr_carea' id='block_1_10' title="bbox 286 998 1859 1076">
    <p class='ocr_par' dir='ltr' id='par_1_10' title="bbox 286 998 1859 1076">
     <span class='ocr_line' id='line_1_10' title="bbox 286 998 1859 1076; baseline 0.001 -19"><span class='ocrx_word' id='word_1_65' title='bbox 286 1002 427 1057; x_wconf 88' lang='lat' dir='ltr'><strong>simo</strong></span> <span class='ocrx_word' id='word_1_66' title='bbox 447 1016 592 1057; x_wconf 87' lang='lat' dir='ltr'><strong>anno</strong></span> <span class='ocrx_word' id='word_1_67' title='bbox 646 998 928 1071; x_wconf 80' lang='lat' dir='ltr'><strong>incipiens,</strong></span> <span class='ocrx_word' id='word_1_68' title='bbox 983 1002 1039 1058; x_wconf 92' lang='lat' dir='ltr'><strong>in</strong></span> <span class='ocrx_word' id='word_1_69' title='bbox 1069 1003 1466 1076; x_wconf 88' lang='lat' dir='ltr'><strong>septuagesimo</strong></span> <span class='ocrx_word' id='word_1_70' title='bbox 1516 1004 1859 1063; x_wconf 79' lang='lat' dir='ltr'><strong>terminatur.</strong></span> 
     </span>
    </p>
   </div>
   <div class='ocr_carea' id='block_1_11' title="bbox 290 1092 1862 1165">
    <p class='ocr_par' dir='ltr' id='par_1_11' title="bbox 290 1092 1862 1165">
     <span class='ocr_line' id='line_1_11' title="bbox 290 1092 1862 1165; baseline 0.001 -17"><span class='ocrx_word' id='word_1_71' title='bbox 290 1092 457 1149; x_wconf 77' lang='lat' dir='ltr'><strong>Sexta</strong></span> <span class='ocrx_word' id='word_1_72' title='bbox 481 1100 617 1149; x_wconf 71' lang='lat' dir='ltr'><strong>aetas</strong></span> <span class='ocrx_word' id='word_1_73' title='bbox 637 1101 911 1159; x_wconf 79' lang='lat' dir='ltr'><strong>senectus,</strong></span> <span class='ocrx_word' id='word_1_74' title='bbox 947 1108 1069 1165; x_wconf 62' lang='lat' dir='ltr'><strong>quae</strong></span> <span class='ocrx_word' id='word_1_75' title='bbox 1112 1093 1263 1149; x_wconf 90' lang='lat' dir='ltr'><strong>nullo</strong></span> <span class='ocrx_word' id='word_1_76' title='bbox 1308 1108 1575 1149; x_wconf 87' lang='lat' dir='ltr'><strong>annorum</strong></span> <span class='ocrx_word' id='word_1_77' title='bbox 1622 1101 1862 1164; x_wconf 89' lang='lat' dir='ltr'><strong>tempore</strong></span> 
     </span>
    </p>
   </div>
   <div class='ocr_carea' id='block_1_12' title="bbox 290 1186 1862 1258">
    <p class='ocr_par' dir='ltr' id='par_1_12' title="bbox 290 1186 1862 1258">
     <span class='ocr_line' id='line_1_12' title="bbox 290 1186 1862 1258; baseline 0 -16"><span class='ocrx_word' id='word_1_78' title='bbox 290 1188 493 1253; x_wconf 88' lang='lat' dir='ltr'><strong>linitur,</strong></span> <span class='ocrx_word' id='word_1_79' title='bbox 521 1188 615 1242; x_wconf 85' lang='lat' dir='ltr'><strong>sed</strong></span> <span class='ocrx_word' id='word_1_80' title='bbox 636 1195 760 1257; x_wconf 88' lang='lat' dir='ltr'><strong>post</strong></span> <span class='ocrx_word' id='word_1_81' title='bbox 781 1187 1021 1258; x_wconf 83' lang='lat' dir='ltr'><strong>quinque</strong></span> <span class='ocrx_word' id='word_1_82' title='bbox 1041 1186 1163 1242; x_wconf 86' lang='lat' dir='ltr'><strong>illas</strong></span> <span class='ocrx_word' id='word_1_83' title='bbox 1176 1194 1368 1243; x_wconf 69' lang='lat' dir='ltr'><strong>mtates</strong></span> <span class='ocrx_word' id='word_1_84' title='bbox 1383 1195 1862 1258; x_wconf 88' lang='lat' dir='ltr'><strong>quantumcunque</strong></span> 
     </span>
    </p>
   </div>
   <div class='ocr_carea' id='block_1_13' title="bbox 286 1277 1215 1349">
    <p class='ocr_par' dir='ltr' id='par_1_13' title="bbox 286 1277 1215 1349">
     <span class='ocr_line' id='line_1_13' title="bbox 286 1277 1215 1349; baseline 0.001 -18"><span class='ocrx_word' id='word_1_85' title='bbox 286 1282 410 1336; x_wconf 71' lang='lat' dir='ltr'><strong>vice</strong></span> <span class='ocrx_word' id='word_1_86' title='bbox 433 1288 536 1346; x_wconf 86' lang='lat' dir='ltr'><strong>est,</strong></span> <span class='ocrx_word' id='word_1_87' title='bbox 562 1278 826 1335; x_wconf 79' lang='lat' dir='ltr'><strong>senectuti</strong></span> <span class='ocrx_word' id='word_1_88' title='bbox 848 1277 1215 1349; x_wconf 80' lang='lat' dir='ltr'><strong>deputabitur.</strong></span> 
     </span>
    </p>
   </div>
   <div class='ocr_carea' id='block_1_14' title="bbox 355 1366 1862 1438">
    <p class='ocr_par' dir='ltr' id='par_1_14' title="bbox 355 1366 1862 1438">
     <span class='ocr_line' id='line_1_14' title="bbox 355 1366 1862 1438; baseline -0.003 -14"><span class='ocrx_word' id='word_1_89' title='bbox 355 1370 524 1425; x_wconf 88' lang='lat' dir='ltr'><strong>Inter.</strong></span> <span class='ocrx_word' id='word_1_90' title='bbox 561 1368 700 1437; x_wconf 91' lang='lat' dir='ltr'><strong>Quid</strong></span> <span class='ocrx_word' id='word_1_91' title='bbox 726 1369 881 1425; x_wconf 90' lang='lat' dir='ltr'><strong>nobis</strong></span> <span class='ocrx_word' id='word_1_92' title='bbox 901 1368 1243 1425; x_wconf 86' lang='lat' dir='ltr'><strong>sentiendum</strong></span> <span class='ocrx_word' id='word_1_93' title='bbox 1266 1376 1352 1425; x_wconf 86' lang='lat' dir='ltr'><strong>est</strong></span> <span class='ocrx_word' id='word_1_94' title='bbox 1369 1368 1437 1424; x_wconf 88' lang='lat' dir='ltr'><strong>de</strong></span> <span class='ocrx_word' id='word_1_95' title='bbox 1464 1368 1585 1435; x_wconf 89' lang='lat' dir='ltr'><strong>hoc,</strong></span> <span class='ocrx_word' id='word_1_96' title='bbox 1617 1367 1759 1438; x_wconf 89' lang='lat' dir='ltr'><strong>quod</strong></span> <span class='ocrx_word' id='word_1_97' title='bbox 1786 1366 1862 1421; x_wconf 81' lang='lat' dir='ltr'><strong>le-</strong></span> 
     </span>
    </p>
   </div>
   <div class='ocr_carea' id='block_1_15' title="bbox 287 1462 1859 1534">
    <p class='ocr_par' dir='ltr' id='par_1_15' title="bbox 287 1462 1859 1534">
     <span class='ocr_line' id='line_1_15' title="bbox 287 1462 1859 1534; baseline -0.002 -17"><span class='ocrx_word' id='word_1_98' title='bbox 287 1464 431 1534; x_wconf 85' lang='lat' dir='ltr'><strong>gitur</strong></span> <span class='ocrx_word' id='word_1_99' title='bbox 460 1463 512 1517; x_wconf 91' lang='lat' dir='ltr'><strong>in</strong></span> <span class='ocrx_word' id='word_1_100' title='bbox 541 1463 791 1534; x_wconf 77' lang='lat' dir='ltr'><strong>psalmo:</strong></span> <span class='ocrx_word' id='word_1_101' title='bbox 825 1462 893 1517; x_wconf 86' lang='lat' dir='ltr'><strong>Et</strong></span> <span class='ocrx_word' id='word_1_102' title='bbox 932 1479 1095 1533; x_wconf 80' lang='lat' dir='ltr'><strong>usque</strong></span> <span class='ocrx_word' id='word_1_103' title='bbox 1151 1463 1207 1517; x_wconf 86' lang='lat' dir='ltr'><strong>in</strong></span> <span class='ocrx_word' id='word_1_104' title='bbox 1254 1472 1514 1518; x_wconf 73' lang='lat' dir='ltr'><strong>senectam</strong></span> <span class='ocrx_word' id='word_1_105' title='bbox 1564 1471 1613 1516; x_wconf 88' lang='lat' dir='ltr'><strong>et</strong></span> <span class='ocrx_word' id='word_1_106' title='bbox 1654 1462 1859 1517; x_wconf 78' lang='lat' dir='ltr'><strong>senium</strong></span> 
     </span>
    </p>
   </div>
   <div class='ocr_carea' id='block_1_16' title="bbox 287 1550 1863 1624">
    <p class='ocr_par' dir='ltr' id='par_1_16' title="bbox 287 1550 1863 1624">
     <span class='ocr_line' id='line_1_16' title="bbox 287 1550 1863 1624; baseline -0.001 -17"><span class='ocrx_word' id='word_1_107' title='bbox 287 1552 458 1620; x_wconf 86' lang='lat' dir='ltr'><strong>(Psal.</strong></span> <span class='ocrx_word' id='word_1_108' title='bbox 488 1569 617 1619; x_wconf 71' lang='grc' dir='ltr'><strong>ιιι,</strong></span> <span class='ocrx_word' id='word_1_109' title='bbox 648 1553 784 1624; x_wconf 76' lang='lat' dir='ltr'><strong>i8)?</strong></span> <span class='ocrx_word' id='word_1_110' title='bbox 821 1550 975 1624; x_wconf 80' lang='lat' dir='ltr'><strong>Resp.</strong></span> <span class='ocrx_word' id='word_1_111' title='bbox 1019 1552 1241 1609; x_wconf 89' lang='lat' dir='ltr'><strong>Senium</strong></span> <span class='ocrx_word' id='word_1_112' title='bbox 1283 1554 1431 1608; x_wconf 89' lang='lat' dir='ltr'><strong>enim</strong></span> <span class='ocrx_word' id='word_1_113' title='bbox 1472 1568 1600 1623; x_wconf 89' lang='lat' dir='ltr'><strong>pars</strong></span> <span class='ocrx_word' id='word_1_114' title='bbox 1622 1560 1707 1607; x_wconf 89' lang='lat' dir='ltr'><strong>est</strong></span> <span class='ocrx_word' id='word_1_115' title='bbox 1740 1550 1863 1606; x_wconf 81' lang='lat' dir='ltr'><strong>ulti-</strong></span> 
     </span>
    </p>
   </div>
   <div class='ocr_carea' id='block_1_17' title="bbox 285 1644 1861 1712">
    <p class='ocr_par' dir='ltr' id='par_1_17' title="bbox 285 1644 1861 1712">
     <span class='ocr_line' id='line_1_17' title="bbox 285 1644 1861 1712; baseline -0.002 -10"><span class='ocrx_word' id='word_1_116' title='bbox 285 1660 373 1702; x_wconf 86' lang='lat' dir='ltr'><strong>ma</strong></span> <span class='ocrx_word' id='word_1_117' title='bbox 408 1644 701 1700; x_wconf 87' lang='lat' dir='ltr'><strong>senectutis</strong></span> <span class='ocrx_word' id='word_1_118' title='bbox 747 1644 912 1710; x_wconf 90' lang='lat' dir='ltr'><strong>dicta,</strong></span> <span class='ocrx_word' id='word_1_119' title='bbox 951 1644 1094 1712; x_wconf 90' lang='lat' dir='ltr'><strong>quod</strong></span> <span class='ocrx_word' id='word_1_120' title='bbox 1140 1645 1211 1700; x_wconf 90' lang='lat' dir='ltr'><strong>sit</strong></span> <span class='ocrx_word' id='word_1_121' title='bbox 1243 1645 1505 1700; x_wconf 81' lang='lat' dir='ltr'><strong>terminus</strong></span> <span class='ocrx_word' id='word_1_122' title='bbox 1536 1652 1701 1699; x_wconf 77' lang='lat' dir='ltr'><strong>sexta:</strong></span> <span class='ocrx_word' id='word_1_123' title='bbox 1732 1652 1861 1699; x_wconf 78' lang='lat' dir='ltr'><strong>aeta-</strong></span> 
     </span>
    </p>
   </div>
   <div class='ocr_carea' id='block_1_18' title="bbox 283 1735 1127 1792">
    <p class='ocr_par' dir='ltr' id='par_1_18' title="bbox 283 1735 1127 1792">
     <span class='ocr_line' id='line_1_18' title="bbox 283 1735 1127 1792; baseline 0 -1"><span class='ocrx_word' id='word_1_124' title='bbox 283 1737 374 1792; x_wconf 85' lang='lat' dir='ltr'><strong>tis.</strong></span> <span class='ocrx_word' id='word_1_125' title='bbox 402 1736 528 1791; x_wconf 67' lang='lat' dir='ltr'><strong>Haec</strong></span> <span class='ocrx_word' id='word_1_126' title='bbox 550 1736 615 1792; x_wconf 84' lang='lat' dir='ltr'><strong>de</strong></span> <span class='ocrx_word' id='word_1_127' title='bbox 637 1735 884 1791; x_wconf 64' lang='lat' dir='ltr'><strong>aetatibus</strong></span> <span class='ocrx_word' id='word_1_128' title='bbox 911 1738 1127 1792; x_wconf 79' lang='lat' dir='ltr'><strong>habeto.</strong></span> 
     </span>
    </p>
   </div>
   <div class='ocr_carea' id='block_1_19' title="bbox 876 1848 1222 1905">
    <p class='ocr_par' dir='ltr' id='par_1_19' title="bbox 876 1848 1222 1905">
     <span class='ocr_line' id='line_1_19' title="bbox 876 1848 1222 1905; baseline 0 -1"><span class='ocrx_word' id='word_1_129' title='bbox 876 1848 1104 1905; x_wconf 85' lang='lat' dir='ltr'><strong>CAPUT</strong></span> <span class='ocrx_word' id='word_1_130' title='bbox 1136 1849 1222 1904; x_wconf 87' lang='lat' dir='ltr'><strong>Vl.</strong></span> 
     </span>
    </p>
   </div>
   <div class='ocr_carea' id='block_1_20' title="bbox 728 1955 1402 1998">
    <p class='ocr_par' dir='ltr' id='par_1_20' title="bbox 728 1955 1402 1998">
     <span class='ocr_line' id='line_1_20' title="bbox 728 1955 1402 1998; baseline 0 -1"><span class='ocrx_word' id='word_1_131' title='bbox 728 1955 794 1997; x_wconf 77' lang='lat' dir='ltr'><strong>DE</strong></span> <span class='ocrx_word' id='word_1_132' title='bbox 818 1957 1051 1998; x_wconf 62' lang='lat' dir='ltr'><strong>RATIONES</strong></span> <span class='ocrx_word' id='word_1_133' title='bbox 1094 1958 1402 1997; x_wconf 61' lang='lat' dir='ltr'><strong>TEHPOBUI.</strong></span> 
     </span>
    </p>
   </div>
   <div class='ocr_carea' id='block_1_21' title="bbox 354 2050 1854 2123">
    <p class='ocr_par' dir='ltr' id='par_1_21' title="bbox 354 2050 1854 2123">
     <span class='ocr_line' id='line_1_21' title="bbox 354 2050 1854 2123; baseline 0.001 -15"><span class='ocrx_word' id='word_1_134' title='bbox 354 2050 595 2118; x_wconf 86' lang='lat' dir='ltr'><strong>Domine,</strong></span> <span class='ocrx_word' id='word_1_135' title='bbox 623 2053 879 2123; x_wconf 90' lang='lat' dir='ltr'><strong>quoniam</strong></span> <span class='ocrx_word' id='word_1_136' title='bbox 904 2068 1095 2109; x_wconf 89' lang='lat' dir='ltr'><strong>omnes</strong></span> <span class='ocrx_word' id='word_1_137' title='bbox 1121 2061 1309 2109; x_wconf 64' lang='lat' dir='ltr'><strong>aetates</strong></span> <span class='ocrx_word' id='word_1_138' title='bbox 1345 2062 1400 2109; x_wconf 90' lang='lat' dir='ltr'><strong>et</strong></span> <span class='ocrx_word' id='word_1_139' title='bbox 1421 2054 1603 2109; x_wconf 88' lang='lat' dir='ltr'><strong>omnia</strong></span> <span class='ocrx_word' id='word_1_140' title='bbox 1633 2055 1854 2120; x_wconf 62' lang='lat' dir='ltr'><strong>seecula,</strong></span> 
     </span>
    </p>
   </div>
   <div class='ocr_carea' id='block_1_22' title="bbox 281 2142 1858 2215">
    <p class='ocr_par' dir='ltr' id='par_1_22' title="bbox 281 2142 1858 2215">
     <span class='ocr_line' id='line_1_22' title="bbox 281 2142 1858 2215; baseline -0.001 -16"><span class='ocrx_word' id='word_1_141' title='bbox 281 2142 426 2199; x_wconf 85' lang='lat' dir='ltr'><strong>sicut</strong></span> <span class='ocrx_word' id='word_1_142' title='bbox 447 2143 647 2214; x_wconf 89' lang='lat' dir='ltr'><strong>optime</strong></span> <span class='ocrx_word' id='word_1_143' title='bbox 691 2143 884 2209; x_wconf 85' lang='lat' dir='ltr'><strong>nostis,</strong></span> <span class='ocrx_word' id='word_1_144' title='bbox 919 2158 1019 2214; x_wconf 86' lang='lat' dir='ltr'><strong>per</strong></span> <span class='ocrx_word' id='word_1_145' title='bbox 1065 2143 1278 2198; x_wconf 85' lang='lat' dir='ltr'><strong>diversa</strong></span> <span class='ocrx_word' id='word_1_146' title='bbox 1331 2144 1504 2215; x_wconf 88' lang='lat' dir='ltr'><strong>spatia</strong></span> <span class='ocrx_word' id='word_1_147' title='bbox 1552 2152 1858 2212; x_wconf 82' lang='lat' dir='ltr'><strong>temporum</strong></span> 
     </span>
    </p>
   </div>
   <div class='ocr_carea' id='block_1_23' title="bbox 279 2235 1859 2307">
    <p class='ocr_par' dir='ltr' id='par_1_23' title="bbox 279 2235 1859 2307">
     <span class='ocr_line' id='line_1_23' title="bbox 279 2235 1859 2307; baseline -0.001 -15"><span class='ocrx_word' id='word_1_148' title='bbox 279 2245 561 2292; x_wconf 85' lang='lat' dir='ltr'><strong>transeunt</strong></span> <span class='ocrx_word' id='word_1_149' title='bbox 607 2244 768 2306; x_wconf 90' lang='lat' dir='ltr'><strong>atque</strong></span> <span class='ocrx_word' id='word_1_150' title='bbox 792 2235 1121 2302; x_wconf 90' lang='lat' dir='ltr'><strong>discurrunt,</strong></span> <span class='ocrx_word' id='word_1_151' title='bbox 1154 2236 1198 2291; x_wconf 92' lang='lat' dir='ltr'><strong>si</strong></span> <span class='ocrx_word' id='word_1_152' title='bbox 1221 2236 1412 2307; x_wconf 88' lang='lat' dir='ltr'><strong>placet,</strong></span> <span class='ocrx_word' id='word_1_153' title='bbox 1458 2235 1728 2302; x_wconf 89' lang='lat' dir='ltr'><strong>volumus,</strong></span> <span class='ocrx_word' id='word_1_154' title='bbox 1762 2251 1859 2291; x_wconf 90' lang='lat' dir='ltr'><strong>au-</strong></span> 
     </span>
    </p>
   </div>
   <div class='ocr_carea' id='block_1_24' title="bbox 280 2326 1855 2398">
    <p class='ocr_par' dir='ltr' id='par_1_24' title="bbox 280 2326 1855 2398">
     <span class='ocr_line' id='line_1_24' title="bbox 280 2326 1855 2398; baseline 0 -17"><span class='ocrx_word' id='word_1_155' title='bbox 280 2326 502 2382; x_wconf 82' lang='lat' dir='ltr'><strong>xiliante</strong></span> <span class='ocrx_word' id='word_1_156' title='bbox 530 2326 757 2383; x_wconf 91' lang='lat' dir='ltr'><strong>Domino</strong></span> <span class='ocrx_word' id='word_1_157' title='bbox 791 2327 857 2381; x_wconf 90' lang='lat' dir='ltr'><strong>de</strong></span> <span class='ocrx_word' id='word_1_158' title='bbox 890 2327 1092 2382; x_wconf 82' lang='lat' dir='ltr'><strong>eisdem</strong></span> <span class='ocrx_word' id='word_1_159' title='bbox 1123 2326 1475 2398; x_wconf 84' lang='lat' dir='ltr'><strong>temporibus,</strong></span> <span class='ocrx_word' id='word_1_160' title='bbox 1508 2336 1667 2398; x_wconf 87' lang='lat' dir='ltr'><strong>prout</strong></span> <span class='ocrx_word' id='word_1_161' title='bbox 1694 2327 1855 2382; x_wconf 86' lang='lat' dir='ltr'><strong>intel-</strong></span> 
     </span>
    </p>
   </div>
   <div class='ocr_carea' id='block_1_25' title="bbox 278 2415 1858 2490">
    <p class='ocr_par' dir='ltr' id='par_1_25' title="bbox 278 2415 1858 2490">
     <span class='ocr_line' id='line_1_25' title="bbox 278 2415 1858 2490; baseline 0.002 -20"><span class='ocrx_word' id='word_1_162' title='bbox 278 2415 493 2490; x_wconf 86' lang='lat' dir='ltr'><strong>ligimus</strong></span> <span class='ocrx_word' id='word_1_163' title='bbox 541 2418 594 2474; x_wconf 93' lang='lat' dir='ltr'><strong>in</strong></span> <span class='ocrx_word' id='word_1_164' title='bbox 642 2418 927 2488; x_wconf 57' lang='lat' dir='ltr'><strong>praesentia</strong></span> <span class='ocrx_word' id='word_1_165' title='bbox 985 2425 1164 2474; x_wconf 88' lang='lat' dir='ltr'><strong>vestra</strong></span> <span class='ocrx_word' id='word_1_166' title='bbox 1213 2417 1412 2489; x_wconf 86' lang='lat' dir='ltr'><strong>aliquid</strong></span> <span class='ocrx_word' id='word_1_167' title='bbox 1440 2417 1642 2474; x_wconf 90' lang='lat' dir='ltr'><strong>habere</strong></span> <span class='ocrx_word' id='word_1_168' title='bbox 1672 2418 1858 2490; x_wconf 80' lang='lat' dir='ltr'><strong>dispu-</strong></span> 
     </span>
    </p>
   </div>
   <div class='ocr_carea' id='block_1_26' title="bbox 279 2507 521 2564">
    <p class='ocr_par' dir='ltr' id='par_1_26' title="bbox 279 2507 521 2564">
     <span class='ocr_line' id='line_1_26' title="bbox 279 2507 521 2564; baseline 0.004 -2"><span class='ocrx_word' id='word_1_169' title='bbox 279 2507 521 2564; x_wconf 87' lang='lat' dir='ltr'><strong>tationis.</strong></span> 
     </span>
    </p>
   </div>
   <div class='ocr_carea' id='block_1_27' title="bbox 349 2594 1853 2672">
    <p class='ocr_par' dir='ltr' id='par_1_27' title="bbox 349 2594 1853 2672">
     <span class='ocr_line' id='line_1_27' title="bbox 349 2594 1853 2672; baseline 0.002 -18"><span class='ocrx_word' id='word_1_170' title='bbox 349 2598 515 2655; x_wconf 84' lang='lat' dir='ltr'><strong>Inter.</strong></span> <span class='ocrx_word' id='word_1_171' title='bbox 557 2600 672 2667; x_wconf 86' lang='lat' dir='ltr'><strong>Dic,</strong></span> <span class='ocrx_word' id='word_1_172' title='bbox 720 2598 889 2656; x_wconf 82' lang='lat' dir='ltr'><strong>frater</strong></span> <span class='ocrx_word' id='word_1_173' title='bbox 929 2600 1268 2667; x_wconf 86' lang='lat' dir='ltr'><strong>cbarissime,</strong></span> <span class='ocrx_word' id='word_1_174' title='bbox 1320 2601 1514 2657; x_wconf 89' lang='lat' dir='ltr'><strong>horum</strong></span> <span class='ocrx_word' id='word_1_175' title='bbox 1549 2594 1853 2672; x_wconf 87' lang='lat' dir='ltr'><strong>temporum</strong></span> 
     </span>
    </p>
   </div>
   <div class='ocr_carea' id='block_1_28' title="bbox 275 2690 1855 2762">
    <p class='ocr_par' dir='ltr' id='par_1_28' title="bbox 275 2690 1855 2762">
     <span class='ocr_line' id='line_1_28' title="bbox 275 2690 1855 2762; baseline 0.001 -16"><span class='ocrx_word' id='word_1_176' title='bbox 275 2691 418 2746; x_wconf 86' lang='lat' dir='ltr'><strong>ratio</strong></span> <span class='ocrx_word' id='word_1_177' title='bbox 444 2691 544 2747; x_wconf 88' lang='lat' dir='ltr'><strong>sub</strong></span> <span class='ocrx_word' id='word_1_178' title='bbox 574 2701 705 2760; x_wconf 79' lang='lat' dir='ltr'><strong>qum</strong></span> <span class='ocrx_word' id='word_1_179' title='bbox 725 2691 974 2762; x_wconf 90' lang='lat' dir='ltr'><strong>capitulis</strong></span> <span class='ocrx_word' id='word_1_180' title='bbox 995 2691 1320 2757; x_wconf 88' lang='lat' dir='ltr'><strong>continetur,</strong></span> <span class='ocrx_word' id='word_1_181' title='bbox 1344 2690 1400 2746; x_wconf 92' lang='lat' dir='ltr'><strong>in</strong></span> <span class='ocrx_word' id='word_1_182' title='bbox 1429 2700 1689 2761; x_wconf 88' lang='lat' dir='ltr'><strong>quantum</strong></span> <span class='ocrx_word' id='word_1_183' title='bbox 1711 2706 1855 2748; x_wconf 90' lang='lat' dir='ltr'><strong>nunc</strong></span> 
     </span>
    </p>
   </div>
   <div class='ocr_carea' id='block_1_29' title="bbox 274 2781 1858 2854">
    <p class='ocr_par' dir='ltr' id='par_1_29' title="bbox 274 2781 1858 2854">
     <span class='ocr_line' id='line_1_29' title="bbox 274 2781 1858 2854; baseline 0.001 -17"><span class='ocrx_word' id='word_1_184' title='bbox 274 2781 344 2837; x_wconf 86' lang='lat' dir='ltr'><strong>ad</strong></span> <span class='ocrx_word' id='word_1_185' title='bbox 375 2790 618 2837; x_wconf 89' lang='lat' dir='ltr'><strong>nostram</strong></span> <span class='ocrx_word' id='word_1_186' title='bbox 663 2782 900 2852; x_wconf 87' lang='lat' dir='ltr'><strong>pertinet</strong></span> <span class='ocrx_word' id='word_1_187' title='bbox 927 2781 1389 2852; x_wconf 86' lang='lat' dir='ltr'><strong>disputationem?</strong></span> <span class='ocrx_word' id='word_1_188' title='bbox 1425 2781 1578 2854; x_wconf 84' lang='lat' dir='ltr'><strong>Resp.</strong></span> <span class='ocrx_word' id='word_1_189' title='bbox 1618 2782 1734 2839; x_wconf 81' lang='lat' dir='ltr'><strong>Nisi</strong></span> <span class='ocrx_word' id='word_1_190' title='bbox 1761 2783 1858 2838; x_wconf 83' lang='lat' dir='ltr'><strong>fal-</strong></span> 
     </span>
    </p>
   </div>
   <div class='ocr_carea' id='block_1_30' title="bbox 274 2869 1856 2942">
    <p class='ocr_par' dir='ltr' id='par_1_30' title="bbox 274 2869 1856 2942">
     <span class='ocr_line' id='line_1_30' title="bbox 274 2869 1856 2942; baseline 0.002 -16"><span class='ocrx_word' id='word_1_191' title='bbox 274 2870 363 2926; x_wconf 88' lang='lat' dir='ltr'><strong>lor</strong></span> <span class='ocrx_word' id='word_1_192' title='bbox 392 2869 495 2926; x_wconf 89' lang='lat' dir='ltr'><strong>sub</strong></span> <span class='ocrx_word' id='word_1_193' title='bbox 520 2886 550 2924; x_wconf 77' lang='lat' dir='ltr'><strong>x</strong></span> <span class='ocrx_word' id='word_1_194' title='bbox 583 2871 833 2941; x_wconf 87' lang='lat' dir='ltr'><strong>capitulis</strong></span> <span class='ocrx_word' id='word_1_195' title='bbox 882 2872 1181 2927; x_wconf 86' lang='lat' dir='ltr'><strong>consistere</strong></span> <span class='ocrx_word' id='word_1_196' title='bbox 1216 2873 1474 2928; x_wconf 87' lang='lat' dir='ltr'><strong>cernitur.</strong></span> <span class='ocrx_word' id='word_1_197' title='bbox 1518 2873 1686 2929; x_wconf 86' lang='lat' dir='ltr'><strong>Inter.</strong></span> <span class='ocrx_word' id='word_1_198' title='bbox 1726 2873 1856 2942; x_wconf 75' lang='lat' dir='ltr'><strong>Qum</strong></span> 
     </span>
    </p>
   </div>
   <div class='ocr_carea' id='block_1_31' title="bbox 273 2960 1857 3034">
    <p class='ocr_par' dir='ltr' id='par_1_31' title="bbox 273 2960 1857 3034">
     <span class='ocr_line' id='line_1_31' title="bbox 273 2960 1857 3034; baseline 0.003 -18"><span class='ocrx_word' id='word_1_199' title='bbox 273 2962 589 3017; x_wconf 69' lang='lat' dir='ltr'><strong>sunthaec?</strong></span> <span class='ocrx_word' id='word_1_200' title='bbox 625 2960 782 3034; x_wconf 87' lang='lat' dir='ltr'><strong>Resp.</strong></span> <span class='ocrx_word' id='word_1_201' title='bbox 824 2960 1066 3017; x_wconf 86' lang='lat' dir='ltr'><strong>Primum</strong></span> <span class='ocrx_word' id='word_1_202' title='bbox 1122 2962 1416 3033; x_wconf 81' lang='lat' dir='ltr'><strong>capitulum</strong></span> <span class='ocrx_word' id='word_1_203' title='bbox 1448 2971 1533 3020; x_wconf 89' lang='lat' dir='ltr'><strong>est</strong></span> <span class='ocrx_word' id='word_1_204' title='bbox 1585 2964 1659 3021; x_wconf 90' lang='lat' dir='ltr'><strong>de</strong></span> <span class='ocrx_word' id='word_1_205' title='bbox 1686 2963 1857 3020; x_wconf 87' lang='lat' dir='ltr'><strong>Chro-</strong></span> 
     </span>
    </p>
   </div>
   <div class='ocr_carea' id='block_1_32' title="bbox 275 3053 1855 3121">
    <p class='ocr_par' dir='ltr' id='par_1_32' title="bbox 275 3053 1855 3121">
     <span class='ocr_line' id='line_1_32' title="bbox 275 3053 1855 3121; baseline -0.001 -11"><span class='ocrx_word' id='word_1_206' title='bbox 275 3055 417 3110; x_wconf 76' lang='lat' dir='ltr'><strong>nica:</strong></span> <span class='ocrx_word' id='word_1_207' title='bbox 436 3053 719 3121; x_wconf 88' lang='lat' dir='ltr'><strong>vocabulo,</strong></span> <span class='ocrx_word' id='word_1_208' title='bbox 738 3053 1035 3109; x_wconf 83' lang='lat' dir='ltr'><strong>secundum</strong></span> <span class='ocrx_word' id='word_1_209' title='bbox 1060 3053 1126 3108; x_wconf 90' lang='lat' dir='ltr'><strong>de</strong></span> <span class='ocrx_word' id='word_1_210' title='bbox 1145 3053 1436 3110; x_wconf 86' lang='lat' dir='ltr'><strong>momentis</strong></span> <span class='ocrx_word' id='word_1_211' title='bbox 1459 3060 1515 3110; x_wconf 92' lang='lat' dir='ltr'><strong>et</strong></span> <span class='ocrx_word' id='word_1_212' title='bbox 1541 3054 1712 3120; x_wconf 77' lang='lat' dir='ltr'><strong>boris,</strong></span> <span class='ocrx_word' id='word_1_213' title='bbox 1744 3064 1855 3111; x_wconf 85' lang='lat' dir='ltr'><strong>ter-</strong></span> 
     </span>
    </p>
   </div>
   <div class='ocr_carea' id='block_1_33' title="bbox 1963 542 2656 598">
    <p class='ocr_par' dir='ltr' id='par_1_33' title="bbox 1963 542 2656 598">
     <span class='ocr_line' id='line_1_33' title="bbox 1963 542 2656 598; baseline -0.001 -1"><span class='ocrx_word' id='word_1_214' title='bbox 1963 558 2084 598; x_wconf 88' lang='lat' dir='ltr'><strong>rum</strong></span> <span class='ocrx_word' id='word_1_215' title='bbox 2111 551 2166 598; x_wconf 93' lang='lat' dir='ltr'><strong>et</strong></span> <span class='ocrx_word' id='word_1_216' title='bbox 2186 542 2656 597; x_wconf 87' lang='lat' dir='ltr'><strong>vestimentorum.</strong></span> 
     </span>
    </p>
   </div>
   <div class='ocr_carea' id='block_1_34' title="bbox 2030 634 3544 707">
    <p class='ocr_par' dir='ltr' id='par_1_34' title="bbox 2030 634 3544 707">
     <span class='ocr_line' id='line_1_34' title="bbox 2030 634 3544 707; baseline 0.005 -19"><span class='ocrx_word' id='word_1_217' title='bbox 2030 634 2196 690; x_wconf 83' lang='lat' dir='ltr'><strong>Inter.</strong></span> <span class='ocrx_word' id='word_1_218' title='bbox 2223 634 2363 702; x_wconf 84' lang='lat' dir='ltr'><strong>Quid</strong></span> <span class='ocrx_word' id='word_1_219' title='bbox 2390 644 2474 690; x_wconf 88' lang='lat' dir='ltr'><strong>est</strong></span> <span class='ocrx_word' id='word_1_220' title='bbox 2502 635 2657 689; x_wconf 86' lang='lat' dir='ltr'><strong>dies?</strong></span> <span class='ocrx_word' id='word_1_221' title='bbox 2692 634 2847 706; x_wconf 87' lang='lat' dir='ltr'><strong>Resp.</strong></span> <span class='ocrx_word' id='word_1_222' title='bbox 2882 635 3005 691; x_wconf 84' lang='lat' dir='ltr'><strong>Dies</strong></span> <span class='ocrx_word' id='word_1_223' title='bbox 3028 644 3115 691; x_wconf 86' lang='lat' dir='ltr'><strong>est</strong></span> <span class='ocrx_word' id='word_1_224' title='bbox 3142 638 3428 707; x_wconf 68' lang='lat' dir='ltr'><strong>praesentia</strong></span> <span class='ocrx_word' id='word_1_225' title='bbox 3453 655 3544 694; x_wconf 89' lang='lat' dir='ltr'><strong>so-</strong></span> 
     </span>
    </p>
   </div>
   <div class='ocr_carea' id='block_1_35' title="bbox 1959 726 3543 796">
    <p class='ocr_par' dir='ltr' id='par_1_35' title="bbox 1959 726 3543 796">
     <span class='ocr_line' id='line_1_35' title="bbox 1959 726 3543 796; baseline 0.001 -12"><span class='ocrx_word' id='word_1_226' title='bbox 1959 726 2046 792; x_wconf 86' lang='lat' dir='ltr'><strong>lis,</strong></span> <span class='ocrx_word' id='word_1_227' title='bbox 2076 728 2192 783; x_wconf 87' lang='lat' dir='ltr'><strong>sive</strong></span> <span class='ocrx_word' id='word_1_228' title='bbox 2234 726 2311 782; x_wconf 92' lang='lat' dir='ltr'><strong>sol</strong></span> <span class='ocrx_word' id='word_1_229' title='bbox 2338 742 2501 796; x_wconf 88' lang='lat' dir='ltr'><strong>supra</strong></span> <span class='ocrx_word' id='word_1_230' title='bbox 2543 736 2737 792; x_wconf 88' lang='lat' dir='ltr'><strong>terras,</strong></span> <span class='ocrx_word' id='word_1_231' title='bbox 2787 727 2926 781; x_wconf 85' lang='lat' dir='ltr'><strong>sicut</strong></span> <span class='ocrx_word' id='word_1_232' title='bbox 2970 742 3074 782; x_wconf 81' lang='lat' dir='ltr'><strong>nox</strong></span> <span class='ocrx_word' id='word_1_233' title='bbox 3122 727 3201 781; x_wconf 85' lang='lat' dir='ltr'><strong>sol</strong></span> <span class='ocrx_word' id='word_1_234' title='bbox 3233 728 3332 783; x_wconf 81' lang='lat' dir='ltr'><strong>sub</strong></span> <span class='ocrx_word' id='word_1_235' title='bbox 3365 731 3543 786; x_wconf 89' lang='lat' dir='ltr'><strong>terris.</strong></span> 
     </span>
    </p>
   </div>
   <div class='ocr_carea' id='block_1_36' title="bbox 1958 815 3543 888">
    <p class='ocr_par' dir='ltr' id='par_1_36' title="bbox 1958 815 3543 888">
     <span class='ocr_line' id='line_1_36' title="bbox 1958 815 3543 888; baseline 0.001 -16"><span class='ocrx_word' id='word_1_236' title='bbox 1958 815 2125 873; x_wconf 79' lang='lat' dir='ltr'><strong>Inter.</strong></span> <span class='ocrx_word' id='word_1_237' title='bbox 2164 818 2485 885; x_wconf 80' lang='lat' dir='ltr'><strong>Quomodo?</strong></span> <span class='ocrx_word' id='word_1_238' title='bbox 2524 817 2679 888; x_wconf 83' lang='lat' dir='ltr'><strong>Resp.</strong></span> <span class='ocrx_word' id='word_1_239' title='bbox 2716 817 2786 874; x_wconf 92' lang='lat' dir='ltr'><strong>Ut</strong></span> <span class='ocrx_word' id='word_1_240' title='bbox 2834 818 2978 873; x_wconf 88' lang='lat' dir='ltr'><strong>enim</strong></span> <span class='ocrx_word' id='word_1_241' title='bbox 3032 818 3147 874; x_wconf 89' lang='lat' dir='ltr'><strong>dies</strong></span> <span class='ocrx_word' id='word_1_242' title='bbox 3172 829 3264 873; x_wconf 90' lang='lat' dir='ltr'><strong>aut</strong></span> <span class='ocrx_word' id='word_1_243' title='bbox 3307 835 3413 874; x_wconf 78' lang='lat' dir='ltr'><strong>nox</strong></span> <span class='ocrx_word' id='word_1_244' title='bbox 3452 821 3543 887; x_wconf 87' lang='lat' dir='ltr'><strong>sit,</strong></span> 
     </span>
    </p>
   </div>
   <div class='ocr_carea' id='block_1_37' title="bbox 1958 910 3539 982">
    <p class='ocr_par' dir='ltr' id='par_1_37' title="bbox 1958 910 3539 982">
     <span class='ocr_line' id='line_1_37' title="bbox 1958 910 3539 982; baseline -0.003 -14"><span class='ocrx_word' id='word_1_245' title='bbox 1958 925 2126 968; x_wconf 82' lang='lat' dir='ltr'><strong>causa</strong></span> <span class='ocrx_word' id='word_1_246' title='bbox 2154 920 2258 976; x_wconf 86' lang='lat' dir='ltr'><strong>est,</strong></span> <span class='ocrx_word' id='word_1_247' title='bbox 2286 921 2346 966; x_wconf 90' lang='lat' dir='ltr'><strong>ut</strong></span> <span class='ocrx_word' id='word_1_248' title='bbox 2369 928 2533 982; x_wconf 83' lang='lat' dir='ltr'><strong>supra</strong></span> <span class='ocrx_word' id='word_1_249' title='bbox 2575 920 2776 967; x_wconf 87' lang='lat' dir='ltr'><strong>terram</strong></span> <span class='ocrx_word' id='word_1_250' title='bbox 2805 910 2884 966; x_wconf 91' lang='lat' dir='ltr'><strong>sol</strong></span> <span class='ocrx_word' id='word_1_251' title='bbox 2932 912 3022 977; x_wconf 85' lang='lat' dir='ltr'><strong>sit,</strong></span> <span class='ocrx_word' id='word_1_252' title='bbox 3082 919 3175 965; x_wconf 89' lang='lat' dir='ltr'><strong>aut</strong></span> <span class='ocrx_word' id='word_1_253' title='bbox 3224 912 3325 966; x_wconf 89' lang='lat' dir='ltr'><strong>sub</strong></span> <span class='ocrx_word' id='word_1_254' title='bbox 3355 913 3539 967; x_wconf 85' lang='lat' dir='ltr'><strong>terris.</strong></span> 
     </span>
    </p>
   </div>
   <div class='ocr_carea' id='block_1_38' title="bbox 1958 997 3545 1073">
    <p class='ocr_par' dir='ltr' id='par_1_38' title="bbox 1958 997 3545 1073">
     <span class='ocr_line' id='line_1_38' title="bbox 1958 997 3545 1073; baseline 0.001 -18"><span class='ocrx_word' id='word_1_255' title='bbox 1958 997 2128 1056; x_wconf 82' lang='lat' dir='ltr'><strong>Inter.</strong></span> <span class='ocrx_word' id='word_1_256' title='bbox 2169 1001 2297 1055; x_wconf 88' lang='lat' dir='ltr'><strong>Dies</strong></span> <span class='ocrx_word' id='word_1_257' title='bbox 2319 1010 2451 1071; x_wconf 89' lang='lat' dir='ltr'><strong>quot</strong></span> <span class='ocrx_word' id='word_1_258' title='bbox 2476 1001 2641 1056; x_wconf 87' lang='lat' dir='ltr'><strong>horas</strong></span> <span class='ocrx_word' id='word_1_259' title='bbox 2664 1001 2869 1055; x_wconf 83' lang='lat' dir='ltr'><strong>habet?</strong></span> <span class='ocrx_word' id='word_1_260' title='bbox 2921 999 3076 1069; x_wconf 87' lang='lat' dir='ltr'><strong>Resp.</strong></span> <span class='ocrx_word' id='word_1_261' title='bbox 3110 1001 3236 1057; x_wconf 87' lang='lat' dir='ltr'><strong>Dies</strong></span> <span class='ocrx_word' id='word_1_262' title='bbox 3272 1000 3545 1073; x_wconf 83' lang='lat' dir='ltr'><strong>legitimus</strong></span> 
     </span>
    </p>
   </div>
   <div class='ocr_carea' id='block_1_39' title="bbox 1958 1088 3541 1160">
    <p class='ocr_par' dir='ltr' id='par_1_39' title="bbox 1958 1088 3541 1160">
     <span class='ocr_line' id='line_1_39' title="bbox 1958 1088 3541 1160; baseline -0.001 -15"><span class='ocrx_word' id='word_1_263' title='bbox 1958 1106 2089 1145; x_wconf 73' lang='lat' dir='ltr'><strong>xstv</strong></span> <span class='ocrx_word' id='word_1_264' title='bbox 2111 1091 2369 1145; x_wconf 85' lang='lat' dir='ltr'><strong>horarum</strong></span> <span class='ocrx_word' id='word_1_265' title='bbox 2390 1100 2493 1157; x_wconf 89' lang='lat' dir='ltr'><strong>est,</strong></span> <span class='ocrx_word' id='word_1_266' title='bbox 2521 1105 2693 1160; x_wconf 89' lang='lat' dir='ltr'><strong>usque</strong></span> <span class='ocrx_word' id='word_1_267' title='bbox 2717 1090 2844 1145; x_wconf 89' lang='lat' dir='ltr'><strong>dum</strong></span> <span class='ocrx_word' id='word_1_268' title='bbox 2869 1088 2987 1145; x_wconf 88' lang='lat' dir='ltr'><strong>dies</strong></span> <span class='ocrx_word' id='word_1_269' title='bbox 3014 1099 3069 1144; x_wconf 91' lang='lat' dir='ltr'><strong>et</strong></span> <span class='ocrx_word' id='word_1_270' title='bbox 3110 1105 3216 1144; x_wconf 81' lang='lat' dir='ltr'><strong>nox</strong></span> <span class='ocrx_word' id='word_1_271' title='bbox 3244 1090 3421 1160; x_wconf 88' lang='lat' dir='ltr'><strong>spatio</strong></span> <span class='ocrx_word' id='word_1_272' title='bbox 3456 1089 3541 1145; x_wconf 90' lang='lat' dir='ltr'><strong>sui</strong></span> 
     </span>
    </p>
   </div>
   <div class='ocr_carea' id='block_1_40' title="bbox 1959 1180 3544 1252">
    <p class='ocr_par' dir='ltr' id='par_1_40' title="bbox 1959 1180 3544 1252">
     <span class='ocr_line' id='line_1_40' title="bbox 1959 1180 3544 1252; baseline -0.001 -16"><span class='ocrx_word' id='word_1_273' title='bbox 1959 1196 2150 1236; x_wconf 89' lang='lat' dir='ltr'><strong>cursus</strong></span> <span class='ocrx_word' id='word_1_274' title='bbox 2178 1181 2248 1235; x_wconf 87' lang='lat' dir='ltr'><strong>ab</strong></span> <span class='ocrx_word' id='word_1_275' title='bbox 2266 1181 2476 1236; x_wconf 87' lang='lat' dir='ltr'><strong>oriente</strong></span> <span class='ocrx_word' id='word_1_276' title='bbox 2506 1196 2676 1252; x_wconf 89' lang='lat' dir='ltr'><strong>usque</strong></span> <span class='ocrx_word' id='word_1_277' title='bbox 2705 1180 2773 1234; x_wconf 90' lang='lat' dir='ltr'><strong>ad</strong></span> <span class='ocrx_word' id='word_1_278' title='bbox 2820 1180 2985 1235; x_wconf 89' lang='lat' dir='ltr'><strong>alium</strong></span> <span class='ocrx_word' id='word_1_279' title='bbox 3013 1180 3331 1236; x_wconf 81' lang='lat' dir='ltr'><strong>orientalem</strong></span> <span class='ocrx_word' id='word_1_280' title='bbox 3373 1180 3544 1235; x_wconf 88' lang='lat' dir='ltr'><strong>solem</strong></span> 
     </span>
    </p>
   </div>
   <div class='ocr_carea' id='block_1_41' title="bbox 1958 1269 3537 1335">
    <p class='ocr_par' dir='ltr' id='par_1_41' title="bbox 1958 1269 3537 1335">
     <span class='ocr_line' id='line_1_41' title="bbox 1958 1269 3537 1335; baseline -0.001 -8"><span class='ocrx_word' id='word_1_281' title='bbox 1958 1271 2083 1327; x_wconf 66' lang='lat' dir='ltr'><strong>caeli</strong></span> <span class='ocrx_word' id='word_1_282' title='bbox 2108 1271 2439 1327; x_wconf 87' lang='lat' dir='ltr'><strong>volubilitate</strong></span> <span class='ocrx_word' id='word_1_283' title='bbox 2487 1269 2794 1335; x_wconf 88' lang='lat' dir='ltr'><strong>concludit;</strong></span> <span class='ocrx_word' id='word_1_284' title='bbox 2829 1286 2956 1324; x_wconf 88' lang='lat' dir='ltr'><strong>nam</strong></span> <span class='ocrx_word' id='word_1_285' title='bbox 2999 1270 3220 1325; x_wconf 87' lang='lat' dir='ltr'><strong>abusive</strong></span> <span class='ocrx_word' id='word_1_286' title='bbox 3254 1269 3371 1325; x_wconf 88' lang='lat' dir='ltr'><strong>dies</strong></span> <span class='ocrx_word' id='word_1_287' title='bbox 3395 1285 3537 1325; x_wconf 90' lang='lat' dir='ltr'><strong>unus</strong></span> 
     </span>
    </p>
   </div>
   <div class='ocr_carea' id='block_1_42' title="bbox 1958 1360 3540 1432">
    <p class='ocr_par' dir='ltr' id='par_1_42' title="bbox 1958 1360 3540 1432">
     <span class='ocr_line' id='line_1_42' title="bbox 1958 1360 3540 1432; baseline -0.003 -16"><span class='ocrx_word' id='word_1_288' title='bbox 1958 1369 2044 1416; x_wconf 91' lang='lat' dir='ltr'><strong>est</strong></span> <span class='ocrx_word' id='word_1_289' title='bbox 2075 1360 2310 1432; x_wconf 83' lang='lat' dir='ltr'><strong>spatium</strong></span> <span class='ocrx_word' id='word_1_290' title='bbox 2341 1360 2411 1416; x_wconf 90' lang='lat' dir='ltr'><strong>ab</strong></span> <span class='ocrx_word' id='word_1_291' title='bbox 2458 1360 2668 1416; x_wconf 88' lang='lat' dir='ltr'><strong>oriente</strong></span> <span class='ocrx_word' id='word_1_292' title='bbox 2709 1360 2820 1417; x_wconf 90' lang='lat' dir='ltr'><strong>sole</strong></span> <span class='ocrx_word' id='word_1_293' title='bbox 2875 1376 3047 1430; x_wconf 85' lang='lat' dir='ltr'><strong>usque</strong></span> <span class='ocrx_word' id='word_1_294' title='bbox 3089 1360 3156 1415; x_wconf 89' lang='lat' dir='ltr'><strong>ad</strong></span> <span class='ocrx_word' id='word_1_295' title='bbox 3184 1360 3540 1416; x_wconf 86' lang='lat' dir='ltr'><strong>occidentem.</strong></span> 
     </span>
    </p>
   </div>
   <div class='ocr_carea' id='block_1_43' title="bbox 1960 1446 3539 1523">
    <p class='ocr_par' dir='ltr' id='par_1_43' title="bbox 1960 1446 3539 1523">
     <span class='ocr_line' id='line_1_43' title="bbox 1960 1446 3539 1523; baseline -0.001 -19"><span class='ocrx_word' id='word_1_296' title='bbox 1960 1446 2126 1504; x_wconf 87' lang='lat' dir='ltr'><strong>Inter.</strong></span> <span class='ocrx_word' id='word_1_297' title='bbox 2156 1448 2271 1504; x_wconf 90' lang='lat' dir='ltr'><strong>Diei</strong></span> <span class='ocrx_word' id='word_1_298' title='bbox 2288 1450 2464 1523; x_wconf 87' lang='lat' dir='ltr'><strong>spatia</strong></span> <span class='ocrx_word' id='word_1_299' title='bbox 2482 1457 2614 1521; x_wconf 90' lang='lat' dir='ltr'><strong>quot</strong></span> <span class='ocrx_word' id='word_1_300' title='bbox 2639 1449 2806 1503; x_wconf 87' lang='lat' dir='ltr'><strong>sunt?</strong></span> <span class='ocrx_word' id='word_1_301' title='bbox 2831 1447 2984 1519; x_wconf 82' lang='lat' dir='ltr'><strong>Resp.</strong></span> <span class='ocrx_word' id='word_1_302' title='bbox 3012 1449 3146 1503; x_wconf 88' lang='lat' dir='ltr'><strong>Duo.</strong></span> <span class='ocrx_word' id='word_1_303' title='bbox 3177 1448 3343 1503; x_wconf 86' lang='lat' dir='ltr'><strong>Inter.</strong></span> <span class='ocrx_word' id='word_1_304' title='bbox 3371 1448 3539 1516; x_wconf 75' lang='lat' dir='ltr'><strong>Qum?</strong></span> 
     </span>
    </p>
   </div>
   <div class='ocr_carea' id='block_1_44' title="bbox 1957 1535 3543 1611">
    <p class='ocr_par' dir='ltr' id='par_1_44' title="bbox 1957 1535 3543 1611">
     <span class='ocr_line' id='line_1_44' title="bbox 1957 1535 3543 1611; baseline -0.004 -16"><span class='ocrx_word' id='word_1_305' title='bbox 1957 1539 2110 1611; x_wconf 84' lang='lat' dir='ltr'><strong>Resp.</strong></span> <span class='ocrx_word' id='word_1_306' title='bbox 2151 1539 2541 1604; x_wconf 86' lang='lat' dir='ltr'><strong>Interdiauum,</strong></span> <span class='ocrx_word' id='word_1_307' title='bbox 2590 1546 2645 1592; x_wconf 85' lang='lat' dir='ltr'><strong>et</strong></span> <span class='ocrx_word' id='word_1_308' title='bbox 2669 1545 3013 1603; x_wconf 89' lang='lat' dir='ltr'><strong>nocturnum,</strong></span> <span class='ocrx_word' id='word_1_309' title='bbox 3067 1544 3237 1592; x_wconf 88' lang='lat' dir='ltr'><strong>etest</strong></span> <span class='ocrx_word' id='word_1_310' title='bbox 3285 1537 3399 1592; x_wconf 90' lang='lat' dir='ltr'><strong>dies</strong></span> <span class='ocrx_word' id='word_1_311' title='bbox 3426 1535 3543 1605; x_wconf 86' lang='lat' dir='ltr'><strong>qui-</strong></span> 
     </span>
    </p>
   </div>
   <div class='ocr_carea' id='block_1_45' title="bbox 1958 1629 3537 1700">
    <p class='ocr_par' dir='ltr' id='par_1_45' title="bbox 1958 1629 3537 1700">
     <span class='ocr_line' id='line_1_45' title="bbox 1958 1629 3537 1700; baseline -0.004 -13"><span class='ocrx_word' id='word_1_312' title='bbox 1958 1632 2082 1688; x_wconf 86' lang='lat' dir='ltr'><strong>dem</strong></span> <span class='ocrx_word' id='word_1_313' title='bbox 2119 1633 2375 1687; x_wconf 81' lang='lat' dir='ltr'><strong>horarum</strong></span> <span class='ocrx_word' id='word_1_314' title='bbox 2429 1646 2581 1696; x_wconf 76' lang='lat' dir='ltr'><strong>xxrv,</strong></span> <span class='ocrx_word' id='word_1_315' title='bbox 2633 1629 2868 1700; x_wconf 87' lang='lat' dir='ltr'><strong>spatium</strong></span> <span class='ocrx_word' id='word_1_316' title='bbox 2904 1639 3082 1684; x_wconf 87' lang='lat' dir='ltr'><strong>autem</strong></span> <span class='ocrx_word' id='word_1_317' title='bbox 3136 1629 3392 1683; x_wconf 87' lang='lat' dir='ltr'><strong>horarum</strong></span> <span class='ocrx_word' id='word_1_318' title='bbox 3439 1643 3537 1681; x_wconf 81' lang='lat' dir='ltr'><strong>xu.</strong></span> 
     </span>
    </p>
   </div>
   <div class='ocr_carea' id='block_1_46' title="bbox 1961 1715 3546 1789">
    <p class='ocr_par' dir='ltr' id='par_1_46' title="bbox 1961 1715 3546 1789">
     <span class='ocr_line' id='line_1_46' title="bbox 1961 1715 3546 1789; baseline -0.002 -17"><span class='ocrx_word' id='word_1_319' title='bbox 1961 1717 2127 1774; x_wconf 82' lang='lat' dir='ltr'><strong>Inter.</strong></span> <span class='ocrx_word' id='word_1_320' title='bbox 2160 1720 2312 1777; x_wconf 87' lang='lat' dir='ltr'><strong>Unde</strong></span> <span class='ocrx_word' id='word_1_321' title='bbox 2342 1718 2537 1774; x_wconf 91' lang='lat' dir='ltr'><strong>dicitur</strong></span> <span class='ocrx_word' id='word_1_322' title='bbox 2562 1717 2719 1772; x_wconf 88' lang='lat' dir='ltr'><strong>dies?</strong></span> <span class='ocrx_word' id='word_1_323' title='bbox 2758 1716 2915 1789; x_wconf 85' lang='lat' dir='ltr'><strong>Resp.</strong></span> <span class='ocrx_word' id='word_1_324' title='bbox 2969 1715 3205 1772; x_wconf 85' lang='lat' dir='ltr'><strong>Vocatus</strong></span> <span class='ocrx_word' id='word_1_325' title='bbox 3252 1725 3337 1772; x_wconf 89' lang='lat' dir='ltr'><strong>est</strong></span> <span class='ocrx_word' id='word_1_326' title='bbox 3365 1726 3546 1770; x_wconf 88' lang='lat' dir='ltr'><strong>autem</strong></span> 
     </span>
    </p>
   </div>
   <div class='ocr_carea' id='block_1_47' title="bbox 1891 1807 3549 1885">
    <p class='ocr_par' dir='ltr' id='par_1_47' title="bbox 1891 1807 3549 1885">
     <span class='ocr_line' id='line_1_47' title="bbox 1891 1807 3549 1885; baseline -0.005 -17"><span class='ocrx_word' id='word_1_327' title='bbox 1891 1808 1935 1868; x_wconf 85' lang='grc' dir='ltr'><strong><em>Β</em></strong></span> <span class='ocrx_word' id='word_1_328' title='bbox 1962 1812 2077 1868; x_wconf 89' lang='lat' dir='ltr'><strong>dies</strong></span> <span class='ocrx_word' id='word_1_329' title='bbox 2106 1828 2136 1866; x_wconf 91' lang='lat' dir='ltr'><strong>a</strong></span> <span class='ocrx_word' id='word_1_330' title='bbox 2156 1820 2311 1885; x_wconf 91' lang='lat' dir='ltr'><strong>parte</strong></span> <span class='ocrx_word' id='word_1_331' title='bbox 2333 1811 2576 1876; x_wconf 89' lang='lat' dir='ltr'><strong>meliore,</strong></span> <span class='ocrx_word' id='word_1_332' title='bbox 2608 1809 2750 1865; x_wconf 91' lang='lat' dir='ltr'><strong>unde</strong></span> <span class='ocrx_word' id='word_1_333' title='bbox 2770 1817 2825 1864; x_wconf 88' lang='lat' dir='ltr'><strong>et</strong></span> <span class='ocrx_word' id='word_1_334' title='bbox 2845 1809 2899 1863; x_wconf 93' lang='lat' dir='ltr'><strong>in</strong></span> <span class='ocrx_word' id='word_1_335' title='bbox 2931 1824 3028 1864; x_wconf 92' lang='lat' dir='ltr'><strong>usu</strong></span> <span class='ocrx_word' id='word_1_336' title='bbox 3057 1816 3155 1871; x_wconf 88' lang='lat' dir='ltr'><strong>est,</strong></span> <span class='ocrx_word' id='word_1_337' title='bbox 3187 1815 3245 1862; x_wconf 89' lang='lat' dir='ltr'><strong>ut</strong></span> <span class='ocrx_word' id='word_1_338' title='bbox 3266 1807 3381 1863; x_wconf 90' lang='lat' dir='ltr'><strong>sine</strong></span> <span class='ocrx_word' id='word_1_339' title='bbox 3403 1822 3549 1862; x_wconf 85' lang='lat' dir='ltr'><strong>eom-</strong></span> 
     </span>
    </p>
   </div>
   <div class='ocr_carea' id='block_1_48' title="bbox 1961 1888 3549 1963">
    <p class='ocr_par' dir='ltr' id='par_1_48' title="bbox 1961 1888 3549 1963">
     <span class='ocr_line' id='line_1_48' title="bbox 1961 1888 3549 1963; baseline -0.003 -8"><span class='ocrx_word' id='word_1_340' title='bbox 1961 1901 2352 1956; x_wconf 81' lang='lat' dir='ltr'><strong>mcmorationc</strong></span> <span class='ocrx_word' id='word_1_341' title='bbox 2375 1898 2551 1954; x_wconf 87' lang='lat' dir='ltr'><strong>noctis</strong></span> <span class='ocrx_word' id='word_1_342' title='bbox 2577 1913 2862 1953; x_wconf 89' lang='lat' dir='ltr'><strong>numerum</strong></span> <span class='ocrx_word' id='word_1_343' title='bbox 2908 1898 3153 1953; x_wconf 87' lang='lat' dir='ltr'><strong>dicamus</strong></span> <span class='ocrx_word' id='word_1_344' title='bbox 3180 1897 3409 1963; x_wconf 90' lang='lat' dir='ltr'><strong>dierum,</strong></span> <span class='ocrx_word' id='word_1_345' title='bbox 3443 1888 3549 1951; x_wconf 59' lang='lat' dir='ltr'><strong>sic?-</strong></span> 
     </span>
    </p>
   </div>
   <div class='ocr_carea' id='block_1_49' title="bbox 1959 1985 3548 2064">
    <p class='ocr_par' dir='ltr' id='par_1_49' title="bbox 1959 1985 3548 2064">
     <span class='ocr_line' id='line_1_49' title="bbox 1959 1985 3548 2064; baseline -0.003 -18"><span class='ocrx_word' id='word_1_346' title='bbox 1959 2000 2098 2047; x_wconf 91' lang='lat' dir='ltr'><strong>utet</strong></span> <span class='ocrx_word' id='word_1_347' title='bbox 2123 1992 2179 2046; x_wconf 87' lang='lat' dir='ltr'><strong>in</strong></span> <span class='ocrx_word' id='word_1_348' title='bbox 2217 1990 2334 2064; x_wconf 84' lang='lat' dir='ltr'><strong>lege</strong></span> <span class='ocrx_word' id='word_1_349' title='bbox 2386 1990 2570 2044; x_wconf 87' lang='lat' dir='ltr'><strong>divina</strong></span> <span class='ocrx_word' id='word_1_350' title='bbox 2602 1990 2865 2059; x_wconf 89' lang='lat' dir='ltr'><strong>scriptum</strong></span> <span class='ocrx_word' id='word_1_351' title='bbox 2906 1997 3026 2043; x_wconf 90' lang='lat' dir='ltr'><strong>est:</strong></span> <span class='ocrx_word' id='word_1_352' title='bbox 3070 1985 3295 2041; x_wconf 79' lang='lat' dir='ltr'><strong>Factum</strong></span> <span class='ocrx_word' id='word_1_353' title='bbox 3326 1995 3402 2041; x_wconf 85' lang='lat' dir='ltr'><strong>est</strong></span> <span class='ocrx_word' id='word_1_354' title='bbox 3432 2003 3548 2042; x_wconf 78' lang='lat' dir='ltr'><strong>ves-</strong></span> 
     </span>
    </p>
   </div>
   <div class='ocr_carea' id='block_1_50' title="bbox 1956 2076 3549 2153">
    <p class='ocr_par' dir='ltr' id='par_1_50' title="bbox 1956 2076 3549 2153">
     <span class='ocr_line' id='line_1_50' title="bbox 1956 2076 3549 2153; baseline -0.002 -18"><span class='ocrx_word' id='word_1_355' title='bbox 1956 2097 2079 2153; x_wconf 89' lang='lat' dir='ltr'><strong>pere</strong></span> <span class='ocrx_word' id='word_1_356' title='bbox 2104 2089 2153 2135; x_wconf 91' lang='lat' dir='ltr'><strong>et</strong></span> <span class='ocrx_word' id='word_1_357' title='bbox 2177 2096 2331 2134; x_wconf 86' lang='lat' dir='ltr'><strong>mane</strong></span> <span class='ocrx_word' id='word_1_358' title='bbox 2357 2080 2467 2133; x_wconf 84' lang='lat' dir='ltr'><strong>dies</strong></span> <span class='ocrx_word' id='word_1_359' title='bbox 2492 2094 2648 2134; x_wconf 85' lang='lat' dir='ltr'><strong>unus.</strong></span> <span class='ocrx_word' id='word_1_360' title='bbox 2682 2078 2849 2133; x_wconf 85' lang='lat' dir='ltr'><strong>Inter.</strong></span> <span class='ocrx_word' id='word_1_361' title='bbox 2880 2078 2977 2133; x_wconf 90' lang='lat' dir='ltr'><strong>Dic</strong></span> <span class='ocrx_word' id='word_1_362' title='bbox 2998 2077 3151 2142; x_wconf 83' lang='lat' dir='ltr'><strong>mihi,</strong></span> <span class='ocrx_word' id='word_1_363' title='bbox 3177 2077 3373 2147; x_wconf 88' lang='lat' dir='ltr'><strong>quibus</strong></span> <span class='ocrx_word' id='word_1_364' title='bbox 3396 2076 3549 2132; x_wconf 81' lang='lat' dir='ltr'><strong>horis</strong></span> 
     </span>
    </p>
   </div>
   <div class='ocr_carea' id='block_1_51' title="bbox 1958 2167 3546 2239">
    <p class='ocr_par' dir='ltr' id='par_1_51' title="bbox 1958 2167 3546 2239">
     <span class='ocr_line' id='line_1_51' title="bbox 1958 2167 3546 2239; baseline -0.003 -13"><span class='ocrx_word' id='word_1_365' title='bbox 1958 2171 2252 2227; x_wconf 90' lang='lat' dir='ltr'><strong>secundum</strong></span> <span class='ocrx_word' id='word_1_366' title='bbox 2299 2170 2746 2226; x_wconf 89' lang='lat' dir='ltr'><strong>consuetudinem</strong></span> <span class='ocrx_word' id='word_1_367' title='bbox 2796 2168 3216 2237; x_wconf 88' lang='lat' dir='ltr'><strong>uniuscujusque</strong></span> <span class='ocrx_word' id='word_1_368' title='bbox 3254 2167 3430 2239; x_wconf 88' lang='lat' dir='ltr'><strong>gentis</strong></span> <span class='ocrx_word' id='word_1_369' title='bbox 3458 2182 3546 2222; x_wconf 88' lang='lat' dir='ltr'><strong>ra-</strong></span> 
     </span>
    </p>
   </div>
   <div class='ocr_carea' id='block_1_52' title="bbox 1958 2257 3543 2329">
    <p class='ocr_par' dir='ltr' id='par_1_52' title="bbox 1958 2257 3543 2329">
     <span class='ocr_line' id='line_1_52' title="bbox 1958 2257 3543 2329; baseline -0.002 -12"><span class='ocrx_word' id='word_1_370' title='bbox 1958 2262 2161 2317; x_wconf 87' lang='lat' dir='ltr'><strong>tionem</strong></span> <span class='ocrx_word' id='word_1_371' title='bbox 2214 2260 2431 2315; x_wconf 84' lang='lat' dir='ltr'><strong>inchoat</strong></span> <span class='ocrx_word' id='word_1_372' title='bbox 2474 2260 2631 2314; x_wconf 89' lang='lat' dir='ltr'><strong>dies?</strong></span> <span class='ocrx_word' id='word_1_373' title='bbox 2670 2257 2827 2329; x_wconf 86' lang='lat' dir='ltr'><strong>Resp.</strong></span> <span class='ocrx_word' id='word_1_374' title='bbox 2899 2257 3207 2313; x_wconf 85' lang='lat' dir='ltr'><strong>Secundum</strong></span> <span class='ocrx_word' id='word_1_375' title='bbox 3259 2257 3543 2329; x_wconf 71' lang='lat' dir='ltr'><strong>Aigyptios</strong></span> 
     </span>
    </p>
   </div>
   <div class='ocr_carea' id='block_1_53' title="bbox 1956 2346 3542 2423">
    <p class='ocr_par' dir='ltr' id='par_1_53' title="bbox 1956 2346 3542 2423">
     <span class='ocr_line' id='line_1_53' title="bbox 1956 2346 3542 2423; baseline -0.004 -16"><span class='ocrx_word' id='word_1_376' title='bbox 1956 2351 2147 2423; x_wconf 86' lang='lat' dir='ltr'><strong>incipit</strong></span> <span class='ocrx_word' id='word_1_377' title='bbox 2180 2351 2250 2406; x_wconf 89' lang='lat' dir='ltr'><strong>ab</strong></span> <span class='ocrx_word' id='word_1_378' title='bbox 2292 2365 2492 2406; x_wconf 89' lang='lat' dir='ltr'><strong>occasu</strong></span> <span class='ocrx_word' id='word_1_379' title='bbox 2540 2349 2710 2415; x_wconf 88' lang='lat' dir='ltr'><strong>solis;</strong></span> <span class='ocrx_word' id='word_1_380' title='bbox 2743 2349 3038 2405; x_wconf 83' lang='lat' dir='ltr'><strong>secundum</strong></span> <span class='ocrx_word' id='word_1_381' title='bbox 3096 2347 3293 2403; x_wconf 85' lang='lat' dir='ltr'><strong>Persas</strong></span> <span class='ocrx_word' id='word_1_382' title='bbox 3328 2346 3397 2401; x_wconf 91' lang='lat' dir='ltr'><strong>ab</strong></span> <span class='ocrx_word' id='word_1_383' title='bbox 3422 2358 3542 2402; x_wconf 91' lang='lat' dir='ltr'><strong>ortu</strong></span> 
     </span>
    </p>
   </div>
   <div class='ocr_carea' id='block_1_54' title="bbox 1957 2441 3533 2512">
    <p class='ocr_par' dir='ltr' id='par_1_54' title="bbox 1957 2441 3533 2512">
     <span class='ocr_line' id='line_1_54' title="bbox 1957 2441 3533 2512; baseline -0.004 -11"><span class='ocrx_word' id='word_1_384' title='bbox 1957 2444 2125 2512; x_wconf 78' lang='lat' dir='ltr'><strong>solis;</strong></span> <span class='ocrx_word' id='word_1_385' title='bbox 2158 2443 2453 2499; x_wconf 91' lang='lat' dir='ltr'><strong>secundum</strong></span> <span class='ocrx_word' id='word_1_386' title='bbox 2473 2442 2835 2499; x_wconf 82' lang='lat' dir='ltr'><strong>Athenienses</strong></span> <span class='ocrx_word' id='word_1_387' title='bbox 2864 2457 2896 2497; x_wconf 88' lang='lat' dir='ltr'><strong>a</strong></span> <span class='ocrx_word' id='word_1_388' title='bbox 2921 2458 2976 2496; x_wconf 78' lang='lat' dir='ltr'><strong>v1</strong></span> <span class='ocrx_word' id='word_1_389' title='bbox 3006 2441 3144 2497; x_wconf 89' lang='lat' dir='ltr'><strong>hora</strong></span> <span class='ocrx_word' id='word_1_390' title='bbox 3164 2442 3269 2497; x_wconf 90' lang='lat' dir='ltr'><strong>diei</strong></span> <span class='ocrx_word' id='word_1_391' title='bbox 3296 2458 3310 2508; x_wconf 90' lang='lat'><strong>;</strong></span> <span class='ocrx_word' id='word_1_392' title='bbox 3344 2456 3533 2496; x_wconf 57' lang='lat' dir='ltr'><strong>secuno</strong></span> 
     </span>
    </p>
   </div>
   <div class='ocr_carea' id='block_1_55' title="bbox 1956 2534 3542 2599">
    <p class='ocr_par' dir='ltr' id='par_1_55' title="bbox 1956 2534 3542 2599">
     <span class='ocr_line' id='line_1_55' title="bbox 1956 2534 3542 2599; baseline -0.003 -8"><span class='ocrx_word' id='word_1_393' title='bbox 1956 2537 2085 2591; x_wconf 89' lang='lat' dir='ltr'><strong>dum</strong></span> <span class='ocrx_word' id='word_1_394' title='bbox 2140 2535 2415 2593; x_wconf 81' lang='lat' dir='ltr'><strong>Romanos</strong></span> <span class='ocrx_word' id='word_1_395' title='bbox 2465 2549 2594 2590; x_wconf 85' lang='lat' dir='ltr'><strong>vero</strong></span> <span class='ocrx_word' id='word_1_396' title='bbox 2622 2549 2652 2589; x_wconf 87' lang='lat' dir='ltr'><strong>a</strong></span> <span class='ocrx_word' id='word_1_397' title='bbox 2708 2534 2888 2590; x_wconf 89' lang='lat' dir='ltr'><strong>media</strong></span> <span class='ocrx_word' id='word_1_398' title='bbox 2937 2542 3120 2599; x_wconf 90' lang='lat' dir='ltr'><strong>nocte,</strong></span> <span class='ocrx_word' id='word_1_399' title='bbox 3159 2534 3302 2588; x_wconf 89' lang='lat' dir='ltr'><strong>unde</strong></span> <span class='ocrx_word' id='word_1_400' title='bbox 3329 2541 3383 2588; x_wconf 92' lang='lat' dir='ltr'><strong>et</strong></span> <span class='ocrx_word' id='word_1_401' title='bbox 3414 2538 3542 2587; x_wconf 89' lang='lat' dir='ltr'><strong>tunc</strong></span> 
     </span>
    </p>
   </div>
   <div class='ocr_carea' id='block_1_56' title="bbox 1954 2623 3543 2701">
    <p class='ocr_par' dir='ltr' id='par_1_56' title="bbox 1954 2623 3543 2701">
     <span class='ocr_line' id='line_1_56' title="bbox 1954 2623 3543 2701; baseline -0.004 -18"><span class='ocrx_word' id='word_1_402' title='bbox 1954 2628 2280 2701; x_wconf 83' lang='lat' dir='ltr'><strong>gallicinium</strong></span> <span class='ocrx_word' id='word_1_403' title='bbox 2332 2636 2435 2694; x_wconf 91' lang='lat' dir='ltr'><strong>est,</strong></span> <span class='ocrx_word' id='word_1_404' title='bbox 2491 2641 2722 2698; x_wconf 88' lang='lat' dir='ltr'><strong>quorum</strong></span> <span class='ocrx_word' id='word_1_405' title='bbox 2771 2642 2878 2682; x_wconf 79' lang='lat' dir='ltr'><strong>vox</strong></span> <span class='ocrx_word' id='word_1_406' title='bbox 2907 2626 3013 2682; x_wconf 90' lang='lat' dir='ltr'><strong>diei</strong></span> <span class='ocrx_word' id='word_1_407' title='bbox 3063 2623 3301 2681; x_wconf 89' lang='lat' dir='ltr'><strong>ostendit</strong></span> <span class='ocrx_word' id='word_1_408' title='bbox 3339 2639 3543 2696; x_wconf 69' lang='lat' dir='ltr'><strong>praeco-</strong></span> 
     </span>
    </p>
   </div>
   <div class='ocr_carea' id='block_1_57' title="bbox 1956 2712 3545 2789">
    <p class='ocr_par' dir='ltr' id='par_1_57' title="bbox 1956 2712 3545 2789">
     <span class='ocr_line' id='line_1_57' title="bbox 1956 2712 3545 2789; baseline -0.004 -15"><span class='ocrx_word' id='word_1_409' title='bbox 1956 2718 2126 2786; x_wconf 85' lang='lat' dir='ltr'><strong>nium,</strong></span> <span class='ocrx_word' id='word_1_410' title='bbox 2153 2716 2370 2789; x_wconf 88' lang='lat' dir='ltr'><strong>quando</strong></span> <span class='ocrx_word' id='word_1_411' title='bbox 2397 2724 2453 2771; x_wconf 88' lang='lat' dir='ltr'><strong>et</strong></span> <span class='ocrx_word' id='word_1_412' title='bbox 2486 2716 2818 2771; x_wconf 86' lang='lat' dir='ltr'><strong>mesonictios</strong></span> <span class='ocrx_word' id='word_1_413' title='bbox 2842 2714 3053 2772; x_wconf 77' lang='lat' dir='ltr'><strong>afﬂatus</strong></span> <span class='ocrx_word' id='word_1_414' title='bbox 3069 2716 3159 2771; x_wconf 88' lang='lat' dir='ltr'><strong>sit.</strong></span> <span class='ocrx_word' id='word_1_415' title='bbox 3191 2713 3358 2769; x_wconf 82' lang='lat' dir='ltr'><strong>Inter.</strong></span> <span class='ocrx_word' id='word_1_416' title='bbox 3390 2712 3545 2769; x_wconf 87' lang='lat' dir='ltr'><strong>Unde</strong></span> 
     </span>
    </p>
   </div>
   <div class='ocr_carea' id='block_1_58' title="bbox 1956 2803 3544 2877">
    <p class='ocr_par' dir='ltr' id='par_1_58' title="bbox 1956 2803 3544 2877">
     <span class='ocr_line' id='line_1_58' title="bbox 1956 2803 3544 2877; baseline -0.005 -12"><span class='ocrx_word' id='word_1_417' title='bbox 1956 2809 2086 2865; x_wconf 86' lang='lat' dir='ltr'><strong>dic-ti</strong></span> <span class='ocrx_word' id='word_1_418' title='bbox 2120 2815 2248 2864; x_wconf 88' lang='lat' dir='ltr'><strong>sunt</strong></span> <span class='ocrx_word' id='word_1_419' title='bbox 2293 2807 2453 2862; x_wconf 85' lang='lat' dir='ltr'><strong>dies?</strong></span> <span class='ocrx_word' id='word_1_420' title='bbox 2482 2805 2639 2877; x_wconf 85' lang='lat' dir='ltr'><strong>Resp.</strong></span> <span class='ocrx_word' id='word_1_421' title='bbox 2678 2806 2809 2863; x_wconf 87' lang='lat' dir='ltr'><strong>Dies</strong></span> <span class='ocrx_word' id='word_1_422' title='bbox 2835 2821 2867 2861; x_wconf 86' lang='lat' dir='ltr'><strong>a</strong></span> <span class='ocrx_word' id='word_1_423' title='bbox 2895 2805 3002 2861; x_wconf 90' lang='lat' dir='ltr'><strong>diis</strong></span> <span class='ocrx_word' id='word_1_424' title='bbox 3049 2812 3176 2861; x_wconf 88' lang='lat' dir='ltr'><strong>sunt</strong></span> <span class='ocrx_word' id='word_1_425' title='bbox 3201 2803 3354 2870; x_wconf 82' lang='lat' dir='ltr'><strong>dicti,</strong></span> <span class='ocrx_word' id='word_1_426' title='bbox 3403 2818 3544 2873; x_wconf 82' lang='lat' dir='ltr'><strong>quo—</strong></span> 
     </span>
    </p>
   </div>
   <div class='ocr_carea' id='block_1_59' title="bbox 1957 2897 3547 2970">
    <p class='ocr_par' dir='ltr' id='par_1_59' title="bbox 1957 2897 3547 2970">
     <span class='ocr_line' id='line_1_59' title="bbox 1957 2897 3547 2970; baseline -0.004 -14"><span class='ocrx_word' id='word_1_427' title='bbox 1957 2917 2077 2956; x_wconf 89' lang='lat' dir='ltr'><strong>rum</strong></span> <span class='ocrx_word' id='word_1_428' title='bbox 2102 2900 2320 2957; x_wconf 88' lang='lat' dir='ltr'><strong>nomina</strong></span> <span class='ocrx_word' id='word_1_429' title='bbox 2355 2898 2585 2955; x_wconf 81' lang='lat' dir='ltr'><strong>Romani</strong></span> <span class='ocrx_word' id='word_1_430' title='bbox 2612 2898 2937 2970; x_wconf 90' lang='lat' dir='ltr'><strong>quibusdam</strong></span> <span class='ocrx_word' id='word_1_431' title='bbox 2978 2897 3246 2954; x_wconf 85' lang='lat' dir='ltr'><strong>sideribus</strong></span> <span class='ocrx_word' id='word_1_432' title='bbox 3297 2911 3547 2952; x_wconf 84' lang='lat' dir='ltr'><strong>sacrave-</strong></span> 
     </span>
    </p>
   </div>
   <div class='ocr_carea' id='block_1_60' title="bbox 1957 2984 3540 3059">
    <p class='ocr_par' dir='ltr' id='par_1_60' title="bbox 1957 2984 3540 3059">
     <span class='ocr_line' id='line_1_60' title="bbox 1957 2984 3540 3059; baseline -0.004 -14"><span class='ocrx_word' id='word_1_433' title='bbox 1957 2997 2100 3046; x_wconf 89' lang='lat' dir='ltr'><strong>runt.</strong></span> <span class='ocrx_word' id='word_1_434' title='bbox 2132 2987 2297 3043; x_wconf 87' lang='lat' dir='ltr'><strong>Inter.</strong></span> <span class='ocrx_word' id='word_1_435' title='bbox 2327 2988 2441 3056; x_wconf 89' lang='lat' dir='ltr'><strong>Qua</strong></span> <span class='ocrx_word' id='word_1_436' title='bbox 2471 2987 2724 3043; x_wconf 84' lang='lat' dir='ltr'><strong>ratione?</strong></span> <span class='ocrx_word' id='word_1_437' title='bbox 2759 2985 2912 3059; x_wconf 83' lang='lat' dir='ltr'><strong>Resp.</strong></span> <span class='ocrx_word' id='word_1_438' title='bbox 2957 2986 3201 3041; x_wconf 87' lang='lat' dir='ltr'><strong>Primum</strong></span> <span class='ocrx_word' id='word_1_439' title='bbox 3228 2985 3373 3040; x_wconf 88' lang='lat' dir='ltr'><strong>enim</strong></span> <span class='ocrx_word' id='word_1_440' title='bbox 3397 2984 3540 3039; x_wconf 88' lang='lat' dir='ltr'><strong>diem</strong></span> 
     </span>
    </p>
   </div>
   <div class='ocr_carea' id='block_1_61' title="bbox 1960 3076 3539 3152">
    <p class='ocr_par' dir='ltr' id='par_1_61' title="bbox 1960 3076 3539 3152">
     <span class='ocr_line' id='line_1_61' title="bbox 1960 3076 3539 3152; baseline -0.003 -16"><span class='ocrx_word' id='word_1_441' title='bbox 1960 3097 1990 3136; x_wconf 90' lang='lat' dir='ltr'><strong>a</strong></span> <span class='ocrx_word' id='word_1_442' title='bbox 2026 3081 2138 3137; x_wconf 88' lang='lat' dir='ltr'><strong>sole</strong></span> <span class='ocrx_word' id='word_1_443' title='bbox 2167 3081 2592 3152; x_wconf 86' lang='lat' dir='ltr'><strong>appellaverunt,</strong></span> <span class='ocrx_word' id='word_1_444' title='bbox 2622 3079 2715 3151; x_wconf 92' lang='lat' dir='ltr'><strong>qui</strong></span> <span class='ocrx_word' id='word_1_445' title='bbox 2742 3079 2996 3151; x_wconf 86' lang='lat' dir='ltr'><strong>princeps</strong></span> <span class='ocrx_word' id='word_1_446' title='bbox 3016 3085 3100 3133; x_wconf 87' lang='lat' dir='ltr'><strong>est</strong></span> <span class='ocrx_word' id='word_1_447' title='bbox 3124 3078 3366 3133; x_wconf 88' lang='lat' dir='ltr'><strong>omnium</strong></span> <span class='ocrx_word' id='word_1_448' title='bbox 3397 3076 3539 3132; x_wconf 89' lang='lat' dir='ltr'><strong>side-</strong></span> 
     </span>
    </p>
   </div>
   <div class='ocr_carea' id='block_1_62' title="bbox 276 3143 3537 3240">
    <p class='ocr_par' dir='ltr' id='par_1_62' title="bbox 276 3143 3537 3240">
     <span class='ocr_line' id='line_1_62' title="bbox 276 3143 3537 3240; baseline 0.005 -31"><span class='ocrx_word' id='word_1_449' title='bbox 276 3144 414 3240; x_wconf 59' lang='grc' dir='ltr'>ιξιιω</span> <span class='ocrx_word' id='word_1_450' title='bbox 535 3143 746 3211; x_wconf 54' lang='lat' dir='ltr'><strong>diem“,</strong></span> <span class='ocrx_word' id='word_1_451' title='bbox 1151 3151 1332 3212; x_wconf 71' lang='grc' dir='ltr'><strong>ηοοιθν</strong></span> <span class='ocrx_word' id='word_1_452' title='bbox 1354 3146 1607 3240; x_wconf 57' lang='grc' dir='ltr'><strong>ςυῑαιιιιιξ</strong></span> <span class='ocrx_word' id='word_1_453' title='bbox 1629 3145 1696 3201; x_wconf 64' lang='lat' dir='ltr'><strong>de</strong></span> <span class='ocrx_word' id='word_1_454' title='bbox 1725 3145 1855 3240; x_wconf 35' lang='lat' dir='ltr'><strong>lle!&quot;</strong></span> <span class='ocrx_word' id='word_1_455' title='bbox 1879 3158 1927 3223; x_wconf 82' lang='lat' dir='ltr'><strong><em>C</em></strong></span> <span class='ocrx_word' id='word_1_456' title='bbox 1958 3187 2099 3239; x_wconf 91' lang='lat' dir='ltr'><strong>rum,</strong></span> <span class='ocrx_word' id='word_1_457' title='bbox 2142 3143 2284 3227; x_wconf 77' lang='lat' dir='ltr'><strong>sicut</strong></span> <span class='ocrx_word' id='word_1_458' title='bbox 2308 3178 2366 3227; x_wconf 93' lang='lat' dir='ltr'><strong>et</strong></span> <span class='ocrx_word' id='word_1_459' title='bbox 2405 3171 2549 3226; x_wconf 89' lang='lat' dir='ltr'><strong>idem</strong></span> <span class='ocrx_word' id='word_1_460' title='bbox 2579 3143 2705 3225; x_wconf 15' lang='lat' dir='ltr'><strong>ﬁdi-es</strong></span> <span class='ocrx_word' id='word_1_461' title='bbox 2743 3143 2916 3240; x_wconf 71' lang='lat' dir='ltr'><strong>caput</strong></span> <span class='ocrx_word' id='word_1_462' title='bbox 2933 3143 3048 3224; x_wconf 55' lang='grc' dir='ltr'>ἐει</span> <span class='ocrx_word' id='word_1_463' title='bbox 3071 3177 3391 3224; x_wconf 88' lang='lat' dir='ltr'><strong>cunctorum</strong></span> <span class='ocrx_word' id='word_1_464' title='bbox 3421 3168 3537 3224; x_wconf 91' lang='lat' dir='ltr'><strong>die-</strong></span> 
     </span>
    </p>
   </div>
   <div class='ocr_carea' id='block_1_63' title="bbox 275 3234 1850 3307">
    <p class='ocr_par' dir='ltr' id='par_1_63' title="bbox 275 3234 1850 3307">
     <span class='ocr_line' id='line_1_63' title="bbox 275 3234 1850 3307; baseline 0 -16"><span class='ocrx_word' id='word_1_465' title='bbox 275 3235 537 3302; x_wconf 84' lang='lat' dir='ltr'><strong>domadis,</strong></span> <span class='ocrx_word' id='word_1_466' title='bbox 570 3242 784 3290; x_wconf 75' lang='lat' dir='ltr'><strong>sextum</strong></span> <span class='ocrx_word' id='word_1_467' title='bbox 806 3234 874 3290; x_wconf 87' lang='lat' dir='ltr'><strong>de</strong></span> <span class='ocrx_word' id='word_1_468' title='bbox 902 3234 1200 3302; x_wconf 87' lang='lat' dir='ltr'><strong>mensibus,</strong></span> <span class='ocrx_word' id='word_1_469' title='bbox 1229 3237 1520 3307; x_wconf 89' lang='lat' dir='ltr'><strong>septimum</strong></span> <span class='ocrx_word' id='word_1_470' title='bbox 1567 3234 1636 3291; x_wconf 87' lang='lat' dir='ltr'><strong>de</strong></span> <span class='ocrx_word' id='word_1_471' title='bbox 1663 3236 1850 3291; x_wconf 80' lang='lat' dir='ltr'><strong>solsti-</strong></span> 
     </span>
    </p>
   </div>
   <div class='ocr_carea' id='block_1_64' title="bbox 276 3326 1852 3397">
    <p class='ocr_par' dir='ltr' id='par_1_64' title="bbox 276 3326 1852 3397">
     <span class='ocr_line' id='line_1_64' title="bbox 276 3326 1852 3397; baseline 0 -15"><span class='ocrx_word' id='word_1_472' title='bbox 276 3328 368 3382; x_wconf 84' lang='lat' dir='ltr'><strong>tiis</strong></span> <span class='ocrx_word' id='word_1_473' title='bbox 394 3334 448 3382; x_wconf 90' lang='lat' dir='ltr'><strong>et</strong></span> <span class='ocrx_word' id='word_1_474' title='bbox 469 3326 825 3397; x_wconf 81' lang='lat' dir='ltr'><strong>aequinoctiis,</strong></span> <span class='ocrx_word' id='word_1_475' title='bbox 847 3332 1097 3381; x_wconf 88' lang='lat' dir='ltr'><strong>octavum</strong></span> <span class='ocrx_word' id='word_1_476' title='bbox 1122 3327 1188 3381; x_wconf 91' lang='lat' dir='ltr'><strong>de</strong></span> <span class='ocrx_word' id='word_1_477' title='bbox 1209 3327 1544 3397; x_wconf 91' lang='lat' dir='ltr'><strong>temporibus</strong></span> <span class='ocrx_word' id='word_1_478' title='bbox 1565 3328 1715 3393; x_wconf 88' lang='lat' dir='ltr'><strong>anni,</strong></span> <span class='ocrx_word' id='word_1_479' title='bbox 1760 3342 1852 3382; x_wconf 93' lang='lat' dir='ltr'><strong>no-</strong></span> 
     </span>
    </p>
   </div>
   <div class='ocr_carea' id='block_1_65' title="bbox 276 3416 1852 3490">
    <p class='ocr_par' dir='ltr' id='par_1_65' title="bbox 276 3416 1852 3490">
     <span class='ocr_line' id='line_1_65' title="bbox 276 3416 1852 3490; baseline 0 -17"><span class='ocrx_word' id='word_1_480' title='bbox 276 3434 406 3473; x_wconf 91' lang='lat' dir='ltr'><strong>num</strong></span> <span class='ocrx_word' id='word_1_481' title='bbox 427 3418 494 3473; x_wconf 89' lang='lat' dir='ltr'><strong>de</strong></span> <span class='ocrx_word' id='word_1_482' title='bbox 536 3418 715 3485; x_wconf 85' lang='lat' dir='ltr'><strong>annis,</strong></span> <span class='ocrx_word' id='word_1_483' title='bbox 747 3418 1017 3473; x_wconf 88' lang='lat' dir='ltr'><strong>decimum</strong></span> <span class='ocrx_word' id='word_1_484' title='bbox 1045 3417 1113 3473; x_wconf 91' lang='lat' dir='ltr'><strong>de</strong></span> <span class='ocrx_word' id='word_1_485' title='bbox 1158 3416 1551 3490; x_wconf 87' lang='lat' dir='ltr'><strong>olympiadibus</strong></span> <span class='ocrx_word' id='word_1_486' title='bbox 1583 3427 1640 3473; x_wconf 90' lang='lat' dir='ltr'><strong>et</strong></span> <span class='ocrx_word' id='word_1_487' title='bbox 1664 3417 1852 3473; x_wconf 85' lang='lat' dir='ltr'><strong>lustris</strong></span> 
     </span>
    </p>
   </div>
   <div class='ocr_carea' id='block_1_66' title="bbox 274 3508 603 3580">
    <p class='ocr_par' dir='ltr' id='par_1_66' title="bbox 274 3508 603 3580">
     <span class='ocr_line' id='line_1_66' title="bbox 274 3508 603 3580; baseline 0 -15"><span class='ocrx_word' id='word_1_488' title='bbox 274 3520 329 3565; x_wconf 86' lang='lat' dir='ltr'><strong>et</strong></span> <span class='ocrx_word' id='word_1_489' title='bbox 365 3508 603 3580; x_wconf 85' lang='lat' dir='ltr'><strong>jubileis.</strong></span> 
     </span>
    </p>
   </div>
   <div class='ocr_carea' id='block_1_67' title="bbox 348 3603 1850 3675">
    <p class='ocr_par' dir='ltr' id='par_1_67' title="bbox 348 3603 1850 3675">
     <span class='ocr_line' id='line_1_67' title="bbox 348 3603 1850 3675; baseline 0.001 -17"><span class='ocrx_word' id='word_1_490' title='bbox 348 3603 517 3659; x_wconf 89' lang='lat' dir='ltr'><strong>Inter.</strong></span> <span class='ocrx_word' id='word_1_491' title='bbox 550 3603 689 3659; x_wconf 86' lang='lat' dir='ltr'><strong>Ecce</strong></span> <span class='ocrx_word' id='word_1_492' title='bbox 712 3605 986 3675; x_wconf 85' lang='lat' dir='ltr'><strong>protulisti</strong></span> <span class='ocrx_word' id='word_1_493' title='bbox 1040 3618 1327 3659; x_wconf 88' lang='lat' dir='ltr'><strong>numerum</strong></span> <span class='ocrx_word' id='word_1_494' title='bbox 1359 3612 1415 3658; x_wconf 87' lang='lat' dir='ltr'><strong>et</strong></span> <span class='ocrx_word' id='word_1_495' title='bbox 1458 3604 1678 3659; x_wconf 85' lang='lat' dir='ltr'><strong>nomina</strong></span> <span class='ocrx_word' id='word_1_496' title='bbox 1704 3604 1850 3674; x_wconf 87' lang='lat' dir='ltr'><strong>capi-</strong></span> 
     </span>
    </p>
   </div>
   <div class='ocr_carea' id='block_1_68' title="bbox 276 3696 1850 3767">
    <p class='ocr_par' dir='ltr' id='par_1_68' title="bbox 276 3696 1850 3767">
     <span class='ocr_line' id='line_1_68' title="bbox 276 3696 1850 3767; baseline -0.002 -14"><span class='ocrx_word' id='word_1_497' title='bbox 276 3696 533 3762; x_wconf 88' lang='lat' dir='ltr'><strong>tulorum,</strong></span> <span class='ocrx_word' id='word_1_498' title='bbox 564 3711 709 3752; x_wconf 91' lang='lat' dir='ltr'><strong>nune</strong></span> <span class='ocrx_word' id='word_1_499' title='bbox 736 3704 862 3766; x_wconf 90' lang='lat' dir='ltr'><strong>peto</strong></span> <span class='ocrx_word' id='word_1_500' title='bbox 884 3705 944 3751; x_wconf 89' lang='lat' dir='ltr'><strong>ut</strong></span> <span class='ocrx_word' id='word_1_501' title='bbox 965 3696 1101 3751; x_wconf 86' lang='lat' dir='ltr'><strong>mihi</strong></span> <span class='ocrx_word' id='word_1_502' title='bbox 1123 3696 1333 3767; x_wconf 87' lang='lat' dir='ltr'><strong>aperire</strong></span> <span class='ocrx_word' id='word_1_503' title='bbox 1360 3712 1471 3751; x_wconf 88' lang='lat' dir='ltr'><strong>non</strong></span> <span class='ocrx_word' id='word_1_504' title='bbox 1501 3710 1720 3762; x_wconf 87' lang='lat' dir='ltr'><strong>renuas,</strong></span> <span class='ocrx_word' id='word_1_505' title='bbox 1743 3711 1850 3766; x_wconf 89' lang='lat' dir='ltr'><strong>qua</strong></span> 
     </span>
    </p>
   </div>
   <div class='ocr_carea' id='block_1_69' title="bbox 274 3785 1851 3859">
    <p class='ocr_par' dir='ltr' id='par_1_69' title="bbox 274 3785 1851 3859">
     <span class='ocr_line' id='line_1_69' title="bbox 274 3785 1851 3859; baseline 0.001 -17"><span class='ocrx_word' id='word_1_506' title='bbox 274 3787 462 3859; x_wconf 86' lang='lat' dir='ltr'><strong>lingua</strong></span> <span class='ocrx_word' id='word_1_507' title='bbox 509 3786 778 3844; x_wconf 83' lang='lat' dir='ltr'><strong>Chronica</strong></span> <span class='ocrx_word' id='word_1_508' title='bbox 827 3787 1169 3859; x_wconf 80' lang='lat' dir='ltr'><strong>appellatur?</strong></span> <span class='ocrx_word' id='word_1_509' title='bbox 1208 3785 1366 3858; x_wconf 89' lang='lat' dir='ltr'><strong>Resp.</strong></span> <span class='ocrx_word' id='word_1_510' title='bbox 1422 3786 1600 3854; x_wconf 88' lang='lat' dir='ltr'><strong>Certe,</strong></span> <span class='ocrx_word' id='word_1_511' title='bbox 1656 3787 1851 3854; x_wconf 78' lang='lat' dir='ltr'><strong>frater,</strong></span> 
     </span>
    </p>
   </div>
   <div class='ocr_carea' id='block_1_70' title="bbox 275 3878 1855 3950">
    <p class='ocr_par' dir='ltr' id='par_1_70' title="bbox 275 3878 1855 3950">
     <span class='ocr_line' id='line_1_70' title="bbox 275 3878 1855 3950; baseline 0.004 -18"><span class='ocrx_word' id='word_1_512' title='bbox 275 3879 405 3949; x_wconf 88' lang='lat' dir='ltr'><strong>quia</strong></span> <span class='ocrx_word' id='word_1_513' title='bbox 432 3879 707 3935; x_wconf 81' lang='lat' dir='ltr'><strong>humiliter</strong></span> <span class='ocrx_word' id='word_1_514' title='bbox 732 3879 916 3950; x_wconf 89' lang='lat' dir='ltr'><strong>petisti</strong></span> <span class='ocrx_word' id='word_1_515' title='bbox 945 3892 1008 3934; x_wconf 91' lang='lat' dir='ltr'><strong>ea</strong></span> <span class='ocrx_word' id='word_1_516' title='bbox 1031 3893 1149 3949; x_wconf 63' lang='lat' dir='ltr'><strong>quae</strong></span> <span class='ocrx_word' id='word_1_517' title='bbox 1178 3878 1318 3934; x_wconf 90' lang='lat' dir='ltr'><strong>scire</strong></span> <span class='ocrx_word' id='word_1_518' title='bbox 1342 3878 1516 3949; x_wconf 89' lang='lat' dir='ltr'><strong>cupis,</strong></span> <span class='ocrx_word' id='word_1_519' title='bbox 1545 3893 1648 3950; x_wconf 81' lang='lat' dir='ltr'><strong>ego</strong></span> <span class='ocrx_word' id='word_1_520' title='bbox 1668 3887 1855 3939; x_wconf 83' lang='lat' dir='ltr'><strong>autem</strong></span> 
     </span>
    </p>
   </div>
   <div class='ocr_carea' id='block_1_71' title="bbox 275 3966 1853 4043">
    <p class='ocr_par' dir='ltr' id='par_1_71' title="bbox 275 3966 1853 4043">
     <span class='ocr_line' id='line_1_71' title="bbox 275 3966 1853 4043; baseline 0.001 -21"><span class='ocrx_word' id='word_1_521' title='bbox 275 3970 426 4039; x_wconf 90' lang='lat' dir='ltr'><strong>quod</strong></span> <span class='ocrx_word' id='word_1_522' title='bbox 448 3969 686 4043; x_wconf 77' lang='lat' dir='ltr'><strong>intelligo</strong></span> <span class='ocrx_word' id='word_1_523' title='bbox 712 3969 1018 4025; x_wconf 89' lang='lat' dir='ltr'><strong>amabiliter</strong></span> <span class='ocrx_word' id='word_1_524' title='bbox 1042 3967 1141 4024; x_wconf 88' lang='lat' dir='ltr'><strong>tibi</strong></span> <span class='ocrx_word' id='word_1_525' title='bbox 1162 3968 1406 4025; x_wconf 85' lang='lat' dir='ltr'><strong>indicare</strong></span> <span class='ocrx_word' id='word_1_526' title='bbox 1425 3969 1602 4039; x_wconf 86' lang='lat' dir='ltr'><strong>cupio.</strong></span> <span class='ocrx_word' id='word_1_527' title='bbox 1633 3982 1659 4010; x_wconf 75' lang='grc' dir='ltr'>ιι</span> <span class='ocrx_word' id='word_1_528' title='bbox 1688 3966 1853 4025; x_wconf 82' lang='lat' dir='ltr'><strong>Chro-</strong></span> 
     </span>
    </p>
   </div>
   <div class='ocr_carea' id='block_1_72' title="bbox 275 4059 1851 4185">
    <p class='ocr_par' dir='ltr' id='par_1_72' title="bbox 275 4059 1851 4185">
     <span class='ocr_line' id='line_1_72' title="bbox 275 4059 1851 4185; baseline -0.001 -70"><span class='ocrx_word' id='word_1_529' title='bbox 275 4060 399 4184; x_wconf 57' lang='grc' dir='ltr'><strong>κὲιῇι</strong></span> <span class='ocrx_word' id='word_1_530' title='bbox 424 4060 612 4185; x_wconf 49' lang='lat' dir='ltr'><strong>firmes</strong></span> <span class='ocrx_word' id='word_1_531' title='bbox 633 4062 848 4128; x_wconf 90' lang='lat' dir='ltr'><strong>dicitur,</strong></span> <span class='ocrx_word' id='word_1_532' title='bbox 884 4076 1004 4132; x_wconf 76' lang='lat' dir='ltr'><strong>quae</strong></span> <span class='ocrx_word' id='word_1_533' title='bbox 1025 4060 1191 4117; x_wconf 88' lang='lat' dir='ltr'><strong>latine</strong></span> <span class='ocrx_word' id='word_1_534' title='bbox 1218 4068 1520 4132; x_wconf 87' lang='lat' dir='ltr'><strong>temporum</strong></span> <span class='ocrx_word' id='word_1_535' title='bbox 1558 4059 1728 4117; x_wconf 86' lang='lat' dir='ltr'><strong>series</strong></span> <span class='ocrx_word' id='word_1_536' title='bbox 1751 4074 1851 4131; x_wconf 88' lang='lat' dir='ltr'><strong>ap-</strong></span> 
     </span>
     <span class='ocr_line' id='line_1_73' title="bbox 275 4143 528 4185; baseline 0 0"><span class='ocrx_word' id='word_1_537' title='bbox 275 4143 345 4185; x_wconf 83' lang='lat' dir='ltr'><strong>ne</strong></span> <span class='ocrx_word' id='word_1_538' title='bbox 388 4146 418 4185; x_wconf 91' lang='lat' dir='ltr'><strong>a</strong></span> <span class='ocrx_word' id='word_1_539' title='bbox 446 4148 528 4185; x_wconf 90' lang='lat' dir='ltr'><strong>ur.</strong></span> 
     </span>
    </p>
   </div>
   <div class='ocr_carea' id='block_1_73' title="bbox 244 4143 528 4217">
    <p class='ocr_par' dir='ltr' id='par_1_73' title="bbox 244 4143 528 4217">
     <span class='ocr_line' id='line_1_74' title="bbox 244 4143 528 4217; baseline 0.011 -33"><span class='ocrx_word' id='word_1_540' title='bbox 244 4202 260 4217; x_wconf 48' lang='lat'>.</span> <span class='ocrx_word' id='word_1_541' title='bbox 272 4143 528 4204; x_wconf 76' lang='lat' dir='ltr'><strong>pellatur.</strong></span> 
     </span>
    </p>
   </div>
   <div class='ocr_carea' id='block_1_74' title="bbox 347 4221 1853 4297">
    <p class='ocr_par' dir='ltr' id='par_1_74' title="bbox 347 4221 1853 4297">
     <span class='ocr_line' id='line_1_75' title="bbox 347 4221 1853 4297; baseline -0.002 -16"><span class='ocrx_word' id='word_1_542' title='bbox 347 4224 515 4297; x_wconf 64' lang='grc'><strong>426</strong></span> <span class='ocrx_word' id='word_1_543' title='bbox 542 4224 710 4281; x_wconf 88' lang='lat' dir='ltr'><strong>Inter.</strong></span> <span class='ocrx_word' id='word_1_544' title='bbox 751 4224 884 4294; x_wconf 87' lang='lat' dir='ltr'><strong>Quis</strong></span> <span class='ocrx_word' id='word_1_545' title='bbox 912 4239 1033 4282; x_wconf 89' lang='lat' dir='ltr'><strong>eam</strong></span> <span class='ocrx_word' id='word_1_546' title='bbox 1084 4223 1428 4296; x_wconf 86' lang='lat' dir='ltr'><strong>composuit?</strong></span> <span class='ocrx_word' id='word_1_547' title='bbox 1468 4222 1626 4294; x_wconf 87' lang='lat' dir='ltr'><strong>Resp.</strong></span> <span class='ocrx_word' id='word_1_548' title='bbox 1684 4221 1853 4278; x_wconf 84' lang='lat' dir='ltr'><strong>Euse-</strong></span> 
     </span>
    </p>
   </div>
   <div class='ocr_carea' id='block_1_75' title="bbox 275 4314 1851 4391">
    <p class='ocr_par' dir='ltr' id='par_1_75' title="bbox 275 4314 1851 4391">
     <span class='ocr_line' id='line_1_76' title="bbox 275 4314 1851 4391; baseline -0.002 -18"><span class='ocrx_word' id='word_1_549' title='bbox 275 4317 401 4373; x_wconf 89' lang='lat' dir='ltr'><strong>bius</strong></span> <span class='ocrx_word' id='word_1_550' title='bbox 427 4319 570 4372; x_wconf 90' lang='lat' dir='ltr'><strong>enim</strong></span> <span class='ocrx_word' id='word_1_551' title='bbox 601 4318 947 4375; x_wconf 69' lang='lat' dir='ltr'><strong>Caesariensis</strong></span> <span class='ocrx_word' id='word_1_552' title='bbox 975 4316 1260 4391; x_wconf 89' lang='lat' dir='ltr'><strong>episcopus</strong></span> <span class='ocrx_word' id='word_1_553' title='bbox 1292 4315 1432 4385; x_wconf 89' lang='lat' dir='ltr'><strong>apud</strong></span> <span class='ocrx_word' id='word_1_554' title='bbox 1469 4314 1686 4371; x_wconf 81' lang='lat' dir='ltr'><strong>Graecos</strong></span> <span class='ocrx_word' id='word_1_555' title='bbox 1706 4315 1851 4370; x_wconf 86' lang='lat' dir='ltr'><strong>illam</strong></span> 
     </span>
    </p>
   </div>
   <div class='ocr_carea' id='block_1_76' title="bbox 273 4407 1851 4483">
    <p class='ocr_par' dir='ltr' id='par_1_76' title="bbox 273 4407 1851 4483">
     <span class='ocr_line' id='line_1_77' title="bbox 273 4407 1851 4483; baseline -0.004 -15"><span class='ocrx_word' id='word_1_556' title='bbox 273 4414 469 4480; x_wconf 86' lang='lat' dir='ltr'><strong>edidit,</strong></span> <span class='ocrx_word' id='word_1_557' title='bbox 493 4414 585 4468; x_wconf 90' lang='lat' dir='ltr'><strong>sed</strong></span> <span class='ocrx_word' id='word_1_558' title='bbox 614 4411 971 4483; x_wconf 87' lang='lat' dir='ltr'><strong>Hieronymus</strong></span> <span class='ocrx_word' id='word_1_559' title='bbox 1012 4408 1175 4464; x_wconf 85' lang='lat' dir='ltr'><strong>Pater</strong></span> <span class='ocrx_word' id='word_1_560' title='bbox 1221 4408 1278 4463; x_wconf 92' lang='lat' dir='ltr'><strong>in</strong></span> <span class='ocrx_word' id='word_1_561' title='bbox 1320 4407 1570 4463; x_wconf 89' lang='lat' dir='ltr'><strong>Latinam</strong></span> <span class='ocrx_word' id='word_1_562' title='bbox 1615 4407 1851 4479; x_wconf 76' lang='lat' dir='ltr'><strong>linguam</strong></span> 
     </span>
    </p>
   </div>
   <div class='ocr_carea' id='block_1_77' title="bbox 1953 3257 3543 3330">
    <p class='ocr_par' dir='ltr' id='par_1_77' title="bbox 1953 3257 3543 3330">
     <span class='ocr_line' id='line_1_78' title="bbox 1953 3257 3543 3330; baseline -0.003 -13"><span class='ocrx_word' id='word_1_563' title='bbox 1953 3276 2093 3317; x_wconf 88' lang='lat' dir='ltr'><strong>rum.</strong></span> <span class='ocrx_word' id='word_1_564' title='bbox 2124 3260 2435 3316; x_wconf 89' lang='lat' dir='ltr'><strong>Secundum</strong></span> <span class='ocrx_word' id='word_1_565' title='bbox 2462 3274 2493 3315; x_wconf 87' lang='lat' dir='ltr'><strong>a</strong></span> <span class='ocrx_word' id='word_1_566' title='bbox 2516 3259 2664 3325; x_wconf 89' lang='lat' dir='ltr'><strong>luna,</strong></span> <span class='ocrx_word' id='word_1_567' title='bbox 2691 3273 2812 3330; x_wconf 67' lang='lat' dir='ltr'><strong>quae</strong></span> <span class='ocrx_word' id='word_1_568' title='bbox 2838 3258 2938 3314; x_wconf 90' lang='lat' dir='ltr'><strong>soli</strong></span> <span class='ocrx_word' id='word_1_569' title='bbox 2964 3265 3018 3314; x_wconf 92' lang='lat' dir='ltr'><strong>et</strong></span> <span class='ocrx_word' id='word_1_570' title='bbox 3046 3257 3335 3328; x_wconf 89' lang='lat' dir='ltr'><strong>splendore</strong></span> <span class='ocrx_word' id='word_1_571' title='bbox 3356 3265 3410 3312; x_wconf 93' lang='lat' dir='ltr'><strong>et</strong></span> <span class='ocrx_word' id='word_1_572' title='bbox 3432 3273 3543 3312; x_wconf 86' lang='lat' dir='ltr'><strong>ma-</strong></span> 
     </span>
    </p>
   </div>
   <div class='ocr_carea' id='block_1_78' title="bbox 1951 3344 3537 3423">
    <p class='ocr_par' dir='ltr' id='par_1_78' title="bbox 1951 3344 3537 3423">
     <span class='ocr_line' id='line_1_79' title="bbox 1951 3344 3537 3423; baseline -0.003 -18"><span class='ocrx_word' id='word_1_573' title='bbox 1951 3350 2231 3423; x_wconf 83' lang='lat' dir='ltr'><strong>gnitudine</strong></span> <span class='ocrx_word' id='word_1_574' title='bbox 2274 3350 2521 3421; x_wconf 75' lang='lat' dir='ltr'><strong>proxima</strong></span> <span class='ocrx_word' id='word_1_575' title='bbox 2549 3355 2650 3415; x_wconf 91' lang='lat' dir='ltr'><strong>est,</strong></span> <span class='ocrx_word' id='word_1_576' title='bbox 2683 3355 2739 3404; x_wconf 89' lang='lat' dir='ltr'><strong>et</strong></span> <span class='ocrx_word' id='word_1_577' title='bbox 2785 3362 2853 3403; x_wconf 79' lang='lat' dir='ltr'><strong>ex</strong></span> <span class='ocrx_word' id='word_1_578' title='bbox 2877 3362 2944 3403; x_wconf 90' lang='lat' dir='ltr'><strong>eo</strong></span> <span class='ocrx_word' id='word_1_579' title='bbox 2970 3352 3184 3401; x_wconf 90' lang='lat' dir='ltr'><strong>mutuat</strong></span> <span class='ocrx_word' id='word_1_580' title='bbox 3230 3344 3384 3418; x_wconf 73' lang='lat' dir='ltr'><strong>[Ms.,</strong></span> <span class='ocrx_word' id='word_1_581' title='bbox 3413 3361 3537 3401; x_wconf 63' lang='lat' dir='ltr'><strong>mu-</strong></span> 
     </span>
    </p>
   </div>
   <div class='ocr_carea' id='block_1_79' title="bbox 1952 3438 3541 3514">
    <p class='ocr_par' dir='ltr' id='par_1_79' title="bbox 1952 3438 3541 3514">
     <span class='ocr_line' id='line_1_80' title="bbox 1952 3438 3541 3514; baseline -0.001 -18"><span class='ocrx_word' id='word_1_582' title='bbox 1952 3440 2051 3514; x_wconf 89' lang='lat' dir='ltr'><strong>tat]</strong></span> <span class='ocrx_word' id='word_1_583' title='bbox 2098 3440 2299 3496; x_wconf 56' lang='lat' dir='ltr'><strong>lumen.</strong></span> <span class='ocrx_word' id='word_1_584' title='bbox 2358 3440 2602 3496; x_wconf 86' lang='lat' dir='ltr'><strong>Tertium</strong></span> <span class='ocrx_word' id='word_1_585' title='bbox 2650 3440 2718 3495; x_wconf 89' lang='lat' dir='ltr'><strong>ab</strong></span> <span class='ocrx_word' id='word_1_586' title='bbox 2746 3439 2901 3495; x_wconf 83' lang='lat' dir='ltr'><strong>stella</strong></span> <span class='ocrx_word' id='word_1_587' title='bbox 2943 3438 3152 3504; x_wconf 81' lang='lat' dir='ltr'><strong>Martis,</strong></span> <span class='ocrx_word' id='word_1_588' title='bbox 3197 3453 3317 3509; x_wconf 65' lang='lat' dir='ltr'><strong>quae</strong></span> <span class='ocrx_word' id='word_1_589' title='bbox 3346 3454 3541 3510; x_wconf 79' lang='lat' dir='ltr'><strong>vesper</strong></span> 
     </span>
    </p>
   </div>
   <div class='ocr_carea' id='block_1_80' title="bbox 1949 3528 3537 3603">
    <p class='ocr_par' dir='ltr' id='par_1_80' title="bbox 1949 3528 3537 3603">
     <span class='ocr_line' id='line_1_81' title="bbox 1949 3528 3537 3603; baseline -0.001 -19"><span class='ocrx_word' id='word_1_590' title='bbox 1949 3538 2193 3585; x_wconf 84' lang='lat' dir='ltr'><strong>vocatur.</strong></span> <span class='ocrx_word' id='word_1_591' title='bbox 2229 3528 2492 3597; x_wconf 88' lang='lat' dir='ltr'><strong>Quartum</strong></span> <span class='ocrx_word' id='word_1_592' title='bbox 2521 3546 2551 3584; x_wconf 93' lang='lat' dir='ltr'><strong>a</strong></span> <span class='ocrx_word' id='word_1_593' title='bbox 2574 3528 2728 3585; x_wconf 82' lang='lat' dir='ltr'><strong>stella</strong></span> <span class='ocrx_word' id='word_1_594' title='bbox 2778 3528 3047 3595; x_wconf 79' lang='lat' dir='ltr'><strong>Mercurii,</strong></span> <span class='ocrx_word' id='word_1_595' title='bbox 3098 3544 3262 3603; x_wconf 90' lang='lat' dir='ltr'><strong>quam</strong></span> <span class='ocrx_word' id='word_1_596' title='bbox 3314 3529 3537 3599; x_wconf 85' lang='lat' dir='ltr'><strong>quidam</strong></span> 
     </span>
    </p>
   </div>
   <div class='ocr_carea' id='block_1_81' title="bbox 1950 3614 3621 3685">
    <p class='ocr_par' dir='ltr' id='par_1_81' title="bbox 1950 3614 3621 3685">
     <span class='ocr_line' id='line_1_82' title="bbox 1950 3614 3621 3685; baseline -0.001 -12"><span class='ocrx_word' id='word_1_597' title='bbox 1950 3618 2237 3673; x_wconf 89' lang='lat' dir='ltr'><strong>candidum</strong></span> <span class='ocrx_word' id='word_1_598' title='bbox 2265 3616 2527 3674; x_wconf 80' lang='lat' dir='ltr'><strong>circulum</strong></span> <span class='ocrx_word' id='word_1_599' title='bbox 2554 3618 2757 3673; x_wconf 88' lang='lat' dir='ltr'><strong>dicunt.</strong></span> <span class='ocrx_word' id='word_1_600' title='bbox 2788 3614 3048 3685; x_wconf 83' lang='lat' dir='ltr'><strong>Quintum</strong></span> <span class='ocrx_word' id='word_1_601' title='bbox 3076 3617 3146 3673; x_wconf 87' lang='lat' dir='ltr'><strong>ab</strong></span> <span class='ocrx_word' id='word_1_602' title='bbox 3184 3617 3339 3674; x_wconf 88' lang='lat' dir='ltr'><strong>stella</strong></span> <span class='ocrx_word' id='word_1_603' title='bbox 3364 3616 3537 3682; x_wconf 84' lang='lat' dir='ltr'><strong>Jovis,</strong></span> <span class='ocrx_word' id='word_1_604' title='bbox 3618 3653 3621 3656; x_wconf 55' lang='grc' dir='ltr'><strong><em>ι</em></strong></span> 
     </span>
    </p>
   </div>
   <div class='ocr_carea' id='block_1_82' title="bbox 1951 3704 3531 3781">
    <p class='ocr_par' dir='ltr' id='par_1_82' title="bbox 1951 3704 3531 3781">
     <span class='ocr_line' id='line_1_83' title="bbox 1951 3704 3531 3781; baseline 0.001 -20"><span class='ocrx_word' id='word_1_605' title='bbox 1951 3721 2113 3777; x_wconf 84' lang='lat' dir='ltr'><strong>quam</strong></span> <span class='ocrx_word' id='word_1_606' title='bbox 2142 3706 2411 3761; x_wconf 73' lang='lat' dir='ltr'><strong>Fmtonem</strong></span> <span class='ocrx_word' id='word_1_607' title='bbox 2437 3704 2608 3779; x_wconf 85' lang='lat' dir='ltr'><strong>[lsid.,</strong></span> <span class='ocrx_word' id='word_1_608' title='bbox 2645 3706 3010 3781; x_wconf 82' lang='lat' dir='ltr'><strong>Phaetontem]</strong></span> <span class='ocrx_word' id='word_1_609' title='bbox 3038 3707 3209 3763; x_wconf 87' lang='lat' dir='ltr'><strong>aiunt.</strong></span> <span class='ocrx_word' id='word_1_610' title='bbox 3246 3707 3472 3763; x_wconf 80' lang='lat' dir='ltr'><strong>Sextum</strong></span> <span class='ocrx_word' id='word_1_611' title='bbox 3500 3727 3531 3762; x_wconf 88' lang='lat' dir='ltr'><strong>a</strong></span> 
     </span>
    </p>
   </div>
   <div class='ocr_carea' id='block_1_83' title="bbox 1951 3796 3541 3870">
    <p class='ocr_par' dir='ltr' id='par_1_83' title="bbox 1951 3796 3541 3870">
     <span class='ocr_line' id='line_1_84' title="bbox 1951 3796 3541 3870; baseline 0.003 -19"><span class='ocrx_word' id='word_1_612' title='bbox 1951 3796 2177 3854; x_wconf 78' lang='lat' dir='ltr'><strong>Veneris</strong></span> <span class='ocrx_word' id='word_1_613' title='bbox 2204 3797 2379 3863; x_wconf 87' lang='lat' dir='ltr'><strong>stella,</strong></span> <span class='ocrx_word' id='word_1_614' title='bbox 2409 3813 2572 3868; x_wconf 87' lang='lat' dir='ltr'><strong>quam</strong></span> <span class='ocrx_word' id='word_1_615' title='bbox 2592 3797 2907 3853; x_wconf 84' lang='lat' dir='ltr'><strong>Luciferum</strong></span> <span class='ocrx_word' id='word_1_616' title='bbox 2950 3808 3226 3866; x_wconf 86' lang='lat' dir='ltr'><strong>asserunt,</strong></span> <span class='ocrx_word' id='word_1_617' title='bbox 3254 3816 3375 3870; x_wconf 73' lang='lat' dir='ltr'><strong>quae</strong></span> <span class='ocrx_word' id='word_1_618' title='bbox 3400 3801 3541 3855; x_wconf 87' lang='lat' dir='ltr'><strong>inter</strong></span> 
     </span>
    </p>
   </div>
   <div class='ocr_carea' id='block_1_84' title="bbox 1951 3887 3537 3960">
    <p class='ocr_par' dir='ltr' id='par_1_84' title="bbox 1951 3887 3537 3960">
     <span class='ocr_line' id='line_1_85' title="bbox 1951 3887 3537 3960; baseline 0.003 -18"><span class='ocrx_word' id='word_1_619' title='bbox 1951 3888 2131 3943; x_wconf 89' lang='lat' dir='ltr'><strong>omnia</strong></span> <span class='ocrx_word' id='word_1_620' title='bbox 2183 3888 2364 3943; x_wconf 89' lang='lat' dir='ltr'><strong>sidera</strong></span> <span class='ocrx_word' id='word_1_621' title='bbox 2411 3888 2534 3958; x_wconf 87' lang='lat' dir='ltr'><strong>plus</strong></span> <span class='ocrx_word' id='word_1_622' title='bbox 2568 3887 2706 3943; x_wconf 90' lang='lat' dir='ltr'><strong>lucis</strong></span> <span class='ocrx_word' id='word_1_623' title='bbox 2755 3889 2938 3944; x_wconf 84' lang='lat' dir='ltr'><strong>habet.</strong></span> <span class='ocrx_word' id='word_1_624' title='bbox 2997 3888 3300 3960; x_wconf 89' lang='lat' dir='ltr'><strong>Septimum</strong></span> <span class='ocrx_word' id='word_1_625' title='bbox 3354 3907 3483 3948; x_wconf 83' lang='lat' dir='ltr'><strong>vero</strong></span> <span class='ocrx_word' id='word_1_626' title='bbox 3506 3909 3537 3947; x_wconf 88' lang='lat' dir='ltr'><strong>a</strong></span> 
     </span>
    </p>
   </div>
   <div class='ocr_carea' id='block_1_85' title="bbox 1954 3978 3535 4059">
    <p class='ocr_par' dir='ltr' id='par_1_85' title="bbox 1954 3978 3535 4059">
     <span class='ocr_line' id='line_1_86' title="bbox 1954 3978 3535 4059; baseline 0.004 -24"><span class='ocrx_word' id='word_1_627' title='bbox 1954 3979 2108 4035; x_wconf 85' lang='lat' dir='ltr'><strong>stella</strong></span> <span class='ocrx_word' id='word_1_628' title='bbox 2141 3978 2379 4044; x_wconf 88' lang='lat' dir='ltr'><strong>Saturni,</strong></span> <span class='ocrx_word' id='word_1_629' title='bbox 2404 3994 2529 4049; x_wconf 71' lang='lat' dir='ltr'><strong>quae</strong></span> <span class='ocrx_word' id='word_1_630' title='bbox 2549 3990 2704 4035; x_wconf 80' lang='lat' dir='ltr'><strong>sexto</strong></span> <span class='ocrx_word' id='word_1_631' title='bbox 2725 3979 2864 4035; x_wconf 66' lang='lat' dir='ltr'><strong>caelo</strong></span> <span class='ocrx_word' id='word_1_632' title='bbox 2885 3980 3066 4037; x_wconf 89' lang='lat' dir='ltr'><strong>locata</strong></span> <span class='ocrx_word' id='word_1_633' title='bbox 3087 3997 3160 4039; x_wconf 78' lang='lat' dir='ltr'><strong>xx</strong></span> <span class='ocrx_word' id='word_1_634' title='bbox 3188 3981 3376 4057; x_wconf 87' lang='lat' dir='ltr'><strong>[lsid.,</strong></span> <span class='ocrx_word' id='word_1_635' title='bbox 3406 3987 3535 4059; x_wconf 78' lang='lat' dir='ltr'><strong>xxx]</strong></span> 
     </span>
    </p>
   </div>
   <div class='ocr_carea' id='block_1_86' title="bbox 1953 4070 3004 4142">
    <p class='ocr_par' dir='ltr' id='par_1_86' title="bbox 1953 4070 3004 4142">
     <span class='ocr_line' id='line_1_87' title="bbox 1953 4070 3004 4142; baseline 0.001 -16"><span class='ocrx_word' id='word_1_636' title='bbox 1953 4072 2111 4126; x_wconf 90' lang='lat' dir='ltr'><strong>annis</strong></span> <span class='ocrx_word' id='word_1_637' title='bbox 2139 4070 2313 4126; x_wconf 83' lang='lat' dir='ltr'><strong>fertur</strong></span> <span class='ocrx_word' id='word_1_638' title='bbox 2331 4070 2547 4142; x_wconf 85' lang='lat' dir='ltr'><strong>explere</strong></span> <span class='ocrx_word' id='word_1_639' title='bbox 2573 4086 2793 4126; x_wconf 88' lang='lat' dir='ltr'><strong>cursum</strong></span> <span class='ocrx_word' id='word_1_640' title='bbox 2826 4086 3004 4127; x_wconf 91' lang='lat' dir='ltr'><strong>suum.</strong></span> 
     </span>
    </p>
   </div>
   <div class='ocr_carea' id='block_1_87' title="bbox 2023 4160 3540 4230">
    <p class='ocr_par' dir='ltr' id='par_1_87' title="bbox 2023 4160 3540 4230">
     <span class='ocr_line' id='line_1_88' title="bbox 2023 4160 3540 4230; baseline 0.003 -12"><span class='ocrx_word' id='word_1_641' title='bbox 2023 4161 2192 4218; x_wconf 89' lang='lat' dir='ltr'><strong>Inter.</strong></span> <span class='ocrx_word' id='word_1_642' title='bbox 2233 4160 2413 4230; x_wconf 87' lang='lat' dir='ltr'><strong>Quare</strong></span> <span class='ocrx_word' id='word_1_643' title='bbox 2444 4163 2513 4217; x_wconf 90' lang='lat' dir='ltr'><strong>ab</strong></span> <span class='ocrx_word' id='word_1_644' title='bbox 2535 4163 2620 4217; x_wconf 89' lang='lat' dir='ltr'><strong>his</strong></span> <span class='ocrx_word' id='word_1_645' title='bbox 2642 4178 2717 4218; x_wconf 85' lang='lat' dir='ltr'><strong>vu</strong></span> <span class='ocrx_word' id='word_1_646' title='bbox 2746 4163 2916 4220; x_wconf 88' lang='lat' dir='ltr'><strong>stellis</strong></span> <span class='ocrx_word' id='word_1_647' title='bbox 2946 4164 3062 4221; x_wconf 89' lang='lat' dir='ltr'><strong>dies</strong></span> <span class='ocrx_word' id='word_1_648' title='bbox 3086 4165 3350 4222; x_wconf 78' lang='lat' dir='ltr'><strong>nominati</strong></span> <span class='ocrx_word' id='word_1_649' title='bbox 3372 4170 3540 4222; x_wconf 87' lang='lat' dir='ltr'><strong>sunt?</strong></span> 
     </span>
    </p>
   </div>
   <div class='ocr_carea' id='block_1_88' title="bbox 1955 4251 3537 4326">
    <p class='ocr_par' dir='ltr' id='par_1_88' title="bbox 1955 4251 3537 4326">
     <span class='ocr_line' id='line_1_89' title="bbox 1955 4251 3537 4326; baseline 0.002 -16"><span class='ocrx_word' id='word_1_650' title='bbox 1955 4251 2109 4326; x_wconf 84' lang='lat' dir='ltr'><strong>Resp.</strong></span> <span class='ocrx_word' id='word_1_651' title='bbox 2163 4252 2288 4309; x_wconf 88' lang='lat' dir='ltr'><strong>Ideo</strong></span> <span class='ocrx_word' id='word_1_652' title='bbox 2310 4254 2456 4310; x_wconf 90' lang='lat' dir='ltr'><strong>enim</strong></span> <span class='ocrx_word' id='word_1_653' title='bbox 2490 4270 2556 4310; x_wconf 81' lang='lat' dir='ltr'><strong>ex</strong></span> <span class='ocrx_word' id='word_1_654' title='bbox 2584 4254 2672 4310; x_wconf 89' lang='lat' dir='ltr'><strong>his</strong></span> <span class='ocrx_word' id='word_1_655' title='bbox 2706 4270 2782 4310; x_wconf 82' lang='lat' dir='ltr'><strong>vn</strong></span> <span class='ocrx_word' id='word_1_656' title='bbox 2839 4254 3010 4312; x_wconf 83' lang='lat' dir='ltr'><strong>stellis</strong></span> <span class='ocrx_word' id='word_1_657' title='bbox 3063 4257 3282 4314; x_wconf 88' lang='lat' dir='ltr'><strong>nomina</strong></span> <span class='ocrx_word' id='word_1_658' title='bbox 3327 4258 3537 4315; x_wconf 88' lang='lat' dir='ltr'><strong>dierum</strong></span> 
     </span>
    </p>
   </div>
   <div class='ocr_carea' id='block_1_89' title="bbox 1952 4343 3535 4417">
    <p class='ocr_par' dir='ltr' id='par_1_89' title="bbox 1952 4343 3535 4417">
     <span class='ocr_line' id='line_1_90' title="bbox 1952 4343 3535 4417; baseline 0.003 -18"><span class='ocrx_word' id='word_1_659' title='bbox 1952 4343 2180 4415; x_wconf 79' lang='lat' dir='ltr'><strong>gentiles</strong></span> <span class='ocrx_word' id='word_1_660' title='bbox 2199 4343 2485 4411; x_wconf 89' lang='lat' dir='ltr'><strong>dederunt,</strong></span> <span class='ocrx_word' id='word_1_661' title='bbox 2511 4345 2653 4415; x_wconf 78' lang='lat' dir='ltr'><strong>quia‘</strong></span> <span class='ocrx_word' id='word_1_662' title='bbox 2669 4360 2767 4415; x_wconf 92' lang='lat' dir='ltr'><strong>per</strong></span> <span class='ocrx_word' id='word_1_663' title='bbox 2796 4347 3017 4403; x_wconf 88' lang='lat' dir='ltr'><strong>easdem</strong></span> <span class='ocrx_word' id='word_1_664' title='bbox 3041 4346 3244 4417; x_wconf 85' lang='lat' dir='ltr'><strong>aliquid</strong></span> <span class='ocrx_word' id='word_1_665' title='bbox 3265 4349 3370 4405; x_wconf 91' lang='lat' dir='ltr'><strong>sibi</strong></span> <span class='ocrx_word' id='word_1_666' title='bbox 3395 4348 3535 4405; x_wconf 84' lang='lat' dir='ltr'><strong>efﬁci</strong></span> 
     </span>
    </p>
   </div>
   <div class='ocr_carea' id='block_1_90' title="bbox 1951 4433 3533 4508">
    <p class='ocr_par' dir='ltr' id='par_1_90' title="bbox 1951 4433 3533 4508">
     <span class='ocr_line' id='line_1_91' title="bbox 1951 4433 3533 4508; baseline 0.004 -21"><span class='ocrx_word' id='word_1_667' title='bbox 1951 4433 2353 4500; x_wconf 77' lang='lat' dir='ltr'><strong>existimarunt,</strong></span> <span class='ocrx_word' id='word_1_668' title='bbox 2368 4434 2627 4501; x_wconf 87' lang='lat' dir='ltr'><strong>dicentes,</strong></span> <span class='ocrx_word' id='word_1_669' title='bbox 2661 4436 2863 4492; x_wconf 85' lang='lat' dir='ltr'><strong>habere</strong></span> <span class='ocrx_word' id='word_1_670' title='bbox 2883 4453 2913 4491; x_wconf 90' lang='lat' dir='ltr'><strong>a</strong></span> <span class='ocrx_word' id='word_1_671' title='bbox 2936 4436 3047 4493; x_wconf 91' lang='lat' dir='ltr'><strong>sole</strong></span> <span class='ocrx_word' id='word_1_672' title='bbox 3063 4438 3332 4508; x_wconf 83' lang='lat' dir='ltr'><strong>spiritum,</strong></span> <span class='ocrx_word' id='word_1_673' title='bbox 3349 4455 3379 4495; x_wconf 91' lang='lat' dir='ltr'><strong>a</strong></span> <span class='ocrx_word' id='word_1_674' title='bbox 3410 4438 3533 4493; x_wconf 90' lang='lat' dir='ltr'><strong>luna</strong></span> 
     </span>
    </p>
   </div>
   <div class='ocr_carea' id='block_1_91' title="bbox 275 4498 3537 4600">
    <p class='ocr_par' dir='ltr' id='par_1_91' title="bbox 275 4498 3537 4600">
     <span class='ocr_line' id='line_1_92' title="bbox 275 4498 3537 4600; baseline -0.001 -41"><span class='ocrx_word' id='word_1_675' title='bbox 275 4505 426 4561; x_wconf 88' lang='lat' dir='ltr'><strong>illam</strong></span> <span class='ocrx_word' id='word_1_676' title='bbox 454 4505 738 4600; x_wconf 82' lang='lat' dir='ltr'><strong>convertit.</strong></span> <span class='ocrx_word' id='word_1_677' title='bbox 764 4500 998 4559; x_wconf 83' lang='lat' dir='ltr'><strong>Chronos</strong></span> <span class='ocrx_word' id='word_1_678' title='bbox 1013 4499 1251 4575; x_wconf 76' lang='grc' dir='ltr'><strong>[χρόνος]</strong></span> <span class='ocrx_word' id='word_1_679' title='bbox 1273 4500 1419 4555; x_wconf 90' lang='lat' dir='ltr'><strong>enim</strong></span> <span class='ocrx_word' id='word_1_680' title='bbox 1441 4498 1646 4567; x_wconf 66' lang='lat' dir='ltr'><strong>Graece,</strong></span> <span class='ocrx_word' id='word_1_681' title='bbox 1665 4499 1849 4555; x_wconf 79' lang='lat' dir='ltr'><strong>Latine</strong></span> <span class='ocrx_word' id='word_1_682' title='bbox 1881 4515 1932 4574; x_wconf 76' lang='grc' dir='ltr'>ε)</span> <span class='ocrx_word' id='word_1_683' title='bbox 1954 4538 2168 4596; x_wconf 53' lang='grc' dir='ltr'><strong>ωψσε,</strong></span> <span class='ocrx_word' id='word_1_684' title='bbox 2222 4541 2253 4580; x_wconf 65' lang='lat' dir='ltr'><strong>a</strong></span> <span class='ocrx_word' id='word_1_685' title='bbox 2281 4498 2549 4583; x_wconf 49' lang='grc' dir='ltr'><strong>Μέτωνίο</strong></span> <span class='ocrx_word' id='word_1_686' title='bbox 2578 4498 2853 4600; x_wconf 50' lang='grc' dir='ltr'><strong>ίήεεηίυω</strong></span> <span class='ocrx_word' id='word_1_687' title='bbox 2885 4538 2940 4585; x_wconf 62' lang='lat' dir='ltr'><strong>e,</strong></span> <span class='ocrx_word' id='word_1_688' title='bbox 2970 4498 3231 4600; x_wconf 54' lang='lat' dir='ltr'><strong>“ngl‘mm’</strong></span> <span class='ocrx_word' id='word_1_689' title='bbox 3262 4548 3294 4588; x_wconf 61' lang='lat' dir='ltr'><strong>a</strong></span> <span class='ocrx_word' id='word_1_690' title='bbox 3320 4498 3537 4590; x_wconf 43' lang='lat' dir='ltr'><strong>Venere</strong></span> 
     </span>
    </p>
   </div>
   <div class='ocr_carea' id='block_1_92' title="bbox 275 4595 917 4668">
    <p class='ocr_par' dir='ltr' id='par_1_92' title="bbox 275 4595 917 4668">
     <span class='ocr_line' id='line_1_93' title="bbox 275 4595 917 4668; baseline -0.003 -16"><span class='ocrx_word' id='word_1_691' title='bbox 275 4607 491 4667; x_wconf 84' lang='lat' dir='ltr'><strong>tempus</strong></span> <span class='ocrx_word' id='word_1_692' title='bbox 516 4595 917 4668; x_wconf 87' lang='lat' dir='ltr'><strong>interpretatur.</strong></span> 
     </span>
    </p>
   </div>
   <div class='ocr_carea' id='block_1_93' title="bbox 346 4680 1849 4757">
    <p class='ocr_par' dir='ltr' id='par_1_93' title="bbox 346 4680 1849 4757">
     <span class='ocr_line' id='line_1_94' title="bbox 346 4680 1849 4757; baseline -0.003 -17"><span class='ocrx_word' id='word_1_693' title='bbox 346 4686 516 4741; x_wconf 85' lang='lat' dir='ltr'><strong>Inter.</strong></span> <span class='ocrx_word' id='word_1_694' title='bbox 559 4684 823 4757; x_wconf 88' lang='lat' dir='ltr'><strong>Tempora</strong></span> <span class='ocrx_word' id='word_1_695' title='bbox 848 4686 903 4741; x_wconf 92' lang='lat' dir='ltr'><strong>in</strong></span> <span class='ocrx_word' id='word_1_696' title='bbox 930 4694 1062 4757; x_wconf 88' lang='lat' dir='ltr'><strong>quot</strong></span> <span class='ocrx_word' id='word_1_697' title='bbox 1093 4692 1275 4756; x_wconf 88' lang='lat' dir='ltr'><strong>partes</strong></span> <span class='ocrx_word' id='word_1_698' title='bbox 1300 4682 1652 4740; x_wconf 88' lang='lat' dir='ltr'><strong>dividuntur?</strong></span> <span class='ocrx_word' id='word_1_699' title='bbox 1694 4680 1849 4752; x_wconf 85' lang='lat' dir='ltr'><strong>Resp.</strong></span> 
     </span>
    </p>
   </div>
   <div class='ocr_carea' id='block_1_94' title="bbox 272 4769 1854 4846">
    <p class='ocr_par' dir='ltr' id='par_1_94' title="bbox 272 4769 1854 4846">
     <span class='ocr_line' id='line_1_95' title="bbox 272 4769 1854 4846; baseline -0.006 -12"><span class='ocrx_word' id='word_1_700' title='bbox 272 4776 336 4834; x_wconf 85' lang='lat' dir='ltr'><strong>lu</strong></span> <span class='ocrx_word' id='word_1_701' title='bbox 370 4792 485 4833; x_wconf 73' lang='lat' dir='ltr'><strong>sex.</strong></span> <span class='ocrx_word' id='word_1_702' title='bbox 526 4776 692 4833; x_wconf 70' lang='lat' dir='ltr'><strong>Inter.</strong></span> <span class='ocrx_word' id='word_1_703' title='bbox 739 4774 797 4833; x_wconf 86' lang='lat' dir='ltr'><strong>In</strong></span> <span class='ocrx_word' id='word_1_704' title='bbox 836 4776 1074 4846; x_wconf 86' lang='lat' dir='ltr'><strong>quibus?</strong></span> <span class='ocrx_word' id='word_1_705' title='bbox 1122 4773 1277 4845; x_wconf 86' lang='lat' dir='ltr'><strong>Resp.</strong></span> <span class='ocrx_word' id='word_1_706' title='bbox 1316 4773 1376 4830; x_wconf 88' lang='lat' dir='ltr'><strong>In</strong></span> <span class='ocrx_word' id='word_1_707' title='bbox 1411 4770 1719 4838; x_wconf 88' lang='lat' dir='ltr'><strong>momentis,</strong></span> <span class='ocrx_word' id='word_1_708' title='bbox 1757 4769 1854 4825; x_wconf 87' lang='lat' dir='ltr'><strong>ho-</strong></span> 
     </span>
    </p>
   </div>
   <div class='ocr_carea' id='block_1_95' title="bbox 277 4866 1537 4938">
    <p class='ocr_par' dir='ltr' id='par_1_95' title="bbox 277 4866 1537 4938">
     <span class='ocr_line' id='line_1_96' title="bbox 277 4866 1537 4938; baseline -0.008 -9"><span class='ocrx_word' id='word_1_709' title='bbox 277 4870 372 4937; x_wconf 83' lang='lat' dir='ltr'><strong>ris,</strong></span> <span class='ocrx_word' id='word_1_710' title='bbox 413 4870 623 4936; x_wconf 89' lang='lat' dir='ltr'><strong>diebus,</strong></span> <span class='ocrx_word' id='word_1_711' title='bbox 652 4869 946 4938; x_wconf 90' lang='lat' dir='ltr'><strong>mensibus,</strong></span> <span class='ocrx_word' id='word_1_712' title='bbox 995 4868 1152 4923; x_wconf 87' lang='lat' dir='ltr'><strong>annis</strong></span> <span class='ocrx_word' id='word_1_713' title='bbox 1179 4876 1235 4924; x_wconf 88' lang='lat' dir='ltr'><strong>et</strong></span> <span class='ocrx_word' id='word_1_714' title='bbox 1262 4866 1537 4922; x_wconf 90' lang='lat' dir='ltr'><strong>lustribus.</strong></span> 
     </span>
    </p>
   </div>
   <div class='ocr_carea' id='block_1_96' title="bbox 346 4956 1854 5029">
    <p class='ocr_par' dir='ltr' id='par_1_96' title="bbox 346 4956 1854 5029">
     <span class='ocr_line' id='line_1_97' title="bbox 346 4956 1854 5029; baseline -0.004 -13"><span class='ocrx_word' id='word_1_715' title='bbox 346 4961 515 5016; x_wconf 87' lang='lat' dir='ltr'><strong>Inter.</strong></span> <span class='ocrx_word' id='word_1_716' title='bbox 557 4960 694 5029; x_wconf 85' lang='lat' dir='ltr'><strong>Quid</strong></span> <span class='ocrx_word' id='word_1_717' title='bbox 716 4968 800 5017; x_wconf 91' lang='lat' dir='ltr'><strong>est</strong></span> <span class='ocrx_word' id='word_1_718' title='bbox 826 4959 1199 5016; x_wconf 88' lang='lat' dir='ltr'><strong>momentum?</strong></span> <span class='ocrx_word' id='word_1_719' title='bbox 1232 4956 1389 5028; x_wconf 88' lang='lat' dir='ltr'><strong>Resp.</strong></span> <span class='ocrx_word' id='word_1_720' title='bbox 1418 4956 1749 5012; x_wconf 85' lang='lat' dir='ltr'><strong>Momentum</strong></span> <span class='ocrx_word' id='word_1_721' title='bbox 1769 4964 1854 5010; x_wconf 91' lang='lat' dir='ltr'><strong>est</strong></span> 
     </span>
    </p>
   </div>
   <div class='ocr_carea' id='block_1_97' title="bbox 275 5051 1853 5124">
    <p class='ocr_par' dir='ltr' id='par_1_97' title="bbox 275 5051 1853 5124">
     <span class='ocr_line' id='line_1_98' title="bbox 275 5051 1853 5124; baseline -0.003 -13"><span class='ocrx_word' id='word_1_722' title='bbox 275 5053 562 5111; x_wconf 81' lang='lat' dir='ltr'><strong>minimum</strong></span> <span class='ocrx_word' id='word_1_723' title='bbox 611 5061 774 5124; x_wconf 83' lang='lat' dir='ltr'><strong>atque</strong></span> <span class='ocrx_word' id='word_1_724' title='bbox 824 5052 1264 5124; x_wconf 85' lang='lat' dir='ltr'><strong>augustissimum</strong></span> <span class='ocrx_word' id='word_1_725' title='bbox 1300 5058 1512 5120; x_wconf 89' lang='lat' dir='ltr'><strong>tempus</strong></span> <span class='ocrx_word' id='word_1_726' title='bbox 1546 5066 1578 5106; x_wconf 91' lang='lat' dir='ltr'><strong>a</strong></span> <span class='ocrx_word' id='word_1_727' title='bbox 1604 5058 1751 5106; x_wconf 90' lang='lat' dir='ltr'><strong>motu</strong></span> <span class='ocrx_word' id='word_1_728' title='bbox 1781 5051 1853 5106; x_wconf 89' lang='lat' dir='ltr'><strong>si-</strong></span> 
     </span>
    </p>
   </div>
   <div class='ocr_carea' id='block_1_98' title="bbox 277 5142 1855 5219">
    <p class='ocr_par' dir='ltr' id='par_1_98' title="bbox 277 5142 1855 5219">
     <span class='ocr_line' id='line_1_99' title="bbox 277 5142 1855 5219; baseline -0.002 -18"><span class='ocrx_word' id='word_1_729' title='bbox 277 5147 471 5201; x_wconf 85' lang='lat' dir='ltr'><strong>derum</strong></span> <span class='ocrx_word' id='word_1_730' title='bbox 496 5145 697 5200; x_wconf 90' lang='lat' dir='ltr'><strong>dictum</strong></span> <span class='ocrx_word' id='word_1_731' title='bbox 722 5160 738 5210; x_wconf 90' lang='lat'><strong>;</strong></span> <span class='ocrx_word' id='word_1_732' title='bbox 769 5150 853 5200; x_wconf 90' lang='lat' dir='ltr'><strong>est</strong></span> <span class='ocrx_word' id='word_1_733' title='bbox 874 5143 1019 5199; x_wconf 89' lang='lat' dir='ltr'><strong>enim</strong></span> <span class='ocrx_word' id='word_1_734' title='bbox 1058 5143 1374 5199; x_wconf 84' lang='lat' dir='ltr'><strong>extremitas</strong></span> <span class='ocrx_word' id='word_1_735' title='bbox 1419 5143 1565 5198; x_wconf 81' lang='lat' dir='ltr'><strong>horse</strong></span> <span class='ocrx_word' id='word_1_736' title='bbox 1592 5142 1648 5198; x_wconf 91' lang='lat' dir='ltr'><strong>in</strong></span> <span class='ocrx_word' id='word_1_737' title='bbox 1676 5142 1855 5219; x_wconf 50' lang='lat' dir='ltr'><strong>brevi-1</strong></span> 
     </span>
    </p>
   </div>
   <div class='ocr_carea' id='block_1_99' title="bbox 279 5233 1854 5304">
    <p class='ocr_par' dir='ltr' id='par_1_99' title="bbox 279 5233 1854 5304">
     <span class='ocr_line' id='line_1_100' title="bbox 279 5233 1854 5304; baseline -0.003 -11"><span class='ocrx_word' id='word_1_738' title='bbox 279 5238 381 5293; x_wconf 83' lang='lat' dir='ltr'><strong>bus</strong></span> <span class='ocrx_word' id='word_1_739' title='bbox 431 5235 748 5300; x_wconf 76' lang='lat' dir='ltr'><strong>intervallis,</strong></span> <span class='ocrx_word' id='word_1_740' title='bbox 798 5249 918 5289; x_wconf 90' lang='lat' dir='ltr'><strong>cum</strong></span> <span class='ocrx_word' id='word_1_741' title='bbox 962 5233 1162 5304; x_wconf 83' lang='lat' dir='ltr'><strong>aliquid</strong></span> <span class='ocrx_word' id='word_1_742' title='bbox 1216 5233 1321 5288; x_wconf 88' lang='lat' dir='ltr'><strong>sibi</strong></span> <span class='ocrx_word' id='word_1_743' title='bbox 1369 5234 1514 5290; x_wconf 87' lang='lat' dir='ltr'><strong>cedit</strong></span> <span class='ocrx_word' id='word_1_744' title='bbox 1548 5241 1710 5302; x_wconf 86' lang='lat' dir='ltr'><strong>atque</strong></span> <span class='ocrx_word' id='word_1_745' title='bbox 1733 5247 1854 5289; x_wconf 89' lang='lat' dir='ltr'><strong>suc-</strong></span> 
     </span>
    </p>
   </div>
   <div class='ocr_carea' id='block_1_100' title="bbox 278 5329 442 5386">
    <p class='ocr_par' dir='ltr' id='par_1_100' title="bbox 278 5329 442 5386">
     <span class='ocr_line' id='line_1_101' title="bbox 278 5329 442 5386; baseline -0.012 1"><span class='ocrx_word' id='word_1_746' title='bbox 278 5329 442 5386; x_wconf 86' lang='lat' dir='ltr'><strong>cedit.</strong></span> 
     </span>
    </p>
   </div>
   <div class='ocr_carea' id='block_1_101' title="bbox 352 5438 1849 5513">
    <p class='ocr_par' dir='ltr' id='par_1_101' title="bbox 352 5438 1849 5513">
     <span class='ocr_line' id='line_1_102' title="bbox 352 5438 1849 5513; baseline -0.001 -16"><span class='ocrx_word' id='word_1_747' title='bbox 352 5442 519 5498; x_wconf 88' lang='lat' dir='ltr'><strong>Inter.</strong></span> <span class='ocrx_word' id='word_1_748' title='bbox 558 5442 702 5497; x_wconf 77' lang='lat' dir='ltr'><strong>liora</strong></span> <span class='ocrx_word' id='word_1_749' title='bbox 728 5457 835 5513; x_wconf 90' lang='lat' dir='ltr'><strong>qua</strong></span> <span class='ocrx_word' id='word_1_750' title='bbox 863 5441 1041 5513; x_wconf 80' lang='lat' dir='ltr'><strong>lingua</strong></span> <span class='ocrx_word' id='word_1_751' title='bbox 1075 5439 1312 5495; x_wconf 88' lang='lat' dir='ltr'><strong>dicitur?</strong></span> <span class='ocrx_word' id='word_1_752' title='bbox 1338 5438 1488 5510; x_wconf 88' lang='lat' dir='ltr'><strong>Resp.</strong></span> <span class='ocrx_word' id='word_1_753' title='bbox 1524 5438 1672 5495; x_wconf 78' lang='lat' dir='ltr'><strong>Hora</strong></span> <span class='ocrx_word' id='word_1_754' title='bbox 1694 5440 1849 5496; x_wconf 67' lang='lat' dir='ltr'><strong>Grac-</strong></span> 
     </span>
    </p>
   </div>
   <div class='ocr_carea' id='block_1_102' title="bbox 278 5531 1847 5599">
    <p class='ocr_par' dir='ltr' id='par_1_102' title="bbox 278 5531 1847 5599">
     <span class='ocr_line' id='line_1_103' title="bbox 278 5531 1847 5599; baseline -0.003 -9"><span class='ocrx_word' id='word_1_755' title='bbox 278 5550 404 5590; x_wconf 81' lang='lat' dir='ltr'><strong>cutn</strong></span> <span class='ocrx_word' id='word_1_756' title='bbox 447 5549 640 5589; x_wconf 86' lang='lat' dir='ltr'><strong>nomen</strong></span> <span class='ocrx_word' id='word_1_757' title='bbox 693 5542 795 5599; x_wconf 87' lang='lat' dir='ltr'><strong>est,</strong></span> <span class='ocrx_word' id='word_1_758' title='bbox 824 5541 879 5589; x_wconf 90' lang='lat' dir='ltr'><strong>et</strong></span> <span class='ocrx_word' id='word_1_759' title='bbox 933 5544 1110 5588; x_wconf 86' lang='lat' dir='ltr'><strong>tamen</strong></span> <span class='ocrx_word' id='word_1_760' title='bbox 1166 5532 1417 5586; x_wconf 89' lang='lat' dir='ltr'><strong>Latinum</strong></span> <span class='ocrx_word' id='word_1_761' title='bbox 1459 5539 1635 5586; x_wconf 85' lang='lat' dir='ltr'><strong>sonat.</strong></span> <span class='ocrx_word' id='word_1_762' title='bbox 1681 5531 1847 5587; x_wconf 84' lang='lat' dir='ltr'><strong>Inter.</strong></span> 
     </span>
    </p>
   </div>
   <div class='ocr_carea' id='block_1_103' title="bbox 281 5624 1854 5700">
    <p class='ocr_par' dir='ltr' id='par_1_103' title="bbox 281 5624 1854 5700">
     <span class='ocr_line' id='line_1_104' title="bbox 281 5624 1854 5700; baseline 0 -19"><span class='ocrx_word' id='word_1_763' title='bbox 281 5625 424 5700; x_wconf 79' lang='lat' dir='ltr'><strong>Quid</strong></span> <span class='ocrx_word' id='word_1_764' title='bbox 455 5634 540 5685; x_wconf 89' lang='lat' dir='ltr'><strong>est</strong></span> <span class='ocrx_word' id='word_1_765' title='bbox 587 5627 763 5683; x_wconf 80' lang='lat' dir='ltr'><strong>hora?</strong></span> <span class='ocrx_word' id='word_1_766' title='bbox 803 5625 958 5698; x_wconf 88' lang='lat' dir='ltr'><strong>Resp.</strong></span> <span class='ocrx_word' id='word_1_767' title='bbox 1010 5624 1156 5682; x_wconf 82' lang='lat' dir='ltr'><strong>Finis</strong></span> <span class='ocrx_word' id='word_1_768' title='bbox 1193 5633 1276 5679; x_wconf 86' lang='lat' dir='ltr'><strong>est</strong></span> <span class='ocrx_word' id='word_1_769' title='bbox 1325 5624 1602 5695; x_wconf 83' lang='lat' dir='ltr'><strong>temporis,</strong></span> <span class='ocrx_word' id='word_1_770' title='bbox 1632 5624 1767 5680; x_wconf 86' lang='lat' dir='ltr'><strong>sicut</strong></span> <span class='ocrx_word' id='word_1_771' title='bbox 1801 5632 1854 5681; x_wconf 82' lang='lat' dir='ltr'><strong>et</strong></span> 
     </span>
    </p>
   </div>
   <div class='ocr_carea' id='block_1_104' title="bbox 353 5757 1674 5833">
    <p class='ocr_par' dir='ltr' id='par_1_104' title="bbox 353 5757 1674 5833">
     <span class='ocr_line' id='line_1_105' title="bbox 353 5757 1674 5833; baseline -0.004 -18"><span class='ocrx_word' id='word_1_772' title='bbox 353 5772 377 5800; x_wconf 79' lang='grc' dir='ltr'>ι</span> <span class='ocrx_word' id='word_1_773' title='bbox 419 5759 499 5815; x_wconf 78' lang='lat' dir='ltr'><strong>Ex</strong></span> <span class='ocrx_word' id='word_1_774' title='bbox 528 5757 653 5815; x_wconf 80' lang='lat' dir='ltr'><strong>Isid.</strong></span> <span class='ocrx_word' id='word_1_775' title='bbox 683 5758 801 5819; x_wconf 84' lang='lat' dir='ltr'><strong>libr.</strong></span> <span class='ocrx_word' id='word_1_776' title='bbox 831 5776 858 5813; x_wconf 71' lang='grc' dir='ltr'><strong>ν</strong></span> <span class='ocrx_word' id='word_1_777' title='bbox 889 5759 1165 5833; x_wconf 73' lang='lat' dir='ltr'><strong>Originum</strong></span> <span class='ocrx_word' id='word_1_778' title='bbox 1207 5774 1326 5831; x_wconf 79' lang='lat' dir='ltr'><strong>cap.</strong></span> <span class='ocrx_word' id='word_1_779' title='bbox 1366 5758 1423 5810; x_wconf 79' lang='lat' dir='ltr'><strong>l8</strong></span> <span class='ocrx_word' id='word_1_780' title='bbox 1446 5765 1497 5812; x_wconf 86' lang='lat' dir='ltr'><strong>et</strong></span> <span class='ocrx_word' id='word_1_781' title='bbox 1524 5773 1674 5829; x_wconf 78' lang='lat' dir='ltr'><strong>seqq.</strong></span> 
     </span>
    </p>
   </div>
   <div class='ocr_carea' id='block_1_105' title="bbox 1960 4615 3532 4694">
    <p class='ocr_par' dir='ltr' id='par_1_105' title="bbox 1960 4615 3532 4694">
     <span class='ocr_line' id='line_1_106' title="bbox 1960 4615 3532 4694; baseline 0.006 -24"><span class='ocrx_word' id='word_1_782' title='bbox 1960 4615 2302 4688; x_wconf 81' lang='lat' dir='ltr'><strong>voluptatem,</strong></span> <span class='ocrx_word' id='word_1_783' title='bbox 2318 4633 2347 4673; x_wconf 89' lang='lat' dir='ltr'><strong>a</strong></span> <span class='ocrx_word' id='word_1_784' title='bbox 2367 4618 2536 4675; x_wconf 82' lang='lat' dir='ltr'><strong>Marte</strong></span> <span class='ocrx_word' id='word_1_785' title='bbox 2549 4621 2885 4692; x_wconf 80' lang='lat' dir='ltr'><strong>sanguinem,</strong></span> <span class='ocrx_word' id='word_1_786' title='bbox 2901 4637 2931 4677; x_wconf 91' lang='lat' dir='ltr'><strong>a</strong></span> <span class='ocrx_word' id='word_1_787' title='bbox 2943 4636 3076 4678; x_wconf 67' lang='lat' dir='ltr'><strong>aove</strong></span> <span class='ocrx_word' id='word_1_788' title='bbox 3095 4624 3507 4694; x_wconf 87' lang='lat' dir='ltr'><strong>temperantiam</strong></span> <span class='ocrx_word' id='word_1_789' title='bbox 3517 4667 3532 4691; x_wconf 89' lang='lat'><strong>,</strong></span> 
     </span>
    </p>
   </div>
   <div class='ocr_carea' id='block_1_106' title="bbox 1953 4709 3534 4792">
    <p class='ocr_par' dir='ltr' id='par_1_106' title="bbox 1953 4709 3534 4792">
     <span class='ocr_line' id='line_1_107' title="bbox 1953 4709 3534 4792; baseline 0.008 -28"><span class='ocrx_word' id='word_1_790' title='bbox 1953 4725 1983 4764; x_wconf 91' lang='lat' dir='ltr'><strong>a</strong></span> <span class='ocrx_word' id='word_1_791' title='bbox 2014 4709 2250 4768; x_wconf 88' lang='lat' dir='ltr'><strong>Saturno</strong></span> <span class='ocrx_word' id='word_1_792' title='bbox 2273 4714 2554 4770; x_wconf 90' lang='lat' dir='ltr'><strong>humorem</strong></span> <span class='ocrx_word' id='word_1_793' title='bbox 2579 4732 2594 4780; x_wconf 90' lang='lat'><strong>;</strong></span> <span class='ocrx_word' id='word_1_794' title='bbox 2635 4715 2755 4771; x_wconf 88' lang='lat' dir='ltr'><strong>talis</strong></span> <span class='ocrx_word' id='word_1_795' title='bbox 2787 4718 2985 4788; x_wconf 89' lang='lat' dir='ltr'><strong>quippe</strong></span> <span class='ocrx_word' id='word_1_796' title='bbox 3014 4721 3226 4776; x_wconf 78' lang='lat' dir='ltr'><strong>exstitit</strong></span> <span class='ocrx_word' id='word_1_797' title='bbox 3254 4720 3534 4792; x_wconf 81' lang='lat' dir='ltr'><strong>gentilium</strong></span> 
     </span>
    </p>
   </div>
   <div class='ocr_carea' id='block_1_107' title="bbox 1952 4803 3531 4886">
    <p class='ocr_par' dir='ltr' id='par_1_107' title="bbox 1952 4803 3531 4886">
     <span class='ocr_line' id='line_1_108' title="bbox 1952 4803 3531 4886; baseline 0.006 -28"><span class='ocrx_word' id='word_1_798' title='bbox 1952 4803 2199 4871; x_wconf 86' lang='lat' dir='ltr'><strong>stultitia,</strong></span> <span class='ocrx_word' id='word_1_799' title='bbox 2229 4806 2322 4875; x_wconf 87' lang='lat' dir='ltr'><strong>qui</strong></span> <span class='ocrx_word' id='word_1_800' title='bbox 2357 4806 2458 4861; x_wconf 86' lang='lat' dir='ltr'><strong>sibi</strong></span> <span class='ocrx_word' id='word_1_801' title='bbox 2493 4806 2766 4862; x_wconf 78' lang='lat' dir='ltr'><strong>ﬁnxerunt</strong></span> <span class='ocrx_word' id='word_1_802' title='bbox 2795 4816 2902 4863; x_wconf 90' lang='lat' dir='ltr'><strong>tam</strong></span> <span class='ocrx_word' id='word_1_803' title='bbox 2933 4810 3225 4868; x_wconf 88' lang='lat' dir='ltr'><strong>ridiculosa</strong></span> <span class='ocrx_word' id='word_1_804' title='bbox 3254 4814 3531 4886; x_wconf 80' lang='lat' dir='ltr'><strong>ﬁgmenta.</strong></span> 
     </span>
    </p>
   </div>
   <div class='ocr_carea' id='block_1_108' title="bbox 2022 4892 3535 4974">
    <p class='ocr_par' dir='ltr' id='par_1_108' title="bbox 2022 4892 3535 4974">
     <span class='ocr_line' id='line_1_109' title="bbox 2022 4892 3535 4974; baseline 0.01 -27"><span class='ocrx_word' id='word_1_805' title='bbox 2022 4892 2188 4951; x_wconf 88' lang='lat' dir='ltr'><strong>Inter.</strong></span> <span class='ocrx_word' id='word_1_806' title='bbox 2241 4895 2523 4964; x_wconf 86' lang='lat' dir='ltr'><strong>Quomodo</strong></span> <span class='ocrx_word' id='word_1_807' title='bbox 2576 4908 2802 4954; x_wconf 87' lang='lat' dir='ltr'><strong>vocatur</strong></span> <span class='ocrx_word' id='word_1_808' title='bbox 2864 4899 2980 4958; x_wconf 89' lang='lat' dir='ltr'><strong>dies</strong></span> <span class='ocrx_word' id='word_1_809' title='bbox 3036 4904 3178 4974; x_wconf 90' lang='lat' dir='ltr'><strong>apud</strong></span> <span class='ocrx_word' id='word_1_810' title='bbox 3249 4904 3535 4962; x_wconf 80' lang='lat' dir='ltr'><strong>Hebreos?</strong></span> 
     </span>
    </p>
   </div>
   <div class='ocr_carea' id='block_1_109' title="bbox 1953 4979 3534 5063">
    <p class='ocr_par' dir='ltr' id='par_1_109' title="bbox 1953 4979 3534 5063">
     <span class='ocr_line' id='line_1_110' title="bbox 1953 4979 3534 5063; baseline 0.009 -27"><span class='ocrx_word' id='word_1_811' title='bbox 1953 4979 2107 5054; x_wconf 87' lang='lat' dir='ltr'><strong>Resp.</strong></span> <span class='ocrx_word' id='word_1_812' title='bbox 2147 4983 2302 5056; x_wconf 79' lang='lat' dir='ltr'><strong>Apud</strong></span> <span class='ocrx_word' id='word_1_813' title='bbox 2335 4984 2574 5044; x_wconf 84' lang='lat' dir='ltr'><strong>Hebreos</strong></span> <span class='ocrx_word' id='word_1_814' title='bbox 2616 4996 2798 5046; x_wconf 87' lang='lat' dir='ltr'><strong>autem</strong></span> <span class='ocrx_word' id='word_1_815' title='bbox 2823 4988 2940 5047; x_wconf 89' lang='lat' dir='ltr'><strong>dies</strong></span> <span class='ocrx_word' id='word_1_816' title='bbox 2959 4993 3134 5063; x_wconf 89' lang='lat' dir='ltr'><strong>prima</strong></span> <span class='ocrx_word' id='word_1_817' title='bbox 3176 5011 3283 5049; x_wconf 82' lang='lat' dir='ltr'><strong>una</strong></span> <span class='ocrx_word' id='word_1_818' title='bbox 3329 4995 3534 5051; x_wconf 81' lang='lat' dir='ltr'><strong>sabbati</strong></span> 
     </span>
    </p>
   </div>
   <div class='ocr_carea' id='block_1_110' title="bbox 1953 5072 3529 5147">
    <p class='ocr_par' dir='ltr' id='par_1_110' title="bbox 1953 5072 3529 5147">
     <span class='ocr_line' id='line_1_111' title="bbox 1953 5072 3529 5147; baseline 0.01 -22"><span class='ocrx_word' id='word_1_819' title='bbox 1953 5072 2173 5140; x_wconf 89' lang='lat' dir='ltr'><strong>dicitur,</strong></span> <span class='ocrx_word' id='word_1_820' title='bbox 2231 5076 2325 5147; x_wconf 89' lang='lat' dir='ltr'><strong>qui</strong></span> <span class='ocrx_word' id='word_1_821' title='bbox 2379 5079 2519 5147; x_wconf 89' lang='lat' dir='ltr'><strong>apud</strong></span> <span class='ocrx_word' id='word_1_822' title='bbox 2570 5094 2670 5135; x_wconf 87' lang='lat' dir='ltr'><strong>nos</strong></span> <span class='ocrx_word' id='word_1_823' title='bbox 2713 5081 2830 5137; x_wconf 90' lang='lat' dir='ltr'><strong>dies</strong></span> <span class='ocrx_word' id='word_1_824' title='bbox 2860 5082 3170 5140; x_wconf 90' lang='lat' dir='ltr'><strong>Dominicus</strong></span> <span class='ocrx_word' id='word_1_825' title='bbox 3220 5094 3321 5142; x_wconf 91' lang='lat' dir='ltr'><strong>est.</strong></span> <span class='ocrx_word' id='word_1_826' title='bbox 3365 5085 3529 5141; x_wconf 85' lang='lat' dir='ltr'><strong>Inter.</strong></span> 
     </span>
    </p>
   </div>
   <div class='ocr_carea' id='block_1_111' title="bbox 1956 5159 3530 5245">
    <p class='ocr_par' dir='ltr' id='par_1_111' title="bbox 1956 5159 3530 5245">
     <span class='ocr_line' id='line_1_112' title="bbox 1956 5159 3530 5245; baseline 0.01 -28"><span class='ocrx_word' id='word_1_827' title='bbox 1956 5159 2205 5218; x_wconf 87' lang='lat' dir='ltr'><strong>Secunda</strong></span> <span class='ocrx_word' id='word_1_828' title='bbox 2249 5164 2456 5222; x_wconf 78' lang='lat' dir='ltr'><strong>sabbati</strong></span> <span class='ocrx_word' id='word_1_829' title='bbox 2495 5183 2667 5238; x_wconf 83' lang='lat' dir='ltr'><strong>quare</strong></span> <span class='ocrx_word' id='word_1_830' title='bbox 2701 5170 3047 5242; x_wconf 85' lang='lat' dir='ltr'><strong>appellatur?</strong></span> <span class='ocrx_word' id='word_1_831' title='bbox 3077 5172 3234 5245; x_wconf 84' lang='lat' dir='ltr'><strong>Resp.</strong></span> <span class='ocrx_word' id='word_1_832' title='bbox 3283 5174 3530 5233; x_wconf 87' lang='lat' dir='ltr'><strong>Secunda</strong></span> 
     </span>
    </p>
   </div>
   <div class='ocr_carea' id='block_1_112' title="bbox 1954 5254 3532 5331">
    <p class='ocr_par' dir='ltr' id='par_1_112' title="bbox 1954 5254 3532 5331">
     <span class='ocr_line' id='line_1_113' title="bbox 1954 5254 3532 5331; baseline 0.01 -23"><span class='ocrx_word' id='word_1_833' title='bbox 1954 5254 2163 5309; x_wconf 77' lang='lat' dir='ltr'><strong>sabbati</strong></span> <span class='ocrx_word' id='word_1_834' title='bbox 2201 5257 2431 5311; x_wconf 85' lang='lat' dir='ltr'><strong>secunda</strong></span> <span class='ocrx_word' id='word_1_835' title='bbox 2480 5255 2637 5325; x_wconf 88' lang='lat' dir='ltr'><strong>feria,</strong></span> <span class='ocrx_word' id='word_1_836' title='bbox 2690 5275 2852 5331; x_wconf 87' lang='lat' dir='ltr'><strong>quem</strong></span> <span class='ocrx_word' id='word_1_837' title='bbox 2885 5263 3174 5320; x_wconf 75' lang='lat' dir='ltr'><strong>steculares</strong></span> <span class='ocrx_word' id='word_1_838' title='bbox 3220 5266 3362 5321; x_wconf 88' lang='lat' dir='ltr'><strong>diem</strong></span> <span class='ocrx_word' id='word_1_839' title='bbox 3393 5267 3532 5324; x_wconf 72' lang='lat' dir='ltr'><strong>luam</strong></span> 
     </span>
    </p>
   </div>
   <div class='ocr_carea' id='block_1_113' title="bbox 1953 5345 3523 5422">
    <p class='ocr_par' dir='ltr' id='par_1_113' title="bbox 1953 5345 3523 5422">
     <span class='ocr_line' id='line_1_114' title="bbox 1953 5345 3523 5422; baseline 0.01 -24"><span class='ocrx_word' id='word_1_840' title='bbox 1953 5352 2170 5400; x_wconf 83' lang='lat' dir='ltr'><strong>vocant.</strong></span> <span class='ocrx_word' id='word_1_841' title='bbox 2206 5345 2370 5401; x_wconf 85' lang='lat' dir='ltr'><strong>Inter.</strong></span> <span class='ocrx_word' id='word_1_842' title='bbox 2395 5345 2534 5414; x_wconf 91' lang='lat' dir='ltr'><strong>Quid</strong></span> <span class='ocrx_word' id='word_1_843' title='bbox 2558 5349 2763 5405; x_wconf 87' lang='lat' dir='ltr'><strong>tertia?</strong></span> <span class='ocrx_word' id='word_1_844' title='bbox 2789 5349 2943 5422; x_wconf 86' lang='lat' dir='ltr'><strong>Resp.</strong></span> <span class='ocrx_word' id='word_1_845' title='bbox 2968 5352 3150 5408; x_wconf 86' lang='lat' dir='ltr'><strong>Tertia</strong></span> <span class='ocrx_word' id='word_1_846' title='bbox 3175 5355 3388 5411; x_wconf 89' lang='lat' dir='ltr'><strong>sabbati</strong></span> <span class='ocrx_word' id='word_1_847' title='bbox 3424 5367 3523 5413; x_wconf 89' lang='lat' dir='ltr'><strong>ter-</strong></span> 
     </span>
    </p>
   </div>
   <div class='ocr_carea' id='block_1_114' title="bbox 1955 5436 3529 5516">
    <p class='ocr_par' dir='ltr' id='par_1_114' title="bbox 1955 5436 3529 5516">
     <span class='ocr_line' id='line_1_115' title="bbox 1955 5436 3529 5516; baseline 0.008 -26"><span class='ocrx_word' id='word_1_848' title='bbox 1955 5436 2029 5491; x_wconf 91' lang='lat' dir='ltr'><strong>tia</strong></span> <span class='ocrx_word' id='word_1_849' title='bbox 2056 5436 2213 5502; x_wconf 85' lang='lat' dir='ltr'><strong>feria,</strong></span> <span class='ocrx_word' id='word_1_850' title='bbox 2241 5452 2402 5506; x_wconf 87' lang='lat' dir='ltr'><strong>quem</strong></span> <span class='ocrx_word' id='word_1_851' title='bbox 2424 5438 2568 5493; x_wconf 91' lang='lat' dir='ltr'><strong>diem</strong></span> <span class='ocrx_word' id='word_1_852' title='bbox 2607 5439 2680 5495; x_wconf 90' lang='lat' dir='ltr'><strong>illi</strong></span> <span class='ocrx_word' id='word_1_853' title='bbox 2716 5439 2904 5496; x_wconf 71' lang='lat' dir='ltr'><strong>Hartis</strong></span> <span class='ocrx_word' id='word_1_854' title='bbox 2941 5455 3154 5498; x_wconf 86' lang='lat' dir='ltr'><strong>vocant.</strong></span> <span class='ocrx_word' id='word_1_855' title='bbox 3196 5444 3361 5501; x_wconf 87' lang='lat' dir='ltr'><strong>Inter.</strong></span> <span class='ocrx_word' id='word_1_856' title='bbox 3392 5445 3529 5516; x_wconf 88' lang='lat' dir='ltr'><strong>Quid</strong></span> 
     </span>
    </p>
   </div>
   <div class='ocr_carea' id='block_1_115' title="bbox 1957 5528 3525 5605">
    <p class='ocr_par' dir='ltr' id='par_1_115' title="bbox 1957 5528 3525 5605">
     <span class='ocr_line' id='line_1_116' title="bbox 1957 5528 3525 5605; baseline 0.004 -22"><span class='ocrx_word' id='word_1_857' title='bbox 1957 5536 2040 5583; x_wconf 83' lang='lat' dir='ltr'><strong>est</strong></span> <span class='ocrx_word' id='word_1_858' title='bbox 2058 5529 2295 5598; x_wconf 87' lang='lat' dir='ltr'><strong>quarta?</strong></span> <span class='ocrx_word' id='word_1_859' title='bbox 2334 5528 2483 5600; x_wconf 84' lang='lat' dir='ltr'><strong>Resp.</strong></span> <span class='ocrx_word' id='word_1_860' title='bbox 2535 5530 2740 5598; x_wconf 86' lang='lat' dir='ltr'><strong>Quarta</strong></span> <span class='ocrx_word' id='word_1_861' title='bbox 2776 5531 2987 5591; x_wconf 82' lang='lat' dir='ltr'><strong>sabbati</strong></span> <span class='ocrx_word' id='word_1_862' title='bbox 3026 5544 3217 5605; x_wconf 87' lang='lat' dir='ltr'><strong>quarta</strong></span> <span class='ocrx_word' id='word_1_863' title='bbox 3266 5536 3396 5592; x_wconf 85' lang='lat' dir='ltr'><strong>feria</strong></span> <span class='ocrx_word' id='word_1_864' title='bbox 3423 5547 3525 5601; x_wconf 84' lang='lat' dir='ltr'><strong>est,</strong></span> 
     </span>
    </p>
   </div>
   <div class='ocr_carea' id='block_1_116' title="bbox 1959 5620 3529 5700">
    <p class='ocr_par' dir='ltr' id='par_1_116' title="bbox 1959 5620 3529 5700">
     <span class='ocr_line' id='line_1_117' title="bbox 1959 5620 3529 5700; baseline 0.01 -31"><span class='ocrx_word' id='word_1_865' title='bbox 1959 5622 2047 5690; x_wconf 77' lang='lat' dir='ltr'><strong>qui</strong></span> <span class='ocrx_word' id='word_1_866' title='bbox 2099 5620 2342 5678; x_wconf 84' lang='lat' dir='ltr'><strong>Mercurii</strong></span> <span class='ocrx_word' id='word_1_867' title='bbox 2401 5623 2515 5680; x_wconf 89' lang='lat' dir='ltr'><strong>dics</strong></span> <span class='ocrx_word' id='word_1_868' title='bbox 2561 5635 2643 5682; x_wconf 88' lang='lat' dir='ltr'><strong>est</strong></span> <span class='ocrx_word' id='word_1_869' title='bbox 2677 5642 2706 5679; x_wconf 91' lang='lat' dir='ltr'><strong>a</strong></span> <span class='ocrx_word' id='word_1_870' title='bbox 2752 5627 2992 5698; x_wconf 82' lang='lat' dir='ltr'><strong>paganis.</strong></span> <span class='ocrx_word' id='word_1_871' title='bbox 3060 5628 3222 5685; x_wconf 80' lang='lat' dir='ltr'><strong>Inter.</strong></span> <span class='ocrx_word' id='word_1_872' title='bbox 3283 5632 3529 5700; x_wconf 73' lang='lat' dir='ltr'><strong>Qiiidcst</strong></span> 
     </span>
    </p>
   </div>
  </div>
