3914 6178
1210 400 1269 455 Β.
1308 398 1374 457 F.
1412 393 1637 452 ALBlNl
1677 390 1806 447 SEU
1847 386 2124 444 ALCUlNl
2162 380 2441 443 Ol’EliUM
2482 378 2658 435 PARS
2702 375 2829 429 Vill.

386 524 618 600 quinta?
645 523 799 592 Resp.
826 520 1023 588 Quinta
1052 513 1261 573 sabbati
1282 513 1469 585 quinta
1492 507 1626 563 feria
1647 514 1751 571 est,
1776 502 1831 557 id
1852 507 1954 567 est,
1988 506 2036 566 Α
2061 496 2254 553 alicubi
2279 495 2434 550 aliter
2458 491 2676 600 legitur,
2716 500 2819 538 non
2850 499 2879 534 a
2912 485 3077 549 quota
3121 476 3230 541 die,
3262 475 3358 530 sed
3395 487 3427 525 a
3464 475 3643 527 couti-

388 595 577 693 quinta
612 633 642 671 a
666 615 752 669 dic
788 611 1085 675 Dominico,
1117 607 1209 679 qui
1237 603 1376 676 apud
1423 598 1648 673 gentiles
1685 595 1835 651 Iovis
1862 608 1956 649 vo—

389 685 564 768 catur.
600 708 766 762 Inter.
800 703 938 771 Quid
983 711 1067 758 est
1110 696 1304 755 sexta?
1360 693 1513 764 Resp.
1552 689 1717 745 Sexta
1748 685 1957 744 sabbati

390 811 544 861 sexta
579 798 714 856 feria
738 798 956 860 dicitur,
981 792 1071 864 qui
1101 789 1239 861 apud
1270 786 1491 842 eosdem
1515 796 1755 855 paganos
1793 778 1961 831 Vene-

389 899 468 953 ris
509 901 753 951 vocatur.
790 889 953 944 Inter.
990 883 1286 941 Sabbatum
1335 876 1465 948 quid
1489 874 1613 931 est?
1643 872 1795 943 Resp.
1825 868 1964 925 Sab—

390 990 579 1043 batum
602 995 695 1043 aut
725 982 986 1054 septimus
1017 992 1048 1031 a
1076 971 1352 1029 Dominico
1395 968 1483 1024 die
1507 974 1611 1031 est,
1645 978 1805 1035 quem
1840 976 1967 1031 gen-

393 1082 515 1137 tiles
549 1053 1140 1135 Saturnodicaverunt,
1171 1071 1225 1121 et.
1253 1059 1549 1119 Saturnum
1571 1054 1756 1132 [Isid.,
1781 1053 1966 1109 Satur-

396 1171 474 1244 ni]
504 1169 938 1225 nominaverunt.

465 1229 629 1315 Inter.
665 1254 959 1313 Sabbatum
1007 1248 1135 1320 quid
1186 1237 1611 1313 interpretatur?
1648 1234 1800 1303 Resp.
1839 1229 1969 1285 Sab-

392 1351 578 1406 batum
617 1354 796 1402 autem
832 1359 900 1401 ex
924 1339 1135 1395 llebreo
1172 1336 1225 1390 in
1253 1330 1502 1389 Latinum
1547 1325 1759 1396 requies
1808 1323 1968 1375 inter-

392 1448 653 1514 pretatur,
685 1453 750 1495 eo
785 1434 929 1508 quod
958 1434 1010 1486 in
1055 1445 1121 1487 eo
1147 1428 1289 1483 Deus
1328 1418 1683 1493 requievisset
1711 1413 1778 1469 ab
1797 1410 1971 1513 omni-

394 1501 495 1586 bus
521 1501 774 1601 operibus
803 1501 939 1580 suis.
968 1518 1157 1576 Melius
1176 1525 1358 1569 autem
1385 1510 1441 1565 in
1463 1504 1734 1563 vocabulis
1758 1501 1967 1556 dierum

393 1625 461 1682 de
483 1595 577 1680 ore
600 1619 905 1677 Christiano
951 1614 1088 1669 ritus
1118 1604 1369 1679 loquendi
1416 1595 1812 1658 ecclesiasticus
1853 1604 1971 1662 pro-

396 1717 576 1782 cedit;
613 1725 793 1769 tamen
827 1709 873 1767 si
900 1721 1063 1778 quem
1091 1700 1230 1758 forte
1274 1691 1607 1753 consuetudo
1640 1685 1884 1746 traxerit,
1912 1689 1972 1782 ut

397 1807 528 1864 illud
563 1773 735 1861 exeat
763 1817 832 1857 ex
864 1773 981 1863 ore,
1017 1793 1159 1866 quod
1191 1788 1458 1863 improbat
1497 1782 1554 1841 in
1586 1781 1772 1846 corde,
1817 1773 1973 1830 intel-

397 1902 525 1974 ligat
573 1899 694 1955 illos
749 1907 958 1957 omnes,
982 1891 1051 1945 de
1099 1899 1330 1959 quorum
1377 1868 1969 1974 nonunibusnapppllati

398 1962 524 2051 sunt
540 1993 599 2050 hi
619 1992 758 2055 dies,
779 1986 1028 2045 homines
1050 1981 1216 2037 fuisse
1241 1994 1258 2047 ;
1283 1984 1340 2035 et
1364 1990 1464 2049 pro
1482 1967 1758 2029 beneﬁciis
1787 1962 1970 2038 [Isid.,

396 2099 453 2145 et
484 2095 705 2162 propter
727 2079 1014 2153 beneﬁcia]
1045 2075 1294 2146 quadam
1335 2064 1605 2162 mortalia,
1635 2059 1762 2162 quia
1804 2055 1972 2162 pluri:

399 2147 549 2237 mum
580 2147 871 2251 potuerunt
902 2180 961 2227 et
978 2147 1327 2227 eminuerunt
1347 2161 1404 2217 in
1427 2159 1532 2213 hoc
1565 2150 1784 2215 sreculo,
1813 2147 1974 2203 delati

399 2280 526 2329 sunt
569 2239 650 2326 eis
674 2268 744 2323 ab
794 2261 1125 2322 amatoribus
1169 2257 1283 2314 suis
1335 2249 1502 2309 divini
1546 2248 1803 2306 honores,
1840 2248 1895 2295 et
1921 2239 1977 2293 in

400 2453 603 2509 minum
632 2450 815 2508 sidera
865 2450 1194 2517 nuncupata,
1245 2444 1302 2497 et
1331 2451 1365 2493 a
1394 2429 1660 2490 sideribus
1696 2424 1812 2479 dies
1849 2429 1976 2475 sunt

402 2541 674 2613 appellati.

472 2634 638 2689 Inter.
680 2630 833 2687 Unde
862 2627 1115 2685 dicuntur
1158 2620 1355 2679 ferim?
1392 2617 1542 2685 Resp.
1585 2616 1753 2672 Fet-iu:
1796 2624 1976 2668 autem

401 2740 434 2780 a
463 2723 626 2779 fando
660 2728 786 2777 sunt
820 2721 1160 2785 nuncupatas,
1186 2711 1330 2782 quod
1364 2710 1435 2766 sit
1471 2710 1523 2763 in
1554 2708 1634 2763 eis
1670 2705 1821 2762 nobis
1845 2713 1981 2760 tem—

402 2832 505 2889 pus
549 2811 820 2876 dictionis,
871 2809 923 2864 id
951 2816 1054 2873 est.
1080 2807 1132 2862 in
1176 2804 1359 2860 divino
1400 2800 1484 2859 vel
1531 2800 1767 2855 humano
1798 2796 1980 2854 oﬂicio

402 2895 544 2967 fari.
570 2904 676 2961 Sed
696 2919 765 2959 ex
792 2901 878 2958 his
903 2899 1057 2957 festis
1083 2896 1270 2955 diebus
1299 2895 1578 2951 hominum
1632 2905 1796 2946 causa
1833 2889 1983 2943 insti—

403 3008 551 3059 tutos
602 2997 826 3053 feriatos
867 2992 1172 3050 divinorum
1226 3001 1507 3044 sacrorum
1543 2982 1730 3056 [Isid.,
1775 2981 1880 3038 Sed
1910 2997 1978 3036 ex

405 3092 474 3151 iis
500 3089 622 3149 festi
651 3088 768 3145 dies
800 3083 1033 3142 instituti
1075 3088 1202 3138 sunt
1229 3077 1508 3139 hominum
1539 3090 1702 3130 causa
1730 3091 1744 3128 :
1778 3070 1974 3139 feriati,

402 3197 567 3243 causa
601 3179 907 3235 divinorum
924 3169 1248 3244 sacrorum].

475 3271 644 3329 Inter.
686 3268 878 3326 Partes
912 3264 1019 3323 diei
1049 3271 1179 3335 quot
1219 3261 1386 3317 sunt?
1418 3258 1568 3330 Resp.
1604 3255 1759 3312 Tres.
1806 3253 1976 3309 Inter.

407 3363 537 3430 Quae
558 3371 682 3417 sunt
708 3358 834 3416 hac?
891 3354 1047 3426 Resp.
1081 3353 1259 3418 Mane,
1307 3350 1581 3413 meridies,
1617 3356 1673 3404 et
1707 3362 1979 3420 suprema.

309 3456 311 3458 ’
407 3454 575 3509 Inter.
607 3449 885 3519 Quomodo
924 3446 1126 3511 mne?
1160 3444 1312 3513 Resp.
1347 3441 1503 3497 lianc
1550 3439 1643 3493 tux
1677 3446 1892 3493 matura
1926 3444 1985 3492 et

408 3543 587 3616 plena,
637 3554 737 3597 nec
758 3538 871 3611 jam
922 3532 1315 3606 crepusculum.
1362 3530 1529 3585 Inter.
1582 3527 1760 3596 Quare
1789 3527 1985 3583 dicitur

410 3633 612 3692 mane?
636 3631 791 3702 Resp.
826 3629 982 3685 Mane
1002 3632 1184 3684 autem
1206 3639 1238 3679 a
1259 3638 1417 3678 manu
1448 3629 1538 3677 est
1561 3620 1786 3675 dictum.
1814 3618 1981 3674 Inter.

412 3730 529 3798 Qua
552 3724 800 3785 ratione?
828 3721 983 3792 Resp.
1019 3718 1240 3774 Manum
1278 3716 1425 3773 enim
1451 3713 1660 3783 antiqui
1680 3712 1881 3769 bonum
1907 3711 1988 3766 di-

412 3820 609 3877 cebant
637 3828 663 3858 ι
688 3833 704 3883 ;
739 3814 870 3886 quid
886 3812 1035 3868 enim
1065 3807 1259 3864 melius
1297 3805 1460 3863 luce?
1487 3804 1592 3860 Alii
1618 3819 1778 3876 mane
1799 3802 1989 3859 existi-

414 3919 563 3968 urant
576 3908 760 3967 vocari
785 3905 854 3963 ab
879 3902 1181 3967 animabus,
1206 3914 1436 3971 quarum
1452 3893 1635 3970 [Isid.,
1657 3911 1690 3950 a
1715 3892 1983 3960 manibus,

415 4006 469 4060 id
515 4011 619 4067 est,
659 4000 784 4064 diis,
836 4010 1091 4068 quorum,
1142 3989 1278 4064 etc.]
1308 3987 1651 4047 conversatio
1679 4001 1712 4041 a
1751 3985 1877 4041 luna
1917 3987 1988 4042 ad

414 4105 618 4150 terram
642 4100 745 4147 est.
784 4088 887 4143 Alii
915 4093 1109 4158 putant
1138 4082 1207 4140 ab
1233 4094 1377 4148 aere,
1403 4080 1528 4152 quia
1557 4095 1770 4146 manus,
1800 4078 1856 4135 id
1878 4084 1986 4146 est,

412 4184 594 4239 clarus
614 4189 775 4250 atque
808 4176 1144 4249 perspicuus.

486 4273 653 4329 Inter.
712 4270 962 4327 Meridies
1004 4282 1173 4339 quare
1229 4266 1494 4322 vocatur?
1526 4264 1680 4337 Resp.
1736 4263 1988 4323 Meridies

418 4368 562 4423 dicta
592 4365 749 4436 quasi
790 4362 1068 4426 medidies,
1098 4360 1203 4418 hoc
1233 4368 1339 4424 est,
1373 4358 1721 4425 mediusdies,
1757 4358 1838 4413 vel
1858 4357 1988 4429 quia

2060 589 2208 643 uenti
2234 587 2319 642 die
2343 580 2531 639 cotidie
2551 578 2767 632 dicitur.

2131 679 2297 732 Inter.
2334 673 2472 730 Cras
2507 680 2678 741 quare
2726 660 3072 735 appellatur?
3108 657 3262 727 Resp.
3303 654 3467 719 Cras,
3499 654 3645 724 quod

2062 782 2145 829 cst
2167 778 2375 841 postea.
2408 765 2728 820 Hesternum
2757 766 2842 813 est
2873 753 3066 825 pridie,
3101 759 3158 806 et
3194 750 3398 805 dictum
3431 746 3648 800 hester-

2063 881 2191 920 num
2218 862 2286 917 ab
2308 876 2394 927 eo,
2424 857 2564 929 quod
2585 855 2699 927 jam
2720 853 2834 909 dies
2863 852 2976 919 ipse
3000 849 3071 903 sit
3096 863 3126 900 a
3152 845 3308 901 nobis
3332 852 3646 907 cxtraneus,

2065 968 2120 1011 et
2146 949 2515 1026 praetereundo
2542 948 2769 1002 alienus.

2139 1046 2305 1099 Inter.
2355 1041 2511 1098 Unde
2547 1038 2744 1094 dicitur
2782 1032 2997 1105 pridie?
3043 1029 3198 1100 Resp.
3246 1026 3426 1083 Pridie
3468 1033 3651 1079 autem

2068 1136 2271 1190 dictum
2308 1129 2462 1201 quasi
2497 1126 2666 1197 priori
2705 1123 2811 1179 die.
2856 1120 3139 1183 Perendie,
3174 1116 3229 1172 id
3255 1123 3359 1183 est,
3384 1128 3488 1186 per
3526 1124 3654 1168 ante

2069 1226 2231 1290 diem,
2257 1222 2342 1279 vel
2372 1221 2426 1276 in
2453 1228 2808 1280 antecessum,
2838 1213 2891 1267 id
2912 1219 3014 1276 est,
3038 1211 3209 1282 prius.

2140 1316 2305 1371 Inter.
2349 1312 2501 1369 Unde
2529 1312 2671 1367 dicta
2705 1304 2954 1363 estnos?
2987 1301 3144 1372 Resp.
3179 1300 3299 1356 Nox
3335 1314 3368 1355 a
3402 1300 3651 1355 nocendo

2071 1415 2155 1461 est
2181 1405 2345 1468 (licta,
2370 1416 2437 1457 eo
2454 1399 2598 1471 quod
2625 1396 2794 1454 oculis
2817 1402 3038 1459 noceat;
3064 1402 3185 1462 qua:
3213 1390 3418 1446 idcirco
3437 1388 3583 1443 inme
3601 1398 3652 1443 et

2072 1497 2309 1553 siderum
2333 1495 2510 1550 lucem
2527 1491 2710 1555 habet,
2742 1504 2809 1544 ne
2834 1487 3090 1543 indecora
3117 1490 3283 1547 esset,
3309 1490 3367 1537 et
3385 1491 3443 1535 ut
3464 1495 3654 1536 conso-

2071 1588 2315 1642 larentur
2359 1598 2547 1640 omnes
2590 1588 2749 1637 nocte
2793 1586 3100 1651 operantes,
3139 1582 3195 1630 et
3233 1582 3295 1629 ut
3330 1570 3651 1642 quibusdam

2074 1676 2462 1743 animantibus,
2489 1689 2608 1746 qum
2634 1672 2810 1728 lucem
2836 1669 2965 1726 solis
2991 1668 3264 1723 ferre'non
3298 1670 3554 1734 possunt,
3591 1661 3651 1715 ad

2076 1767 2450 1825 suilicientiam
2474 1769 2881 1835 temperaretur.

2004 1850 2049 1910 Β
2145 1861 2309 1914 Inter.
2340 1856 2637 1913 Alternatio
2661 1854 2765 1911 diei
2791 1861 2847 1908 et
2870 1850 3045 1907 noctis
3065 1865 3162 1905 cur
3189 1848 3331 1903 facta
3356 1847 3479 1902 est?
3508 1844 3651 1915 Resp.

2079 1949 2262 2004 Noctis
2303 1955 2481 2002 autem
2522 1954 2579 2001 et
2618 1944 2722 1999 diei
2760 1940 3047 1997 alternatio
3082 1946 3304 2009 propter
3337 1935 3658 1992 vicissitudi-

2074 2056 2203 2095 nem
2231 2037 2526 2095 dormiendi
2554 2034 2912 2105 \‘igilandique
2940 2031 3130 2089 effecta
3151 2037 3257 2095 est,
3292 2037 3346 2084 et
3378 2035 3441 2084 ut
3479 2026 3660 2098 operis

2078 2131 2256 2191 diurni
2281 2129 2520 2187 laborem
2548 2127 2722 2183 noctis
2744 2125 2957 2195 requies
2985 2129 3265 2194 temperet.

2151 2220 2316 2278 Inter.
2356 2218 2532 2287 Quare
2563 2217 2703 2273 facta
2724 2226 2811 2273 est
2833 2215 2981 2271 nox?
3015 2213 3167 2284 Resp.
3200 2212 3308 2268 Aut
3336 2210 3463 2280 quia
3506 2208 3663 2278 longo

2081 2314 2271 2370 itinere
2294 2311 2529 2366 lassatur
2555 2309 2654 2375 sol,
2684 2318 2881 2365 etcum
2911 2306 2977 2363 ad
3002 2303 3249 2361 ultimum
3275 2300 3403 2359 cceli
3429 2301 3663 2372 spatium

2076 2403 2342 2478 pervenit,
2370 2401 2720 2471 elanguescit,
2746 2415 2809 2454 ac
2838 2397 3139 2457 tabefactus
3164 2394 3306 2451 etllat
3324 2409 3448 2449 suos
3469 2393 3664 2464 ignes:

2076 2504 2171 2551 aut
2199 2494 2322 2564 quia
2350 2492 2539 2548 eadem
2571 2492 2622 2545 vi
2649 2490 2749 2546 sub
2778 2500 2951 2544 terras
2975 2488 3207 2558 cogitur,
3234 2500 3339 2556 qua
3365 2498 3533 2554 super
3562 2491 3668 2537 ter-

2081 2603 2167 2642 ras
2192 2584 2413 2657 pertulit
2447 2580 2652 2657 [Farte,
2697 2577 2941 2652 protulit]
2990 2578 3205 2642 lumen;
3250 2582 3303 2629 et
3348 2573 3429 2628 sic
3464 2570 3667 2627 umbra

2079 2688 2234 2736 terra:
2256 2687 2469 2735 noctem
2493 2674 2643 2733 facit.
2690 2673 2843 2731 Unde
2865 2681 2921 2729 et
2938 2670 3195 2743 Virgilius
3218 2667 3311 2742 (1E
3319 2686 3369 2723 η.
3401 2681 3465 2733 tt,
3488 2662 3627 2734 250)
3651 2682 3666 2719 :

2816 2805 2936 2861 liu’t
2954 2804 3153 2854 Oceano
3169 2816 3296 2863 nox,

2204 2871 2465 2922 Involvens
2488 2870 2662 2921 umbra
2680 2881 2859 2931 magna
2883 2876 3169 2928 terramque
3197 2866 3484 2929 polumque.

2153 2975 2314 3031 Inter.
2356 2974 2545 3030 Partes
2568 2974 2746 3030 noctis
2764 2980 2897 3043 quot
2919 2971 3079 3029 sunt?
3104 2968 3266 3036 Resp.
3297 2968 3542 3039 Septem.
3576 2966 3672 3021 In-

2078 3078 2174 3122 ter.
2218 3066 2382 3134 Qute?
2420 3065 2570 3136 Resp.
2614 3065 2838 3135 Veslm,
2865 3060 3258 3133 crepusculum,
3286 3058 3670 3123 conticinium,

2084 3160 2482 3230 intempestum,
2513 3157 2859 3229 gallicinium,
2887 3155 3229 3218 matutinum,
3256 3160 3317 3208 et
3347 3150 3670 3207 diluculum.

2087 3252 2254 3309 Inter.
2290 3252 2427 3319 Quid
2448 3260 2534 3306 est
2551 3249 2775 3320 vesper?
2803 3246 2955 3318 Resp.
2994 3247 3291 3317 Vesper-um
3314 3245 3383 3299 ab
3403 3241 3565 3300 stella
3593 3259 3675 3299 oc-

2084 3345 2338 3401 cidentali
2364 3352 2631 3407 vocatum,
2665 3358 2783 3411 qum
2816 3339 2984 3395 solem
3011 3336 3291 3394 omiduum
3319 3335 3595 3406 sequitur,
3623 3344 3677 3390 et

2086 3435 2337 3491 tenebras
2366 3442 2652 3503 sequentes
2679 3432 2952 3503 przecedit,
2986 3431 3053 3485 de
3077 3445 3182 3500 qua
3221 3427 3477 3500 Virgilius
3518 3425 3674 3498 (rEn.

2086 3540 2124 3590 t,
2149 3522 2274 3596 578)
2306 3542 2320 3578 :

2208 3632 2339 3684 Ante
2354 3633 2489 3682 diem
2508 3631 2672 3682 clauso
2695 3633 2941 3695 commit
2962 3632 3150 3694 Vesper
3168 3630 3385 3692 Olympo.

2156 3735 2321 3791 Inter.
2360 3734 2514 3793 Unde
2555 3743 2681 3791 sunt
2711 3733 2947 3790 tenebras
2981 3733 3176 3789 dictae?
3216 3730 3371 3799 Resp.
3400 3730 3567 3796 Quod
3609 3738 3681 3783 te-

2085 3835 2253 3881 neant
2293 3825 2532 3882 umbras.
2573 3825 2736 3880 Inter.
2773 3822 2915 3891 Quid
2943 3831 3027 3878 est
3061 3820 3437 3892 crepusculum
3459 3821 3486 3874 ?
3526 3818 3677 3890 Resp.

2086 3915 2471 3987 Crepusculum
2506 3923 2589 3970 est
2625 3914 2783 3969 dubia
2810 3912 2924 3968 lux.
2965 3911 3102 3967 Nam
3137 3924 3422 3980 creperum
3454 3908 3679 3979 dubium

2087 4008 2336 4073 dicimus,
2367 4008 2471 4062 hoc
2497 4012 2600 4071 est,
2630 4005 2775 4059 inter
2800 4003 2972 4058 lucem
3001 4011 3056 4056 et
3079 4002 3350 4057 tenebras.

2155 4098 2323 4152 Inter.
2363 4096 2502 4165 Quid
2547 4102 2632 4150 est
2676 4093 3065 4149 conticinium?
3104 4092 3252 4161 Resp.
3308 4090 3677 4146 (louticinium

2086 4200 2189 4257 est,
2217 4190 2434 4261 quando
2471 4204 2661 4244 omnes
2692 4187 2873 4254 silent,
2922 4187 3292 4242 conticescere
3330 4185 3479 4241 enim
3526 4184 3683 4241 silere

2085 4289 2189 4336 est.

2157 4371 2322 4426 Inter.
2364 4373 2502 4439 Quid
2523 4383 2608 4427 est
2637 4370 3061 4442 intempestum?
3096 4368 3247 4440 Resp.
3288 4367 3679 4439 Intempestum

418 4467 545 4513 tunc
573 4456 759 4527 purior
781 4453 894 4508 dies
927 4459 1030 4506 est.
1067 4448 1273 4504 Merum
1305 4448 1447 4503 enim
1476 4462 1670 4519 purum
1691 4448 1905 4514 dicitur,
1928 4446 1987 4504 in

2100 4472 2174 4518 est
2206 4464 2438 4519 medium
2473 4472 2527 4519 et
2556 4465 2913 4527 inactuosum,
2946 4463 3090 4532 quod
3122 4470 3205 4517 est
3246 4470 3458 4532 tempus
3496 4459 3679 4534 [Isid..

418 4557 532 4604 ιοιο
553 4547 696 4603 θηίηῖ
740 4544 825 4600 die
857 4542 987 4597 nihil
1039 4540 1237 4596 Clarius
1283 4539 1527 4604 meridie:
1555 4540 1774 4608 (1⁸³⁸11άο
1812 4538 1899 4595 501
1926 4538 1984 4596 in
2009 4549 2062 4610 Ι)
2089 4554 2425 4609 inactuosum
2456 4554 2633 4609 noctis
2675 4552 2929 4625 tempus],
2963 4554 3179 4621 quando
3207 4552 3291 4624 agi
3318 4551 3455 4608 nihil
3480 4559 3677 4624 potest,

419 4636 596 4693 ιι]οᾶἱο
619 4634 756 4691 εωιο
792 4632 995 4698 ι’ωηὶὶι,
1022 4638 1075 4687 ei
1112 4645 1327 4686 omnem
1352 4627 1538 4686 orbem
1594 4629 1711 4699 Pari
1744 4628 1990 4687 ὠτίῑαιθ
2091 4651 2148 4698 et
2175 4643 2351 4698 omnia
2382 4658 2575 4714 sopore
2594 4644 2775 4713 quieta
2798 4653 2944 4697 sunt.
2978 4643 3115 4697 Nam
3138 4650 3350 4712 tempus
3368 4655 3471 4712 per
3497 4654 3677 4696 senon

420 4729 672 4785 illustrat.
2096 4736 2428 4785 intelligitur.
2463 4735 2565 4785 nisi
2604 4751 2700 4785 ner
2733 4743 2885 4785 actus
2924 4736 3208 4785 humanos.
3258 4733 3398 4785 Nam
3447 4734 3677 4785 medium

420 4745 672 4785 lllilSll‘ill.

491 4822 656 4876 Inter.
692 4819 832 4888 Quid
864 4826 947 4875 est
969 4819 1263 4891 suprema?
1295 4816 1447 4887 Resp.
1496 4816 1757 4887 Suprema
1791 4824 1877 4872 est
1898 4831 1994 4887 po-

421 4924 622 4971 strema
653 4928 780 4985 pars
805 4911 933 4976 diei,
954 4911 1169 4982 quando
1203 4909 1283 4966 sol
1306 4924 1524 4964 cursum
1567 4924 1722 4967 suum
1755 4908 1808 4966 in
1826 4908 1990 4983 5,27

421 5021 673 5065 occasum
694 5004 894 5068 vertit;
931 5009 985 5056 et
1013 5001 1154 5057 dicta
1181 5015 1453 5072 suprema,
1472 5000 1622 5071 quod
1653 5009 1898 5071 superest
1921 5001 1993 5058 ad

421 5111 632 5173 partem
662 5098 902 5153 ultimam
922 5095 1051 5151 diei.

496 5189 660 5245 Inter.
702 5188 891 5245 Serum
913 5203 1081 5258 quare
1100 5185 1334 5245 dicitur?
1360 5185 1516 5257 Resp.
1542 5186 1732 5243 Serum
1748 5193 1997 5242 vocatum

427 5289 511 5338 est
543 5296 575 5337 a
613 5280 809 5337 clausis
840 5277 997 5346 seris,
1037 5278 1252 5348 quando
1271 5275 1385 5346 jam
1412 5291 1513 5333 nox
1552 5278 1718 5342 venit,
1748 5286 1809 5331 ut
1833 5291 2000 5334 unus-

426 5375 653 5446 quisque
677 5388 868 5429 somno
893 5371 1060 5427 tutior
1084 5370 1164 5427 ﬁt.

498 5466 664 5521 Inter.
704 5464 813 5522 Cur
832 5464 1028 5519 dicitur
1051 5458 1297 5519 hodie”?
1331 5461 1486 5534 Resp.
1511 5462 1700 5526 Hodie,
1724 5462 1882 5532 quasi
1898 5462 2003 5517 hoc

431 5555 549 5611 die:
574 5556 650 5613 sic
678 5567 733 5611 et
756 5554 1026 5626 quottidie,
1061 5567 1167 5611 non
1201 5552 1408 5620 cotidie,
1437 5560 1495 5609 ut
1520 5553 1596 5609 sit
1618 5562 1751 5622 quot
1778 5551 1998 5616 diebus;

503 5698 527 5726 ι
568 5686 765 5739 Renum
792 5685 1046 5739 dirrbant.
1094 5683 1253 5737 Μυκη
1290 5684 1420 5745 dies,
1463 5701 1564 5738 vox
1600 5684 1881 5739 familiaris
1909 5699 2001 5737 vc-

434 5756 636 5811 ttu'ilms
687 5755 870 5811 Gallis.
931 5756 1123 5821 (inquit
1172 5753 1408 5807 Valesius
1461 5756 1513 5808 iu
1548 5754 1741 5808 Notitia
1798 5753 1997 5807 Gallia-

437 5845 574 5895 tum,
608 5843 723 5895 pag.
764 5824 882 5892 Tili‘l)
925 5834 1075 5881 notos
1125 5840 1279 5879 mane
1340 5823 1714 5887 salutanlilms,
1767 5841 1869 5893 qua
1906 5824 1998 5878 Im~

2096 4736 2428 4806 intelligitur,
2463 4735 2565 4791 nisi
2604 4751 2700 4806 per
2733 4743 2885 4791 actus
2924 4736 3208 4790 humanos.
3258 4733 3398 4788 Nam
3447 4734 3678 4789 medium

2096 4825 2268 4879 noctis
2304 4832 2425 4878 actu
2461 4832 2608 4878 caret
2638 4841 2650 4877 :
2678 4838 2805 4897 ergo
2845 4832 3136 4894 tempestas
3174 4824 3454 4879 inactuosa
3497 4822 3675 4897 [ἡξει.

2098 4915 2435 4985 intempesta,
2472 4913 2797 4989 inactuosa],
2828 4916 2983 4985 quasi
3014 4915 3132 4971 sine
3161 4921 3423 4985 tempore,
3451 4914 3558 4970 hoc
3578 4922 3674 4972 est.

2100 5005 2217 5061 sine
2252 5013 2393 5070 actu,
2435 5019 2535 5075 per
2564 5021 2725 5075 quem
2760 5006 3060 5060 dinoscitur
3092 5010 3325 5074 tempus.
3370 5002 3528 5060 Unde
3555 5013 3632 5057 est
3661 5020 3672 5053 :

2100 5093 2464 5166 Intempestive
2481 5096 2684 5149 venisti.
2716 5094 2858 5166 Ergo
2886 5102 3146 5167 tempesta
3180 5094 3398 5158 dicitur,
3440 5095 3566 5165 quia
3595 5109 3677 5147 ea-

2099 5192 2185 5241 ret
2206 5193 2468 5256 tempora,
2496 5186 2552 5241 id
2577 5194 2682 5251 est,
2709 5192 2925 5241 actuum
2965 5183 3121 5257 [Isid.
3146 5181 3246 5254 leg.
3273 5182 3458 5255 εει*εο
3491 5183 3674 5240 ἰηίειιι-

2102 5284 2250 5347 pesta
2275 5284 2513 5340 vocatur,
2540 5275 2664 5345 quia
2686 5284 2836 5330 caret
2864 5282 3124 5345 tempore,
3152 5273 3209 5327 id
3243 5279 3346 5337 est,
3369 5270 3536 5344 actu].

2173 5365 2338 5421 Inter.
2390 5366 2529 5433 Quid
2581 5375 2665 5420 est
2710 5364 3094 5436 gallicinium?
3135 5362 3290 5432 Resp.
3339 5360 3676 5418 Gallieinium

2104 5463 2322 5527 propter
2358 5456 2545 5528 gallos,
2574 5454 2713 5510 lucis
2745 5453 3123 5526 przenuntiatio
3151 5450 3335 5526 [Isid.,
3372 5450 3514 5507 licia
3549 5465 3676 5521 pra:-

2105 5548 2343 5622 nuntios]
2371 5549 2594 5605 dictum.

2103 5696 2227 5735 nam
2266 5678 2601 5748 faustamque
2652 5680 2796 5735 diem
2850 5679 3039 5735 amicis
3093 5677 3544 5749 apprecabantur.
3594 5674 3672 5729 Du

2103 5754 2278 5813 (lanae
2313 5766 2425 5804 voc.
2461 5750 2641 5803 Manu.

2176 5824 2198 5861 ἰ
2240 5824 2357 5876 Παῖς
2387 5838 2500 5875 rem
2523 5822 2712 5875 συνέμυε
2741 5836 2859 5874 cum
2882 5820 3137 5891 opusculo
3167 5820 3231 5875 de
3255 5818 3662 5891 Ot‘thugraplna.
