3914 6178
261 384 398 443 ΜΠ

1166 382 1317 441 οΡΡ.
1356 383 1582 443 DUBM.
1622 413 1687 424 ——
1730 380 2147 441 HSPUTATIO
2179 381 2598 442 PUERORUM.

3383 379 3523 441 1118

321 499 488 556 Inter.
528 497 666 567 Quid
692 505 776 555 est
807 494 1173 551 matutinum?
1207 493 1361 566 Resp.
1401 493 1719 549 Matutinum
1747 500 1832 550 est
1856 495 1907 553 Δ
1930 492 2203 565 principes
2224 493 2552 564 reipublicae.
2590 492 2728 548 Nan.
2752 492 2903 547 hunc
2922 502 3165 545 manem
3187 488 3515 560 majoribus;

249 588 396 646 inter
418 589 730 645 abscessum
759 586 1104 643 tenebrarum
1130 594 1185 641 et
1210 601 1419 642 aurora:
1441 587 1751 651 adventum,
1775 593 1832 640 et

250 681 455 738 dictum
485 682 826 748 matutinum,
858 680 1000 752 quod
1027 680 1132 736 hoc
1166 687 1375 751 tempus
1401 680 1687 735 inchoante
1719 694 1832 733 ma—

249 787 320 830 ne
347 772 437 828 sit.

228 858 229 863 “
320 863 488 918 Inter.
522 860 658 929 Quid
691 869 776 917 est
812 861 1144 917 diluculum?
1179 859 1337 931 Resp.
1375 861 1676 917 Diluculum
1704 876 1835 930 qua-

248 956 298 1009 si
329 954 593 1024 incipiens
625 968 788 1024 parva
816 951 923 1007 diei
953 952 1065 1006 lux.
1102 951 1229 1009 Haec
1253 961 1309 1008 et
1339 968 1537 1009 aurora
1556 994 1571 1019 ,
1603 968 1722 1023 qua!
1748 969 1837 1009 so-

248 1046 357 1105 lem
412 1047 683 1118 praecedit.
730 1045 827 1101 Est
871 1055 1049 1101 autem
1098 1049 1293 1101 aurora
1338 1046 1443 1102 diei
1487 1046 1836 1102 clarescentis

249 1137 554 1203 exordium,
583 1145 636 1194 et
672 1136 879 1207 primus
918 1135 1170 1207 splendor
1200 1136 1362 1202 aeris,
1396 1136 1488 1206 qui
1513 1136 1699 1192 Graece
1728 1136 1835 1191 Eos

251 1225 401 1300 [ἠώς]
439 1227 654 1283 dicitur.
696 1226 832 1281 Nam
867 1241 967 1283 nos
1012 1240 1109 1296 per
1150 1226 1539 1281 derivationem
1583 1241 1835 1281 auroram

249 1334 528 1386 vocamus,
553 1320 707 1388 quasi
736 1318 1001 1373 Eoruram
1026 1316 1199 1390 [lsid.,
1229 1316 1531 1389 Euroram].
1574 1317 1726 1373 Unde
1752 1326 1838 1372 est

249 1412 383 1469 illud
407 1431 420 1467 :

378 1545 682 1611 Splendldus
705 1546 917 1597 auctoris
937 1545 1004 1596 de
1028 1545 1220 1595 vertice
1239 1543 1398 1607 fulget
1424 1543 1569 1593 Eous.

321 1672 491 1728 Inter.
531 1670 712 1740 Quare
740 1669 935 1726 dicitur
962 1666 1302 1724 ebdomada?
1338 1664 1489 1735 Resp.
1523 1660 1834 1718 Ebdomada

248 1768 395 1824 dicta
424 1781 456 1820 a
494 1778 721 1820 numero
751 1771 957 1832 septem
986 1759 1215 1824 dierum,
1257 1772 1485 1830 quorum
1517 1753 1835 1827 repetitione

1933 591 2244 653 sequentem
2270 598 2395 639 vero
2431 583 2731 639 minoribus
2770 581 2999 637 Romani
3038 584 3516 646 consecraverunt,

1930 671 2097 743 428
2120 674 2260 730 unde
2290 681 2346 728 et
2369 671 2562 727 Junius
2590 672 2805 727 dicitur.
2844 672 3018 727 Antea
3039 670 3183 725 enim
3208 668 3436 742 populus
3461 668 3517 723 in

1932 764 2204 820 centurias
2230 742 2505 820 seniorum
2533 771 2587 819 et
2604 762 2881 832 juniorum
2910 764 3114 819 divisus
3142 771 3280 819 crat.

2004 855 2168 909 Inter.
2206 854 2378 913 Julius
2412 864 2468 912 et
2506 857 2778 929 Augustus
2815 858 2957 914 unde
2987 866 3112 913 sunt
3146 856 3319 912 dicti?
3355 855 3509 926 Resp.

1933 943 2109 1000 Julius
2136 962 2263 1002 vero
2288 956 2345 1002 et
2372 947 2644 1018 Augustus
2664 948 2730 1003 de
2757 948 3053 1004 honoribus
3080 948 3358 1004 hominum
3388 944 3515 1000 Julii

1934 1045 1988 1091 et
2017 1036 2242 1107 Augusti
2265 1037 2535 1093 Caesarum
2570 1040 2862 1110 nuncupati
2891 1048 3035 1095 sunt.
3070 1039 3236 1094 Inter.
3275 1039 3514 1107 Quomo-

1937 1126 2004 1180 do
2033 1127 2365 1182 vocabantur
2391 1128 2581 1199 prius?
2619 1129 2769 1202 Resp.
2806 1129 2962 1185 Prius
2995 1130 3138 1185 enim
3176 1130 3427 1198 Quintilis
3462 1138 3519 1184 et

1938 1216 2156 1274 Sextilis
2174 1219 2526 1275 vocabantur.
2558 1219 2724 1275 Inter.
2759 1220 2875 1289 Qua
2894 1221 3137 1277 ratione?
3170 1220 3324 1292 Resp.
3355 1220 3520 1288 Quin-

1934 1314 2064 1379 tilis,
2090 1314 2214 1383 quia
2243 1315 2462 1384 quintus
2485 1323 2654 1370 erata
2682 1313 2894 1381 Martio,
2922 1329 3082 1385 quem
3104 1314 3403 1385 principem
3425 1329 3521 1367 an—

1936 1404 1991 1457 ni
2048 1411 2314 1461 testantur
2359 1420 2479 1461 esse
2520 1404 2784 1468 Romani;
2826 1404 3033 1461 sextilis
3071 1420 3199 1460 vero
3241 1403 3522 1468 similiter,

1937 1494 2081 1564 quod
2102 1494 2172 1549 sit
2202 1502 2407 1550 sextus.

2008 1584 2174 1639 Inter.
2231 1584 2550 1656 September
2596 1585 2741 1640 unde
2801 1602 2997 1641 nomen
3060 1584 3316 1655 accepit?
3366 1581 3520 1653 Resp.

1937 1677 2255 1747 September
2289 1676 2434 1732 enim
2466 1694 2662 1735 nomen
2703 1679 2867 1733 habet
2896 1695 2926 1733 a
2964 1692 3189 1732 numero
3226 1684 3282 1732 et
3314 1676 3523 1741 imbre;

1939 1769 2064 1839 quia
2100 1768 2360 1838 septimus
2381 1778 2464 1823 est
2493 1784 2523 1821 a
2554 1768 2765 1835 Martio,
2810 1777 2865 1824 et
2888 1768 3089 1823 imbres
3127 1766 3318 1832 habet;
3361 1767 3444 1836 sic,
3475 1774 3530 1821 et

247 1869 310 1915 et
354 1871 569 1914 menses
613 1862 665 1912 el
715 1853 843 1908 anni
882 1859 938 1908 ει
982 1849 1235 1907 Samnium
1274 1854 1623 1919 ρενίιευιιιυτ·
1664 1842 1832 1898 him“-
1871 1845 1915 1906 Β
1941 1856 2192 1923 October,
2225 1855 2549 1927 November,
2582 1867 2745 1931 atque
2782 1857 3082 1913 December
3115 1874 3183 1912 ex
3219 1871 3445 1911 numero
3474 1863 3530 1910 et

248 1951 372 2019 Qua
396 1946 645 2005 ratione?
683 1945 840 2016 Resp.
878 1942 1016 2014 Epta
1040 1937 1217 2013 [ἑπτά]
1247 1938 1391 1993 enim
1417 1935 1592 1992 (ἕτωοί
1628 1942 1832 2005 septem

248 2043 471 2107 dicunt;
492 2041 633 2095 hanc
653 2052 754 2093 nos
773 2034 1129 2106 septimanam
1150 2044 1428 2094 vocamus,
1451 2028 1605 2097 quasi
1627 2034 1833 2095 septem

246 2130 420 2187 luces.
445 2129 581 2185 Nam
610 2142 762 2181 mane
787 2124 879 2179 lux
911 2129 1013 2178 est.

323 2219 487 2275 Inter.
529 2217 682 2276 Unde
717 2213 1014 2287 appellatur
1042 2210 1159 2265 dies
1183 2207 1447 2265 octavus?
1482 2205 1635 2276 Resp.
1676 2203 1836 2259 Octa-

249 2329 352 2371 vus
374 2320 554 2369 autem
580 2311 715 2375 dies,
747 2308 803 2362 id
828 2313 934 2373 est,
963 2305 1173 2376 primus
1198 2302 1264 2357 ad
1293 2316 1453 2371 quem
1476 2299 1700 2363 reditur,
1729 2304 1783 2352 et
1804 2312 1835 2350 a

250 2420 362 2475 quo
381 2417 572 2460 rursus
601 2398 917 2457 ebdomadis
943 2396 1114 2454 series
1139 2394 1331 2448 oritur.

324 2496 490 2552 Inter.
533 2491 734 2549 Mensis
759 2490 900 2545 unde
926 2485 1183 2544 vocatus?
1222 2481 1379 2553 Resp.
1411 2478 1610 2537 Mensis
1638 2492 1835 2533 nomen

248 2600 339 2645 est
365 2587 611 2643 Graecum
634 2585 701 2639 de
725 2582 868 2637 luna:
889 2580 1106 2636 nomine
1128 2586 1378 2631 tractum.
1411 2573 1575 2628 Inter.
1605 2571 1838 2640 Quomo-

250 2681 366 2739 do?
393 2679 550 2750 Resp.
593 2676 743 2735 Luna
779 2674 923 2729 enim
958 2687 1104 2726 mene
1138 2667 1313 2741 [μήνη]
1353 2665 1542 2722 (ἔναξοο
1589 2677 1837 2720 sermone

247 2782 497 2831 vocatur.
529 2773 683 2829 Unde
710 2780 764 2826 et
801 2771 942 2840 apud
966 2767 1206 2823 Hebreos
1236 2779 1448 2821 menses
1475 2760 1700 2833 legitimi
1730 2774 1837 2815 non

248 2892 320 2933 ex
359 2875 490 2931 solis
524 2871 746 2936 circulo,
788 2871 884 2926 sed
930 2883 998 2923 ex
1042 2867 1182 2921 lunae
1226 2880 1388 2920 cursu
1433 2868 1834 2926 enumerantur,

250 2963 397 3036 quod
437 2970 523 3019 est
546 2961 613 3018 de
642 2975 781 3015 nova
822 2958 889 3013 ad
928 2972 1141 3012 novam.
1189 2954 1428 3025 Egyptii
1466 2961 1645 3008 autem
1679 2950 1838 3022 primi

249 3061 476 3126 propter
503 3052 641 3107 luna:
665 3049 985 3104 velociorem
1006 3060 1243 3111 cursum,
1268 3053 1324 3100 et
1351 3060 1419 3099 ne
1443 3059 1600 3099 error
1627 3056 1845 3112 compu-

248 3146 476 3205 tationis
514 3141 630 3213 ejus
665 3140 933 3197 velocitati
969 3138 1160 3213 [Isid.,
1195 3134 1498 3208 velocitate]
1534 3134 1835 3199 accideret,

1938 1950 2200 2007 imbribus
2235 1958 2559 2020 acceperunt
2594 1948 2878 2015 vocabula,
2915 1963 3074 2018 quem
3112 1961 3396 2001 numerum
3431 1945 3528 2001 de—

1938 2052 2247 2098 currentem
2293 2041 2588 2098 December
2640 2041 2787 2108 finit,
2837 2056 2937 2110 pro
2977 2054 3043 2094 eo
3087 2038 3230 2109 quod
3274 2037 3530 2092 denarius

1938 2148 2199 2187 numerus
2219 2131 2585 2202 praecedentes
2614 2147 2869 2187 numeros
2897 2129 3118 2186 claudit.

2010 2221 2177 2277 Inter.
2219 2221 2492 2287 Kalendae,
2532 2221 2697 2276 Nonae
2740 2229 2797 2275 et
2837 2220 2962 2278 ldus
3006 2236 3175 2290 quare
3222 2222 3530 2276 vocantur?

1937 2316 2089 2390 Resp.
2128 2316 2395 2371 Kalendas
2429 2325 2630 2382 autem,
2662 2315 2843 2371 Nonas
2875 2322 2929 2370 et
2965 2312 3091 2369 ldus
3113 2322 3334 2384 propter
3362 2312 3530 2369 festus

1938 2408 2054 2465 dies
2086 2408 2316 2464 Romani
2348 2407 2717 2474 instituerunt,
2762 2406 2846 2460 vel
2876 2413 3098 2478 propter
3126 2403 3298 2460 ollicia
3325 2404 3527 2475 magis-

1941 2509 2200 2556 tratuum.
2227 2498 2392 2554 Inter.
2417 2497 2536 2567 Qua
2567 2496 2817 2553 ratione?
2853 2495 3008 2568 Resp.
3034 2496 3093 2551 In
3121 2495 3207 2551 bis
3237 2494 3382 2550 enini
3410 2493 3528 2550 dic-

1937 2592 2039 2648 bus
2063 2590 2454 2648 conveniebant
2489 2591 2543 2644 in
2576 2589 2818 2645 urbibus.
2860 2586 3027 2643 Inter.
3072 2586 3182 2642 Cur
3224 2584 3532 2657 specialiter

1938 2684 2227 2739 nominatae
2247 2682 2413 2737 sunt?
2454 2680 2601 2753 Resp.
2635 2680 2865 2748 Quidam
2895 2687 3075 2734 autem
3097 2672 3365 2733 Kalendas
3388 2693 3416 2731 a
3439 2691 3532 2732 co-

1938 2774 2096 2830 lendo
2121 2772 2380 2845 appellari
2421 2773 2753 2828 existimant.
2794 2771 2950 2844 Apud
2984 2779 3196 2828 veteres
3232 2770 3376 2824 enim
3416 2784 3532 2823 om-

1939 2865 2087 2921 nium
2114 2866 2382 2921 mensium
2409 2867 2673 2937 principia
2704 2865 3055 2922 colebantur:
3082 2866 3161 2921 sic
3187 2871 3243 2919 et
3265 2864 3404 2936 apud
3431 2862 3534 2918 lic-

1938 2957 2116 3012 breos.
2147 2956 2270 3013 ldus
2313 2968 2492 3013 autem
2518 2958 2758 3029 plerique
2785 2957 3097 3013 Latinorum
3126 2955 3194 3011 ab
3218 2955 3426 3010 edendo
3449 2952 3532 3008 di-

1939 3059 2085 3103 ctum
2120 3054 2332 3119 putant,
2372 3048 2514 3117 quod
2559 3047 2614 3102 hi
2659 3048 2775 3103 dies
2819 3047 2961 3119 apud
3006 3055 3219 3102 veteres
3247 3044 3531 3116 epularum

1940 3149 2141 3198 essent.
2190 3140 2354 3196 Nona:
2397 3156 2428 3195 a
2477 3140 2729 3195 nondinis
2774 3147 2998 3194 vocatae.
3041 3136 3302 3193 Nondinae
3347 3142 3530 3190 autem

249 3252 324 3297 ex
356 3237 486 3293 solis
517 3251 679 3293 cursu
711 3233 852 3289 diem
890 3231 1093 3287 mensis
1133 3230 1538 3293 adinveneruut.
1578 3240 1686 3298 quo
1726 3232 1837 3280 ιπ-
1863 3224 1909 3289 C
1939 3241 2062 3290 sunt
2086 3232 2312 3304 publicae
2335 3232 2720 3288 conventiones
2743 3247 2834 3287 seu
2868 3230 3244 3287 mercimOnia.

253 3332 375 3387 dior
392 3328 520 3385 solis
542 3335 722 3383 motus
747 3324 955 3380 facilius
980 3329 1191 3393 poterat
1213 3318 1614 3390 comprehendi.

325 3422 492 3477 Inter.
529 3419 817 3476 Ianuarius
855 3431 1025 3487 quare
1052 3415 1318 3471 vocatur?
1353 3412 1511 3483 Resp.
1548 3411 1836 3468 Januarius

253 3514 457 3569 mensis
485 3527 516 3566 a
537 3510 674 3567 Jano
692 3518 777 3565 est
805 3510 1003 3573 dictus,
1034 3506 1126 3577 qui
1156 3504 1257 3560 fuit
1277 3521 1309 3558 a
1333 3504 1621 3575 gentilibus
1641 3503 1692 3557 ei
1712 3518 1838 3558 con-

252 3603 633 3660 secratuswel
659 3603 783 3673 quia
817 3601 972 3657 limes
1001 3610 1056 3656 et
1083 3601 1250 3671 janua
1288 3600 1358 3655 sit
1397 3599 1543 3654 anni.
1590 3598 1743 3655 Unde
1782 3606 1838 3652 et

254 3690 461 3747 bifrons
482 3692 622 3746 idem
652 3691 822 3746 Janus
849 3689 1105 3760 pingitur,
1139 3697 1196 3742 ut
1220 3689 1472 3743 introitus
1495 3688 1621 3742 anni
1642 3695 1697 3743 et
1723 3686 1838 3743 exi-

254 3792 342 3838 tus
370 3781 788 3839 demonstretur.

324 3870 492 3926 Inter.
532 3871 856 3926 Februarius
877 3871 1017 3924 unde
1040 3867 1371 3939 appellatur?
1408 3865 1563 3937 Resp.
1596 3866 1838 3920 Februa-

254 3966 370 4021 rius
405 3973 746 4036 nuncupatur
775 3980 804 4018 a
842 3963 1048 4020 Febr-ua
1074 3961 1358 4035 [Februo],
1388 3963 1438 4016 id
1463 3970 1562 4028 est,
1591 3961 1835 4027 Plutone,

254 4058 342 4112 cui
369 4073 435 4112 eo
461 4072 643 4112 mense
665 4055 1089 4112 sacriﬁcabatur.
1112 4054 1249 4108 Nam
1272 4052 1586 4108 Januarium
1612 4052 1716 4107 diis
1743 4069 1836 4107 su-

253 4147 430 4217 peris;
463 4145 812 4201 Februarium
839 4145 944 4200 diis
976 4144 1216 4200 Manibus
1238 4143 1465 4199 Romani
1489 4157 1841 4199 consecrave-

254 4246 402 4292 runt.
444 4237 584 4308 Ergo
606 4236 930 4292 Februarius
956 4251 983 4289 a
1009 4234 1237 4299 Februa,
1263 4235 1315 4289 id
1336 4243 1439 4300 est,
1462 4232 1705 4299 Plutone,
1732 4248 1838 4287 non

254 4342 285 4381 a
309 4327 478 4394 febre,
508 4328 649 4398 quod
675 4337 758 4382 est
786 4325 1065 4398 aegritudo,
1094 4325 1421 4380 nominatur.

328 4416 498 4472 Inter.
539 4417 762 4472 Martius
784 4417 924 4471 unde
945 4416 1280 4487 appellatur?
1314 4415 1464 4487 Resp.
1498 4416 1719 4472 Martius
1746 4432 1840 4488 ap-

254 4510 485 4581 pellatus
516 4518 598 4564 est
636 4518 857 4580 preptcr
892 4508 1113 4564 Martem
1156 4507 1411 4563 Romanae
1444 4508 1617 4579 gentis
1654 4518 1841 4564 aucto-

2009 3325 2175 3381 Inter.
2225 3324 2559 3399 Solestitium
2606 3340 2772 3395 quare
2816 3322 3067 3379 dicitur?
3111 3320 3263 3394 Resp.
3306 3320 3531 3391 Solesti:

1938 3417 2074 3474 tium
2104 3416 2307 3473 dictum
2337 3417 2491 3486 quasi
2521 3416 2650 3472 solis
2679 3414 2862 3481 statio,
2891 3411 3034 3484 quod
3061 3418 3186 3468 tunc
3214 3413 3327 3467 sole
3351 3419 3530 3467 stante

1939 3516 2190 3563 crescant
2220 3507 2335 3562 dies
2369 3507 2450 3561 vel
2483 3517 2691 3562 noctes.

2012 3595 2174 3652 Inter.
2214 3595 2394 3665 Quare
2433 3596 2631 3651 dicitur
2666 3595 3091 3667 aequinoctium?
3131 3593 3285 3665 Resp.
3333 3592 3526 3664 ΑΞᾳυῖ-

1939 3688 2177 3742 noctium
2199 3686 2523 3758 appellatum
2553 3695 2655 3752 est,
2692 3685 2835 3756 quod
2858 3694 2987 3741 tunc
3009 3684 3126 3741 dies
3155 3693 3205 3741 et
3233 3700 3340 3740 nox
3366 3686 3528 3741 hora-

1939 3794 2058 3833 rum
2083 3777 2257 3849 spatio
2280 3777 2472 3848 aequali
2494 3778 2819 3833 consistunt.
2887 3789 2898 3803 '

2010 3866 2175 3921 Inter.
2201 3866 2475 3921 Solcstitia
2496 3852 2627 3937 quot
2645 3866 2809 3921 sunt?
2831 3864 2989 3920 Resp.
3011 3864 3146 3920 Duo.
3175 3864 3339 3918 Inter.
3363 3863 3528 3932 Quae?

1938 3955 2091 4027 Resp.
2123 3954 2299 4012 Unum
2327 3955 2569 4011 aestivum
2605 3963 2796 4010 octavo
2836 3952 3198 4009 Kalendarum
3234 3953 3523 4021 Iuliarum,

1939 4047 2005 4103 de
2031 4063 2138 4117 quo
2158 4057 2400 4117 tempore
2426 4061 2670 4103 remeare
2695 4045 2775 4101 sol
2802 4047 2870 4101 ad
2895 4043 3181 4102 inferiores
3214 4046 3399 4117 incipit
3421 4047 3529 4101 cir-

1938 4139 2105 4194 culos.
2150 4137 2309 4192 Aliud
2341 4135 2572 4193 hiemale
2607 4145 2800 4193 octavo
2828 4135 2947 4191 Kal.
2985 4133 3107 4190 Jan.
3145 4150 3254 4207 quo
3284 4145 3527 4207 tempore

1939 4231 2018 4287 sol
2044 4230 2262 4286 altiores
2285 4229 2473 4300 incipit
2502 4227 2734 4285 circulos
2758 4238 2966 4300 petere.
3006 4227 3161 4285 Unde
3190 4237 3246 4285 et
3277 4227 3527 4285 hiemalis

1940 4324 2187 4381 solcstitii
2219 4324 2336 4380 dies
2371 4323 2651 4390 minimus,
2686 4323 2826 4378 sicut
2862 4322 3031 4378 aestivi
3070 4321 3340 4377 maximus
3378 4321 3527 4378 inve-

1939 4418 2103 4472 nitur.

2008 4507 2173 4562 Inter.
2220 4504 2567 4576 )Equinoctia
2603 4511 2736 4576 quot
2776 4506 2944 4560 sunt?
2986 4503 3143 4576 Resp.
3181 4504 3315 4559 Duo.
3356 4503 3521 4560 Inter.

256 4618 410 4658 rem:
434 4602 518 4657 vel
543 4602 685 4673 quod
709 4618 775 4658 eo
801 4612 1041 4672 tempore
1065 4609 1259 4657 cuncta
1286 4570 1578 4656 animantia
1607 4610 1838 4673 agantur
1867 4570 1912 4627 θ
1938 4598 2109 4666 Qum?
2142 4595 2294 4667 Resp.
2313 4570 2514 4653 -Unum
2534 4570 2776 4662 vernale,
2801 4605 2855 4651 et
2881 4595 3023 4651 aliud
3051 4570 3379 4662 autumnale,
3404 4612 3525 4667 qua:

255 4697 325 4750 ad
348 4709 573 4759 marem,
601 4703 656 4750 et
681 4694 749 4749 ad
781 4694 1165 4750 concumbendi
1197 4693 1540 4764 voluptatem.

326 4784 497 4840 Inter.
536 4785 813 4867 Quomodo
851 4784 1007 4840 aliter
1031 4784 1300 4840 vocatur?
1338 4782 1489 4854 Resp.
1521 4781 1837 4853 Appellatur

253 4887 438 4934 autem
480 4879 621 4935 idem
658 4888 713 4934 et
746 4878 943 4935 Mensis
979 4894 1260 4945 novorum,
1305 4879 1431 4948 quia
1469 4878 1597 4931 anni
1628 4878 1835 4932 initium

256 4975 461 5029 mensis
495 4982 579 5029 est
613 4972 865 5038 Martius;
901 4972 1042 5028 idem
1085 4980 1140 5027 et
1179 4971 1485 5026 November
1520 4970 1589 5028 ab
1628 4970 1840 5026 indiciis

255 5065 461 5120 scilicet
493 5065 814 5135 germinum,
846 5063 972 5134 quia
1007 5063 1063 5120 in
1095 5077 1159 5117 eo
1189 5059 1543 5116 viridantibus
1576 5058 1839 5115 fructibus

256 5160 433 5225 novis,
458 5167 851 5214 transactorum
876 5155 1134 5227 probatur
1159 5167 1402 5209 occasus.

330 5250 495 5304 Inter.
535 5249 746 5321 Aprelis
768 5246 878 5320 [Ita
900 5244 1041 5317 cod.]
1063 5244 1203 5299 unde
1221 5243 1456 5299 dicitur?
1479 5240 1634 5311 Resp.
1668 5241 1842 5311 Apre-

254 5341 326 5396 lis
361 5341 505 5394 enim
549 5353 646 5410 pro
693 5351 889 5392 venere
934 5335 1150 5399 dicitur,
1192 5331 1347 5403 quasi
1389 5330 1627 5401 afrondt's
1662 5329 1833 5401 [lsid.,

253 5429 563 5502 Apltrodis].
592 5429 750 5484 Inter.
775 5426 1090 5496 Quomodo?
1112 5424 1265 5495 Resp.
1290 5423 1628 5480 Grmccenim
1643 5424 1836 5494 Afran-

256 5524 341 5579 dis
372 5521 553 5596 [Isid.,
576 5520 859 5598 Ἀφροδίτη]
887 5521 1067 5575 Venus
1098 5518 1296 5573 dicitur
1325 5535 1336 5570 :
1371 5517 1451 5572 vel
1492 5517 1615 5586 quia
1648 5516 1701 5571 in
1734 5517 1835 5572 hoc

254 5628 446 5668 mense
466 5613 642 5667 omnia
664 5611 975 5681 aperiuntur
1004 5609 1056 5664 in
1086 5607 1289 5671 ﬂorem,
1315 5608 1467 5677 quasi
1500 5605 1733 5676 aperilis.

332 5702 501 5757 Inter.
545 5702 715 5756 Maius
744 5702 882 5757 unde
911 5698 1171 5755 vocatur?
1205 5695 1356 5766 Resp.
1398 5695 1566 5750 Maius
1591 5696 1764 5751 dictus
1804 5712 1833 5749 a

262 5796 397 5851 “aia
424 5804 592 5850 matre
618 5794 862 5849 Mercurii
890 5813 899 5845 :
930 5792 1006 5847 vt‘l
1032 5810 1058 5846 ιι
1085 5789 1374 5862 majm'ilms
1398 5798 1544 5851 natu,
1571 5788 1658 5859 qui
1682 5796 1833 5843 erant

1937 4688 2107 4746 Grteci
2141 4688 2382 4743 Isimrias
2408 4687 2721 4763 [ἰσημερίας]
2747 4696 2961 4743 vocant.
3008 4686 3176 4743 Inter.
3206 4687 3333 4745 Haec
3356 4688 3526 4758 tequi-

1938 4782 2118 4838 noctia
2149 4798 2255 4851 quo
2284 4790 2522 4851 tempore
2552 4781 2728 4835 ﬁunt?
2767 4780 2919 4852 Resp.
2946 4781 3124 4837 Unum
3151 4793 3233 4837 est
3266 4783 3352 4838 die
3375 4791 3526 4838 octa-

1938 4888 2007 4929 vo
2046 4872 2163 4926 Kal.
2197 4870 2481 4942 Aprilium.
2522 4871 2767 4925 Alterum
2807 4886 2936 4927 vero
2977 4881 3166 4928 octavo
3205 4873 3322 4928 Kal.
3362 4872 3527 4930 Octo-

1937 4964 2137 5027 brium,
2162 4963 2287 5033 quia
2317 4977 2489 5016 annus
2513 4962 2641 5016 olim
2676 4962 2731 5016 in
2761 4963 2894 5018 duas
2924 4972 3134 5019 tantum
3173 4974 3356 5037 partes
3388 4966 3526 5022 divi-

1939 5053 2186 5119 debatur,
2214 5053 2319 5108 hoc
2344 5059 2448 5116 est,
2482 5052 2538 5108 in
2564 5054 2812 5109 testivum
2838 5062 2899 5111 et
2924 5055 2982 5109 in
3019 5056 3279 5123 hiemale;
3311 5056 3525 5114 soleati-

1939 5145 2072 5199 tium
2103 5142 2158 5197 in
2187 5141 2293 5198 duo
2321 5142 2665 5213 emisphcria.

2008 5232 2175 5289 Inter.
2214 5232 2354 5287 Anni
2401 5242 2640 5304 tempora
2685 5241 2815 5303 quot
2859 5236 3021 5289 sunt?
3058 5234 3210 5306 Resp.
3260 5235 3523 5304 Quatuor.

1939 5324 2104 5380 Inter.
2138 5324 2304 5391 Quae?
2338 5321 2491 5393 Resp.
2526 5320 2763 5378 Primum
2784 5332 2868 5379 est
2887 5340 3000 5388 ver,
3026 5326 3321 5382 secundum
3342 5336 3522 5395 uastas,

1939 5416 2158 5473 tertium
2200 5425 2508 5481 autumnus,
2548 5425 2603 5470 et
2636 5423 2884 5486 quartum
2918 5418 3111 5472 hiems.
3160 5418 3325 5474 Inter.
3369 5419 3524 5478 Unde

1936 5508 2188 5564 dicuntur
2209 5507 2491 5577 tempora?
2525 5504 2680 5578 Resp.
2716 5506 2871 5560 Dicta
2908 5516 3035 5561 sunt
3070 5518 3249 5564 autem
3279 5516 3521 5582 tempora

1938 5616 1966 5654 a
2004 5598 2398 5654 communionis
2436 5605 2877 5670 temperamento,
2910 5600 3050 5668 quod
3082 5599 3309 5655 invicem
3340 5616 3398 5658 se
3425 5603 3522 5657 hue

1937 5704 2104 5753 more,
2137 5688 2401 5754 siccitate,
2438 5687 2636 5751 calore,
2672 5696 2726 5742 ct
2760 5687 2958 5757 frigore
2988 5697 3304 5760 temperent.
3356 5690 3517 5745 Inter.

1938 5783 2214 5851 Quomodo
2244 5782 2398 5837 aliter
2426 5782 2725 5836 vocantur?
2759 5781 2904 5853 Resp.
2942 5782 3197 5838 "it'llllllll'
3223 5784 3364 5838 cnim
3392 5799 3518 5836 rur-
