3914 6178
373 408 508 466 1119

1181 404 1241 458 Β.
1282 403 1345 458 F.
1386 400 1610 456 ALBlNl
1652 398 1780 455 SEU
1822 396 2098 455 ALCL'INI
2135 398 2421 455 OPERL‘M
2460 398 2640 455 PARS
2682 396 2813 454 Vili.

3490 396 3628 452 “‘20

369 518 562 585 ricula,
596 517 719 589 quia
758 534 862 572 non
900 521 1063 582 stant,
1106 512 1197 569 sed
1224 521 1469 568 currunt.
1512 510 1677 565 Inter.
1713 511 1826 578 Qua
1858 525 1947 565 ra-
1982 518 2026 578 Α
2057 528 2184 579 xxx,
2230 519 2324 567 aut
2356 512 2675 577 solstitialis,
2717 514 2809 584 qui
2847 512 3088 568 continet
3136 529 3209 568 xu
3259 529 3491 577 menses.
3536 526 3631 572 aut

370 609 555 666 tione?
592 608 744 678 Resp.
781 608 1007 663 Constat
1028 613 1207 660 autem
1228 610 1351 673 post
1379 602 1575 656 factum
1604 601 1858 656 mundum
1880 614 1946 654 ex

370 700 628 772 qualitate
656 715 849 756 cursus
876 706 1022 763 solis,
1048 706 1286 767 tempora
1312 696 1364 749 in
1389 703 1571 749 ternos
1589 709 1800 748 menses
1822 692 1950 748 fuis-

371 810 431 850 se
466 791 657 857 divisa,
690 806 917 862 quorum
942 800 1240 859 temporum
1267 787 1424 841 talem
1448 795 1657 840 veteres
1679 785 1952 840 discretio-

372 901 494 940 nem
517 882 741 950 faciunt,
770 893 829 937 ut
857 882 1089 952 primum
1112 894 1350 933 mensem
1381 894 1476 934 ver
1507 893 1703 932 novum
1730 877 1948 941 dicitur,

372 975 666 1030 secundum
719 973 980 1037 adultum,
1032 970 1250 1026 tertium
1292 986 1421 1024 vero
1460 984 1718 1039 praeceps.
1759 968 1849 1022 Sic
1896 975 1951 1022 et

370 1074 530 1121 testas
558 1066 609 1120 in
640 1065 751 1120 suis
775 1063 946 1118 tribus
976 1061 1251 1116 mensibus
1286 1076 1441 1125 nova,
1483 1060 1684 1123 adulta,
1725 1067 1779 1114 et
1817 1075 1949 1128 pne-

372 1169 517 1225 ecps.
569 1155 700 1209 Item
726 1155 898 1209 hiems
927 1169 1086 1218 nova,
1116 1153 1318 1218 adulta,
1341 1162 1395 1207 ct
1418 1168 1673 1224 praeceps,
1707 1152 1819 1206 sive
1852 1166 1949 1204 ex-

374 1258 564 1303 trema.
609 1247 761 1303 Unde
800 1256 852 1301 et
887 1254 968 1301 est
1002 1247 1129 1301 illud
1158 1266 1168 1300 :
1197 1247 1449 1301 Extreme
1487 1244 1586 1299 sub
1619 1260 1746 1299 casu
1780 1244 1951 1298 hiems

373 1335 553 1408 [Isid.,
583 1344 840 1391 extrema:
867 1336 966 1391 sub
991 1352 1173 1391 casum
1205 1334 1441 1406 hiemis].

442 1427 604 1483 Inter.
648 1429 757 1484 Ver
785 1429 927 1485 unde
957 1429 1297 1500 appellatur?
1334 1428 1486 1499 Resp.
1522 1430 1628 1485 Ver
1662 1437 1840 1483 autem
1871 1428 1951 1482 di-

369 1531 535 1587 ctum,
568 1520 710 1591 quod
746 1522 902 1576 viret.
953 1521 1103 1575 Tunc
1131 1521 1275 1575 enim
1307 1529 1429 1591 post
1457 1521 1688 1575 hiemem
1727 1520 1952 1574 vcstitur

371 1612 527 1668 tellus
554 1611 753 1675 herbis,
783 1620 837 1667 ct
863 1613 917 1666 in
938 1611 1124 1666 ﬂorem
1154 1618 1348 1666 cuncta
1376 1620 1716 1681 rumpuntur.

442 1700 606 1755 Inter.
655 1700 843 1756 Aistas
889 1701 1029 1756 unde
1067 1701 1306 1755 dicitur?
1343 1700 1493 1771 Resp.
1538 1701 1723 1755 {Estas
1760 1700 1953 1756 dicitur

371 1794 439 1847 ab
465 1802 617 1858 :estu,
650 1793 702 1847 id
737 1801 819 1848 est
844 1808 874 1846 a
904 1792 1114 1859 calore;
1146 1801 1376 1847 ctaestas
1401 1792 1556 1862 quasi
1588 1800 1753 1850 ustas.
1788 1793 1840 1847 id
1868 1799 1951 1847 est

369 1895 559 1940 exusta
585 1895 639 1941 et
659 1886 828 1941 arida.
860 1884 993 1939 Nam
1020 1884 1168 1939 calor
1194 1885 1375 1940 aridus
1400 1894 1501 1939 est.

442 1980 609 2035 Inter.
646 1979 954 2034 Autumnus
980 1980 1123 2035 unde
1160 1979 1502 2051 appellatur?
1539 1979 1689 2049 Resp.
1727 1979 1954 2033 Autum-

375 2089 475 2127 nus
505 2089 537 2128 a
564 2083 885 2151 tempestate
919 2082 1161 2140 vocatus,
1200 2074 1415 2143 quando
1454 2081 1508 2128 et
1544 2073 1669 2128 folia
1701 2073 1955 2128 arborum

371 2164 591 2231 cadunt,
614 2175 668 2219 et
689 2166 871 2221 omnia
900 2173 1292 2220 maturescunt.

443 2252 610 2309 Inter.
642 2254 824 2312 Hiems
848 2270 1016 2327 quare
1041 2254 1275 2311 dicitur?
1309 2253 1461 2326 Resp.
1498 2255 1682 2311 Hiems
1710 2266 1791 2311 est
1817 2257 1955 2311 ratio

373 2346 632 2402 emisl‘erii
678 2357 983 2419 nuncupata
1024 2345 1181 2419 [Isid.
1224 2345 1465 2402 Hiemem
1509 2357 1687 2402 autem
1724 2348 1859 2402 ratio

375 2436 747 2511 nuncupavit].
781 2439 946 2494 Inter.
982 2437 1303 2506 Quomodo?
1341 2435 1495 2509 Resp.
1525 2437 1661 2505 Quia
1689 2446 1814 2491 tunc
1836 2437 1957 2493 bre-

374 2531 511 2585 viori
546 2530 771 2586 solvitur
797 2528 954 2603 [Isid.
998 2527 1251 2601 volvitur]
1288 2529 1509 2585 circulo.
1557 2529 1709 2585 L'nde
1758 2539 1810 2583 et
1853 2529 1956 2583 hoc

376 2633 586 2696 tempus
617 2623 809 2680 bruma
844 2622 1059 2691 dicitur,
1093 2622 1246 2692 quasi
1276 2620 1466 2676 braxin
1506 2620 1687 2693 [Isid.,
1722 2628 1956 2697 Βραχεῖσ

375 2715 582 2793 ἡμέρα],
608 2718 661 2772 id
682 2725 765 2772 est
790 2715 968 2771 brevis
992 2733 1004 2771 ε
1030 2715 1113 2769 vel
1141 2731 1171 2768 a
1195 2714 1338 2781 cibo,
1366 2713 1510 2784 quod
1538 2713 1710 2782 major
1735 2713 1806 2766 sit
1831 2722 1958 2767 tunc

375 2807 625 2865 vescendi
664 2807 951 2879 appetitus.
993 2806 1156 2861 Inter.
1196 2806 1310 2875 Qua
1350 2806 1591 2861 ratione?
1627 2805 1780 2876 Resp.
1822 2805 1960 2859 Eda-

375 2902 512 2956 citas
540 2900 685 2957 enim
729 2899 913 2957 Graece
952 2899 1135 2954 bruma
1168 2899 1484 2970 appellatur.
1522 2899 1674 2955 Unde
1698 2908 1754 2954 et
1781 2898 1962 2976 inbru-

377 2993 507 3047 τηαιὶ
535 2993 808 3058 dicuntur,
833 2992 1028 3062 quibus
1054 2988 1333 3044 fastidium
1355 2998 1438 3045 est
1465 2990 1725 3044 ciborum.

448 3083 615 3139 Inter.
653 3083 923 3139 Hibernns
957 3099 1123 3153 quare
1163 3083 1235 3137 ita
1270 3084 1533 3138 vocatur?
1571 3082 1724 3153 Resp.
1768 3080 1960 3136 Iliber—

375 3190 479 3230 nus
504 3183 681 3230 autem
722 3175 863 3230 inter
894 3174 1124 3229 hiemem
1156 3181 1210 3228 et
1240 3188 1484 3239 vernum,
1513 3172 1663 3245 quasi
1703 3171 1960 3227 hivernus

2048 614 2272 671 magnus
2308 601 2557 655 omnibus
2595 600 2824 670 planetis
2858 602 2911 655 in
2947 602 3194 656 eumdem
3232 601 3409 657 locum
3447 618 3631 659 recur-

2046 691 2306 753 rentibus,
2336 691 2477 761 quod
2506 690 2567 745 ﬁt
2589 701 2707 761 post
2732 708 2901 748 annos
2935 692 3247 749 solstitiales
3273 694 3553 765 plurimos.

2118 782 2283 836 Inter.
2327 782 2466 850 Quid
2489 792 2573 839 est
2596 800 2725 851 aera,
2756 785 2837 839 vel
2864 785 2986 854 quis
3011 802 3075 840 ea
3105 787 3431 841 constituit?
3469 786 3625 860 Resp.

2044 870 2178 928 Era
2225 872 2555 943 singulorum
2598 890 2859 929 annorum
2897 884 2979 929 est
3014 877 3305 931 constituta
3342 893 3372 931 a
3417 878 3630 934 Caesare

2047 962 2309 1032 Augusto,
2352 965 2565 1033 quando
2612 964 2855 1035 primum
2895 981 3057 1021 censu
3111 969 3385 1038 cxagitato
3442 969 3626 1040 [Isid.,

2049 1066 2269 1107 censum
2297 1055 2498 1126 exegit,
2528 1056 2614 1128 ac]
2644 1056 2945 1112 Romanum
2973 1058 3161 1112 orbem
3184 1060 3487 1130 descripsit.
3536 1061 3633 1115 In-

2048 1153 2142 1197 ter.
2196 1145 2346 1201 Unde
2379 1148 2579 1201 dieitur
2614 1147 2765 1201 aera?
2801 1146 2955 1218 Resp.
2999 1147 3150 1203 Dicta
3189 1158 3272 1204 est
3306 1159 3487 1204 autem
3521 1165 3630 1205 tera

2050 1250 2114 1288 ex
2152 1252 2243 1301 eo,
2286 1238 2430 1307 quod
2472 1236 2649 1293 omnis
2693 1238 2840 1293 orbis
2873 1253 2947 1293 ωε
2980 1238 3207 1292 reddere
3244 1239 3521 1296 professus
3547 1250 3657 1295 est.

2052 1325 2378 1393 reipublicae.

2120 1418 2285 1489 429
2308 1418 2470 1473 Inter.
2494 1419 2754 1490 Olimpias
2776 1403 2917 1475 unde
2928 1402 3163 1475 dicitur?
3183 1419 3339 1491 Resp.
3371 1421 3634 1492 Olimpias

2053 1510 2193 1580 apud
2225 1509 2444 1565 Graecos
2471 1517 2555 1565 est
2579 1511 2874 1566 constituta
2901 1511 3039 1581 apud
3061 1511 3266 1567 Elidem
3288 1512 3514 1566 Gnecia:
3557 1512 3630 1566 ci-

2052 1602 2278 1655 vitatem
2326 1600 2455 1655 Eliis
2502 1600 2783 1670 agentibus
2837 1614 3062 1669 agonem
3115 1608 3171 1655 et
3219 1601 3627 1671 quinquennale

2053 1700 2349 1757 certamen,
2375 1698 2607 1760 quatuor
2626 1691 2816 1746 mediis
2844 1691 3000 1745 annis
3039 1692 3401 1756 vacantibus;
3449 1699 3509 1745 et
3566 1692 3633 1745 ob

2055 1782 2157 1836 hoc
2188 1781 2394 1836 Elidem
2425 1781 2739 1836 certaminis
2766 1789 2977 1851 tempus
3024 1781 3368 1853 olimpiadem
3408 1798 3633 1838 vocave-

1982 1874 2027 1934 B
2059 1884 2200 1940 runt,
2259 1875 2613 1945 quadriennio
2662 1877 2715 1931 in
2755 1892 2862 1932 una
2887 1877 3175 1947 olimpiade
3212 1887 3524 1949 supputato.

2128 1968 2293 2023 Inter.
2322 1968 2460 2037 Quid
2483 1978 2567 2024 est
2588 1968 2850 2045 lustrum?
2873 1968 3029 2039 Resp.
3058 1969 3307 2025 Lustrum
3335 1980 3421 2026 est
3444 1972 3653 2041 ρεπιιρέ

2056 2060 2205 2126 tesis,
2260 2060 2312 2114 id
2342 2069 2447 2125 est,
2482 2060 2929 2130 quinquennium,
2960 2061 3104 2130 quod
3128 2060 3313 2131 quinto
3334 2074 3484 2115 anno
3508 2061 3643 2117 dici—

2058 2160 2145 2205 tur
2196 2151 2355 2207 condi
2410 2160 2633 2221 propter
2680 2151 2993 2221 olimpiades
3044 2166 3072 2204 a
3118 2150 3392 2206 Romanis.
3444 2152 3639 2206 Adhuc

2057 2242 2200 2295 enim
2226 2239 2507 2306 consules;
2538 2240 2714 2295 adhuc
2748 2256 2855 2295 non
2880 2248 2999 2295 erat
3019 2256 3147 2294 tera.
3183 2241 3279 2295 Est
3307 2242 3453 2295 enim
3482 2242 3643 2311 quin-

2057 2328 2326 2400 quennale
2359 2337 2587 2399 tempus.
2634 2327 2802 2383 Inter.
2861 2329 3040 2396 Quare
3065 2330 3140 2384 ita
3171 2331 3431 2384 vocatur?
3477 2330 3636 2399 Resp.

2057 2421 2180 2475 lleo
2215 2421 2358 2476 enim
2389 2420 2468 2475 sic
2493 2428 2735 2487 vocatur,
2787 2433 2853 2474 eo
2905 2422 3048 2490 quod
3082 2436 3248 2476 censu
3276 2434 3439 2492 super
3482 2422 3647 2491 quin—

2059 2510 2353 2581 quennium
2410 2511 2463 2565 in
2517 2510 2790 2581 republica
2829 2522 3050 2581 peracto
3092 2512 3221 2567 urbs
3240 2510 3409 2566 Roma
3440 2509 3650 2567 lustra-

2059 2602 2234 2656 batur.

2132 2689 2301 2744 Inter.
2359 2688 2612 2747 Juhcleus
2665 2694 2793 2763 quid
2823 2694 3246 2764 interpretatur?
3276 2692 3429 2763 Resp.
3461 2693 3649 2749 luter-

2060 2788 2303 2852 pretatur
2327 2782 2471 2836 enim
2497 2782 2830 2839 remissionis
2853 2800 3044 2838 annus.
3098 2783 3195 2838 Est
3239 2785 3385 2839 enim
3410 2784 3648 2840 Hebrai-

2062 2888 2160 2927 cus
2199 2879 2254 2926 et
2298 2888 2478 2928 sermo
2516 2882 2571 2928 et
2599 2889 2875 2942 numerus,
2932 2876 3024 2944 qui
3075 2876 3315 2946 septenis
3367 2891 3649 2931 annorum

2063 2963 2466 3030 ebdomadihus,
2525 2965 2577 3020 id
2627 2973 2728 3031 est,
2777 2982 2844 3021 ιι.
2906 2974 2961 3022 et
3006 2982 3060 3021 ix
3124 2967 3280 3023 annis
3328 2968 3546 3032 texitur,
3585 2969 3650 3021 in

2064 3053 2259 3124 quibus
2316 3054 2703 3126 clangebantur
2756 3059 2914 3123 tubze,
2972 3067 3026 3112 et
3068 3059 3134 3114 ad
3176 3074 3367 3113 omnes
3403 3069 3657 3114 reverte-

2067 3146 2225 3201 batur
2244 3147 2483 3218 'antiqua
2517 3150 2807 3219 possessio,
2870 3149 3051 3206 debita
3100 3152 3537 3218 absolvebantnr,
3589 3164 3654 3207 et

378 3263 563 3339 [Isid.,
609 3264 958 3338 byevernus],
1009 3265 1100 3335 qui
1155 3235 1547 3336 pleruinquea
1594 3273 1748 3335 parte
1791 3272 1960 3320 totum
1988 3235 2033 3297 (ἶ
2067 3237 2528 3339 Ϋθηίῖξτῗθδθῗίίη
2582 3238 2883 3339 liberm”:
2931 3241 3085 3339 Hm“?
3124 3259 3431 3339 pnumemm
3478 3245 3655 3339 ea?”

381 3359 612 3415 hiemem
638 3358 929 3427 signiﬁcat.
973 3356 1140 3411 Inter.
1176 3356 1300 3411 llzcc
1327 3366 1567 3426 tempora
1596 3355 1682 3411 cui
1712 3356 1967 3426 deputan-

380 3446 511 3499 tur?
551 3444 706 3516 Resp.
749 3444 1109 3499 Aseribuntur
1134 3446 1277 3499 enim
1306 3444 1530 3515 singulis
1553 3443 1794 3513 partibus
1818 3442 1960 3498 coeli.

380 3536 547 3591 Inter.
594 3536 913 3602 Quomodo?
957 3535 1115 3606 Resp.
1156 3536 1263 3590 Ver
1300 3535 1497 3605 quippe
1535 3534 1730 3589 orienti
1773 3534 1963 3598 datur,

381 3627 509 3696 quia
538 3634 664 3680 tunc
689 3642 755 3681 ex
788 3626 945 3683 terris
969 3625 1148 3680 omnia
1174 3626 1440 3681 oriuntur.
1487 3625 1669 3681 Estas
1693 3614 1831 3681 vero.
1852 3641 1966 3681 me-

385 3718 613 3784 ridiano,
654 3734 719 3772 eo
769 3719 911 3789 quod
958 3734 1085 3789 pars
1131 3716 1247 3787 ejus
1287 3719 1466 3774 calore
1512 3717 1823 3790 ﬂagrantior
1873 3718 1962 3773 sit.

384 3810 570 3866 lliems
603 3811 993 3881 septemtrioni,
1028 3827 1093 3867 eo
1123 3812 1266 3881 quod
1295 3809 1586 3883 frigoribus
1620 3819 1676 3865 et
1706 3817 1967 3880 perpetuo

383 3902 506 3974 gelu
530 3911 725 3976 torpet.
755 3902 1061 3961 Autumnus
1085 3902 1333 3967 occiduo,
1355 3912 1578 3973 propter
1602 3900 1745 3971 quod
1773 3916 1969 3971 graves

385 3998 602 4055 morbos
630 3998 814 4053 habet.
865 3997 1019 4055 Unde
1054 4005 1110 4053 et
1150 4005 1278 4052 tunc
1317 3996 1499 4052 omnia
1544 3992 1669 4049 l'olia
1716 3993 1968 4047 arborum

386 4090 645 4147 deﬂuunt.
690 4090 758 4148 Ut
789 4098 967 4145 autem
999 4098 1289 4147 autumnus
1314 4088 1549 4143 abnndtt
1581 4084 1804 4150 morbis,
1842 4084 1970 4139 facit

386 4185 490 4241 hoc
509 4184 799 4239 conliniqu
827 4182 1044 4254 frigoris
1072 4192 1128 4238 et
1149 4182 1342 4238 caloris
1373 4190 1427 4239 et
1456 4178 1873 4252 compugnantia
1893 4178 1974 4234 iu-

389 4287 474 4334 tra
494 4293 553 4334 se
579 4278 974 4334 contrariorum
998 4294 1203 4332 acrum.
1712 4264 1715 4269 ’

464 4369 628 4425 Inter.
667 4369 856 4425 Annus
883 4369 1011 4437 quid
1044 4369 1167 4423 est?
1205 4367 1359 4437 Resp.
1395 4368 1584 4421 Annus
1608 4374 1692 4422 est
1720 4365 1848 4421 solis
1876 4381 1972 4419 an-

389 4465 614 4529 fractus,
639 4479 759 4520 cum
789 4461 1022 4535 peractis
1054 4470 1135 4516 ter
1169 4470 1386 4517 centum
1421 4460 1697 4530 sexaginta
1736 4458 1974 4527 quinque

390 4557 579 4613 diebus
602 4556 669 4610 ad
700 4558 885 4610 eadem
911 4553 1028 4609 loca
1051 4552 1285 4608 siderum
1316 4551 1472 4606 redit.
1508 4549 1672 4602 Inter.
1716 4546 1865 4604 Unde
1893 4547 1975 4601 di-

390 4648 533 4705 citur
556 4648 771 4703 annus?
803 4646 957 4718 Resp.
986 4644 1176 4701 Annus
1200 4644 1375 4699 dictus
1401 4650 1502 4708 est,
1534 4640 1656 4711 quia
1695 4639 1971 4694 mensibus

392 4742 448 4796 in
477 4756 536 4797 se
558 4740 959 4799 recurrentibus
986 4739 1237 4796 volvitur.
1276 4736 1431 4795 Unde
1461 4744 1515 4791 et
1539 4733 1788 4798 annulus,
1814 4732 1969 4802 quasi

392 4845 622 4897 annuus,
652 4830 706 4886 id
726 4837 831 4897 est,
860 4829 1118 4893 circulus,
1144 4828 1286 4899 quod
1311 4828 1364 4882 in
1395 4842 1454 4882 se
1481 4824 1685 4881 redeat.
1736 4823 1888 4880 Unde
1916 4832 1972 4880 et

394 4922 649 4994 Virgilius
672 4918 880 4995 (Georg.
910 4937 970 4987 ιι,
1002 4919 1127 4991 402)
1155 4937 1167 4973 :

519 5057 684 5121 Atque
708 5057 762 5106 tn
781 5068 839 5107 se
858 5067 948 5106 sua
973 5067 1061 5118 per
1084 5056 1296 5118 vestigia
1320 5053 1532 5103 volvitur
1550 5065 1724 5102 annus.

398 5179 490 5237 Sic
517 5182 661 5237 enim
696 5182 839 5254 apud
879 5180 1164 5254 Egyptios
1197 5180 1539 5236 indicabatur
1570 5187 1695 5233 ante
1732 5179 1978 5233 inventas

400 5275 625 5342 litteras,
653 5276 797 5347 picto
826 5276 1059 5333 dracone
1083 5274 1309 5331 caudam
1338 5289 1490 5330 suam
1521 5273 1826 5338 mordente,
1851 5271 1977 5341 quia

399 5366 532 5421 inse
560 5366 812 5422 recurrit.
856 5366 962 5422 Alii
1002 5380 1201 5420 annum
1241 5365 1428 5420 dicunt
1459 5362 1818 5434 apotilanistai
1854 5359 1980 5435 [ἀπὸ

400 5466 488 5513 ut}
517 5457 895 5531 ἀνανεούσθαι1,
930 5459 984 5515 id
1022 5466 1126 5527 est,
1171 5457 1240 5513 ab
1280 5455 1648 5523 innovatione,
1692 5460 1982 5508 renovatur

402 5551 545 5606 enim
572 5568 801 5625 semper.

482 5638 647 5695 Inter.
688 5642 829 5710 Quot
868 5651 993 5699 sunt
1023 5643 1177 5697 aliter
1207 5656 1469 5696 annorum
1502 5639 1784 5711 tempora?
1826 5636 1980 5707 Resp.

408 5735 681 5790 Annorum
712 5741 951 5803 tempora
986 5733 1087 5786 tria
1120 5742 1263 5786 sunt.
1313 5731 1478 5785 Inter.
1514 5729 1642 5796 Quae
1679 5736 1802 5783 sunt
1829 5727 1984 5781 lucc?

413 5827 565 5900 ﬁrsp.
610 5825 714 5880 Aut
738 5826 879 5879 enim
912 5826 1115 5880 lunaris
1138 5834 1219 5881 cst
1247 5840 1437 5891 annus,
1477 5823 1569 5894 qui
1599 5822 1836 5880 continet
1873 5821 1985 5876 dies

2068 3330 2121 3384 in
2177 3331 2366 3387 diebus
2408 3333 2752 3389 Pentecostes
2787 3342 2841 3389 et
2870 3335 2970 3404 ipsi
3008 3335 3340 3391 celebramus
3394 3344 3517 3406 post
3546 3335 3659 3390 Do-

2066 3420 2197 3473 mini
2250 3422 2724 3487 resurrectionem,
2770 3425 2998 3480 rcmissa
3022 3426 3178 3496 culpa
3210 3435 3263 3480 et
3287 3428 3453 3481 totius
3483 3424 3659 3482 debiti

2065 3510 2334 3581 circgral'o
2396 3510 2806 3587 [chirographo]
2870 3526 3132 3571 evacuato
3196 3516 3262 3571 ab
3309 3518 3459 3571 omni
3509 3532 3660 3571 nexu

2067 3598 2254 3666 liberi,
2315 3603 2673 3674 suscipientes
2728 3606 3105 3663 advenientem
3163 3609 3218 3662 in
3266 3623 3367 3663 nos
3418 3609 3661 3680 gratiam

2068 3690 2301 3760 Spiritus
2341 3694 2531 3749 sancti.
2575 3693 2698 3752 llaec
2745 3713 2916 3767 pauca
2968 3699 3063 3755 tibi
3093 3701 3160 3755 de
3189 3708 3493 3770 temporum
3555 3715 3665 3754 ra-

2070 3780 2218 3835 tione
2266 3782 2498 3851 prolata,
2536 3800 2817 3855 quousque
2872 3785 3077 3855 majora
3136 3787 3505 3858 proferantur,
3539 3788 3665 3843 suf-

2070 3872 2276 3927 ﬁciant.
2700 3940 2706 3946 λ

2704 3970 2932 4026 CAPUT
2972 3970 3076 4027 Vll-

2501 4078 2563 4116 DE
2597 4078 2790 4115 VETERI
2834 4080 2960 4118 TES'I
2975 4081 3206 4120 AHENTO.

2144 4169 2408 4238 Quoniam
2435 4172 2613 4236 omnia
2677 4188 2775 4242 per
2806 4174 3050 4229 diversas
3082 4184 3388 4247 temporum
3438 4195 3669 4235 succes-

2074 4261 2255 4316 siones
2293 4260 2360 4316 ah
2399 4262 2556 4317 initio
2612 4272 2873 4318 creaturae
2922 4275 3071 4336 gesta
3108 4276 3271 4334 atque
3325 4269 3662 4340 conscripta,

2076 4354 2314 4408 maxime
2340 4354 2395 4408 in
2434 4353 2627 4409 Vetere
2666 4354 3011 4412 Testamento
3064 4368 3356 4413 narrantur
3403 4370 3564 4431 atque
3592 4362 3670 4416 le-

2076 4451 2292 4514 guntur,
2324 4445 2523 4499 idcirco
2546 4447 2589 4500 si
2616 4445 2764 4513 libet,
2790 4456 2947 4516 prout
2974 4463 3116 4502 nunc
3138 4451 3397 4514 occurrit,
3426 4451 3667 4520 dispute

2078 4552 2198 4590 mus
2221 4538 2363 4591 inter
2386 4552 2502 4601 nos,
2554 4554 2674 4607 qum
2700 4539 2985 4594 diversitas
3014 4551 3175 4610 atque
3207 4542 3579 4613 multiplicitas
3607 4545 3666 4598 in

2076 4627 2266 4683 eodem
2293 4627 2639 4683 Testamento
2669 4629 2949 4683 habeatur.

2151 4718 2315 4773 Inter.
2378 4718 2445 4772 Et
2469 4719 2594 4790 quia
2619 4720 2733 4775 haec
2760 4720 2835 4774 ita
2868 4730 3121 4791 aguntur,
3168 4722 3253 4776 dic
3281 4722 3437 4789 mihi,
3500 4722 3668 4780 Vetus

2079 4810 2481 4865 Testamentum
2515 4824 2685 4879 quare
2720 4810 2972 4865 dicatur?
2998 4809 3152 4879 Resp.
3187 4810 3350 4867 Vetus
3386 4813 3531 4868 enim
3560 4814 3662 4869 Te-

2078 4912 2404 4959 stamentum
2420 4913 2663 4968 vocatur,
2688 4903 2814 4973 quia
2830 4903 3081 4958 veniente
3106 4902 3253 4958 Novo
3281 4906 3540 4971 cessavit,
3565 4907 3664 4960 sie»

2081 5002 2140 5046 ut
2175 4993 2250 5047 ait
2278 4994 2567 5064 Apostolus
2603 5012 2614 5047 :
2668 4992 2849 5048 Vetera
2890 4997 3208 5050 transierunt
3242 5007 3291 5050 et
3332 5014 3451 5053 ecce
3490 5000 3664 5050 ontnia

2082 5085 2224 5155 facta
2271 5095 2391 5139 sunt
2422 5104 2553 5141 nova
2611 5086 2694 5157 (II
2723 5083 2844 5139 Cor.
2874 5102 2927 5152 v,
2968 5085 3076 5157 l7).

2153 5177 2320 5232 Inter.
2350 5177 2514 5234 Vetus
2545 5179 2950 5234 Testamentum
2983 5179 3037 5234 in
3069 5188 3199 5251 quot
3230 5179 3385 5235 libris
3415 5181 3665 5235 dinume—

2084 5270 2267 5325 ratur?
2323 5267 2474 5339 Resp.
2512 5268 2568 5322 ιιι
2600 5284 2719 5324 xw.
2775 5268 2940 5323 Inter.
2990 5268 3234 5336 Qomodo
3282 5270 3668 5324 nominantur?

2086 5360 2237 5431 Resp.
2290 5358 2535 5424 Genesis,
2565 5357 2800 5423 Exodus,
2835 5357 3123 5424 Leviticus,
3180 5358 3469 5424 Numerus,
3527 5358 3669 5412 Deu-

2086 5450 2439 5515 terouomius,
2468 5448 2650 5516 Josue,
2680 5447 2949 5514 Iudicum,
2979 5450 3143 5512 Ruth.
3178 5450 3327 5508 Libri
3357 5449 3565 5520 Regum
3598 5468 3679 5516 Iv,

2088 5542 2556 5613 Paralipomenon,
2579 5540 2702 5607 Job,
2732 5541 3073 5607 Psalterium,
3099 5541 3538 5607 Proverbiorum,
3574 5546 3684 5600 Ec-

2086 5636 2396 5703 clcsiastcs,
2468 5634 2747 5690 Canticum
2792 5633 3169 5699 Canticorum,
3233 5634 3376 5690 Libri
3430 5634 3670 5704 Prophe-

2089 5740 2265 5782 tarum
2299 5745 2406 5791 xvt,
2460 5727 2613 5791 Tobi,
2655 5726 2857 5791 Iudith,
2906 5725 3098 5781 Hester
3151 5726 3667 5781 ctlllacltabeomm.

2160 5819 2322 5874 Inter.
2385 5819 2872 5874 Pt‘ol;ttisiutittct'i-~'
2929 5819 3055 5888 quid
3111 5819 3161 5872 in
3208 5832 3527 5889 unoquoque
3567 5828 3671 5867 c0-
