3914 6178
277 369 412 428 ΗΞΙ

1180 377 1326 432 OPP.
1370 379 1594 434 DUBIA.
1637 411 1706 420 -——
1744 381 2154 441 DlSPliTA'IlO
2189 384 2592 446 PUERORUM.

3386 405 3526 463 “9‘2

277 503 396 540 rum
450 485 814 556 principaliter
877 489 1238 554 contineatur,
1301 493 1446 546 brevi
1493 506 1743 546 sermone
1789 504 1846 547 ut
1878 499 1923 557 B
1955 498 2047 551 Dei
2090 500 2155 552 ad
2189 515 2312 553 cum
2335 516 2432 570 per
2461 503 2746 570 turbinem,
2774 516 2827 560 et
2867 509 3056 579 duplex
3082 507 3196 580 ejus
3226 514 3278 568 in
3310 515 3411 570 fine
3444 535 3527 573 re-

270 577 407 630 ntihi
440 578 670 646 aperias,
703 577 946 630 obsecro.
976 577 1128 648 Resp.
1163 579 1326 633 l’rout
1359 580 1586 634 Domino
1609 582 1844 638 donante

273 666 448 732 valeo,
477 666 688 720 faciam.

343 755 508 809 Inter.
540 757 636 810 Dic
661 772 792 826 ergo
814 759 964 823 mihi,
990 761 1116 828 quid
1153 763 1492 818 contineatur
1525 766 1578 818 in
1603 764 1798 819 Genesi
1823 765 1847 819 ’ἒ

275 847 428 916 Resp.
477 859 502 886 ι
551 847 871 902 Continetur
890 850 1034 904 enim
1071 852 1122 904 in
1155 868 1220 906 eo
1246 853 1451 908 fabrica
1482 856 1684 920 mundi,
1717 871 1848 909 con-

270 940 402 993 ditio
460 940 713 1005 hominis,
739 941 1103 1009 cataclismus,
1147 945 1340 1001 divisio
1372 956 1552 1012 terras,
1599 948 1847 1002 confusio

264 1028 590 1097 linguarum,
636 1039 692 1085 et
726 1039 876 1098 gesta
904 1034 1146 1088 omnium
1203 1035 1647 1093 Patriareharum
1676 1057 1846 1109 usque

265 1121 332 1174 ad
370 1121 758 1191 ingressionem
795 1121 958 1177 Israel
997 1125 1051 1178 in
1098 1125 1414 1198 Egyptum.

337 1231 502 1285 Inter.
539 1231 677 1298 Quid
708 1233 760 1288 in
787 1235 1008 1290 Exodo?
1038 1236 1194 1307 Resp.
1227 1237 1558 1295 Hebreorum
1585 1243 1842 1306 servitus,

262 1323 418 1390 plaga
471 1321 711 1392 Egypti,
787 1339 1040 1394 egressus
1088 1329 1287 1398 populi,
1345 1333 1608 1400 protectio
1665 1335 1844 1401 nubis,

265 1413 526 1466 transitus
554 1413 724 1466 maris
757 1413 946 1479 Rubri,
982 1431 1193 1472 mersus
1215 1419 1532 1486 Pharaonis,
1565 1423 1729 1492 gloria
1756 1424 1848 1478 de-

263 1505 589 1559 cantationis
641 1504 822 1576 [,Is.'d.,
887 1508 1070 1579 gloriae
1120 1511 1473 1584 decantatio],
1521 1529 1847 1583 congressus

261 1595 451 1659 eremi,
503 1594 654 1648 cibus
685 1611 914 1661 manune,
968 1596 1162 1652 ﬂuenta
1196 1600 1251 1653 in
1284 1601 1620 1656 dulcedinem
1665 1619 1843 1671 versa,

259 1700 435 1754 pugna
463 1685 742 1751 Amalech,
771 1689 1020 1742 mandata
1047 1691 1304 1762 decalogi,
1330 1694 1492 1748 archa
1517 1697 1843 1762 testamenti,

256 1782 314 1827 et
343 1772 611 1828 dedicatio
665 1776 995 1830 tabernaculi
1021 1789 1075 1832 et
1106 1780 1409 1837 oblationis.

330 1883 492 1938 Inter.
549 1885 687 1952 Quid
749 1887 800 1940 in
854 1887 1125 1942 chitieo?
1174 1889 1328 1960 Resp.
1387 1893 1497 1947 Lex
1545 1895 1839 1950 sacrificio-

247 1985 380 2028 rum
415 1983 470 2028 et
499 1975 795 2029 hostiarum
827 1978 1132 2044 diversitas,
1167 1981 1474 2036 indumenta
1502 1985 1834 2052 pontificum,

257 2070 558 2125 ministeria
582 2070 887 2136 levitarum,
935 2073 1180 2126 ciborum
1227 2075 1503 2139 discretio,
1553 2078 1840 2131 diversitas

255 2161 596 2230 p0pulorum,
623 2164 1080 2234 purgationesque
1103 2167 1402 2221 hostiarum
1437 2167 1618 2239 [Isid.,
1651 2184 1842 2238 purga-

258 2252 527 2321 tionisque
554 2252 638 2305 vel
671 2250 901 2322 hostias].

325 2339 490 2395 Inter.
541 2341 678 2408 Quid
707 2343 758 2396 in
798 2341 1080 2396 Numero?
1115 2343 1266 2415 Resp.
1319 2347 1570 2417 Egressio
1606 2347 1837 2402 tribuum

252 2446 318 2485 ex
343 2429 597 2504 Egypto,
654 2443 708 2487 et
733 2451 796 2487 xr.
823 2433 1051 2488 duarum
1082 2451 1178 2504 per
1206 2450 1447 2490 eremum
1498 2439 1838 2492 mansiontun

253 2534 614 2578 sacramenta.

326 2615 491 2668 Inter.
521 2615 659 2682 Quid
691 2617 743 2669 in
770 2617 1225 2671 Deuteronomio?
1258 2617 1415 2689 Resp.
1444 2619 1839 2690 Recapitulatio

249 2705 406 2776 legis,
438 2715 491 2760 et
521 2708 722 2770 omnia,
774 2723 894 2776 qua:
927 2708 1067 2760 inter
1094 2707 1295 2773 Faran,
1333 2719 1386 2763 et
1430 2709 1624 2776 Obeth,
1669 2722 1723 2766 et
1747 2712 1843 2767 La-

254 2796 381 2861 ban,
406 2795 704 2849 etAsaroth
722 2811 889 2864 usque
906 2797 972 2850 ad
996 2796 1354 2852 Cadesbarnze
1375 2799 1591 2855 fuerunt
1609 2819 1637 2854 a
1661 2803 1840 2873 Moyse

250 2883 449 2954 populo
485 2884 608 2937 data
647 2882 828 2954 [I3id.,
871 2886 1145 2958 mandata]
1187 2897 1346 2956 atque
1394 2892 1678 2959 promissa,
1727 2909 1841 2946 ma-

251 2974 566 3029 ledictiones
593 2987 935 3043 peccatorum
963 2985 1016 3030 et
1039 2979 1423 3048 promissiones
1453 2980 1799 3037 beatitudinis
1822 3001 1836 3048 ;

250 3067 324 3120 ibi
356 3066 504 3118 canit
540 3066 813 3119 canticum
856 3066 1084 3138 Moyses,
1151 3069 1218 3122 ibi
1266 3070 1357 3123 dat
1407 3070 1839 3128 benedictionem

252 3156 376 3210 filiis
412 3156 591 3219 Israel,
622 3156 715 3219 ibi,
755 3166 896 3211 terra
923 3159 1357 3228 repromissionis
1381 3174 1692 3231 conspecta,
1727 3179 1841 3218 mo—

251 3247 392 3300 ritur
425 3258 479 3300 et
504 3248 780 3316 sepelitur.

323 3338 487 3392 Inter.
538 3339 674 3405 Quid
699 3340 751 3392 in
789 3339 913 3394 Jesu
945 3339 1129 3394 Nave?
1187 3341 1344 3412 Resp.
1395 3343 1679 3398 Transitus
1720 3344 1841 3400 Jor-

252 3430 409 3486 danis
447 3429 678 3483 filiorum
714 3431 877 3485 Israel
913 3441 967 3485 et
1020 3433 1362 3487 circumcisio
1401 3434 1655 3498 secunda,
1710 3437 1838 3489 sub-

249 3520 429 3575 versio
467 3521 898 3587 Chananeorum,
951 3533 1005 3578 et
1035 3525 1227 3579 divisio
1280 3535 1438 3579 terra:
1481 3541 1690 3592 eorum,
1740 3543 1838 3583 nec

252 3626 356 3664 non
387 3619 441 3664 et
477 3612 762 3666 luere-ditas
789 3623 934 3667 sorte
968 3624 1239 3684 suscepta.

324 3704 489 3756 Inter.
530 3705 664 3770 Qui!
719 3707 769 3758 in
813 3707 947 3758 libro
1000 3705 1282 3760 Judicum?
1339 3707 1493 3776 Resp.
1522 3708 1753 3766 Peccata
1783 3723 1838 3768 et

249 3795 478 3847 servitus
505 3794 684 3858 Israel,
705 3796 1120 3850 exclamationes
1157 3798 1358 3866 populi,
1383 3810 1436 3855 et
1463 3799 1838 3858 miserationes

251 3884 342 3936 Dei
371 3885 438 3938 ad
460 3901 601 3938 (nun.

322 3973 486 4027 Inter.
526 3975 662 4042 Quid
705 3978 756 4030 in
809 3977 986 4030 Ruth?
1023 3977 1172 4048 Resp.
1221 3979 1454 4037 Historia
1506 3983 1835 4051 Moabitidis,

247 4063 313 4117 de
346 4065 502 4134 cujus
523 4067 690 4136 stirpe
720 4068 996 4123 descendit
1023 4069 1208 4124 David.

322 4175 486 4230 Inter.
537 4177 676 4244 Quid
715 4178 766 4231 in
821 4179 1060 4250 Regum?
1119 4180 1272 4253 Resp.
1329 4182 1612 4240 Transitus
1658 4188 1836 4243 arehre

245 4267 531 4322 dominica:
570 4283 598 4321 a
641 4267 839 4323 Iudaeis
866 4271 934 4325 ad
962 4282 1168 4342 gentes,
1206 4276 1566 4331 sacerdotium
1600 4277 1738 4344 Heli,
1783 4289 1832 4336 et

246 4360 300 4412 in
340 4358 508 4412 David
545 4359 828 4429 imperium
865 4362 1006 4433 regis
1045 4362 1243 4430 Saulis,
1282 4375 1431 4436 gesta
1470 4384 1656 4439 regum
1686 4368 1836 4427 Iudae

244 4461 300 4504 et
348 4449 732 4517 Israelitarum,
791 4453 1029 4523 gentium
1075 4458 1480 4529 transmigratio
1527 4477 1743 4532 quoque
1769 4463 1836 4517 ab

244 4555 433 4593 errore
468 4541 782 4596 idololatria:
805 4545 968 4598 lsrael
1000 4547 1052 4600 in
1077 4547 1319 4614 Assiriis,
1346 4559 1400 4604 et
1444 4552 1706 4608 adventus
1730 4554 1835 4608 Na-

245 4629 624 4700 bugodonosor
678 4634 732 4687 in
795 4633 1161 4701 Hierusalem,
1217 4639 1330 4694 sive
1388 4642 1551 4695 etiam
1607 4645 1832 4713 captivi—

247 4730 330 4775 tas
383 4723 683 4794 principum
739 4742 801 4781 ac
851 4731 1060 4799 populi,
1102 4742 1156 4786 et
1217 4733 1500 4790 subversio
1557 4736 1705 4789 urbis
1751 4738 1830 4790 vel

248 4813 456 4882 templi.

318 4902 484 4956 Inter.
530 4904 664 4971 Quid
690 4907 740 4959 in
770 4907 1250 4978 Paralipomenon?
1306 4911 1458 4983 Resp.
1489 4913 1632 4968 Ordo
1671 4931 1832 4984 gene—

248 4998 517 5051 tatiouutu
548 5008 601 5053 et
633 5010 954 5072 temporum,
982 5015 1034 5058 et.
1071 5017 1379 5061 sanctarum
1430 5009 1830 5078 Seripturarum

242 5088 497 5154 eruditio,
535 5105 636 5146 nec.
681 5109 783 5146 non
826 5104 879 5148 et
929 5096 1190 5166 quidquid
1243 5099 1295 5152 in
1347 5099 1570 5152 historia
1624 5099 1831 5156 Veteris

246 5179 577 5236 Tcstamenti
607 5185 808 5238 omissa
838 5198 983 5253 sunt,
1037 5199 1127 5242 aut
1156 5191 1383 5245 fortasse
1418 5209 1520 5246 non
1558 5193 1711 5262 plene
1747 5195 1829 5247 di-

242 5279 417 5338 gesta,
446 5271 501 5324 in
539 5272 644 5327 isto
674 5278 983 5330 summatim
1009 5295 1072 5332 ac
1110 5280 1348 5334 breviter
1377 5285 1641 5352 explicata
1685 5296 1825 5340 sunt.

316 5380 482 5436 Inter.
531 5383 670 5451 Quid
722 5388 773 5440 in
806 5386 946 5442 Job?
1013 5390 1165 5462 Resp.
1216 5395 1466 5462 Ejusdem
1511 5398 1682 5451 sancti
1729 5398 1829 5451 viri

244 5472 462 5538 damna,
505 5474 710 5542 funera,
737 5480 818 5532 vel
861 5480 1087 5552 ﬂagella,
1128 5495 1180 5537 et
1212 5488 1600 5542 contumeliosa
1639 5505 1831 5543 conso-

246 5559 474 5616 lantium
524 5564 668 5620 dicta
710 5586 721 5620 :
768 5570 1000 5626 lamenta
1062 5588 1276 5642 quoque
1334 5577 1474 5644 ejus,
1542 5577 1592 5630 in
1637 5579 1831 5647 quibus

254 5655 413 5709 .otius
475 5658 658 5711 mundi
705 5660 946 5729 deplorat
974 5663 1268 5728 miseriam,
1322 5667 1618 5721 consolatio
1667 5670 1830 5723 etiam

319 5783 344 5810 ι
384 5769 532 5830 lsid..
574 5770 696 5829 libr.
734 5773 1151 5846 Prommiorum,
1180 5793 1207 5831 a
1233 5793 1338 5849 quo
1369 5781 1419 5833 in
1467 5781 1647 5837 multis
1669 5783 1862 5838 differt.

1864 4579 1912 4638 D
1939 4578 2020 4632 vel
2057 4595 2340 4637 numerum
2393 4599 2679 4649 annorum,

1949 591 2272 642 muneratio-

2020 676 2184 731 Inter.
2235 679 2372 746 Quid
2419 681 2472 735 in
2527 683 2662 737 libro
2706 686 3072 744 I’salmorum?
3135 692 3287 763 Resp.
3343 697 3524 752 Conti-

1949 775 2144 820 nentur
2178 769 2320 822 enim
2363 771 2417 823 in
2453 786 2518 825 eo
2556 772 2837 843 allegorice
2882 794 2944 830 ac
2983 782 3158 849 tvpiee
3187 797 3526 843 sacramenta

1948 854 2176 926 signata,
2196 859 2288 912 sed
2310 861 2618 929 specialiter
2631 865 2900 931 nativitas,
2923 872 3103 938 passio
3123 882 3178 926 et
3205 881 3530 932 resurrectio

1948 943 2170 1000 Christi.
3247 1002 3273 1031 ο

2023 1033 2190 1124 Inter.
2240 1037 2378 1104 Quid
2427 1039 2481 1094 iu
2524 1040 2678 1097 libris
2713 1044 3052 1103 Salomonis?
3107 1051 3264 1124 Resp.
3320 1055 3373 1108 ln
3397 1055 3528 1110 Pro—

1948 1123 2147 1179 verbiis
2170 1127 2315 1180 enim
2341 1129 2564 1184 moralia
2592 1132 2790 1189 docens
2819 1152 2916 1205 per
2963 1123 3300 1197 communem
3335 1159 3536 1214 quem-

1949 1212 2073 1267 dam
2117 1215 2366 1284 loquendi
2409 1235 2565 1274 usum
2605 1222 2850 1279 altiorem
2887 1228 3292 1298 intelligentiam
3339 1212 3527 1294 edidit.

1949 1312 2003 1357 et
2030 1307 2493 1363 conservationem
2529 1314 2924 1382 mandatorum,
2950 1320 3030 1373 vel
3080 1323 3337 1378 doctrinae
3364 1325 3534 1380 cmic-

1948 1395 2046 1449 stis
2078 1396 2467 1455 institutionem
2512 1401 2765 1459 brevibus
2818 1410 3100 1465 sententiis
3138 1415 3426 1483 eoaptavit.
3467 1417 3525 1468 In

1950 1484 2271 1544 Ecclesiaste
2292 1506 2420 1546 vero
2445 1507 2628 1548 rerum
2663 1505 2911 1552 naturam
2939 1501 3232 1557 discutiens
3252 1514 3308 1560 et
3333 1515 3528 1561 cuneta

1947 1573 2000 1627 in
2033 1578 2232 1632 mundo
2262 1581 2462 1638 caduca
2499 1593 2553 1636 et
2577 1599 2711 1638 vana
2735 1602 2855 1641 esse
2905 1593 3267 1659 reprehendit,
3317 1610 3526 1650 rerum-

1947 1680 2052 1733 que
2081 1669 2321 1722 omnium
2361 1669 2646 1740 fragilitate
2669 1689 2950 1749 perspecta
2987 1683 3295 1737 renuntiare
3325 1686 3524 1740 mundo

1946 1755 2242 1812 admonuit.
2307 1760 2363 1814 lu
2418 1761 2654 1819 Canticis
2699 1765 3040 1824 Canticorum
3093 1787 3178 1838 ea,
3237 1789 3356 1843 qua:
3404 1789 3529 1832 sunt

1873 1859 1916 1920 Β
1946 1845 2184 1901 εωιοδιίίι
2222 1851 2305 1903 vel
2361 1851 2541 1908 divina
2587 1857 2689 1910 sub
2733 1861 2911 1928 specie
2959 1864 3142 1930 sponsi
3187 1874 3241 1918 et
3297 1882 3526 1938 sponsae,

1943 1933 2106 2005 430
2131 1937 2328 1994 Christi
2368 1941 2729 2017 Ecclesimque
2766 1951 3030 2006 unitatem
3079 1933 3342 2010 declarat—
3369 1933 3530 2027 atque

1945 2029 2182 2084 animam
2203 2033 2270 2088 ad
2285 2049 2522 2092 amorem
2547 2041 2848 2096 emlestium
2868 2046 3113 2102 excitam
3130 2050 3194 2104 ad
3212 2054 3530 2121 pervenien-

1944 2116 2070 2173 dum
2098 2122 2164 2173 ad
2189 2127 2520 2180 consortium
2548 2129 2640 2185 Dei
2665 2142 2940 2200 provocat.

2017 2208 2184 2264 Inter.
2234 2213 2371 2280 Quid
2408 2218 2459 2270 in
2485 2219 2805 2289 Prophetis?
2849 2224 2997 2296 Resp.
3026 2228 3340 2301 Quanquam
3364 2237 3530 2291 multa

1945 2297 2170 2353 obscura
2211 2303 2262 2354 in
2287 2304 2366 2358 eis
2421 2306 2689 2377 legantur,
2755 2316 3001 2381 quzedam
3027 2333 3092 2371 ex
3134 2323 3214 2375 eis
3271 2325 3363 2380 tibi
3402 2343 3527 2398 pro-

1946 2386 2090 2443 ferre
2113 2407 2218 2447 non
2253 2395 2550 2467 denegabo.
2606 2401 2773 2458 Inter.
2806 2406 2902 2461 Dic
2933 2424 3082 2481 ergo,
3133 2414 3262 2482 quid
3293 2417 3344 2470 iu
3370 2386 3526 2474 Esaia

1943 2478 2114 2535 debeo
2179 2483 2542 2556 intelligere?
2605 2490 2760 2563 Resp.
2831 2478 3257 2559 Occultationem
3322 2507 3530 2563 alarum

1944 2568 2170 2625 duorum
2220 2571 2485 2645 Seraphin
2516 2581 2821 2638 sedentium
2847 2586 2899 2640 iu
2929 2590 3122 2645 throno
3145 2592 3262 2656 Dei,
3321 2605 3374 2649 et
3405 2608 3527 2667 post

1942 2659 2205 2717 visionem
2257 2663 2407 2721 Iuda:
2467 2679 2522 2725 et
2584 2671 2922 2731 Hierusalem
2990 2681 3250 2739 adversus
3304 2659 3530 2742 czeteras

1942 2759 2149 2817 gentes,
2198 2770 2318 2824 qum
2345 2757 2397 2811 in
2423 2759 2650 2816 circuitu
2680 2762 2795 2831 ejus
2843 2778 2987 2836 sunt,
3044 2771 3366 2844 [prophetim
3397 2793 3526 2830 con—

1943 2840 2105 2893 vertit
2139 2857 2462 2911 sermonem,
2493 2848 2567 2920 et]
2598 2855 2892 2910 secundum
2946 2840 3260 2927 qualitatem
3283 2865 3522 2919 locorum

1943 2940 1995 2983 et
2026 2932 2394 2988 diversitatem
2422 2938 2546 2992 vitze
2582 2942 2742 3007 mala,
2776 2961 2895 3012 qme
2944 2948 3023 3002 eis
3063 2960 3286 3007 ventura
3319 2966 3524 3019 essent,

1944 3021 2243 3090 denuntiat,
2303 3037 2503 3097 etpost
2527 3033 2893 3100 captivitatem
2927 3037 3264 3096 Hierusalem
3313 3046 3526 3100 ruinam

1943 3111 2246 3184 Babylonia:
2289 3121 2666 3177 comminatur.
2727 3125 2930 3182 Deinde
2979 3147 3166 3186 necem
3216 3133 3523 3196 Philistiim.

1867 3203 1912 3264 C
1947 3208 2302 3263 vastationem
2357 3209 2530 3277 Moab,
2566 3219 2946 3274 exterminium
3001 3221 3270 3291 Damasci,
3311 3225 3529 3299 Egypti

1945 3300 2384 3366 commotionem,
2409 3311 2463 3356 et
2490 3305 2833 3362 solitudinem
2858 3312 3024 3366 maris
3047 3313 3268 3380 deserti,
3294 3317 3531 3371 obsidio-

1946 3407 2066 3445 nem
2099 3407 2311 3461 quoque
2338 3395 2527 3459 Edom,
2566 3398 2745 3469 fugam
2771 3414 2823 3456 et
2861 3404 3139 3459 interitum
3170 3408 3404 3472 Arabiae,
3435 3425 3532 3462 ex—

1943 3482 2142 3536 cidium
2193 3483 2346 3539 vallis
2388 3486 2540 3553 Sion,
2581 3491 2991 3548 subversionem
3036 3497 3200 3550 etiam
3231 3498 3378 3568 Tyri.

2011 3571 2178 3627 Inter.
2213 3575 2351 3642 Quid
2386 3578 2436 3632 iu
2465 3578 2772 3636 llieremia?
2827 3583 2981 3655 Resp.
3015 3585 3241 3641 Locutio
3278 3591 3528 3660 simplex,

1942 3663 2245 3720 intellectus
2278 3666 2475 3736 facilis,
2529 3671 2758 3727 imitatio
2787 3677 3050 3744 corporis,
3091 3687 3145 3732 et
3175 3679 3226 3732 in
3265 3683 3530 3749 passioni-

1941 3754 2041 3809 bus
2096 3757 2208 3811 suis
2266 3758 2445 3830 imago
2505 3764 2826 3832 exprimitur
2871 3767 3267 3837 Redemptoris,
3311 3770 3528 3825 destru-

1941 3845 2049 3899 ctio
2090 3848 2239 3916 regni
2272 3848 2488 3913 diaboli,
2541 3861 2596 3905 et
2619 3852 2904 3909 aedificatio
2935 3855 3146 3923 imperii
3179 3856 3400 3925 justiti:e
3448 3861 3527 3914 vel

1942 3936 2082 3992 fidei.

2011 4028 2174 4084 Inter.
2209 4032 2348 4099 Quid
2381 4034 2435 4088 in
2465 4034 2750 4093 Ezechiel?
2782 4037 2937 4108 Resp.
2967 4039 3357 4095 Describuntur
3379 4043 3522 4097 enim

1939 4119 1993 4174 in
2031 4135 2095 4175 eo
2125 4124 2382 4194 mysteria
2407 4126 2568 4180 totius
2595 4127 2866 4193 Ecclesiae,
2897 4145 3016 4200 quae
3037 4147 3103 4185 ex
3129 4132 3301 4189 latere
3323 4135 3525 4191 ChriSIi

1939 4212 2168 4268 formata
2199 4225 2300 4270 est.

2009 4301 2173 4357 Inter.
2201 4305 2336 4372 Quid
2367 4306 2420 4361 in
2445 4307 2745 4364 Danihele?
2782 4309 2933 4381 Resp.
2971 4311 3194 4384 Legitur
3220 4314 3274 4368 in
3315 4330 3383 4369 eo
3417 4331 3524 4371 non

1939 4393 2110 4447 solum
2146 4405 2369 4452 ventura
2421 4399 2752 4468 praedicatio,
2791 4402 2884 4456 sed
2933 4404 3096 4457 etiam
3120 4405 3361 4460 definitio
3393 4415 3528 4461 tem-

1940 4486 2086 4554 poris
2121 4487 2513 4545 incarnationis
2539 4492 2622 4546 vel
2658 4495 2925 4563 passionis
2955 4513 3020 4550 ex
3049 4496 3243 4551 ordine
3289 4513 3472 4569 regum
3508 4518 3522 4552 :

2752 4603 2850 4640 nec
2881 4603 2984 4640 nou
3018 4599 3071 4641 et
3099 4604 3320 4658 regnum
3370 4591 3524 4647 Anti-

1939 4668 2151 4735 christi,
2186 4673 2300 4726 sive
2340 4674 2405 4727 de
2441 4675 2524 4728 die
2544 4673 2732 4742 judieii
2768 4675 2849 4729 vel
2881 4691 3048 4746 regno
3080 4687 3414 4745 sanctorum,
3472 4692 3524 4734 et

1941 4762 1993 4815 iu
2019 4761 2126 4816 fine
2160 4763 2276 4832 ejus
2314 4767 2610 4834 prophetize
2662 4766 2922 4822 Susaan
2960 4767 3194 4841 [Suppl.,
3251 4772 3520 4844 historia}.

2011 4853 2177 4908 Inter.
2217 4855 2354 4921 Quid
2388 4857 2439 4910 in
2487 4857 2672 4911 Osete?
2741 4857 2892 4930 Resp.
2932 4860 3153 4931 Legitur
3175 4863 3526 4919 historialiter

1939 4943 2122 4997 ultima
2151 4945 2439 5001 credulitas
2461 4945 2767 5002 Iudaeorum
2806 4950 2856 5002 in
2889 4951 3126 5017 Christo,
3157 4962 3211 5006 et
3235 4954 3400 5009 totius
3425 4953 3527 5008 Do-

1940 5035 2152 5088 minicze
2207 5038 2621 5092 resurrectionis
2653 5039 2785 5094 dies.
3217 5075 3226 5086 η

2009 5127 2174 5180 Inter.
2238 5129 2375 5195 Quid
2407 5129 2459 5182 in
2485 5128 2671 5186 Johel?
2720 5132 2870 5203 Resp.
2931 5135 3020 5189 Ille
3051 5144 3259 5190 tantum
3313 5137 3378 5191 ad
3425 5135 3522 5191 Ju-

1937 5220 2057 5273 dam
2091 5229 2146 5272 et
2183 5220 2516 5276 Hierusalem
2580 5226 2893 5280 vaticinium
2932 5227 3110 5282 ferens
3140 5237 3194 5282 et
3238 5228 3404 5301 [post]
3431 5245 3524 5282 vo-

1938 5311 2182 5382 luptuosa
2216 5315 2463 5369 convivia
2507 5316 2573 5370 ad
2607 5317 2808 5372 luctum
2843 5329 3102 5387 provocat
3152 5321 3516 5387 Hierusalem,

1935 5402 2312 5472 excidiumque
2333 5404 2448 5472 ejus
2473 5407 2787 5475 pronuntiat
2814 5417 2868 5461 et
2896 5409 3232 5464 vocationem
3257 5412 3519 5480 gentium.

2012 5493 2174 5548 Inter.
2223 5496 2360 5562 Quid
2399 5498 2450 5550 in
2480 5498 2679 5551 Amos?
2743 5499 2895 5569 Resp.
2945 5501 3189 5567 Quatuor
3235 5504 3379 5557 enim
3406 5520 3524 5558 see—

1941 5583 2048 5637 lcra
2069 5586 2306 5652 gentium
2360 5589 2459 5640 sub
2506 5590 2669 5643 totius
2698 5591 2880 5644 mumli
2915 5592 3084 5661 figura
3127 5595 3438 5650 describens
3467 5604 3524 5652 et

1941 5674 2226 5728 adventum
2251 5677 2449 5731 Christi
2481 5680 2729 5734 omnibus
2758 5683 3102 5738 annuntians.
