3914 6178
402 380 541 436 1125

1176 378 1234 432 Β.
1275 378 1336 432 F.
1380 375 1604 432 ALBIM
1645 374 1774 431 διεὶιὶ
1811 372 2086 427 Αιουιλῐ
2126 372 2408 429 OPERUM
2448 372 2630 427 PARS
2674 372 2801 428 νηί.

3513 371 3539 424 1
3559 368 3665 424 let

466 491 633 548 Inter.
677 490 819 559 Quid
849 491 904 547 in
930 490 1145 547 Abdia?
1195 490 1347 560 Resp.
1405 487 1704 558 lncrepatio
1746 485 1972 556 mystica
2000 489 2049 546 Α
2077 484 2264 550 tulisti,
2310 486 2367 539 in
2425 494 2556 555 quot
2608 484 2831 539 ordines
2877 484 3175 540 secundum
3232 482 3474 537 [lebrcos
3520 482 3663 537 divi-

395 581 664 652 supetzbiae
717 580 907 647 Edom,
937 581 1134 651 prioris
1158 580 1409 635 videlicet
1449 578 1630 649 populi
1674 577 1974 641 audaciam,

394 673 541 745 quod
590 670 865 729 Christum
896 672 1184 738 occiderit;
1226 680 1282 726 et
1326 671 1567 725 futuram
1611 669 1840 723 salutem
1872 666 1976 733 Do-

467 851 633 906 Inter.
664 850 805 917 Quid
856 850 910 905 in
936 848 1108 906 Iona?
1153 849 1310 921 Resp.
1343 849 1598 918 Figuram
1631 862 1826 917 gerens
1854 861 1977 915 pas-

395 942 564 998 sionis
588 940 889 1012 mortisque
930 941 1016 995 vel
1044 941 1464 996 resurrectionis
1512 939 1739 1004 Christi,
1765 939 1818 992 in
1842 950 1977 992 nau-

394 1034 569 1106 fragio
594 1033 844 1090 videlicet
866 1049 964 1090 suo
990 1042 1046 1090 et
1068 1034 1402 1104 proiectione
1432 1032 1499 1089 de
1529 1032 1651 1087 navi
1699 1032 1753 1087 in
1784 1047 1934 1087 mare
1957 1050 1972 1085 :

393 1140 497 1181 nec
530 1141 639 1181 non
658 1133 714 1183 et
748 1126 815 1181 de
837 1126 1209 1183 absorbitione
1236 1128 1341 1182 ceti
1373 1127 1538 1181 trium
1555 1128 1765 1182 diorum
1789 1139 1853 1180 ac
1872 1138 1974 1181 no-

392 1219 583 1284 ctium,
620 1218 706 1274 vel
731 1218 951 1289 quodin
981 1217 1173 1275 Ninive
1200 1219 1574 1289 pmnitentiam
1612 1216 1813 1273 mundo
1840 1230 1977 1286 pne-

395 1312 615 1368 dixerit.

468 1402 632 1456 Inter.
683 1401 822 1470 Quid
877 1402 934 1456 in
980 1400 1221 1458 Hichea?
1262 1399 1418 1471 Resp.
1464 1399 1840 1456 Comminatur
1880 1398 1978 1452 Sa-

395 1494 580 1549 maria
626 1492 763 1548 iram
820 1492 1033 1546 Domini
1083 1492 1155 1546 ob
1223 1504 1445 1545 causam
1499 1488 1914 1543 simulacrorum
1959 1504 1972 1539 :

394 1586 779 1653 interitumque
828 1591 1116 1638 venturum
1163 1581 1361 1652 populo
1411 1579 1748 1635 lsrahelitico
1773 1579 1978 1633 denun—

396 1678 514 1742 tiat,
566 1684 621 1731 et
680 1689 886 1742 locum,
932 1675 987 1729 in
1040 1688 1148 1743 quo
1194 1679 1510 1728 nasceretur
1552 1670 1825 1737 Christus,
1885 1670 1978 1724 de-

394 1772 677 1819 monstrat.

2076 576 2307 631 duntur?
2359 575 2517 648 Resp.
2565 577 2620 631 lu
2658 585 2789 633 tres.
2835 576 3001 631 Inter.
3041 576 3357 644 Quomodo?
3384 576 3540 649 Resp.
3602 575 3661 632 In

2077 668 2212 737 legis
2245 667 2469 731 scilicet,
2506 668 2885 737 prophetarum
2912 675 2969 723 et
2987 668 3477 739 agyographorum.

2147 756 2313 810 Inter.
2361 757 2574 811 Primus
2621 757 2755 811 ordo
2805 756 2939 827 legis
2986 757 3258 827 quomodo
3309 756 3663 826 accipiendos

2075 848 2193 901 est?
2240 846 2398 916 Resp.
2462 846 2677 901 Primus
2694 846 2830 902 ordo
2870 847 3005 917 legis
3028 846 3083 901 in
3117 847 3357 917 quinque
3384 845 3540 901 libris
3570 861 3665 901 ao-

2078 936 2293 1005 cipitur.
2331 935 2497 990 Inter.
2532 937 2635 1003 Qui
2665 944 2794 991 sunt
2815 936 2911 991 hi?
2945 935 3100 1008 Resp.
3152 936 3369 992 Primus
3411 945 3497 991 est
3533 935 3665 990 Bre-

2076 1029 2202 1094 u'th,
2260 1029 2405 1098 quod
2437 1037 2520 1084 est
2574 1027 2842 1093 Genesis;
2876 1029 3148 1084 secandus
3181 1026 3453 1091 Elesutod,
3516 1027 3659 1096 quod

2076 1130 2162 1174 est
2209 1121 2456 1188 Exodus;
2507 1121 2700 1195 tertius
2757 1116 2997 1185 Vaiecra,
3055 1120 3201 1191 quod
3229 1129 3314 1176 est
3347 1119 3657 1184 Leviticns;

2078 1217 2306 1279 quartus
2372 1209 2695 1280 Vagcdaber,
2747 1211 2891 1282 quod
2939 1217 3025 1265 est
3084 1208 3381 1276 Numerus;
3438 1210 3659 1279 quintus

2080 1299 2501 1367 Heliadabarim,
2523 1302 2666 1373 quod
2682 1310 2766 1357 est
2786 1302 3256 1358 Deuterouomius.
3274 1302 3341 1357 lii
3361 1312 3493 1358 sunt
3511 1307 3655 1375 quin-

2079 1408 2185 1461 que
2213 1391 2335 1446 libri
2363 1392 2551 1464 Moysi,
2600 1409 2736 1463 quos
2767 1392 2962 1450 Hebrei
3000 1393 3217 1460 Thurot,
3265 1393 3445 1449 Latini
3476 1394 3660 1466 Legati

2079 1483 2367 1553 appellant,
2390 1493 2440 1539 et
2463 1486 2579 1540 haec
2594 1486 2813 1555 proprie
2826 1485 2912 1539 lex
2931 1486 3250 1557 appellatur,
3269 1501 3390 1557 quae
3403 1502 3504 1558 per
3524 1487 3665 1559 Moy-

2080 1591 2174 1630 sen
2201 1575 2328 1630 data
2352 1585 2455 1631 est.

2146 1664 2309 1720 Inter.
2345 1665 2489 1725 Ordo
2523 1669 2792 1725 secundus
2817 1668 2990 1739 qualis
3011 1669 3129 1724 est?
3161 1668 3319 1741 Resp.
3380 1668 3658 1725 Secundus

2079 1756 2211 1810 ordo
2227 1768 2310 1811 est
2330 1755 2747 1827 Prophetarum,
2770 1759 2825 1814 in
2840 1775 2949 1829 quo
2964 1760 3354 1815 contineantur
3367 1760 3498 1815 libri
3519 1769 3655 1816 octo.

466 1855 630 1910 Inter.
678 1854 818 1923 Quid
841 1855 899 1909 in
945 1854 1152 1909 Naum?
1201 1851 1358 1923 Resp.
1403 1852 1725 1907 Pronuntiat
1750 1850 1974 1907 simula-
2005 1831 2050 1893 Β
2079 1844 2244 1900 Inter.
2302 1847 2581 1915 Quomodo
2636 1850 3023 1905 nominantur?
3076 1849 3232 1922 Resp.
3296 1850 3521 1906 Primus
3582 1861 3661 1907 est

394 1962 489 2004 cra
514 1948 754 2017 gentium
785 1946 1213 2009 exterminanda,
1279 1959 1381 2000 nec
1404 1960 1511 1999 non
1542 1952 1597 1999 et
1623 1944 1813 1999 urbem
1852 1958 1980 1998 san-

394 2041 615 2110 guinum
645 2038 978 2094 Hierusalem
1006 2056 1019 2092 :
1045 2046 1167 2107 post
1196 2037 1352 2106 cujus
1376 2037 1652 2092 interitum
1683 2037 1848 2108 pedes
1880 2050 1979 2091 sn-

393 2130 649 2185 nuntians
671 2145 878 2199 pacem.
908 2130 963 2185 id
981 2138 1088 2195 est,
1114 2128 1412 2185 Salvator-is
1441 2130 1732 2184 adventum
1775 2127 1976 2184 Christi

393 2221 715 2291 proclamat.

462 2312 631 2368 Inter.
660 2312 796 2381 Quid
824 2312 878 2367 in
901 2312 1152 2368 Abacuc?
1199 2311 1356 2383 Resp.
1420 2311 1480 2366 In
1512 2311 1779 2383 principio
1828 2311 1980 2366 volu-

398 2407 561 2462 minis
605 2406 690 2462 sui
711 2406 998 2476 descripsit
1025 2406 1299 2461 diabolum
1345 2418 1466 2460 cum
1499 2403 1758 2459 membris
1791 2405 1980 2458 et'mo-

392 2498 543 2554 ribus
569 2498 682 2554 suis
711 2515 726 2551 :
755 2498 809 2551 in
834 2497 942 2551 line
967 2512 1096 2552 vero
1120 2496 1436 2567 pronuntiat
1461 2496 1750 2550 adventum
1780 2502 1835 2551 et
1855 2509 1982 2565 pas-

396 2589 603 2642 sionem
636 2586 951 2642 Salvatoris.

467 2677 632 2732 Inter.
660 2677 801 2745 Quid
846 2678 899 2731 in
952 2675 1257 2746 Sophonia?
1326 2673 1479 2745 Resp.
1530 2672 1795 2729 Pracdicat
1833 2674 1979 2730 enim

392 2770 773 2825 contritionem
798 2769 996 2823 montis
1018 2768 1167 2830 Sion,
1200 2767 1287 2837 qui
1314 2774 1397 2821 est
1419 2765 1574 2820 collis
1602 2764 1936 2821 Hierusalem
1963 2784 1977 2820 :

396 2874 497 2914 nec
520 2873 625 2914 non
646 2866 703 2914 et
722 2859 947 2914 aliarum
970 2857 1207 2930 gentium
1230 2856 1584 2920 eversionem,
1614 2865 1981 2927 terroremque

393 2950 497 3004 diei
520 2948 718 3021 judicii
777 2949 987 3003 intonat
1019 2966 1030 3002 :
1057 2956 1129 3006 et,
1155 2948 1375 3001 tertium
1403 2947 1544 3001 diem
1570 2947 1983 3002 resurrectionis

390 3038 592 3096 Christi
634 3041 943 3110 prophetat,
970 3047 1133 3108 atque
1163 3039 1215 3093 in
1259 3038 1549 3092 adventum
1571 3038 1774 3094 Christi
1805 3049 1980 3095 totum

393 3131 581 3185 orbem
623 3131 724 3186 sub
752 3146 860 3185 uno
873 3131 1002 3202 jugo
1046 3130 1275 3184 Domino
1292 3130 1617 3185 serviturum
1674 3131 1978 3187 annuntiat.

2078 1934 2241 1989 Iosue
2262 1936 2501 2004 Bennon,
2541 1941 2630 2009 qui
2657 1940 2848 1995 Latine
2870 1941 2998 1996 Iesu
3036 1940 3183 1996 Nare
3205 1943 3423 1997 dicitur.
3459 1942 3663 2007 Secun-

2081 2029 2182 2084 dus
2232 2028 2493 2101 SOptlu'm,
2526 2033 2671 2102 quod
2706 2045 2789 2089 cst
2815 2033 3084 2091 Iudicum.
3138 2036 3356 2091 Tertius
3382 2035 3665 2106 Samuhel.

2081 2121 2173 2189 qui
2218 2129 2300 2175 est
2327 2121 2532 2193 Regum
2566 2124 2790 2192 primus.
2837 2125 3072 2193 Quartus
3101 2126 3409 2193 Halachim,
3441 2127 3539 2198 qui
3584 2136 3669 2185 est

2082 2209 2286 2281 Regum
2336 2212 2620 2267 secundus.
2680 2214 2911 2281 Quintus
2965 2215 3176 2272 Esaias.
3234 2216 3435 2273 Sextus
3481 2216 3669 2271 Hiere—

2080 2301 2230 2355 mias.
2287 2300 2560 2372 Septimus
2621 2303 2883 2360 Ezechiel.
2944 2304 3180 2363 Octavus
3230 2304 3517 2373 Tlure'sra,
3548 2308 3666 2382 .qui

2082 2391 2279 2446 dic‘tur
2334 2408 2410 2446 xu
2458 2395 2878 2466 pmphetarum;
2932 2400 3023 2466 qui
3052 2396 3199 2461 libri,
3254 2397 3379 2466 quia
3429 2397 3536 2452 sibi
3563 2412 3666 2467 pro

2080 2485 2343 2540 brevitate
2396 2486 2633 2557 atijuncti
2690 2495 2837 2555 sunt,
2890 2505 2988 2559 pro
3045 2505 3155 2544 uno
3192 2489 3549 2560 accipiuntur.

2153 2577 2317 2629 Inter.
2352 2577 2537 2644 Qualis
2562 2586 2642 2633 est
2690 2581 2823 2634 ordo
2859 2579 3088 2633 tertius?
3112 2578 3263 2649 Resp.
3288 2578 3502 2633 Tertius
3525 2579 3671 2633 ordo

2081 2676 2163 2721 cst
2193 2669 2677 2738 agyographorum,
2706 2670 2879 2734 idest,
2906 2678 3090 2726 sancta
3120 2671 3468 2726 scribentium
3490 2671 3664 2734 dicta.

2081 2758 2173 2828 qui
2208 2769 2335 2812 sunt
2395 2757 2517 2811 lilui
2562 2775 2778 2815 novem.
2830 2760 3001 2815 Inter.
3053 2761 3334 2833 Quomodo
3362 2763 3670 2817 vocantur?

2083 2846 2241 2918 Resp.
2274 2847 2484 2905 Primus
2522 2849 2822 2919 appellatur
2844 2850 2964 2906 Job.
2998 2850 3278 2907 Secundus
3309 2848 3659 2907 Psalterium.

2084 2939 2300 2996 Tertius
2352 2938 2602 3007 Masloth,
2658 2944 2802 3013 quod
2855 2953 2939 2998 est
2998 2943 3283 2998 Proverbia
3334 2942 3661 3000 Salomonis.

2083 3031 2317 3099 Quartus
2375 3030 2592 3097 (ἔα-[ξιιμ
2656 3033 2800 3103 quod
2856 3043 2940 3089 est
3005 3033 3364 3089 Ecclesiastes.
3434 3034 3667 3102 Quintus

2086 3118 2393 3189 Syrasirizn,
2442 3120 2586 3192 quod
2616 3118 2889 3176 Canticum
2931 3121 3289 3177 Canticorum.
3315 3121 3514 3178 Sestus
3554 3123 3665 3179 Da-

465 3222 632 3277 Inter.
693 3222 830 3291 Quid
876 3201 929 3276 in
968 3222 1184 3292 Δεῖξολῖ
1231 3218 1386 3292 Resp.
1420 3219 1766 3275 Restanratio
1797 3222 1978 3292 templi
2008 3201 2055 3262 Β
2085 3212 2245 3267 uilici.
2281 3213 2440 3286 431
2492 3214 2764 3284 Septimus
2797 3215 3155 3280 Dabreit.m'n,
3187 3217 3332 3286 quod
3373 3225 3460 3272 est
3490 3215 3664 3272 Verba

395 3311 626 3378 Domini,
676 3321 730 3367 et
763 3313 1018 3368 contritio
1065 3312 1303 3380 gentium
1339 3312 1424 3366 vel
1479 3312 1771 3366 commotio
1816 3313 1980 3367 totius

395 3405 602 3469 mundi,
648 3413 707 3459 et
735 3405 996 3458 adventus
1044 3403 1266 3466 Christi,
1312 3416 1406 3457 seu
1456 3404 1743 3472 captivitas
1778 3403 1977 3474 pepuli.

472 3491 639 3546 Inter.
688 3491 826 3559 Quid
874 3494 926 3546 in
971 3493 1272 3546 Zacharia?
1325 3491 1473 3561 Resp.
1531 3493 1805 3563 chuntur
1835 3495 1977 3549 cnim

396 3584 451 3638 in
475 3598 541 3638 eo
569 3584 805 3639 visiones
861 3585 1108 3648 diversm,
1152 3599 1270 3653 quae
1296 3583 1513 3652 longum
1543 3593 1627 3639 est
1648 3601 1970 3655 numerare;

395 3678 451 3731 in
482 3676 678 3747 quibus
701 3676 865 3730 etiam
929 3675 1142 3730 diversa
1198 3674 1451 3744 mysteria
1486 3675 1830 3748 intelligenda
1854 3693 1980 3734 esse

398 3776 717 3822 noscuntur.

467 3855 635 3912 Inter.
679 3856 821 3925 Quid
850 3857 904 3912 in
931 3856 1235 3912 Malachia?
1280 3857 1435 3929 Resp.
1464 3858 1810 3915 Demonstrat
1833 3863 1977 3916 enim

395 3948 453 4003 in
478 3948 742 4018 principio
771 3947 1060 4002 voluminis
1082 3949 1163 4002 sui
1192 3949 1373 4003 odium
1392 3948 1699 4005 Jutlteorum
1724 3952 1776 4006 in
1811 3952 1974 4016 Esau,

394 4051 452 4096 et
470 4041 810 4096 dilectionem
837 4041 1065 4096 minoris
1101 4041 1281 4112 populi
1321 4043 1373 4097 in
1409 4040 1595 4098 Iacob.
1656 4045 1713 4098 In
1749 4059 1979 4115 sequen-

396 4136 541 4190 tibus
591 4141 769 4189 autem
820 4134 1075 4205 reprobat
1103 4132 1285 4190 ludes:
1331 4135 1580 4191 victimas
1614 4136 1800 4209 [Isid.,
1831 4146 1979 4192 vctc—

396 4240 485 4279 res
524 4223 673 4279 Juda:
703 4224 997 4297 victimas],
1045 4234 1101 4280 et
1155 4226 1482 4282 sacriﬁcium
1531 4229 1829 4285 transferre
1889 4248 1979 4285 au-

396 4312 644 4378 nuntiat;
698 4312 753 4366 in
786 4311 945 4367 ﬁnem
986 4327 1116 4368 vero
1143 4313 1430 4370 adventum
1478 4317 1692 4372 Domini
1742 4328 1796 4373 et
1834 4320 1974 4375 diem

391 4401 602 4473 iudicii,
648 4408 1027 4475 justorumque
1079 4406 1299 4477 praemia
1329 4414 1385 4461 et
1415 4408 1701 4478 impiorum
1750 4426 1970 4481 pmnas;

396 4497 661 4553 Johannis
688 4512 819 4552 vero
841 4496 1129 4552 adventum
1158 4499 1392 4568 primum
1413 4507 1468 4553 et
1495 4500 1657 4555 llclim
1678 4504 1971 4559 secundum

396 4590 699 4643 annunﬁaL

468 4679 630 4733 Inter.
663 4679 803 4747 Quid
834 4681 886 4734 in
931 4680 1136 4735 Esdra?
1162 4679 1315 4752 Resp.
1366 4679 1664 4735 Renmmtlo
1695 4695 1971 4737 murorum

397 4770 732 4825 Hierusalem
783 4780 839 4826 et
862 4770 1063 4840 templi,
1118 4770 1236 4826 sive
1265 4771 1483 4835 altaris;
1542 4784 1643 4824 nec
1674 4785 1778 4824 non
1818 4779 1871 4825 et
1890 4772 1977 4841 ju-

394 4862 474 4916 ris
500 4861 787 4916 sacerdotii
811 4861 1100 4927 restitutio,
1128 4878 1220 4916 seu
1243 4870 1442 4917 sanctae
1464 4861 1740 4930 religionis
1761 4862 1974 4918 culmen

396 4953 583 5007 multis
630 4952 823 5023 opibus
854 4953 1091 5021 gentium
1136 4963 1190 5007 et
1208 4954 1512 5023 principum
1536 4952 1822 5008 Persarum
1856 4970 1974 5009 ma-

395 5044 618 5099 neribus
644 5052 1015 5118 perorantum.

467 5136 632 5192 Inter.
691 5135 831 5204 Quid
866 5135 918 5189 in
955 5133 1366 5189 Machabeorum
1400 5134 1579 5190 Libris
1635 5144 1721 5190 est
1783 5135 1976 5189 intelli-

396 5229 665 5300 gendum?
689 5227 843 5298 Resp.
882 5227 1191 5283 Prmnotant
1212 5228 1355 5281 enim
1378 5227 1560 5297 praelia
1577 5226 1720 5281 inter
1745 5225 1978 5280 llebreo-

396 5335 517 5375 rum
551 5320 714 5377 duces
743 5328 799 5375 et
823 5326 1011 5390 gentes
1041 5317 1350 5384 Persarum,
1388 5332 1731 5389 pugnamque
1771 5315 1977 5370 Subha-

396 5420 575 5468 torum
604 5424 661 5470 et
687 5413 896 5469 nobiles
940 5412 1352 5467 Maehabeorum
1400 5411 1742 5480 triumphos;
1803 5410 1976 5465 foedus

395 5519 610 5575 quoque
632 5504 990 5559 amicitiarum
1015 5518 1138 5560 cum
1170 5503 1534 5557 Romanorum
1568 5503 1794 5557 ducibus
1827 5511 1974 5556 acta-

395 5608 503 5662 que
526 5595 871 5666 legationum.

471 5682 633 5737 Inter.
680 5680 743 5738 Hi
778 5684 919 5751 libri,
951 5687 1015 5741 de
1044 5686 1239 5755 quibus
1288 5696 1513 5741 actenus
1552 5687 1814 5740 rationem
1846 5702 1971 5757 pro-

2085 3307 2313 3371 dierum,
2374 3308 2476 3363 hoc
2508 3316 2591 3363 est
2633 3307 3099 3379 Paralipomenon.
3151 3307 3389 3365 Octavus
3431 3308 3660 3363 Hesdra.

2084 3396 2266 3451 Nonus
2301 3396 2510 3462 Hester,
2555 3398 2647 3467 qui
2694 3398 2857 3453 simul
2905 3414 3093 3454 omnes
3126 3400 3387 3469 quinque,
3435 3409 3581 3466 octo,
3612 3411 3665 3454 et

2082 3503 2274 3542 novem
2320 3486 2455 3542 ﬁunt
2484 3504 2617 3553 xxu,
2669 3490 2811 3544 sicut
2835 3492 3080 3558 superius
3101 3491 3298 3547 dictum
3335 3502 3442 3548 est.

2152 3577 2318 3632 Inter.
2351 3577 2625 3634 Habentur
2664 3580 2846 3649 plures
2892 3580 3017 3636 libri
3057 3582 3268 3638 Veteris
3296 3582 3657 3647 Testamenti,

2081 3685 2149 3724 an
2183 3670 2326 3724 non?
2349 3668 2506 3740 Resp.
2541 3670 2820 3725 Habentur
2857 3671 3062 3742 utique.
3093 3672 3257 3727 Inter.
3284 3674 3387 3741 Qui
3418 3684 3547 3730 sunt
3576 3675 3662 3730 hi?

2083 3758 2239 3832 Resp.
2274 3760 2500 3828 Quidam
2536 3770 2714 3817 autem
2756 3762 2931 3829 Ruth;
2970 3773 3026 3817 et
3051 3762 3275 3835 Cynotlt,
3298 3768 3441 3836 quod
3475 3767 3662 3822 Latine

2080 3851 2279 3907 dicitur
2306 3850 2635 3906 Lamentntio
2658 3852 2961 3918 Ilieremin’,
2994 3858 3355 3926 agyographis
3376 3857 3660 3927 adjiciunt,

2080 3951 2137 3999 ct
2160 3960 2318 3999 xxnu
2352 3945 2620 4000 volumina
2657 3946 2863 4002 Veteris
2892 3947 3225 4003 Testamenti
3260 3948 3488 4015 faciunt,
3510 3953 3662 4020 juxta

2082 4052 2240 4091 xxuu
2287 4038 2562 4103 seniores,
2594 4037 2686 4107 qui
2733 4046 2858 4093 ante
2906 4047 3254 4109 conspectum
3284 4039 3501 4096 Dom'ni
3528 4043 3665 4096 assi-

2081 4136 2250 4182 stunt.

2149 4219 2315 4276 Inter.
2343 4218 2697 4277 Inveniuntur
2717 4220 2947 4293 amplius
2969 4237 3034 4277 ex
3066 4222 3220 4279 libris
3242 4225 3456 4281 Veteris
3478 4225 3666 4281 Testa-

2079 4313 2281 4367 menti?
2305 4310 2457 4384 Resp.
2488 4313 2683 4367 Etiam.
2728 4311 2895 4368 Inter.
2935 4313 3250 4383 Quomodo?
3281 4313 3436 4386 Resp.
3482 4315 3662 4371 liabe—

2078 4413 2166 4460 tur
2195 4406 2356 4461 etiam
2384 4406 2516 4461 ordo
2550 4417 2774 4477 quartus
2802 4420 2989 4462 eorum
3022 4405 3281 4461 librorum
3303 4448 3318 4472 ,
3347 4409 3441 4479 qui
3482 4409 3538 4464 in
3574 4425 3667 4465 ca-

2080 4514 2218 4553 none
2261 4494 2525 4553 llebraico
2556 4510 2832 4562 nonsunt.
2879 4497 3044 4554 Inter.
3088 4499 3368 4567 Quomodo
3403 4511 3667 4557 vocantur

2079 4588 2190 4643 illi?
2236 4588 2390 4660 Resp.
2446 4588 2659 4645 Primus
2706 4602 2789 4645 est
2830 4586 2985 4644 Liber
3027 4590 3331 4663 Sapientitr.
3382 4593 3664 4648 Secundus

2078 4682 2497 4739 Ecclesiastieus.
2524 4682 2739 4738 Tertius
2763 4681 2908 4736 Tobi.
2934 4682 3169 4750 Quartus
3191 4682 3405 4739 Inditis.
3433 4684 3661 4752 Quintus

2077 4786 2131 4831 ct
2155 4787 2339 4831 sextus
2374 4774 2804 4842 Machabeornm,
2833 4792 2969 4846 quos
2992 4776 3118 4832 licet
3152 4774 3320 4831 Judaei
3360 4779 3507 4833 inter
3536 4794 3660 4848 apo-

2076 4865 2212 4935 gril‘a
2241 4874 2520 4937 separent;
2563 4865 2804 4921 Ecclesia
2842 4875 3025 4921 tamen
3046 4866 3247 4922 Christi
3279 4869 3423 4924 inter
3453 4870 3660 4925 divinos

2080 4957 2243 5011 libros
2263 4957 2493 5011 honorat
2520 4968 2576 5011 et
2607 4956 2865 5028 prmdicat
2891 4970 2938 5011 ι.

2152 5046 2317 5101 Inter.
2343 5046 2656 5103 Transactis
2675 5048 2980 5104 nominibus
3001 5057 3056 5104 et
3076 5050 3379 5116 ordinibus,
3394 5052 3480 5108 vel
3500 5054 3657 5109 etiam

2082 5140 2211 5209 quid
2237 5155 2303 5194 ex
2331 5148 2485 5209 parte
2511 5139 2564 5193 in
2590 5139 2789 5194 eisdem
2825 5139 2977 5194 libris
3003 5141 3341 5209 continetur,
3386 5159 3529 5199 nunc
3566 5146 3660 5199 ob-

2077 5247 2255 5296 secro,
2281 5238 2340 5284 ut
2363 5230 2652 5300 scriptores
2678 5245 2863 5284 eorum
2887 5270 2901 5295 ,
2930 5229 3022 5299 qui
3051 5228 3313 5297 fuissent,
3344 5248 3449 5288 nec
3470 5249 3575 5287 non
3607 5243 3659 5288 et

2077 5319 2374 5385 vocabula,
2414 5334 2584 5389 quare
2628 5319 2997 5389 unusquisque
3052 5335 3240 5375 eorum
3291 5321 3365 5375 ita
3414 5333 3657 5383 vocetur.

2078 5411 2210 5465 mihi
2246 5413 2473 5481 aperias.
2504 5411 2656 5482 Resp.
2685 5411 3062 5477 \'crc,Trater,
3091 5428 3341 5482 magnam
3383 5420 3441 5468 ct
3474 5410 3659 5468 didici-

2080 5500 2183 5554 lem
2211 5516 2324 5555 rem
2354 5516 2384 5554 a
2413 5516 2498 5556 me
2528 5502 2783 5572 requiris,
2811 5518 2972 5572 quam
3007 5512 3216 5570 tamen;
3241 5514 3403 5577 prout
3432 5505 3658 5562 Domino

2078 5591 2289 5646 volente
2319 5591 2489 5652 valeo,
2522 5592 2617 5646 tibi
2644 5607 2929 5662 exponam.

2150 5682 2314 5737 Inter.
2345 5685 2437 5737 Dic
2464 5698 2593 5754 ergo
2617 5685 2767 5746 mihi,
2802 5686 3010 5740 Veteris
3041 5686 3367 5744 Testata-cuti
3394 5686 3657 5745 librorum

471 5815 494 5842 υ
537 5798 666 5855 Vife
696 5812 813 5866 quur
842 5802 1143 5854 notavimus
1171 5801 1234 5853 ad
1266 5802 1382 5855 libr.
1416 5818 1429 5855 ι
1459 5801 1719 5854 adversus
1757 5800 2072 5872 lilipandnm
2097 5803 2320 5871 Itllitlsﬂ‘
2358 5811 2486 5857 tow.
2527 5804 2627 5856 col.
2657 5804 2778 5855 27:1.
