3914 6178
310 385 446 442 H25

1213 387 1360 446 OPP.
1403 387 1630 446 DUBIA.
1667 419 1736 428 -
1775 387 2186 448 DlSPUTATlO
2215 390 2632 450 ‘PUERORUM.

3420 396 3556 453 £126

307 483 559 559 auctores
599 502 692 574 qui
740 501 998 562 fuissent?
1042 505 1193 578 Resp.
1235 519 1260 546 ι
1285 505 1496 562 Veteris
1543 501 1877 559 Testamenti
1906 507 1959 569 Α
2048 503 2214 562 Inter.
2241 506 2815 580 Paralipomemnqua
2838 505 3019 580 lingua
3046 505 3378 578 appellatur?
3402 505 3556 580 Resp.

304 597 598 656 secundum
646 599 980 658 llebreorum
1029 601 1378 658 traditionem
1421 599 1480 656 hi
1526 597 1878 670 perhibentur

303 695 570 745 auctores.
592 687 806 748 Primus
837 691 1046 764 Moyses
1069 691 1264 748 divinae
1300 689 1540 746 historiae
1569 703 1879 759 cosmogra-

301 773 444 831 dcon
471 777 529 832 tu
563 777 799 848 quinque
828 779 1188 836 voluminibus
1215 779 1404 846 edidit,
1431 775 1574 850 quod
1591 775 1878 832 Pentateu-

301 877 430 922 cum
477 867 806 929 nominatur.
857 869 1022 926 Inter.
1075 869 1253 938 Quare
1298 871 1373 926 ita
1419 869 1675 926 vocatur?
1717 867 1873 939 Resp.

298 955 660 1018 Pentateucus
693 969 874 1017 autem
915 977 948 1017 a
991 963 1228 1034 quinque
1262 959 1629 1016 voluminibus
1657 959 1873 1016 dicitur.

299 1047 467 1108 Inter.
504 1049 621 1120 Qua
647 1052 894 1108 ratione?
913 1052 1070 1126 Resp.
1106 1051 1276 1108 Penta
1301 1051 1448 1108 enim
1487 1049 1672 1109 Graece
1695 1049 1878 1122 [quin-

297 1143 428 1218 que]
462 1145 673 1201 tlteucos
701 1161 832 1203 vero
865 1146 1117 1207 volumen
1151 1155 1395 1214 vocatur,
1425 1143 1518 1200 ubi
1556 1151 1612 1198 et
1653 1141 1877 1198 Genesis

295 1234 503 1316 primus
535 1244 776 1291 vocatur.
809 1235 976 1292 Inter.
1003 1235 1157 1293 Unde
1195 1235 1422 1291 Genesis
1449 1233 1682 1290 dicitur?
1715 1230 1872 1302 Resp.

294 1324 523 1385 Genesis
573 1325 710 1384 liber
760 1328 886 1384 inde
935 1327 1252 1400 appellatur,
1299 1343 1366 1384 eo
1405 1325 1548 1398 quod
1593 1323 1874 1381 exordium

295 1420 479 1474 mundi
508 1427 562 1475 et
589 1421 868 1491 generatio
896 1419 1078 1477 saeculi
1107 1421 1159 1476 in
1189 1436 1254 1475 eo
1276 1419 1636 1476 contineatur.

366 1509 530 1566 Inter.
565 1511 784 1567 Exodus
811 1511 952 1568 unde
980 1525 1178 1568 nomen
1211 1510 1453 1580 accepit?
1478 1506 1630 1579 Resp.
1657 1505 1874 1560 Exodus

293 1617 422 1658 vero
445 1604 650 1660 exitum
671 1604 741 1660 ab
769 1602 1004 1676 Egypto
1031 1603 1118 1660 vel
1148 1617 1426 1676 egressum
1461 1599 1641 1674 pepuli
1668 1597 1873 1652 Israhel

291 1690 508 1764 digerit,
539 1703 594 1750 et
619 1709 686 1750 ex
715 1708 778 1750 ea
801 1708 966 1750 causa
995 1709 1190 1750 nomen
1219 1691 1444 1764 accepit.

362 1783 526 1839 Inter.
560 1783 830 1840 Leviticus
851 1785 994 1840 unde
1017 1783 1250 1840 dicitur?
1271 1782 1425 1854 Resp.
1463 1781 1732 1838 Leviticus
1778 1796 1872 1850 ap-

1979 593 2424 668 Paralipomenon
2447 596 2634 654 Graece
2665 597 2884 667 dicitur,
2909 598 3054 669 quod
3097 613 3196 654 nos
3231 600 3561 670 praetermis-

1978 703 2160 746 sorum
2189 689 2274 744 vel
2316 688 2644 760 reliquorum
2691 690 2872 748 dicere
2919 705 3238 762 possumus,
3283 687 3411 762 quia
3461 707 3555 758 ea,

1975 793 2097 849 quae
2120 779 2172 834 in
2199 777 2340 852 Lege
2360 796 2461 836 nec
2484 795 2592 836 non
2615 779 2669 835 in
2697 779 2905 853 Regum
2933 779 3090 836 libris
3112 780 3196 836 vel
3222 781 3445 846 omissa,
3471 781 3559 835 vel

1977 881 2086 922 non
2125 867 2280 938 plena
2315 869 2484 924 relata
2518 877 2678 937 sunt,
2717 870 2772 925 in
2807 871 2909 926 isto
2938 871 3250 926 summatim
3284 887 3348 927 ac
3382 871 3560 926 brevi-

1978 965 2062 1015 ter
2092 961 2448 1032 explicantur.

2047 1049 2214 1107 Inter.
2245 1051 2490 1124 Scriptor
2518 1053 2641 1110 libri
2684 1055 2787 1110 Iob
2832 1055 2924 1126 qui
2966 1053 3102 1110 fuit?
3140 1053 3289 1126 Resp.
3334 1053 3559 1110 Librum

1973 1139 2076 1202 Iob
2097 1143 2316 1214 quidam
2343 1144 2560 1218 Moysen
2585 1147 2867 1218 scripsisse
2894 1147 3246 1212 arbitrantur,
3269 1143 3356 1201 alii
3392 1160 3560 1200 unum

1976 1250 2042 1291 ex
2065 1237 2373 1308 prophetis;
2408 1237 2650 1294 nonnulli
2686 1255 2814 1295 vero
2850 1239 3098 1293 eumdem
3133 1235 3233 1294 Job
3278 1245 3402 1308 post
3446 1235 3560 1307 pla~

1975 1343 2098 1400 gam
2127 1344 2237 1384 sua:
2262 1330 2531 1400 passionis
2553 1332 2872 1402 scriptorem
2901 1330 3067 1387 fuisse
3091 1331 3386 1396 aestimant,
3417 1327 3561 1384 arbi-

1977 1427 2206 1486 trames,
2238 1429 2298 1474 ut
2325 1421 2416 1492 qui
2449 1423 2747 1477 certamina
2775 1421 3036 1494 spiritalis
3066 1438 3256 1494 pugna)
3278 1422 3558 1482 sustinuit,

1977 1509 2091 1580 ipse
2113 1519 2364 1566 narraret
2389 1526 2526 1580 quas
2552 1511 2807 1566 victorias
2833 1511 3121 1581 expedivit.
3149 1509 3422 1580 Principia
3459 1526 3555 1564 au-

1977 1610 2086 1680 tem
2111 1608 2166 1656 et
2202 1599 2337 1656 lines
2363 1599 2487 1654 libri
2515 1597 2617 1656 Iob
2644 1599 2782 1672 apud
2821 1600 3064 1656 llebreos
3107 1615 3271 1670 prosa
3309 1599 3562 1654 oratione

1977 1699 2122 1746 texta
2154 1700 2312 1757 sunt;
2344 1692 2524 1747 media
2549 1700 2730 1747 autem
2759 1691 2925 1762 ipsius
2955 1691 3023 1747 ab
3050 1706 3115 1746 eo
3149 1690 3289 1758 loco,
3319 1689 3411 1760 qui
3437 1689 3511 1744 ait
3543 1707 3554 1742 :

1977 1781 2166 1839 Pereat
2191 1783 2322 1848 dies,
2348 1785 2401 1838 in
2431 1801 2538 1855 qua
2563 1793 2716 1839 natus
2739 1801 2876 1848 sum,
2901 1799 3074 1854 usque
3099 1783 3166 1838 a:l
3188 1799 3312 1839 eum
3336 1781 3514 1838 locum
3544 1800 3556 1836 :

286 1873 518 1947 pellatus
537 1891 603 1931 eo
627 1875 770 1947 quod
803 1873 1108 1931 Levitarum
1151 1853 1451 1931 ministeria
1495 1880 1553 1928 et
1590 1871 1871 1928 diversita-
1897 1853 1945 1917 Β
1976 1873 2185 1929 Idcirco
2209 1873 2317 1946 ipse
2347 1853 2779 1944 nte-reprehendo
2809 1883 2857 1930 et
2890 1853 2997 1945 ago
3023 1873 3376 1946 paenitentiam
3412 1869 3557 1946 (Job.

289 1977 398 2024 tem
426 1967 768 2024 victimarum
793 1965 1128 2038 exsequitur,
1155 1973 1404 2038 totusque
1430 1963 1484 2020 in
1513 1975 1582 2020 eo
1600 1961 1736 2020 crdo
1767 1961 1870 2017 Le-

286 2057 488 2112 viticus
519 2057 831 2111 admutatur
855 2053 1038 2128 [Isid.,
1063 2054 1394 2127 adnotatur].

359 2145 523 2200 Inter.
563 2143 832 2202 Numerus
874 2144 1046 2218 [Leg.,
1093 2143 1473 2216 Numerorum]
1518 2142 1656 2199 liber
1700 2159 1870 2215 quare

286 2233 517 2290 dicitur?
543 2233 698 2306 Resp.
733 2229 1002 2290 Numerus
1030 2231 1166 2289 liber
1196 2241 1439 2300 vocatur,
1463 2249 1530 2289 eo
1554 2233 1696 2304 quod
1727 2235 1779 2288 in
1803 2249 1870 2288 eo

285 2339 518 2395 egressa
557 2327 625 2384 de
671 2325 906 2398 Egypto
941 2326 1114 2382 tribus
1151 2327 1582 2393 dinumerantur,
1609 2335 1664 2380 et
1704 2343 1770 2381 ιι,
1806 2341 1870 2381 ac

286 2419 515 2473 (luat-um
559 2429 660 2488 per
687 2421 930 2474 eremum
978 2418 1319 2473 mansionum
1360 2415 1412 2472 in
1459 2432 1524 2471 eo
1575 2415 1868 2487 descriptio

286 2507 614 2562 continetur.

357 2595 522 2674 Inter.
575 2595 1056 2652 Denteronomium
1105 2605 1206 2652 cur
1263 2595 1338 2650 ita
1393 2595 1689 2667 appellatus
1741 2598 1868 2652 est?

285 2685 437 2757 Resp.
481 2683 958 2742 Deutcronomium
1008 2683 1199 2742 Graeco
1249 2699 1497 2740 sermone
1546 2683 1864 2754 appellatur,

285 2767 429 2846 quod
451 2776 644 2830 Latine
671 2776 1052 2846 interpretatur
1079 2775 1314 2830 secunda
1347 2773 1451 2839 lex,
1489 2774 1540 2828 i'd
1569 2781 1655 2827 est
1673 2815 1686 2838 ,
1715 2787 1868 2843 repe-

285 2868 426 2931 titio,
459 2871 517 2920 et
537 2864 858 2938 evangelicae
883 2865 1020 2936 legis
1051 2863 1432 2936 praeﬁguratio,
1460 2863 1552 2933 qui
1577 2863 1654 2918 sic
1685 2877 1748 2917 ea
1769 2863 1868 2917 ha-

281 2959 404 3023 bet,
433 2968 558 3028 qua:
599 2957 780 3028 priora
809 2964 965 3020 sunt,
997 2961 1055 3008 ut
1087 2963 1264 3010 tamen
1316 2965 1454 3008 nova
1499 2953 1609 3009 sint
1649 2955 1827 3010 omnia
1848 2997 1862 3022 ,

289 3059 407 3118 quae
433 3047 488 3102 in
513 3060 582 3102 eo
599 3045 952 3118 replicantur.

359 3138 524 3194 Inter.
554 3137 719 3194 Iosue
755 3154 786 3194 a
814 3143 923 3209 quo
967 3151 1166 3194 nomen
1213 3137 1458 3207 accepit?
1500 3135 1651 3208 Resp.
1705 3135 1867 3194 Iosue

283 3230 422 3287 liber
443 3243 640 3286 nomen
667 3230 874 3300 accepit
896 3229 965 3284 ab
987 3228 1115 3284 Iesu
1133 3270 1147 3293 ,
1181 3226 1288 3282 tilio
1313 3227 1458 3285 Nave
1475 3269 1490 3295 ,
1519 3229 1672 3300 cujus
1695 3230 1863 3284 histo-
1891 3222 1935 3282 C

283 3322 424 3376 riam
452 3321 694 3377 continet
719 3339 732 3374 :
763 3320 1083 3393 scriptorem
1105 3331 1234 3375 vero
1277 3318 1394 3388 ejus
1423 3319 1669 3376 eumdem
1700 3317 1862 3375 Iosue

283 3411 479 3468 Hebrel
503 3421 773 3478 asserunt,
807 3412 860 3466 in
883 3411 1036 3482 cujus
1061 3419 1214 3466 textu
1237 3415 1358 3481 post
1383 3408 1632 3465 Iordanis
1663 3409 1863 3464 transi-

281 3513 396 3558 tum
428 3517 595 3574 regoa
615 3503 852 3560 hostium
874 3502 1259 3557 subvertantur
1280 3543 1294 3566 ,
1325 3509 1468 3556 terra
1497 3499 1695 3572 populo
1726 3500 1862 3556 divi-

279 3599 445 3665 ditur,
470 3605 525 3654 et
548 3614 645 3670 per
671 3597 912 3670 singulas
942 3597 1136 3662 nrbes,
1183 3598 1364 3662 vicos,
1410 3608 1650 3663 montes,
1699 3607 1862 3668 atque

279 3691 516 3746 conﬁnia
547 3689 824 3755 Ecclesiae,
855 3689 1200 3758 cmicstisque
1229 3685 1567 3743 Hierusalem
1593 3689 1858 3758 spiritalia

281 3800 449 3856 regna
483 3781 916 3855 preligurantur.

352 3874 518 3928 Inter.
554 3871 802 3928 Iudicum
848 3868 990 3926 unde
1031 3866 1376 3924 nominatur?
1404 3863 1554 3938 Resp.
1607 3865 1860 3921 Iudicum

279 3971 596 4026 nominatur
621 3982 652 4022 a
683 3964 1016 4038 principibus
1045 3961 1260 4034 populi,
1288 3961 1378 4032 qui
1424 3959 1758 4031 przt‘fucmnt
1807 3961 1862 4016 in

279 4059 485 4117 Israhel
514 4068 636 4132 post
668 4058 888 4130 Moysen
922 4065 978 4112 et
1023 4053 1218 4120 Iosue,
1265 4065 1554 4124 antequam
1594 4052 1761 4108 David
1809 4062 1864 4108 et

276 4150 460 4206 ceteri
491 4165 645 4221 reges
671 4148 984 4204 existerent.
1013 4143 1165 4202 Hunc
1195 4145 1389 4200 librum
1416 4144 1648 4199 edidisse
1691 4143 1864 4198 credi-

281 4256 370 4300 tur
399 4243 673 4300 Samuhel.

351 4335 516 4390 Inter.
569 4333 874 4390 Samuhelis
941 4331 1111 4397 liber,
1165 4342 1335 4402 quare
1390 4329 1463 4385 ita
1526 4327 1864 4400 appellatur?

280 4426 438 4498 Resp.
460 4423 620 4482 Liber
641 4423 948 4482 Samuhelis
973 4423 1210 4496 ejusdem
1240 4421 1496 4477 Samuhel
1521 4419 1861 4477 nativitatem

275 4527 333 4572 et
369 4515 728 4573 sacerdotium
759 4525 813 4572 et
843 4524 992 4588 gesta
1033 4513 1321 4577 describit,
1360 4513 1565 4567 idcirco
1611 4521 1666 4566 et
1701 4511 1768 4566 ab
1795 4526 1861 4566 eo

277 4619 476 4662 nomen
505 4604 750 4675 accepit:
775 4613 830 4658 et
863 4603 1108 4674 quamvis
1150 4602 1241 4656 hic
1270 4601 1408 4656 liber
1439 4599 1566 4656 Saul
1597 4611 1655 4655 et
1691 4599 1859 4654 David

277 4695 561 4752 historiam
605 4694 918 4760 contineat,
963 4693 1177 4762 utrique
1205 4701 1385 4746 tamen
1421 4691 1489 4746 ad
1515 4689 1858 4745 Samuhelem

277 4788 606 4853 referuntur,
639 4787 763 4856 quia
799 4786 914 4856 ipse
945 4785 1101 4840 unxit
1129 4781 1257 4838 Saul
1287 4784 1341 4838 in
1368 4793 1581 4854 regem,
1618 4783 1730 4852 ipse
1756 4780 1860 4835 Da-

277 4880 368 4934 vid
399 4879 453 4934 in
484 4891 666 4948 regem
707 4877 966 4932 futurum.
997 4873 1160 4943 Cujus
1189 4873 1313 4929 libri
1364 4873 1596 4943 primam
1647 4881 1856 4942 partem

275 4969 602 5040 conscripsit
636 4968 776 5024 idem
807 4965 1099 5033 Samuhel;
1127 4963 1407 5035 sequentia
1439 4975 1568 5018 vero
1615 4959 1732 5030 eius
1773 4977 1865 5016 us-

275 5075 384 5130 que
407 5059 610 5115 calcem
647 5058 866 5130 scripsit
887 5055 1078 5112 David.

347 5149 514 5206 Inter.
547 5151 830 5206 Malachim
851 5149 1036 5224 [Isid.,
1061 5144 1368 5219 Melacbim]
1397 5158 1494 5200 cur
1517 5143 1589 5198 ita
1619 5143 1865 5198 nomina-

277 5243 395 5296 tur?
417 5239 567 5312 Resp.
596 5237 874 5296 Malachim
897 5239 1032 5296 liber
1051 5237 1274 5310 proinde.
1293 5233 1610 5306 appellatur,
1637 5247 1704 5288 eo
1717 5231 1860 5302 quod

277 5345 433 5404 reges
465 5329 617 5387 Iudae
656 5341 712 5386 et
747 5330 1095 5387 lsraheliticte
1124 5326 1301 5402 gentis
1322 5367 1337 5392 ,
1385 5333 1643 5397 gestaque
1672 5339 1859 5378 eorum

277 5437 376 5492 per
399 5421 646 5477 ordinem
673 5422 881 5491 digerat
911 5431 1236 5490 temporum.
1264 5413 1547 5470 Malachim
1570 5412 1854 5478 Hebraice,

273 5513 466 5568 Latine
489 5526 674 5582 regum
712 5511 1118 5581 interpretatur.
1152 5505 1307 5562 Hunc
1335 5505 1531 5560 librum
1559 5502 1859 5560 Hieremias

273 5605 483 5676 primus
511 5604 567 5658 in
595 5619 762 5658 unum
797 5601 1046 5656 volumen
1065 5598 1261 5668 coegit.
1286 5595 1420 5651 Nam
1455 5604 1612 5651 antea
1639 5609 1860 5664 sparsus

271 5705 392 5752 erat
423 5709 521 5764 per
551 5693 881 5762 singulorum
912 5705 1098 5760 regum
1122 5687 1395 5744 historias.

346 5831 370 5856 ι
403 5815 480 5870 Ex
509 5808 634 5865 lsitl.
671 5806 790 5864 libr.
835 5826 883 5866 ιί
917 5808 1093 5875 (lrig.,
1125 5822 1240 5876 cap.
1269 5805 1320 5858 2.

1891 4561 1940 4620 Ι)

1971 1981 2050 2031 ιιι,
2077 1963 2112 2018 3
2136 1974 2186 2020 et
2211 1965 2398 2039 seqq.),
2425 1966 2609 2021 omnia
2639 1967 2858 2022 heroico
2881 1973 3056 2022 metro
3081 1965 3414 2022 discurrunt.

2041 2055 2208 2110 Inter.
2234 2055 2396 2111 Liber
2421 2054 2762 2112 Psalmorum
2791 2072 2895 2128 qua
2930 2056 3110 2128 lingua
3143 2055 3374 2112 dicitur?
3402 2054 3556 2127 Resp.

1969 2145 2308 2203 Psalmorum
2336 2145 2472 2202 liber
2495 2145 2680 2202 Grzece
2700 2145 3044 2214 Psalterium,
3069 2144 3334 2204 Hebraice
3357 2145 3524 2203 Nabla
3541 2189 3556 2212 .

1970 2237 2165 2293 Latine
2195 2251 2461 2309 organum
2491 2233 2692 2294 dicitur
2716 2257 2730 2292 :
2759 2246 2982 2294 vocatus
3007 2248 3188 2295 autem
3221 2239 3559 2296 Psalmorum

1969 2330 2126 2395 liber,
2163 2331 2291 2399 quia
2325 2344 2434 2384 uno
2453 2327 2718 2402 propheta
2746 2338 2975 2386 canente
2996 2330 3062 2384 ad
3085 2330 3402 2401 psalterium
3430 2333 3560 2386 cho-

1969 2436 2063 2474 rus
2089 2417 2438 2474 consonando
2465 2419 2838 2490 responderet.
2874 2419 3075 2476 titulus
3099 2429 3280 2476 autem
3325 2421 3376 2476 in
3402 2419 3558 2475 Psal-

1969 2511 2071 2566 mis
2095 2509 2376 2569 llebraicrs
2402 2509 2475 2564 ita
2501 2519 2588 2566 est
2614 2527 2628 2564 :
2655 2506 2922 2582 Hyspysta
2945 2509 3140 2566 librum
3161 2510 3338 2583 [lsid.,
3365 2509 3558 2568 The/ti—

1967 2600 2103 2672 Iim],
2135 2601 2225 2671 qui
2247 2601 2634 2671 interpretatur
2653 2600 2905 2657 volumen
2930 2600 3273 2672 hymnorum.
3292 2597 3558 2655 Auctorcs

1966 2703 2145 2746 autem
2185 2689 2513 2762 psalmorum
2534 2731 2549 2755 ,
2585 2691 2678 2761 qui
2709 2698 2982 2761 ponuntur
3013 2691 3068 2744 in
3100 2689 3302 2758 titulis,
3349 2689 3560 2763 Moyses

1967 2784 2172 2840 scilicet
2198 2793 2251 2838 ct
2278 2783 2468 2849 David,
2495 2791 2548 2838 et
2571 2782 2859 2848 Salomon,
2885 2782 3099 2855 Asaph,
3133 2780 3337 2840 IEthan
3372 2793 3426 2840 et
3457 2782 3560 2840 ldi-

1968 2875 2100 2929 thun
2127 2883 2184 2931 et
2209 2871 2304 2928 ﬁlii
2331 2872 2491 2939 Core,
2520 2873 2689 2928 Eman
2718 2871 3092 2946 [Eszrahclitaa
3123 2871 3332 2945 (Omitt.
3360 2871 3522 2946 Isid.)
3546 2873 3556 2946 |

1967 2975 2021 3022 et
2054 2963 2408 3035 reliquorum,
2432 2979 2568 3032 quos
2600 2963 2802 3018 Esdras
2843 2979 2950 3018 uno
2989 2961 3266 3019 volumine
3310 2979 3558 3034 compre-

1967 3055 2173 3114 hendit.
2199 3053 2400 3110 Omnes
2425 3064 2604 3109 autem
2631 3053 2825 3126 psalmi
2869 3055 3009 3124 apud
3047 3051 3291 3110 ilcbreos
3332 3054 3561 3108 metrico

1966 3148 2208 3204 carmine
2234 3155 2488 3202 constant
2515 3161 2635 3201 csse
2671 3145 2975 3216 compositi.
3002 3143 3138 3200 Nam
3166 3143 3220 3198 in
3261 3159 3410 3198 more
3449 3143 3560 3198 lto-

1967 3239 2110 3293 ιιιτιιιί
2153 3235 2365 3301 Flacci,
2413 3245 2468 3291 et
2518 3233 2691 3292 Gncci
2746 3231 2999 3302 Pindari,
3025 3252 3168 3290 nunc
3197 3234 3286 3290 alii
3329 3235 3562 3291 iambico

1966 3335 2212 3390 eurrunt,
2240 3341 2383 3380 nunc
2406 3325 2756 3380 Eszrahclittc
2781 3325 3040 3380 Alchaieo
3063 3321 3249 3398 [Isid.,
3277 3339 3422 3381 nunc
3453 3325 3561 3378 elc-

1965 3416 2143 3489 giaco]
2185 3425 2506 3486 personant,
2551 3430 2693 3470 mmc
2736 3415 2931 3471 Sallico
2977 3417 3170 3482 nitent,
3203 3417 3450 3472 trimetro
3476 3419 3563 3474 vel

1965 3516 2283 3564 tctramctro
2311 3507 2446 3579 pede
2471 3507 2798 3562 incedentes.

2032 3597 2198 3652 Inter.
2247 3597 2396 3652 Libri
2450 3597 2755 3653 Salomonis
2803 3613 2910 3668 qua
2957 3598 3169 3654 ratione
3221 3599 3562 3654 consistunt?

1965 3687 2114 3760 Resp.
2143 3689 2418 3756 Salomon,
2454 3689 2592 3743 ﬁlius
2616 3690 2808 3754 David,
2839 3705 2931 3742 rex
2955 3689 3158 3744 lsrahel
3181 3687 3334 3757 juxta
3364 3705 3556 3745 nume-

1965 3799 2082 3836 rum
2103 3781 2482 3836 vocabulorum
2503 3795 2722 3836 suorum
2747 3781 2851 3834 tria
2879 3780 3148 3834 volumina
3174 3780 3360 3845 edidit,
3383 3779 3550 3852 532

1963 3885 2194 3940 quorum
2238 3870 2470 3940 primum
2519 3877 2602 3922 est
2652 3867 2881 3922 Masloth
2925 3866 3095 3940 [lsid.,
3134 3867 3353 3940 Missa],
3393 3885 3558 3938 quem

1965 3959 2136 4016 Graeci
2173 3957 2487 4025 Parabolas,
2519 3957 2694 4014 Latini
2729 3959 3130 4014 Prorerbiorum
3161 3959 3465 4025 nominant,
3491 3975 3558 4012 eo

1964 4049 2105 4120 quod
2141 4051 2192 4104 in
2233 4049 2350 4120 ipso
2397 4049 2498 4103 sub
2541 4049 2910 4119 comparativa
2961 4046 3318 4104 similitudine
3355 4047 3558 4121 ﬁguras

1965 4139 2250 4194 verborum
2295 4147 2352 4194 ct
2393 4138 2656 4208 imagines
2705 4138 2956 4192 veritatis
2999 4136 3336 4203 ostenderit;
3385 4140 3562 4208 ipsam

1965 4239 2144 4286 autem
2174 4229 2452 4284 veritatem
2485 4230 2552 4284 ad
2586 4227 2993 4302 intelligendum
3035 4227 3340 4302 lcgenlii-us
3377 4243 3558 4284 reser-

1967 4321 2129 4376 vavit.
2159 4319 2468 4374 Secundum
2495 4318 2692 4374 librum
2719 4317 2932 4374 Coeletlt
2963 4318 3211 4383 vocavit,
3240 4320 3332 4388 qui
3373 4315 3561 4373 Grzrce

1967 4411 2311 4467 Ecclesiastes
2363 4409 2578 4475 dicitur,
2635 4407 2825 4464 Latine
2875 4407 3248 4472 Coneionntar,
3295 4420 3362 4464 eo
3415 4411 3560 4479 quod

1965 4517 2142 4558 sermo
2167 4502 2284 4572 ejus
2308 4516 2412 4555 non
2441 4500 2748 4571 specialiter
2774 4500 2840 4554 ad
2866 4513 3054 4562 unum,
3085 4499 3226 4552 sicut
3249 4496 3302 4552 in
3328 4495 3562 4552 Prover-

1964 4595 2089 4659 biis,
2123 4593 2217 4648 sed
2249 4593 2316 4649 ad
2356 4593 2640 4648 universos
2671 4589 2999 4661 generaliter
3035 4589 3320 4658 dirigatur,
3358 4587 3559 4643 docens

1962 4685 2167 4751 omnia,
2191 4700 2308 4754 quac
2331 4684 2382 4738 in
2411 4684 2612 4737 annulo
2645 4682 2938 4745 cernimus,
2969 4679 3174 4734 caduca
3207 4694 3327 4732 esse
3357 4687 3413 4733 ct
3438 4677 3560 4732 bre—

1963 4775 2074 4842 via,
2099 4783 2152 4830 et
2187 4775 2256 4828 ob
2297 4775 2399 4828 hoc
2429 4769 2650 4826 minime
2695 4769 3016 4839 appetenda.
3066 4767 3309 4822 Tertium
3357 4767 3558 4821 librum

1967 4866 2254 4940 Syrasyrin
2283 4865 2456 4938 [lsiJ.,
2486 4865 2562 4918 sir
2588 4861 2830 4934 Itysirim]
2863 4862 3202 4933 praenolavit,
3233 4861 3324 4930 qui
3365 4860 3416 4914 in
3463 4858 3560 4913 La-

1966 4959 2133 5012 tinam
2161 4957 2398 5026 linguam
2425 4955 2656 5009 vertitur
2685 4952 2903 5008 Cnntiea
2933 4950 3268 5006 Canticorum
3287 4993 3302 5016 ,
3335 4951 3425 5004 ubi
3462 4963 3560 5019 per

1965 5045 2333 5118 epitalamium
2361 5060 2574 5100 carmen
2606 5043 3036 5112 coniunctionem
3059 5042 3261 5097 Christi
3285 5049 3341 5096 et
3367 5039 3558 5096 Eet-le-

1967 5141 2062 5196 siae
2091 5141 2318 5212 mystice
2347 5141 2515 5196 canit.

2037 5231 2204 5287 Inter.
2258 5233 2438 5300 Quare
2475 5233 2672 5287 dicitur
2709 5231 2931 5286 Cantica
2974 5225 3358 5286 Canticorum?
3399 5225 3558 5298 Resp.

1966 5322 2181 5380 Dictum
2205 5331 2386 5378 autem
2409 5322 2687 5378 Canticum
2730 5321 3109 5385 Canticorum,
3156 5334 3223 5374 eo
3263 5317 3406 5389 quod
3442 5331 3558 5372 om-

1967 5413 2126 5491 nibus
2171 5414 2398 5469 canticis
2443 5412 2783 5484 praeferatur,
2827 5412 2918 5481 qui
2960 5409 3015 5465 in
3046 5408 3342 5481 Scripluris
3387 5407 3560 5462 sacris

1966 5506 2269 5572 habentur;
2301 5507 2442 5561 sicut
2476 5505 2725 5574 quaedam
2768 5503 2821 5557 in
2861 5501 3004 5572 Lege
3046 5501 3302 5556 dicuntur
3343 5509 3553 5562 sancta,

1963 5596 2159 5666 quibus
2189 5597 2392 5665 majora
2419 5607 2545 5652 sunt
2570 5605 2760 5651 sancta
2793 5602 3124 5649 sanctorum.
3153 5592 3352 5646 llorum
3374 5601 3556 5646 autem

1969 5688 2132 5742 trium
2159 5688 2415 5743 librorum
2455 5689 2695 5744 οιιιίιιὶιιει
2729 5687 3020 5743 cxauu-tris
3046 5727 3058 5750 ,
3106 5696 3154 5739 et
3201 5685 3556 5756 pentametris
