3914 6178
394 358 523 418 il‘n

1196 352 1253 406 Β.
1296 352 1354 406 F.
1393 350 1613 406 ALBINI
1654 347 1785 405 δεῖ
1825 346 2099 407 ALCUlNl
2135 346 2413 402 OPERIEM
2452 344 2630 401 PARS
2670 345 2801 403 VIII.

3494 353 3635 410 1128

389 473 633 530 versibus
654 469 794 541 apud
824 484 948 523 suos
990 469 1284 537 composita
1320 464 1691 536 perhibentur,
1726 470 1785 518 ut
1815 460 1965 517 Iose—
1993 469 2040 524 Α
2072 459 2183 533 [Ita
2212 457 2354 528 cod.|
2389 455 2516 513 Iesu
2544 457 2844 512 sacerdotis
2872 458 3050 528 magni
3077 461 3414 530 composuit,
3441 463 3503 517 ac
3528 480 3642 534 (μω

390 565 545 636 phus,
575 561 1035 633 llieronymusque
1059 558 1321 612 scribunt.

2062 549 2306 604 meminit
2330 548 2644 604 Zacharias.
2670 548 2773 615 Qui
2807 548 2943 604 liber
2968 550 3110 620 apud
3144 546 3364 607 Latinos
3381 593 3396 618 ,
3421 564 3645 624 propter

460 653 625 709 Inter.
654 651 875 707 Librum
900 647 1072 703 Esaize
1092 649 1215 718 quis
1240 646 1573 720 composuit?
1595 643 1749 715 Resp.
1774 643 1965 699 Esaias
2062 638 2259 709 eloquii
2287 637 2695 694 similitudinem
2719 650 2745 679 ι
2768 635 3077 694 Salomonis
3105 640 3259 695 titulo
3286 651 3643 713 prtenotatur.

389 745 717 818 evangelista
758 743 936 815 potius
980 756 1142 812 quam
1194 739 1454 812 propheta
1480 780 1495 803 ,
1553 735 1722 793 edidit
1769 735 1964 791 librum
2062 728 2248 784 Dictus
2275 737 2451 784 autem
2474 727 2914 795 Ecclesiasticus,
2939 746 3004 786 eo
3030 731 3172 803 quod
3200 732 3365 788 totius
3390 732 3648 789 Ecclesia!

390 851 571 901 suum,
607 833 758 906 cujus
778 829 955 888 omnis
985 841 1162 887 textus
1185 831 1503 902 eloquentiae
1528 843 1687 901 prosa
1728 828 1961 893 incedit;

391 928 665 982 canticum
694 939 820 978 vero
846 932 1122 977 cxametro
1148 930 1204 977 ct
1228 930 1567 993 pentametro
1592 936 1751 974 cursu
1782 913 1963 990 [Isid.,

393 1017 574 1089 versu]
600 1016 871 1071 discurrit.

462 1105 627 1162 Inter.
666 1103 950 1160 Hieremia:
995 1103 1149 1175 quis?
1183 1104 1335 1175 Resp.
1379 1102 1676 1158 Hieremias
1718 1100 1969 1157 similiter

390 1198 560 1261 edidit
585 1196 779 1252 librum
803 1212 961 1251 suum
986 1211 1108 1251 cum
1135 1195 1363 1250 Threnis
1389 1194 1505 1265 ejus
1525 1235 1538 1259 ,
1566 1209 1702 1263 quos
1736 1207 1834 1247 nos
1866 1192 1970 1248 La-

392 1298 574 1344 menta
596 1304 875 1352 vocamus,
901 1303 965 1341 eo
990 1284 1129 1356 quod
1154 1286 1207 1340 in
1234 1286 1560 1340 tristioribus
1581 1285 1740 1338 rebus
1770 1280 1973 1336 funeri-

391 1383 599 1452 busque
641 1381 1018 1446 adhibeantur,
1048 1380 1101 1433 in
1141 1379 1335 1449 quibus
1376 1373 1707 1447 quadruplex
1757 1374 1972 1430 diverso

395 1482 569 1530 metro
588 1473 888 1543 composuit
908 1471 1214 1532 alfabetnm,
1245 1486 1472 1540 quorum
1495 1467 1599 1523 duo
1620 1467 1790 1538 prima
1819 1467 1972 1538 quasi

398 1564 590 1621 Saﬁico
614 1572 787 1619 metro
814 1563 1014 1631 scripta
1037 1567 1194 1625 sunt,
1228 1560 1352 1630 quia
1383 1570 1493 1614 tres
1527 1557 1850 1620 versiculos,
1881 1558 1972 1626 qui

396 1656 496 1711 sibi
530 1656 652 1710 nexi
680 1660 828 1719 svnt,
859 1661 913 1709 et
942 1651 1010 1706 ab
1037 1667 1143 1706 una
1187 1659 1396 1706 tantum
1446 1650 1622 1704 littera
1672 1649 1970 1718 incipiunt,

396 1742 673 1800 heroicum
724 1758 932 1799 comma
981 1740 1329 1797 concludunt.
1385 1739 1628 1794 Tertium
1683 1737 1971 1793 alfabetum

2065 822 2360 893 disciplina:
2390 820 2573 895 [Isid.,
2598 818 2898 892 disciplina]
2926 822 3188 893 religiosa:
3214 825 3648 883 conversationis

2067 930 2259 985 magna
2276 930 2405 968 cura
2432 920 2488 968 et
2516 911 2728 968 ratione
2746 911 2815 968 sit
2840 913 3035 969 editus.
3055 913 3218 970 liicct
3238 916 3379 986 apud
3399 915 3646 971 Hebreos

2067 1005 2357 1074 reperitur,
2403 1004 2497 1059 sed
2542 1002 2684 1058 inter
2711 1004 2982 1077 apocrifos
3023 1002 3269 1060 habetur.
3301 1004 3489 1061 Iudith
3518 1022 3650 1061 vero

2066 1106 2123 1151 et
2151 1093 2284 1150 'l'obi
2316 1111 2429 1151 Slve
2467 1092 2882 1150 Machabcorum
2920 1092 3044 1149 libri
3094 1096 3290 1164 quibus
3338 1095 3651 1153 auctoribus

2069 1186 2255 1257 scripti
2279 1194 2425 1252 sunt,
2454 1186 2678 1241 minime
2698 1194 2932 1242 constat.
2956 1184 3166 1242 Habent
3188 1196 3368 1243 autem
3389 1186 3652 1245 vocabula

2070 1294 2136 1332 ex
2167 1293 2353 1333 eorum
2381 1277 2717 1343 nominibus,
2751 1292 2982 1348 quorum
3033 1286 3183 1349 gesta
3231 1274 3497 1333 scribunt.
3528 1273 3653 1335 lites

2070 1384 2241 1438 pauca
2269 1370 2334 1425 de
2360 1370 2542 1424 Veteri
2569 1367 2920 1425 Testamento
2948 1370 3050 1424 hac
3074 1371 3192 1424 vice
3231 1367 3326 1424 tibi
3364 1357 3649 1426 suiliciant.

2655 1479 2883 1538 CAPUT
2924 1483 3055 1539 V'lll.

2532 1567 2597 1605 DE
2636 1568 2773 1607 NOVO
2813 1568 3186 1608 TESTAHENTO.

2146 1641 2309 1699 Inter.
2339 1641 2415 1699 Ea
2444 1660 2565 1714 qua:
2591 1644 2657 1698 de
2685 1643 2776 1700 illo
2800 1645 3004 1711 dixisti,
3030 1646 3300 1701 sulliciunt
3319 1686 3333 1710 ,
3364 1644 3460 1702 sed
3487 1664 3653 1718 quare

2078 1734 2282 1792 Novum
2311 1736 2712 1791 Testamentum
2735 1737 2966 1803 dicatur,
2994 1747 3053 1792 ut
3074 1739 3207 1793 mihi
3232 1740 3469 1810 aperias,
3500 1742 3656 1796 obse-

397 1833 643 1889 trimetro
669 1833 929 1902 scriptum
951 1838 1055 1895 est,
1074 1837 1171 1883 eta
1200 1829 1368 1883 ternis
1387 1828 1605 1891 litteris,
1629 1827 1682 1881 id
1705 1833 1810 1891 est,
1836 1826 1970 1880 terni
2003 1802 2049 1863 Β
2079 1841 2191 1882 cro.
2241 1825 2394 1898 Resp.
2423 1823 2632 1881 Novum
2660 1802 3069 1884 Testamentum
3100 1830 3219 1885 ideo
3250 1802 3503 1896 vocatur,
3532 1834 3652 1902 quia

398 1942 590 1983 versus
614 1925 797 1997 [Isid.,
824 1923 985 1978 iidem
1009 1920 1219 1994 versus]
1253 1921 1535 1990 incipiunt.
1565 1919 1825 1986 Quartum
1849 1916 1976 1972 alfa-

398 2019 582 2072 betum
611 2015 785 2071 simile
812 2014 988 2083 primo
1015 2022 1071 2068 et
1093 2009 1331 2067 secundo
1358 2013 1605 2066 habetur.

470 2107 635 2164 Inter.
660 2106 959 2162 Ezechielis
984 2113 1041 2159 et
1062 2103 1340 2159 Danihelis
1369 2102 1525 2173 quis?
1548 2101 1704 2173 Resp.
1729 2099 1980 2157 Ezechiel

399 2209 454 2256 et
473 2199 699 2254 Danihel
726 2213 756 2251 a
782 2198 914 2252 viris
940 2195 1263 2266 quihusdam
1290 2193 1621 2265 sapientibus
1649 2192 1835 2263 scripti
1860 2206 1980 2248 esse

396 2291 771 2360 perhibentur,
795 2301 1025 2356 quorum
1051 2283 1299 2339 Ezechiel
1319 2282 1582 2355 principia
1606 2290 1661 2339 et
1685 2282 1820 2338 ﬁnes
1846 2282 1984 2337 mul-

400 2384 470 2438 tis
505 2381 669 2436 habet
697 2376 1119 2436 obscuritatibus
1147 2373 1403 2438 involuta.
1435 2370 1660 2429 Danihel
1684 2390 1815 2430 vero
1835 2373 1984 2429 claro

400 2488 650 2530 sermone
682 2486 845 2542 regna
875 2470 1022 2528 orbis
1052 2466 1382 2539 pronuntiat,
1412 2472 1466 2519 et
1487 2474 1699 2535 tempus
1722 2463 1985 2520 adventus

398 2563 599 2621 Christi
622 2562 1063 2619 manifestissima
1092 2557 1475 2630 przedicatioue
1497 2564 1738 2612 annotat.
1763 2555 1830 2610 Hi
1857 2565 1987 2612 sunt

398 2664 631 2726 quatuor
659 2653 962 2725 prophetae,
995 2650 1087 2720 qui
1114 2647 1346 2716 majores
1391 2646 1669 2711 vocantur,
1698 2645 1823 2715 quia
1863 2661 1989 2715 pro-

399 2747 506 2802 lixa
535 2744 807 2801 volumina
838 2741 1218 2798 condiderunt.

471 2836 638 2891 Inter.
664 2835 810 2890 Libri
832 2848 907 2888 xu
934 2830 1327 2901 Prophetarum
1356 2838 1602 2884 auctores
1619 2827 1710 2900 qui
1734 2826 1986 2884 fuerunt?

402 2930 559 3001 Resp.
589 2926 735 2983 Libri
766 2942 842 2981 xu
869 2924 1260 2995 Prophetarum
1295 2928 1572 2977 auctorum
1619 2936 1840 2976 suorum
1888 2936 1985 2975 no-

402 3020 632 3076 minibus
663 3025 1050 3089 prmnotantnr,
1076 3012 1164 3084 qui
1192 3020 1476 3084 propterea
1516 3012 1769 3067 dicuntur
1813 3012 1991 3067 mino-

2077 1919 2325 1985 innovat;
2350 1934 2458 1973 non
2483 1919 2627 1973 enim
2658 1916 2788 1973 illud
2811 1919 3047 1987 discunt,
3079 1920 3183 1975 nisi
3212 1921 3462 1978 homines
3508 1938 3656 1977 reno-

2079 2010 2186 2065 vati
2213 2026 2279 2065 ex
2301 2019 2572 2066 vetustate
2604 2026 2701 2083 per
2728 2012 2959 2083 gratiam
2997 2022 3052 2067 et
3080 2014 3412 2084 pertinentes
3447 2017 3574 2087 jam
3597 2018 3659 2073 ad

2078 2107 2460 2155 testamentum
2494 2115 2712 2167 novum,
2740 2103 2883 2172 quod
2906 2110 2990 2159 est
3014 2118 3234 2173 regnum
3261 2105 3552 2160 ctelorum.

2153 2188 2320 2246 Inter.
2381 2190 2613 2249 Ordines
2660 2193 2921 2250 librorum
2988 2194 3121 2252 Novi
3177 2196 3516 2255 Testamenti
3573 2200 3657 2270 qui

2081 2284 2242 2337 sunt?
2269 2281 2425 2354 Resp.
2454 2285 2589 2340 Duo.
2613 2284 2779 2340 Inter.
2803 2286 2949 2354 Qui?
2975 2287 3130 2360 Resp.
3153 2288 3367 2346 Primus
3393 2300 3481 2346 est
3507 2308 3663 2347 evan-

2082 2373 2306 2444 gelicus,
2334 2374 2388 2428 in
2421 2390 2529 2445 quo
2556 2384 2682 2431 sunt
2710 2376 2995 2443 Mattheus,
3022 2377 3254 2445 Marcus,
3280 2378 3456 2436 Lucas
3488 2391 3549 2437 et
3573 2382 3662 2438 Io-

2083 2464 2308 2520 hannes.
2336 2463 2618 2521 Secundus
2646 2466 2991 2538 apostolicus,
3022 2468 3076 2523 in
3099 2484 3208 2538 quo
3231 2478 3354 2525 sunt
3374 2469 3586 2527 Paulus
3610 2473 3663 2527 in

2084 2573 2176 2613 stv
2200 2558 2478 2629 Epistolis,
2505 2559 2701 2615 Petrus
2730 2560 2783 2615 in
2812 2560 3037 2626 duabus,
3067 2559 3337 2619 Iohannes
3363 2564 3416 2617 in
3434 2564 3631 2621 tribus
3648 2607 3665 2630 ,

2082 2646 2315 2705 Iacobus
2338 2658 2394 2703 et
2417 2648 2583 2705 Iudas
2603 2651 2656 2705 in
2686 2650 2910 2721 singulis
2934 2691 2951 2717 ,
2976 2652 3144 2709 Actus
3187 2653 3572 2725 Apostolorum
3612 2667 3672 2715 et

2084 2743 2441 2816 Apoca'lipsis.
2964 2808 2970 2814 δ

2155 2835 2322 2891 Inter.
2365 2834 2630 2892 Auctores
2659 2834 2818 2905 hujus
2861 2837 2995 2895 Novi
3037 2839 3367 2898 Testamentt
3409 2844 3508 2915 qui
3556 2844 3671 2902 fne-

2086 2930 2247 2985 runt?
2291 2928 2449 3002 Resp.
2496 2930 2738 2998 Quatuor
2777 2932 2946 2991 libros
2982 2933 3397 3006 Evangeliorum
3434 2948 3672 3009 quatuor

2086 3036 2249 3095 supra
2276 3022 2535 3078 nominati
2571 3023 2920 3095 singulariter
2944 3028 3398 3096 conscripserunt.

401 3131 524 3180 res,
566 3113 692 3185 quia
744 3125 1022 3167 sermones
1062 3122 1249 3162 eorum
1299 3106 1490 3162 breves
1541 3111 1683 3161 sunt.
1739 3103 1891 3161 Unde
1926 3106 1984 3162 et
2010 3137 2057 3202 ο
2158 3111 2327 3168 Inter.
2376 3112 2529 3168 Nunc
2574 3122 2731 3184 peto,
2769 3121 2833 3170 ut
2876 3116 3013 3172 mihi
3060 3132 3299 3188 exponas
3327 3120 3452 3190 quis
3477 3136 3669 3178 eorum

398 3201 629 3260 connexi
658 3199 871 3258 sibimet
907 3199 1136 3255 invicem
1168 3197 1222 3252 in
1248 3210 1357 3252 uno
1388 3193 1661 3251 volumine
1698 3196 1977 3252 continen-

399 3306 510 3361 tur,
546 3310 776 3367 quorum
813 3291 1029 3347 nomina
1066 3290 1180 3345 haec
1211 3296 1375 3344 sunt:
1407 3286 1562 3352 Osee,
1585 3285 1758 3349 Iobel,
1789 3286 1975 3353 Amos,

398 3388 623 3452 Abdias,
645 3384 828 3448 Ionas,
858 3384 1117 3446 Micheas,
1141 3381 1335 3445 Naum,
1360 3380 1577 3436 Abacuc
1596 3421 1611 3445 ,
1645 3378 1975 3451 Sophonias,

400 3481 597 3546 Agens,
625 3475 934 3538 Zacharias,
964 3482 1021 3529 et
1045 3473 1353 3527 Malacltias.

469 3568 636 3622 Inter.
658 3567 843 3622 Esdrte
867 3564 989 3618 libri
1014 3563 1135 3633 quis
1158 3570 1345 3617 auctor
1358 3562 1601 3617 exstitit?
1616 3557 1770 3632 Resp.
1796 3560 1979 3617 Esdra:

401 3661 540 3716 liber
587 3658 823 3716 auctoris
861 3655 944 3712 sui
990 3655 1147 3711 titulo
1169 3660 1522 3725 praenotatur,
1560 3653 1613 3709 in
1649 3653 1802 3723 cujus
1828 3662 1979 3709 textu

400 3750 643 3824 ejusdem
666 3747 887 3804 Hesdras
908 3745 1249 3818 Neemiaeque
1275 3759 1554 3801 sermones
1583 3745 1787 3816 pariter
1806 3744 1980 3801 conti-

402 3851 617 3898 nentur.
661 3838 740 3896 Ne
786 3852 1111 3910 quemquam
1157 3844 1388 3900 moveat,
1433 3835 1578 3906 quod
1623 3851 1761 3891 unus
1790 3835 1976 3891 Esdrae

403 3935 601 3991 dicitur
628 3932 782 3998 liber,
812 3929 938 4002 quia
981 3928 1276 3994 secundus,
1311 3929 1503 3985 tertius
1537 3938 1590 3984 et
1613 3936 1837 3998 quartus
1872 3945 1979 3985 non

403 4025 670 4080 habentur
704 4020 844 4093 apud
864 4019 1135 4086 ‘llebreos,
1168 4018 1261 4074 sed
1287 4018 1428 4073 inter
1463 4018 1781 4089 apocripltos
1814 4018 1982 4089 depu-

406 4126 606 4173 tantur.
1630 4101 1636 4109 '

475 4211 639 4266 Inter.
670 4208 891 4265 Librum
932 4204 1128 4262 llester
1160 4203 1281 4276 quis
1309 4203 1558 4275 scripsit?
1599 4198 1754 4273 Resp.
1793 4199 1983 4256 Hester

407 4302 603 4359 librum
646 4301 761 4372 ipsa
807 4298 1048 4354 creditur
1091 4295 1513 4365 conscripsisse,
1549 4294 1602 4348 in
1652 4308 1759 4364 quo
1791 4292 1982 4346 eadem

408 4394 611 4465 regina,
634 4392 736 4448 sub
761 4389 929 4460 ﬁgura
960 4386 1232 4451 Ecclesiae,
1265 4384 1359 4439 Dei
1388 4382 1641 4455 populum
1672 4398 1703 4437 a
1723 4380 1984 4438 servitute

405 4493 461 4540 et
490 4490 661 4539 morte
691 4480 955 4550 eripuisse
994 4476 1273 4540 scribitur,
1316 4485 1478 4543 atque
1513 4473 1796 4528 interfecto
1829 4473 1985 4528 hoste

406 4575 595 4636 Aman,
630 4573 720 4643 qui
756 4572 1142 4640 interpretatur
1174 4564 1451 4635 iniquitas,
1479 4563 1582 4620 dici
1610 4563 1896 4619 celebritas
1930 4563 1984 4618 in

407 4671 652 4735 posteros
681 4661 930 4716 mittitur.

480 4752 643 4807 Inter.
685 4750 830 4805 Libri
865 4748 1154 4821 Sapientia:
1213 4755 1268 4803 et
1312 4745 1714 4812 Ecclesiastici,
1764 4745 1981 4812 Iudith,

410 4843 610 4908 Tobias,
646 4851 806 4912 atque
834 4840 1247 4894 Machabeorum
1283 4839 1576 4909 scriptores
1623 4838 1714 4907 qui
1763 4851 1883 4893 esse
1910 4838 1985 4892 di-

409 4934 642 4990 cuntur?
680 4931 830 5003 Resp.
877 4930 1037 4984 Liber
1077 4929 1367 4999 Sapientiae
1395 4929 1534 4999 apud
1568 4928 1805 4983 Hebreos
1852 4945 1983 4985 nus-

409 5041 571 5096 quam
598 5032 712 5089 est;
748 5023 885 5076 unde
918 5030 972 5076 et
1008 5021 1120 5090 ipse
1157 5019 1342 5075 titulus
1386 5020 1630 5075 Graecam
1674 5020 1843 5091 magis
1879 5020 1989 5074 elo-

410 5115 685 5185 quentiam
707 5112 930 5168 redolet.
962 5110 1113 5165 llunc
1139 5108 1292 5164 Iudei
1314 5109 1516 5164 Filonis
1544 5126 1664 5165 esse
1689 5109 1985 5166 allirmant:

411 5207 502 5276 qui
537 5204 759 5277 proinde
790 5202 1062 5275 Sapientia
1093 5201 1420 5264 nominatur,
1445 5200 1570 5269 quia
1603 5200 1654 5253 in
1698 5216 1763 5253 eo
1788 5200 1988 5255 Christi

413 5300 705 5365 adventus,
737 5296 828 5369 qui
865 5303 949 5351 est
993 5293 1254 5365 sapientia
1300 5291 1477 5345 Patris
1503 5332 1517 5355 ,
1561 5302 1615 5345 et
1651 5292 1830 5363 passio
1871 5292 1989 5362 ejus

411 5389 688 5444 evidenter
714 5386 1052 5460 exprimitur.
1078 5384 1296 5439 Librum
1338 5392 1518 5437 autem
1556 5382 1993 5437 Et-elesiasticum

414 5481 719 5538 certissime
764 5478 922 5537 Iesus
968 5478 1108 5533 [ilius
1165 5476 1355 5532 Sirach
1410 5472 1773 5531 Icrosolimita
1824 5489 1992 5544 neptis

488 5623 513 5649 ⁸
549 5609 772 5695 Propter
789 5610 978 5695 εφθςιὶὶ
998 5607 1413 5662 sintiliJvtdinent.
1437 5604 1638 5661 Confer
1662 5620 1849 5660 versus
1872 5620 1991 5674 pue—

418 5690 578 5734 matts
615 5682 664 5743 ti,
692 5681 793 5734 col.
825 5681 946 5735 751s.

574 5769 661 5818 His
684 5777 778 5818 duo
798 5772 1065 5832 junguntur
1092 5786 1177 5837 per
1203 5775 1493 5835 parudpntt
1517 5770 1625 5818 lttn‘t

2084 3206 2314 3277 primus,
2343 3213 2399 3260 et
2424 3220 2529 3274 qua
2557 3205 2763 3277 lingua,
2787 3206 2873 3261 vel
2902 3207 2997 3263 ubi
3033 3214 3091 3263 et
3131 3209 3275 3264 unde
3315 3210 3670 3282 Evangeliutn

2079 3295 2524 3366 conscripsisset?
2547 3294 2811 3352 Similiter
2831 3296 2899 3352 de
2932 3297 3192 3365 secundo,
3216 3301 3403 3365 tertio,
3426 3311 3486 3357 et
3514 3318 3674 3373 quar—

2082 3394 2138 3441 to
2189 3384 2368 3441 facere
2422 3400 2530 3440 non
2585 3402 2800 3443 renuas.
2857 3387 3012 3459 Resp.
3053 3390 3081 3429 δ
3130 3388 3345 3447 Primus
3398 3392 3675 3449 Mattheus

2079 3475 2406 3545 conscripsit
2432 3474 2783 3547 Evangelium
2809 3465 3007 3534 litteris
3048 3478 3329 3537 Hebraicis
3366 3490 3425 3537 et
3459 3498 3673 3540 sermo-

2080 3566 2257 3631 nibus,
2308 3566 2362 3620 in
2410 3565 2595 3622 Iudaea
2645 3566 2869 3624 initians
2912 3570 3289 3643 evangelizare
3326 3574 3398 3628 ab
3426 3574 3672 3631 humana

2079 3655 2283 3712 Christi
2331 3658 2615 3715 nativitate
2659 3660 2884 3717 dicens:
2913 3661 3067 3718 Liber
3105 3667 3457 3735 generationis
3512 3668 3674 3741 533

2081 3750 2217 3804 Iesu
2245 3748 2441 3805 Christi
2481 3751 2581 3822 ﬁlii
2611 3751 2784 3808 David
2803 3794 2817 3820 ,
2846 3754 2948 3823 ﬁlii
2973 3756 3242 3813 Abraham
3283 3757 3512 3828 (Hattls.
3538 3779 3577 3827 ι,
3604 3764 3673 3831 l).

2083 3839 2407 3913 Signiﬁcans
2435 3842 2782 3899 descendisse
2814 3846 3169 3915 corporaliter
3213 3864 3281 3904 ex
3331 3850 3555 3909 semine
3586 3868 3679 3923 pa-

2084 3934 2440 3989 triarcharum
2470 3933 2768 4000 Christum,
2793 3936 2932 3991 sicut
2959 3938 3288 4008 promissum
3311 3948 3438 3995 erat
3464 3943 3533 3997 in
3558 3959 3678 4013 pro-

2081 4025 2260 4096 phetis
2302 4040 2400 4096 per
2464 4023 2723 4094 Spiritum
2793 4035 3061 4083 sanctum.
3114 4027 3397 4086 Secundus
3454 4030 3678 4088 Harena

2082 4116 2271 4186 plenus
2318 4114 2518 4186 Spiritu
2572 4123 2760 4170 sancto
2803 4116 3021 4189 scripsit
3064 4118 3415 4191 Evangelium
3465 4121 3677 4176 Christi

2081 4207 2295 4276 eloquio
2308 4205 2497 4262 Graeco
2524 4205 2577 4261 in
2602 4205 2753 4261 Italia
2777 4216 3000 4263 secutus
3020 4203 3258 4264 Petrum'
3267 4218 3328 4265 ut
3349 4209 3675 4282 discipulus.

2082 4295 2134 4351 ls
2168 4295 2379 4350 initium
2403 4310 2433 4349 a
2454 4294 2649 4365 spiritu
2681 4296 2984 4367 prophetali
3014 4296 3143 4352 fecit
3167 4298 3391 4354 dicens:
3423 4297 3551 4355 Vox
3573 4299 3680 4353 cta-

2085 4386 2275 4439 mantis
2306 4385 2361 4438 in
2388 4382 2590 4439 deserto
2618 4398 2634 4436 :
2664 4383 2861 4439 Parate
2883 4387 3019 4441 viam
3047 4386 3270 4442 Domino
3294 4386 3498 4459 (Marc.
3533 4407 3573 4455 ι,
3600 4390 3674 4459 fi),

2015 4483 2146 4560 Dut
2186 4472 2496 4527 ostenderet
2528 4472 2803 4529 Christum
2847 4483 2970 4544 post
3018 4476 3442 4546 assumptionetn
3494 4478 3679 4537 camis

2091 4564 2440 4633 Evangelium
2477 4565 2797 4635 praedicasse
2840 4568 3063 4622 mundo.
3089 4564 3209 4638 Ipse
3247 4569 3396 4627 enim
3424 4569 3677 4626 Christus

2088 4666 2142 4714 ct
2169 4657 2427 4729 propheta
2455 4656 2632 4711 dictus
2675 4665 2794 4724 est,
2837 4657 2977 4713 sicut
3023 4660 3284 4730 scriptum
3305 4667 3427 4714 est:
3463 4660 3535 4715 Et
3557 4677 3676 4732 pro-

2088 4749 2295 4819 phetam
2323 4747 2377 4801 in
2411 4747 2646 4818 gentibus
2674 4749 2823 4818 posui
2850 4757 2899 4803 te
2931 4747 3065 4817 (Ier.
3092 4766 3132 4815 ι,
3155 4751 3232 4822 5).
3260 4750 3478 4825 Tertius
3502 4751 3674 4807 Lucas

2090 4841 2233 4894 inter
2252 4852 2440 4894 omnes
2468 4839 2829 4910 cvangelistas
2857 4839 3063 4896 Graecis
3098 4843 3444 4899 sermonibus
3485 4843 3670 4916 [Isid.,

2091 4929 2262 4985 Grieci
2289 4928 2579 5003 sermonis]
2613 4930 3012 4987 eruditissimus
3032 4972 3050 4997 ,
3079 4933 3276 5002 quippe
3302 4941 3363 4987 nt
3391 4935 3636 4989 medicus
3653 4971 3669 4993 .

2091 5022 2144 5075 in
2173 5021 2378 5076 Graecia
2404 5021 2755 5092 Evangelium
2804 5023 3023 5093 scripsit
3053 5023 3351 5093 Thcophilo
3387 5025 3667 5096 episcopo,

2089 5111 2311 5166 initians
2339 5128 2370 5165 a
2397 5111 2716 5167 sacerdotali
2751 5113 2947 5182 spiritu
2996 5113 3217 5169 dicens:
3246 5112 3371 5167 Fuit
3405 5116 3459 5167 in
3491 5115 3670 5169 diebus

2091 5201 2317 5257 Herodis
2346 5204 2479 5273 regis
2502 5202 2659 5257 Iuda:
2688 5204 2934 5258 sacerdos
2973 5204 3189 5276 quidam
3226 5207 3435 5260 nomine
3466 5204 3668 5259 Zacha-

2092 5292 2198 5345 rias
2228 5291 2378 5365 (Luc.
2412 5310 2450 5358 l,
2480 5292 2557 5365 5).
2588 5292 2658 5348 Ut
2689 5293 3061 5349 manifestaret
3079 5293 3354 5349 Christum
3373 5303 3499 5365 post
3526 5295 3667 5349 uati-

2093 5389 2314 5445 vitatem
2345 5390 2529 5444 carnis
2558 5398 2614 5444 et
2643 5388 3078 5459 praedicationem
3122 5389 3400 5458 Evangelii
3437 5389 3665 5445 hostiam

2094 5479 2262 5535 fuisse
2287 5480 2535 5535 eil‘cctum
2575 5493 2673 5549 pro
2698 5479 2872 5535 salute
2901 5481 3122 5535 mundi:
3148 5481 3263 5552 ipse
3293 5492 3377 5536 est
3403 5482 3547 5537 enim
3578 5494 3662 5533 sa-

2309 5614 2521 5671 Quorutn
2545 5615 2725 5672 quippe
2751 5614 2880 5673 prior
2904 5611 3155 5675 Sapientia
3173 5615 3354 5662 dicitur
3378 5615 3498 5661 alma

2373 5675 2610 5722 Notantur
2631 5676 2754 5724 Jestt
2779 5677 2971 5725 nomine
3007 5679 3269 5736 posterior.

2172 5752 2197 5789 ι’
2223 5754 2474 5816 Isidorus,
2504 5754 2604 5808 loc.
2630 5756 2723 5808 cit.
