3914 6178
242 280 379 345 ΗΞΞ)

1164 288 1312 347 OPP.
1354 285 1583 346 DUBIA.
1625 315 1696 324 -
1733 276 2148 339 DISPUTATIO
2184 275 2590 335 PUERORUM.

3362 273 3498 328 “50

236 405 452 469 cet-dos,
483 402 549 458 de
577 415 683 471 quo
711 401 913 457 dictum
939 411 1022 458 cst
1062 403 1116 458 in
1156 402 1386 458 Psalmis
1415 420 1428 455 :
1464 400 1542 454 Tu
1569 416 1622 454 es
1645 415 1821 454 saeer-
1846 399 1896 458 A
1923 394 2224 450 Barnabam
2250 393 2561 463 scripsisse;
2587 389 2674 445 alii
2702 405 2731 443 a
2752 387 3028 445 Clemente
3050 390 3309 460 scriptam
3337 391 3502 451 inissa

235 497 332 549 dos
351 497 408 548 in
429 505 677 549 aeternum
693 495 975 548 secundant
990 496 1225 549 ordinem
1248 493 1622 548 Melchisedech
1641 488 1812 562 (I‘sal.

235 603 349 652 cut,
375 586 450 657 4).
485 587 588 643 Ubi
616 587 760 641 cnim
789 585 1037 641 Christus
1065 585 1311 650 advenit,
1341 583 1705 640 sacerdotium
1726 579 1820 634 Ju-

236 677 476 732 daeorum
497 675 788 740 obmutuit,
814 675 898 729 lex
919 683 976 729 et
993 675 1284 743 prophetia
1299 674 1554 730 cessavit.
1585 673 1821 740 Quartus

236 765 474 821 Joannes
513 765 732 836 scripsit
766 763 1114 833 Evangelium
1141 764 1366 819 ultimus
1416 764 1471 817 in
1499 763 1652 828 Asia,
1692 762 1826 817 inci-

233 859 391 928 piens
421 872 451 911 a
478 853 692 920 Verbo,
723 862 786 908 ut
823 855 1136 910 ostenderet
1163 855 1414 910 eumdem
1445 853 1820 920 Salvatorem,

235 949 330 1018 qui
357 963 456 1019 pro
481 946 636 1001 nobis
663 946 914 1016 dignatus
943 954 1028 1000 est
1052 946 1202 1001 nasci
1225 953 1280 1002 et
1311 946 1425 1015 pati
1451 964 1464 998 :
1492 945 1670 1014 ipsum
1699 953 1824 1000 ante

237 1040 437 1097 secula
478 1040 574 1095 Dei
615 1037 853 1094 Verbum
898 1053 1019 1094 esse
1048 1058 1059 1093 :
1092 1040 1268 1110 ipsum
1309 1038 1448 1095 caelo
1489 1040 1740 1104 venisse,
1769 1046 1827 1093 et

234 1139 360 1202 post
381 1138 611 1185 mortem
634 1129 702 1185 ad
723 1129 923 1184 ccelum
949 1129 1146 1185 iterum
1173 1145 1466 1186 remeasse.

311 1219 476 1274 Inter.
510 1218 663 1274 Nunc
689 1219 811 1274 volo
836 1229 896 1274 ut
921 1221 1051 1274 mihi
1082 1235 1342 1290 exponas,
1371 1236 1544 1290 quare
1591 1229 1826 1292 quatuor

235 1311 350 1366 sint
392 1313 483 1381 qui
529 1313 646 1366 haec
695 1325 845 1383 gesta
886 1313 1362 1382 conscripserunt?
1391 1329 1484 1368 seu
1515 1314 1702 1378 etiam,
1731 1315 1825 1383 qui

236 1403 348 1457 sint
372 1403 428 1457 hi
451 1413 702 1472 quatuor,
734 1404 826 1472 qui
855 1403 1036 1458 divino
1060 1402 1282 1471 Spiritu,
1313 1405 1666 1458 annuntiante
1693 1403 1828 1458 Pro-

235 1495 422 1567 pheta,
452 1495 646 1564 signati
697 1496 853 1550 sunt?
899 1493 1051 1564 Resp.
1101 1494 1225 1548 [deo
1269 1509 1398 1565 ergo
1427 1494 1828 1563 conscriptores

237 1587 964 1658 gestae(sic)Evaugeliorum
987 1593 1219 1654 quatuor
1241 1599 1362 1639 esse
1387 1585 1660 1650 dicuntur,
1676 1585 1824 1654 quia,

236 1679 453 1732 dicente
463 1679 751 1746 Propheta,
768 1685 1001 1746 quatuor
1015 1673 1269 1729 animalia
1282 1683 1501 1730 ostensa
1517 1689 1635 1730 esse
1648 1677 1829 1747 legun-

1921 489 2281 559 suspicantur.

1993 579 2158 633 Inter.
2185 578 2332 633 Petri
2354 578 2494 648 quis,
2521 585 2616 632 aut
2644 585 2796 646 quot,
2820 576 2905 632 vel
2932 579 3201 646 quomodo
3222 578 3508 633 nominans

1921 673 2045 725 tur?
2077 669 2232 740 Resp.
2272 668 2465 724 Petrus
2499 667 2716 737 scripsit
2751 668 2884 723 duas
2918 669 3154 723 nominis
3184 669 3268 723 sui
3294 669 3507 739 Episto-

1923 761 2022 824 las,
2057 777 2178 831 qua:
2219 760 2502 816 catholicae
2536 761 2656 815 ideo
2687 761 3051 828 nominantur,
3082 762 3209 833 quia
3257 779 3366 818 non
3412 763 3506 817 uni

1926 860 2137 906 tantum
2186 853 2381 923 populo
2430 852 2516 908 vel
2564 855 2790 921 civitati,
2828 856 2922 910 sed
2959 857 3228 913 universis
3258 859 3507 929 gentibus

1925 942 2250 1014 generaliter
2273 945 2488 1014 scripta:
2526 954 2669 1001 sunt.

1995 1033 2162 1088 Inter.
2190 1033 2406 1101 Jacobi,
2433 1035 2660 1094 Joannis
2687 1047 2741 1094 et
2763 1038 2913 1096 Juda:
2947 1043 3106 1110 quis?
3139 1043 3290 1114 Resp.
3321 1043 3505 1111 Iacob,

1926 1123 2162 1179 Joannes
2190 1133 2245 1179 et
2269 1122 2435 1182 Judas
2459 1143 2582 1183 suas
2604 1129 2941 1198 scripserunt
2971 1133 3258 1202 Epistolas.

1999 1213 2163 1268 Inter.
2195 1215 2426 1271 Actuum
2452 1220 2817 1289 apostolorum
2847 1221 3082 1292 scriptor
3113 1224 3235 1294 quis
3263 1225 3510 1280 exstitit?

1929 1305 2085 1377 Resp.
2128 1307 2296 1362 Actus
2321 1309 2684 1378 apostolorum
2715 1312 3011 1379 primordia
3041 1312 3165 1368 ﬁdei
3191 1314 3513 1371 Christiana:

1929 1398 1983 1452 in
2015 1399 2281 1469 gentibus,
2315 1410 2370 1454 et
2392 1404 2664 1456 nascentis
2688 1403 2944 1459 Ecclesiae
2976 1395 3259 1462 historiam
3292 1409 3508 1481 digerit.

1928 1489 2158 1544 Actuum
2189 1491 2558 1560 apostolorum
2590 1495 2909 1563 scriptorem
2958 1497 3160 1552 Lucam
3198 1513 3317 1555 esse
3345 1516 3512 1555 evan-

1930 1581 2176 1650 gelistam
2230 1582 2577 1638 manifestum
2628 1595 2731 1653 est,
2773 1587 2828 1641 in
2875 1603 2982 1657 quo
3036 1605 3198 1660 opere
3238 1595 3514 1650 nascentis

1930 1671 2184 1728 Ecclesia:
2227 1672 2456 1729 infantia
2501 1676 2721 1742 texitur,
2766 1685 2822 1731 et
2868 1680 3232 1749 apostolorum
3288 1683 3515 1738 historia

237 1779 347 1836 tur,
384 1785 612 1840 quorum
655 1769 891 1840 primum
939 1768 1140 1825 animal
1185 1778 1373 1826 tenens
1415 1768 1822 1825 similitudinem
1855 1767 1900 1826 Β
1930 1764 2210 1820 retinetur.
2242 1765 2393 1821 Unde
2417 1775 2471 1820 et
2493 1767 2654 1821 Actus
2682 1769 3036 1838 apostolorum
3064 1772 3278 1827 dicitur.

235 1862 492 1925 hominis,
531 1863 828 1916 secundum
872 1861 1064 1928 leonis,
1100 1862 1321 1917 tertium
1364 1861 1544 1927 vituli,
1572 1869 1826 1931 quartum

234 1967 370 2006 vero
394 1939 604 2021 aquilas
657 1949 764 2005 Sed
798 1951 854 2005 hi
901 1959 1134 2021 quatuor
1162 1952 1263 2007 has
1311 1953 1577 2008 habentes
1625 1952 1828 2024 ﬁguras

233 2045 599 2114 evangelistas
623 2059 743 2099 esse
773 2059 881 2099 non
911 2044 1133 2098 dubium
1158 2053 1263 2099 est.

313 2134 479 2189 Inter.
517 2135 612 2189 Isti
645 2135 993 2205 evangelista)
1030 2150 1198 2205 quare
1227 2142 1462 2205 quatuor
1503 2134 1830 2190 animalibus

239 2225 525 2279 assimilati
548 2225 711 2279 sunt?
739 2223 893 2295 Resp.
929 2223 1064 2290 Quia
1101 2239 1198 2296 per
1223 2234 1457 2296 quatuor
1483 2225 1668 2280 mundi
1703 2241 1829 2296 par-

238 2327 324 2372 tes
370 2319 502 2373 ﬁdes
539 2318 864 2373 Christianae
894 2318 1173 2390 religionis
1212 2335 1400 2376 eorum
1441 2320 1830 2390 praedicatione

238 2410 591 2465 disseminata
626 2421 730 2464 est.

315 2500 478 2554 Inter.
518 2500 696 2567 Quare
726 2500 981 2556 dicuntur
1013 2497 1305 2558 animalia?
1347 2503 1501 2576 Resp.
1538 2503 1675 2572 Quia
1699 2519 1829 2576 pro-

239 2599 364 2661 pter
397 2591 634 2644 animam
667 2593 901 2646 hominis
931 2593 1257 2662 praedicatur
1281 2594 1634 2664 Evangelium
1673 2595 1830 2650 Chri-

239 2681 332 2737 sti.
364 2681 498 2736 Nam
524 2692 576 2736 et
597 2683 768 2737 oculis
789 2683 944 2752 plena
965 2692 1120 2738 erant
1142 2685 1286 2740 intus
1313 2693 1367 2740 et
1395 2685 1548 2751 foris,
1572 2687 1832 2756 quoniam

237 2774 544 2844 prtevidcnt
571 2775 884 2845 Evangelia,
909 2791 1029 2845 qua).
1061 2775 1204 2832 dicta
1236 2786 1360 2833 sunt
1391 2793 1419 2830 a
1453 2778 1754 2847 prophetis,
1777 2787 1834 2833 et

240 2878 364 2934 quae
395 2865 720 2933 promiserat
747 2865 799 2919 in
826 2866 1017 2936 priori.
1046 2866 1215 2922 Crura
1242 2876 1424 2923 autem
1449 2883 1639 2922 eorum
1662 2875 1828 2934 recta,

242 2958 372 3027 quia
405 2955 537 3010 nihil
582 2973 804 3027 pravum
838 2959 891 3012 in
935 2959 1242 3030 Evangeliis
1278 2961 1578 3030 reperitur;
1618 2968 1674 3018 et
1719 2960 1835 3018 alas

245 3048 508 3101 habentes
537 3062 698 3103 senas
735 3056 977 3120 tegentes
1015 3068 1173 3106 crura
1202 3061 1257 3107 et
1287 3052 1453 3108 facies
1483 3069 1646 3109 suas:
1673 3069 1832 3110 reve-

244 3140 354 3193 lata
387 3147 510 3194 sunt
533 3139 676 3194 enim
703 3156 821 3210 qua:
849 3144 1170 3214 tegebantur
1197 3145 1250 3198 in
1277 3145 1507 3199 adventu
1536 3143 1758 3200 Christi.

318 3230 484 3285 Inter.
533 3229 630 3286 Dic
676 3232 808 3286 mihi
855 3249 954 3288 cur
1009 3235 1340 3302 evangelista
1384 3235 1440 3288 in
1488 3235 1836 3305 generatione

244 3325 447 3380 Christi
490 3325 731 3380 ordinem
774 3335 1164 3396 praeposterum
1199 3328 1508 3398 posuisset,
1538 3343 1662 3383 cum
1708 3336 1836 3383 ante

245 3413 440 3481 David,
466 3423 519 3470 et
541 3425 723 3486 postea
747 3418 1047 3472 nominavit
1069 3417 1375 3474 Abraham?
1405 3417 1559 3490 Resp.
1579 3418 1680 3474 Hic
1701 3419 1837 3474 ordo

249 3510 303 3562 in
331 3510 434 3564 hoc
465 3509 584 3563 loco
611 3511 935 3564 necessitate
959 3519 1040 3564 est
1068 3519 1464 3576 commutatus;
1499 3513 1756 3580 quoniam
1791 3510 1838 3565 si

246 3601 483 3670 primum
517 3599 785 3670 posuisset
810 3598 1104 3662 Abraham,
1132 3608 1185 3654 et
1213 3608 1399 3669 postea
1434 3601 1624 3665 David,
1651 3615 1839 3656 rursus

247 3692 295 3745 ei
328 3691 654 3760 repetendus
679 3699 797 3743 erat
825 3689 1100 3744 Abraham
1123 3729 1136 3754 ,
1179 3699 1240 3744 ut
1268 3691 1437 3746 series
1470 3693 1840 3762 generationis

247 3778 452 3837 Christi
486 3787 784 3835 texeretur.

318 3872 486 3926 Inter.
521 3871 701 3939 Quare
747 3872 960 3926 caeteris
992 3872 1375 3942 praetermissis
1424 3873 1619 3927 horum
1669 3872 1839 3926 tilium

248 3978 376 4018 eum
432 3963 794 4033 nuncupavit?
838 3961 990 4034 Resp.
1043 3961 1169 4019 [dco
1213 3961 1362 4018 illum
1409 3964 1637 4019 istorum
1670 3965 1842 4019 illium

249 4068 376 4109 esse
412 4053 568 4118 dixit,
593 4053 720 4122 quia
757 4053 825 4108 ad
854 4055 952 4109 hos
987 4063 1194 4108 tantum
1226 4054 1364 4108 facta
1398 4065 1518 4110 esse
1546 4055 1841 4125 repromis-

247 4146 334 4200 sio
364 4144 581 4216 legitur.
616 4143 783 4198 Inter.
835 4143 1078 4212 Qualiter
1121 4145 1408 4215 promissio
1454 4143 1600 4199 facta
1652 4153 1736 4200 est
1775 4146 1842 4201 ad

247 4234 557 4298 Abraham,
591 4242 646 4289 et
679 4234 914 4305 qualiter
949 4233 1016 4288 ad
1066 4234 1267 4289 David?
1299 4233 1453 4305 Resp.
1493 4234 1722 4290 Abrahae
1755 4235 1842 4290 di-

248 4335 401 4382 ctum
442 4335 524 4380 est
552 4344 564 4379 :
593 4325 661 4380 In
691 4327 885 4380 semine
911 4335 1001 4380 tuo
1034 4325 1400 4380 benedicentur
1447 4341 1624 4380 omnes
1669 4335 1842 4396 gentes

252 4419 410 4491 (Gen.
463 4433 612 4483 χχιι,
662 4416 748 4489 18)
805 4426 992 4482 terrm,
1024 4416 1169 4486 quod
1206 4425 1292 4471 est
1341 4415 1608 4472 Christus.
1675 4416 1843 4470 David

2001 1855 2169 1909 Inter.
2202 1856 2565 1928 Apocalypsin
2594 1859 2735 1928 quis,
2763 1869 2857 1913 aut
2878 1876 2984 1930 quo
3005 1869 3269 1930 tempore.
3292 1863 3376 1918 vel
3397 1865 3516 1920 ubi?

1931 1946 2087 2018 Resp.
2119 1948 2475 2021 Apocalypsin
2512 1951 2709 2006 librum
2753 1950 2988 2008 Joannes
3015 1957 3346 2026 evangelista
3376 1960 3513 2013 scri-

1929 2037 2038 2105 psit
2068 2052 2134 2092 eo
2166 2046 2429 2108 tempore,
2462 2055 2571 2109 quo
2604 2041 2674 2095 ob
2697 2041 2970 2112 Evangelii
2998 2045 3436 2113 praedicationem
3460 2049 3516 2102 in

1931 2125 2108 2180 insula
2165 2127 2423 2182 Pathmos
2476 2130 2705 2184 traditur
2756 2131 3016 2202 religatus
3078 2132 3258 2204 [Leg.,
3304 2135 3516 2205 relega-

1935 2214 2070 2287 tus].
2101 2215 2266 2269 Inter.
2296 2217 2646 2289 Apocalypsis
2678 2234 2786 2288 qua
2822 2221 3004 2292 lingua
3036 2223 3252 2291 dicitur,
3284 2226 3368 2280 vel
3389 2227 3518 2296 quid

1933 2309 2352 2378 interpretatur?
2387 2309 2537 2382 Resp.
2585 2311 2938 2385 Apocalypsis
2981 2324 3161 2371 autem
3200 2334 3268 2373 ex
3307 2318 3513 2383 Graeco,

1934 2397 1988 2452 in
2019 2398 2269 2453 Latinum
2311 2400 2567 2455 revelatio
2601 2403 3006 2474 interpretatur.
3039 2405 3206 2462 Inter.
3241 2407 3519 2464 Revelatio

1933 2491 2062 2561 quid
2084 2493 2197 2547 est?
2216 2491 2369 2564 Resp.
2397 2492 2674 2551 Revelatio
2697 2505 2779 2552 est
2799 2497 3162 2556 manifestatio
3186 2517 3373 2556 eorum
3399 2519 3521 2573 qua:

1935 2585 2248 2639 abscondita
2290 2595 2474 2654 erant,
2509 2588 2665 2659 juxta
2706 2590 2849 2658 quod
2899 2591 3014 2660 ipse
3060 2591 3296 2649 Joannes
3351 2595 3514 2650 dicit:

1934 2671 2275 2746 Apocalypsis
2299 2677 2428 2731 Iesu
2460 2677 2677 2745 Christi,
2699 2697 2849 2751 quem
2887 2681 3030 2735 dedit
3056 2682 3136 2737 illi
3171 2683 3314 2739 Deus
3340 2685 3520 2756 palam

1937 2765 2108 2833 facere
2150 2767 2309 2821 servis
2338 2768 2448 2822 suis
2483 2767 2664 2840 (Apoc.
2700 2787 2738 2837 ι,
2774 2770 2847 2844 1).
2885 2771 2952 2826 Hi
2978 2781 3034 2827 et
3070 2775 3274 2841 ueteri,
3303 2791 3439 2845 quos
3463 2776 3521 2831 in

1937 2857 2118 2912 Veteri
2155 2858 2503 2915 Testamento
2536 2861 2695 2930 paulo
2741 2865 2990 2933 superius
3035 2866 3518 2936 dinumeravimus,

1935 2960 2063 3008 sunt
2109 2952 2401 3022 scriptores
2453 2968 2736 3008 sacrorum
2785 2954 3068 3012 Librorum
3110 2976 3208 3029 per
3261 2961 3523 3031 Spiritum

1937 3049 2184 3098 sanctum
2213 3042 2495 3111 loquentes
2523 3044 2591 3098 ad
2619 3045 2977 3100 eruditionem
3012 3057 3275 3116 nostram,
3313 3059 3367 3105 et
3387 3066 3525 3120 pra:-

1863 3123 1908 3185 C
1939 3144 2094 3202 cepta
2124 3133 2359 3198 vivendi,
2384 3142 2439 3187 et
2480 3133 2732 3190 credendi
2776 3137 3015 3206 regulam
3064 3141 3520 3210 conscripserunt.

1937 3225 2141 3280 Praeter
2167 3226 2282 3280 haec
2313 3225 2418 3280 alia
2449 3226 2722 3283 volumina
2753 3230 2987 3300 apocrifa
3016 3242 3414 3304 nuncupantur.

2007 3315 2174 3370 Inter.
2231 3315 2408 3382 Quare
2456 3317 2710 3373 dicuntur
2752 3319 3026 3389 apocrifa?
3075 3321 3232 3394 Resp.
3269 3324 3526 3394 Apocrifa

1937 3416 2116 3463 autem
2143 3409 2304 3475 dicta,
2332 3409 2387 3464 id
2409 3418 2514 3474 est,
2540 3419 2772 3477 secreta,
2796 3413 2922 3483 quia
2945 3413 3000 3467 in
3023 3414 3246 3471 dubium
3267 3419 3521 3483 veniunt;

1938 3510 2023 3556 est
2049 3503 2194 3558 enim
2228 3517 2418 3558 earum
2442 3504 2654 3558 occulta
2681 3506 2855 3577 origo,
2883 3522 2984 3562 nec
3011 3517 3160 3578 patet
3192 3509 3463 3578 Patribus,
3495 3529 3527 3567 e

1940 3594 2134 3662 quibus
2166 3609 2338 3664 usque
2365 3595 2433 3650 ad
2465 3610 2567 3650 nos
2591 3600 2885 3653 auctoritas
2909 3603 3186 3655 veracium
3213 3600 3529 3672 Scriptura-

1941 3699 2061 3737 rum
2112 3685 2417 3739 certissima
2462 3693 2517 3740 et
2558 3687 2843 3742 notissima
2888 3692 3233 3746 successione
3261 3695 3527 3762 pervenit.

1942 3775 1999 3828 In
2029 3775 2113 3830 his
2141 3775 2414 3844 apocriﬁs,
2445 3777 2545 3831 etsi
2582 3776 2854 3832 invenitur
2886 3779 3069 3849 aliqua
3097 3783 3319 3848 veritas,
3349 3795 3530 3839 tamen

1942 3873 2162 3935 propter
2189 3865 2357 3920 multa
2392 3864 2552 3932 falsa,
2579 3865 2723 3920 nulla
2757 3875 2842 3922 est
2871 3868 2924 3921 in
2955 3869 3036 3923 eis
3059 3872 3320 3927 canonica
3345 3885 3533 3931 aucto-

1944 3957 2098 4022 ritas,
2134 3971 2253 4026 qua:
2284 3964 2433 4012 recte
2459 3974 2491 4012 a
2516 3959 2873 4028 prudentibus
2894 3959 3231 4030 judicantur,
3265 3981 3369 4021 non
3411 3983 3533 4023 esse

1944 4063 2134 4103 eorum
2178 4047 2476 4116 credenda,
2505 4049 2705 4119 quibus
2753 4051 3097 4108 ascribuntur
3143 4053 3320 4126 (Cod.,
3355 4059 3526 4112 ascri-

1944 4136 2121 4201 bunt).
2148 4137 2284 4192 Nam
2311 4138 2478 4193 multa
2505 4147 2560 4193 et
2587 4140 2688 4194 sub
2711 4141 3020 4198 nominibus
3047 4146 3452 4216 prophetarum,
3477 4160 3534 4205 et

1945 4223 2246 4278 recentiora
2277 4223 2377 4278 sub
2407 4224 2714 4282 nominibus
2759 4228 3126 4298 apostolorum
3161 4233 3229 4288 ab
3264 4234 3534 4293 haereticis

1945 4313 2312 4387 proferuntur,
2359 4332 2480 4388 qua:
2531 4319 2715 4374 omnia
2762 4320 2863 4375 sub
2909 4322 3126 4380 nomine
3168 4327 3531 4395 apocriforum

1948 4407 2269 4462 auctoritate
2312 4408 2570 4463 canonica
2619 4409 2861 4482 diligenti
2891 4414 3291 4470 examinatione
3325 4429 3533 4475 remota

250 4527 384 4566 vero
413 4528 424 4563 :
453 4511 530 4564 De
560 4510 736 4580 [ructu
770 4511 965 4564 ventris
990 4510 1066 4562 tui
1098 4524 1292 4580 ponam
1318 4525 1475 4578 super
1502 4509 1674 4563 sedem
1698 4519 1843 4562 tuam
1878 4473 1925 4534 D
1951 4507 2094 4554 81ml-

253 4600 428 4673 (Psal.
460 4617 646 4666 cxxxr,
674 4601 784 4672 ll).

324 4695 492 4749 Inter.
543 4694 744 4750 Ordine
784 4694 958 4764 primo
990 4693 1124 4747 Novi
1157 4691 1488 4747 Testamenti
1519 4691 1670 4746 finito
1690 4733 1704 4756 ,
1734 4691 1842 4758 dic,

251 4785 479 4842 secundi
513 4785 742 4850 ordinis,
775 4785 866 4854 qui
900 4783 1165 4853 sequitur,
1200 4790 1450 4837 auctores
1472 4782 1566 4850 qui
1592 4779 1842 4836 fuissent.

250 4881 411 4951 Resp.
449 4879 617 4934 Prout
644 4879 904 4950 intelligo,
936 4878 1132 4933 dicam.
1161 4876 1324 4932 Inter.
1352 4876 1448 4930 Dic
1474 4891 1603 4946 ergo
1627 4875 1843 4946 Episto-

252 4972 338 5027 las
371 4971 524 5026 Pauli
550 4971 673 5041 quis
701 4971 948 5040 scripsit;
985 4979 1040 5024 et
1073 4978 1204 5039 quot
1239 4975 1392 5034 sunt,
1423 4966 1506 5021 vel
1531 4967 1622 5021 ubi
1654 4975 1709 5021 et
1753 4967 1847 5022 ubi

255 5065 513 5136 leguntur
567 5063 818 5133 scriptae?
870 5061 1028 5132 Resp.
1081 5073 1107 5101 ει
1146 5060 1344 5116 Paulus
1394 5058 1672 5129 apostolus
1723 5073 1850 5113 suas

255 5153 480 5224 scripsit
498 5152 769 5223 Epistolas
797 5166 909 5204 xiv.
943 5150 1022 5204 Ex
1049 5149 1246 5218 quibus
1271 5163 1463 5204 novem
1489 5164 1564 5202 vn
1593 5147 1852 5202 Ecclesiis

257 5247 512 5318 scripsit;
559 5244 797 5315 reliquas
850 5258 983 5298 vero
1031 5242 1310 5312 discipulis
1355 5242 1502 5305 suis,
1533 5239 1850 5303 Timotheo,

259 5340 388 5395 Tito
424 5347 478 5392 ct
502 5336 752 5391 Filimoni
780 5334 952 5408 [Leg.,
977 5333 1323 5408 Philemoni].
1357 5334 1437 5388 Ad
1470 5333 1725 5388 Hebrreos
1747 5347 1848 5385 au—

263 5438 377 5484 tem
422 5426 660 5496 Epistola
687 5426 962 5496 plerisque
999 5440 1030 5480 e
1060 5425 1267 5480 Latinis
1311 5425 1429 5495 ejus
1472 5439 1593 5479 esse
1643 5424 1850 5478 incerta

263 5531 370 5586 est,
401 5528 619 5590 propter
654 5519 1042 5574 dissonantiam
1069 5519 1352 5580 sermonis,
1386 5519 1738 5588 eamdemque
1761 5517 1850 5572 alii

343 5711 365 5738 ⁸
407 5697 664 5761 Isidorus,
693 5697 791 5750 loc.
821 5699 914 5750 cit.

715 5786 988 5847 PATROL.
1030 5783 1153 5866 Cl.~

2021 4599 2187 4673 434,
2229 4600 2394 4655 Inter.
2428 4603 2568 4658 Ecce
2597 4603 2868 4672 protulisti
2899 4607 3133 4676 quadam
3163 4626 3226 4666 ex
3263 4621 3420 4683 parte
3447 4614 3534 4669 in-

1954 4693 2368 4762 terpretationes
2413 4691 2589 4764 [Cod.,
2639 4694 3123 4773 intemptationes],
3165 4711 3221 4757 et
3255 4720 3532 4774 numeros,

1952 4783 2277 4852 ordinesque
2335 4791 2497 4852 atque
2542 4785 2857 4853 scriptores,
2914 4803 3124 4844 necnon
3176 4801 3230 4847 et
3273 4797 3536 4852 vocabula

1954 4876 2210 4930 librorum
2235 4875 2368 4929 Novi
2401 4875 2758 4944 Testamenti;
2793 4896 2938 4936 nunc
2963 4891 3088 4952 peto
3111 4892 3171 4940 ut
3195 4886 3454 4959 quidquid
3479 4889 3536 4944 in

1950 4967 2030 5022 eis
2057 4968 2424 5033 contineatur,
2451 4983 2550 5039 per
2588 4969 2798 5040 singula
2842 4987 3067 5029 currens
3104 4976 3255 5033 brevi
3286 4994 3536 5036 sermone

1951 5057 2083 5113 mihi
2113 5072 2370 5128 exponas.
2404 5057 2558 5130 Resp.
2594 5058 2945 5132 Nequaquam
2978 5064 3047 5119 ab
3069 5065 3172 5132 bis,
3198 5069 3409 5125 volente
3432 5071 3536 5127 Do—

1952 5152 2117 5216 mino,
2149 5150 2379 5205 lassabo.
2426 5149 2591 5206 Inter.
2621 5153 2717 5209 Dic
2745 5170 2876 5226 ergo
2917 5157 3072 5223 mihi,
3123 5159 3250 5229 quid
3295 5163 3349 5216 in
3384 5163 3535 5222 libris

1937 5241 2088 5296 Novi
2144 5241 2476 5298 Testamenti
2536 5244 2906 5316 principaliter
2957 5248 3330 5306 contineatur?
3379 5253 3532 5327 Resp.

1956 5329 2122 5384 Prout
2145 5329 2232 5384 ille
2260 5332 2557 5387 concedere
2586 5333 2856 5403 dignatur,
2892 5350 2922 5389 a
2949 5352 3055 5406 quo
3078 5345 3132 5392 et
3159 5339 3326 5397 Vetus
3353 5352 3408 5398 et
3430 5344 3536 5398 No-

1955 5437 2080 5476 vum
2099 5431 2345 5477 exortum
2367 5424 2888 5491 cst'l'estamentum,
2899 5424 3053 5495 juxta
3067 5431 3209 5498 quod
3232 5449 3373 5490 nunc
3396 5438 3535 5492 ratio

1956 5516 2141 5586 exigit,
2175 5515 2372 5571 dicam.

3021 5787 3098 5847 36
