3914 6178
462 366 590 422 ll3l

1273 358 1332 412 Β.
1373 356 1434 411 F.
1475 352 1698 409 ALBlNl
1735 351 1869 408 εει]
1906 351 2182 408 ALCUINI
2219 353 2500 411 OPERUM
2538 357 2717 417 PARS
2755 357 2888 414 VIII.

3565 361 3702 417 “32

526 479 690 533 Inter.
733 475 852 531 Iam
897 473 1022 544 quia
1060 471 1182 526 libri
1231 470 1640 540 Evangeliorum
1675 470 1728 522 in
1755 467 2018 538 principio
2047 471 2094 529 Α
2123 467 2320 537 lythus,
2361 479 2548 526 sextus
2568 470 2947 536 subdiaconus,
2973 472 3232 540 septimus
3256 472 3536 541 diaconus,
3561 486 3703 532 ocra.

455 573 686 635 Illorum,
717 569 856 623 sicut
881 567 1099 638 dignum
1127 573 1228 628 est,
1265 563 1425 634 positi
1447 572 1592 627 sunt,
1623 562 1709 616 dic
1737 561 1866 614 mihi
1894 562 2020 629 quid

455 663 507 716 in
552 663 630 715 eis
663 658 956 714 habeatur?
1003 655 1154 725 Resp.
1207 655 1372 709 Prout
1403 655 1572 717 valeo,
1614 653 1665 706 in
1693 653 1882 722 paucis
1925 651 2020 705 tibi

453 750 647 804 dicam.
683 747 997 803 Continetur
1026 747 1168 800 enim
1200 745 1253 798 in
1279 744 1383 798 illis
1425 743 1755 813 praedicatio,
1782 757 1900 811 quae
1942 750 2022 795 ta-

452 856 574 894 men
607 854 713 894 una
756 855 875 892 esse
910 838 1268 907 dignoscitur,
1305 835 1432 904 quia
1470 849 1536 888 ex
1585 849 1692 888 uno
1726 834 2022 902 eodemque

451 945 546 984 ore
570 929 863 984 divinitatis
888 927 1167 998 processit.
1198 925 1321 978 Haec
1340 932 1467 978 sunt
1491 925 1636 978 enim
1661 933 1893 994 quatuor
1926 922 2022 976 llu-

453 1019 594 1072 mina
621 1020 684 1073 de
710 1034 814 1072 uno
836 1017 1075 1070 Paradisi
1105 1015 1251 1069 fonte
1273 1015 1566 1079 manantia,
1585 1031 1702 1084 quze
1725 1030 1824 1084 per
1851 1021 2022 1069 totum

451 1109 707 1162 mundum
751 1109 1002 1164 caelestes
1043 1105 1450 1176 praedicationes
1493 1105 1821 1169 ministrant,
1854 1112 1910 1159 et
1957 1105 2024 1160 de

451 1203 653 1258 fluento
677 1202 852 1274 [Cod.,
878 1199 1101 1272 ﬂuenta]
1125 1201 1312 1271 gratia:
1337 1214 1401 1254 ac
1431 1198 1553 1253 ﬁdei
1587 1200 1819 1252 virorem
1845 1197 2023 1252 infun-

450 1295 602 1348 dunt.

523 1385 686 1439 Inter.
715 1384 852 1451 Quid
876 1383 1182 1438 continetur
1206 1382 1259 1437 in
1287 1381 1538 1451 Epistolis
1564 1380 1750 1434 Pauli?
1781 1379 1934 1450 Resp.
1961 1379 2022 1433 In

446 1474 535 1530 illa
560 1490 720 1544 quam
743 1473 958 1542 scripsit
982 1472 1048 1526 ad
1075 1471 1362 1536 Romanos,
1395 1472 1553 1526 ﬁdem
1581 1473 1833 1528 Romamn
1852 1471 2026 1541 plebis

446 1567 738 1629 collaudat;
771 1566 822 1619 in
853 1565 956 1618 illis
981 1565 1046 1618 ad
1073 1563 1380 1620 Corinthios
1425 1564 1693 1632 geminam
1722 1563 2021 1617 doctrinam

443 1659 698 1726 castigat;
728 1656 793 1708 ad
822 1653 1042 1715 Galatas
1069 1670 1164 1722 per
1185 1655 1410 1722 gratiam
1442 1654 1564 1707 ﬁdei
1591 1653 1826 1707 excludit
1857 1668 2017 1723 opera

442 1746 606 1815 legis;
641 1745 707 1798 ad
739 1745 1018 1813 Ephesios,
1047 1743 1355 1813 magniﬁcat
1380 1757 1473 1797 eos
1513 1743 1568 1795 in
1595 1742 1698 1796 ﬁde
1741 1758 1899 1812 quam
1931 1759 2021 1798 ac-

439 1842 730 1903 ceperunt;
764 1833 830 1885 ad
857 1831 1202 1885 Colossenses
1237 1831 1420 1884 laudat
1453 1846 1546 1885 eos
1579 1846 1677 1901 pro
1702 1847 1767 1886 eo
1790 1833 1934 1902 quod
1963 1834 2020 1888 in

441 1925 545 1978 ﬁde
596 1924 973 1994 perstiterunt;
1026 1923 1093 1980 ad
1140 1922 1510 1992 Philippenses
1573 1923 1872 1993 gratulatur
1925 1939 2018 1980 eos

439 2016 783 2088 Evangelium
833 2015 1164 2079 custodisse;
1199 2014 1266 2068 ad
1311 2014 1816 2070 Thcssaloniccnses
1857 2014 2019 2071 ﬁdem

439 2105 645 2178 (Forte,
680 2105 824 2178 [ile],
857 2115 909 2161 et
945 2106 1196 2176 operibus
1219 2105 1511 2162 credidisse
1537 2116 1591 2160 et
1613 2108 2021 2176 persecutiones

438 2199 693 2256 tolerasse
716 2213 808 2254 eos
831 2199 1118 2270 gloriatur;
1146 2199 1213 2252 ad
1237 2199 1578 2253 Timotheum
1602 2215 1733 2254 vero
1754 2209 1807 2255 et
1837 2201 2018 2256 Titum

437 2289 654 2350 instruit
677 2289 972 2353 Ecclesias;
1001 2289 1069 2346 ad
1099 2287 1468 2344 Philemonem
1497 2298 1647 2360 rogat
1670 2291 1735 2345 de
1759 2289 2016 2349 Onesimo

435 2394 592 2434 servo
635 2380 938 2434 emendato.
984 2379 1042 2433 In
1075 2378 1262 2434 ultima
1298 2395 1429 2435 vero
1471 2396 1634 2450 quam
1680 2383 1898 2453 scripsit
1946 2385 2016 2439 ad

436 2475 707 2540 Hebrzcos,
740 2479 829 2545 qui
867 2476 919 2530 in
962 2475 1178 2530 Christo
1205 2476 1562 2540 crediderant,
1595 2484 1650 2530 et
1673 2478 2012 2546 postmodum

435 2566 894 2635 persecutionibus
908 2565 1138 2634 judaicis
1148 2567 1321 2620 territi
1346 2582 1376 2620 a
1396 2566 1498 2622 ﬁde
1513 2577 1868 2635 recesserant,
1884 2583 2012 2624 con-

434 2655 597 2708 fortat
620 2663 779 2723 atque
812 2655 880 2708 ad
904 2655 1133 2724 gratiam
1159 2654 1433 2725 Evangelii
1457 2663 1694 2710 revocat.

501 2743 664 2800 Inter.
714 2743 851 2810 Quil
876 2743 1107 2799 habetur
1141 2745 1195 2799 in
1229 2745 1471 2815 epistolis
1509 2746 1687 2802 Petri?
1722 2747 1875 2820 Resp.
1913 2751 2008 2808 Est

429 2835 573 2890 enim
623 2835 694 2890 ibi
733 2834 1077 2904 profunditas
1128 2852 1340 2903 sensus,
1373 2853 1438 2894 eo
1479 2840 1622 2908 quod
1662 2841 1851 2912 repleti
1896 2845 2006 2898 sint

429 2924 696 2990 sensibus,
724 2933 782 2978 ut
809 2941 906 2994 per
929 2941 1023 2980 eas
1049 2926 1242 2981 divinae
1273 2928 1513 2984 scientia:
1560 2945 1752 2988 sensus
1793 2936 2003 3004 possint

431 3015 779 3083 perscrutari.

498 3108 662 3164 Inter.
692 3109 827 3177 Quid
851 3110 904 3164 in
931 3109 1152 3166 Jacobi?
1175 3123 1201 3156 ι
1229 3111 1382 3182 Resp.
1411 3111 1722 3171 Ediﬁcatio
1743 3115 1998 3174 Ecclesiae

425 3210 482 3256 et
520 3199 716 3256 infusio
742 3202 1022 3258 charitatis
1066 3203 1120 3259 in
1149 3218 1330 3258 amore
1355 3204 1446 3258 Dei
1476 3213 1530 3259 et
1569 3203 1810 3261 fraterna
1861 3209 1994 3265 dile-

426 3291 622 3345 ctione.
655 3291 717 3344 ln
742 3291 976 3346 secunda
1001 3290 1262 3362 (Joannis)
1287 3293 1592 3348 dilectionis
1617 3297 1854 3350 studium
1878 3299 2002 3353 hor—

429 3387 592 3433 tatur.
625 3379 680 3433 ln
717 3381 873 3438 tertia
901 3381 1018 3435 laus
1044 3382 1175 3449 Gagi
1204 3381 1365 3452 [Gaii]
1391 3382 1446 3436 in
1469 3385 1646 3439 studio
1682 3387 1928 3442 veritatis
1947 3397 2003 3443 ct

426 3488 588 3544 opera
616 3475 1001 3528 misericordiae
1035 3486 1303 3530 versatur.

497 3563 664 3618 Inter.
693 3564 831 3630 Quid
850 3566 906 3619 in
929 3563 1111 3620 Iudae?
1136 3565 1287 3636 Resp.
1313 3569 1610 3638 lncrepatio
1632 3570 2002 3642 blaspheman-

427 3655 561 3709 tium
589 3655 642 3709 in
666 3655 900 3710 Christo.
926 3654 1092 3710 Inter.
1116 3655 1253 3722 Quid
1274 3656 1330 3711 in
1349 3657 1573 3715 Actibus
1601 3663 1999 3730 apostolorum?

427 3743 582 3814 Resp.
610 3743 844 3801 Historia
874 3747 1149 3802 nascentis
1179 3746 1448 3814 Ecclesiae,
1475 3758 1531 3804 et
1560 3751 1848 3822 descriptio
1874 3772 2000 3827 ope.

426 3837 502 3891 ris
532 3833 675 3894 ﬁdei.

493 3925 660 3983 Inter.
697 3927 838 3996 Quid
872 3929 927 3983 in
966 3928 1323 4002 Apocalypsi?
1363 3929 1514 4004 Resp.
1567 3933 1730 3990 Multa
1777 3937 1993 4006 quidem

422 4028 480 4074 et
507 4019 742 4076 diﬁicilia
769 4021 829 4076 in
849 4037 914 4077 eo
934 4021 1203 4091 leguntur,
1231 4023 1329 4078 sed
1358 4023 1594 4081 breviter
1621 4041 1689 4081 ex
1718 4042 1784 4083 co
1814 4029 1993 4099 aliqua

424 4109 519 4166 tibi
547 4109 837 4180 proferam.
889 4109 1204 4168 Continetur
1233 4113 1376 4169 enim
1406 4115 1458 4168 in
1487 4116 1608 4186 ipso
1643 4117 1735 4172 ﬁlii
1762 4119 1991 4176 hominis

417 4201 578 4259 sedes
599 4201 655 4257 in
680 4201 872 4256 throno
889 4210 945 4256 et
964 4217 1118 4257 xum
1143 4202 1382 4258 seniores
1405 4223 1418 4258 :
1446 4220 1652 4261 necnon
1682 4217 1737 4262 et
1761 4217 1994 4277 quatuor

421 4292 674 4348 animalia
719 4292 1076 4362 prtecedentia
1106 4301 1234 4350 ante
1264 4294 1535 4361 thronum,
1567 4307 1892 4369 notaturque
1918 4300 1991 4356 ibi

422 4381 546 4438 ﬁnis
573 4381 776 4449 mundi,
804 4395 980 4452 pugna
1013 4381 1287 4438 Michaelis
1313 4399 1436 4440 cum
1459 4385 1714 4453 dracone,
1741 4389 1992 4448 interitus

2125 573 2222 613 vus
2246 575 2374 615 vero
2402 559 2706 630 presbyter.

2193 648 2356 704 Inter.
2394 650 2550 706 Modo
2578 651 2698 706 volo
2719 659 2776 706 ut
2797 651 2947 712 dicas.
2976 653 3110 710 milii
3130 667 3297 721 quare
3319 655 3516 708 dicitur
3539 659 3704 712 ostia-

2123 740 2270 795 rius?
2320 740 2472 811 Resp.
2526 741 2832 800 Secundum
2875 744 3020 812 quod
3063 744 3169 813 legi
3215 744 3428 800 faciam.
3481 747 3701 804 Ostiarii

2123 831 2250 885 dicti
2297 840 2441 896 sunt,
2465 845 2531 887 eo
2559 833 2700 902 quod
2729 834 2948 903 prtesint
2981 834 3137 893 ostiis
3180 837 3383 906 templi,
3423 847 3480 892 ut
3528 840 3700 894 sciant

2124 923 2366 992 recipere
2394 923 2579 980 ﬁdeles
2601 934 2655 979 et
2681 926 2922 982 inﬁdeles
2950 943 3223 998 respuere.
3256 928 3410 990 Unde
3440 940 3492 985 et
3524 931 3704 988 Domi-

2123 1029 2226 1069 nus
2271 1016 2522 1072 ostiarius
2571 1018 2820 1088 dignatus
2858 1027 2943 1075 est
2987 1019 3126 1083 fieri,
3155 1024 3282 1076 cum
3325 1022 3464 1077 ostia
3507 1023 3706 1080 inferni

2123 1107 2350 1175 aperuit,
2379 1116 2435 1164 et
2459 1107 2659 1166 electos
2679 1124 2806 1166 suos
2826 1110 2953 1167 inde
2972 1111 3212 1178 abstulit,
3238 1113 3497 1181 reprobos
3523 1123 3702 1172 autem

2124 1195 2359 1264 reliquit.

2194 1284 2358 1340 Inter.
2399 1286 2554 1344 Unde
2581 1298 2806 1347 vocatur
2832 1290 3149 1360 psalmista?
3186 1291 3336 1362 Resp.
3369 1293 3456 1348 Ab
3480 1295 3701 1364 psalmis

2122 1377 2400 1433 canendis.
2433 1378 2537 1447 Ipsi
2566 1381 2709 1437 enim
2737 1389 2967 1448 canunt,
2996 1390 3056 1438 ut
3095 1383 3333 1442 excitent
3377 1386 3592 1441 animas
3635 1388 3699 1441 ad

2121 1468 2585 1536 compunctionem
2613 1471 2967 1527 audientium.

2192 1555 2357 1610 Inter.
2397 1555 2576 1623 Quare
2619 1559 2870 1618 dicuntur
2911 1559 3172 1616 lectores?
3203 1561 3360 1634 Resp.
3403 1563 3547 1620 Dicti
3577 1574 3696 1621 sunt

2119 1643 2348 1702 lectores
2374 1661 2404 1702 a
2443 1646 2686 1716 legendo.
2717 1649 2797 1703 Illi
2827 1651 2971 1708 enim
2997 1653 3290 1722 praedicant
3311 1656 3527 1725 populis
3559 1659 3694 1726 quod

2120 1745 2432 1804 sequantur.
2465 1735 2618 1794 Unde
2653 1747 2708 1793 et
2746 1738 3002 1795 Dominus
3034 1741 3205 1797 lector
3232 1744 3448 1811 dicitur,
3487 1747 3694 1815 quando

2053 1812 2096 1870 Β
2120 1827 2329 1896 aperuit
2370 1827 2630 1884 Dominus
2667 1828 2860 1883 librum
2901 1830 3052 1886 Isaiae
3093 1833 3367 1904 prophetae
3406 1844 3460 1890 et
3491 1812 3617 1908 legit
3646 1838 3694 1892 in

2121 1921 2296 1980 medio
2326 1919 2496 1990 plebis
2519 1920 2705 1976 dicens
2730 1939 2743 1976 :
2768 1920 2995 1992 Spiritus
3030 1923 3238 1979 Domini
3268 1943 3426 1996 super
3448 1946 3554 1994 me,
3581 1948 3695 2000 pro-

2117 2019 2231 2080 pter
2255 2010 2394 2082 quod
2417 2011 2568 2067 unxit
2597 2027 2676 2066 me
2693 2053 2708 2078 ,
2737 2013 3090 2083 evangelistam
3113 2017 3428 2086 pauperibus
3449 2020 3596 2072 misit
3621 2038 3694 2073 me

2121 2097 2280 2170 (Isai.
2306 2116 2415 2164 LXI,
2447 2101 2503 2167 l;
2533 2099 2662 2154 Luc.
2696 2117 2768 2167 tv,
2797 2103 2904 2174 IS).

2186 2190 2353 2246 Inter.
2392 2190 2573 2261 Quare
2616 2192 2811 2248 dicitur
2843 2195 3149 2251 exorcista?
3195 2197 3351 2269 Resp.
3399 2199 3697 2259 Exorcisue

2115 2299 2183 2344 ex
2227 2285 2416 2342 Graeco
2464 2286 2520 2346 in
2563 2285 2815 2342 Latinum
2845 2287 3159 2357 adiurantes
3204 2291 3317 2346 sive
3352 2291 3699 2364 increpantes

2114 2385 2394 2433 vocantur.
2445 2376 2599 2434 Unde
2634 2385 2690 2431 et
2727 2378 2983 2434 Dominus
3029 2383 3299 2437 exorcista
3330 2383 3451 2448 fuit,
3481 2388 3701 2457 quando

2113 2475 2316 2536 septem
2343 2467 2605 2520 daemonia
2632 2467 2698 2521 de
2727 2467 2895 2522 Maria
2919 2469 3244 2541 Magdalena:
3271 2471 3446 2542 ejecit.

2181 2557 2344 2612 Inter.
2364 2556 2516 2613 Unde
2531 2558 2728 2613 dicitur
2738 2559 3038 2631 acolythus,
3053 2571 3145 2616 aut
3157 2565 3311 2634 quale
3331 2566 3696 2621 ministerium

2109 2649 2302 2705 habet?
2328 2647 2484 2718 Resp.
2507 2647 2754 2719 Acolythi
2785 2649 2992 2716 Graece,
3015 2651 3204 2708 Latine
3224 2670 3350 2709 vero
3373 2655 3699 2711 ceroferarii

2107 2741 2354 2794 dicuntur
2383 2756 2414 2794 a
2441 2739 2788 2809 deportandis
2829 2745 3024 2809 cereis,
3054 2745 3267 2815 quando
3295 2745 3585 2816 legendum
3613 2759 3700 2803 est

2105 2831 2448 2902 Evangelium
2471 2839 2526 2886 et
2550 2831 2876 2888 sacriﬁcium
2902 2833 3254 2891 offerendum.

2172 2919 2336 2978 Inter.
2363 2920 2541 2990 Quare
2565 2932 2788 2979 vocatur
2817 2925 3212 2981 subdiaconus?
3235 2926 3388 3000 Resp.
3415 2928 3539 2983 Ideo
3563 2932 3699 2985 sub.

2101 3009 2312 3066 diaconi
2344 3011 2698 3082 appellantur,
2730 3013 2855 3082 quia
2884 3012 3162 3083 subiacent
3189 3019 3475 3087 pr:eceptis
3496 3029 3548 3073 et
3577 3021 3700 3076 olli-

2102 3104 2201 3159 Ciis
2228 3103 2532 3160 levitarum.
2561 3102 2786 3173 Oportet
2809 3104 2952 3159 enim
2982 3105 3202 3160 illis.....
3228 3104 3318 3178 [In
3345 3107 3474 3174 Hs.,
3502 3110 3694 3185 A‘plm]

2112 3198 2402 3252 honestare
2431 3195 2621 3261 altare,
2647 3203 2702 3249 et
2744 3211 2942 3266 aquam
2967 3211 3274 3269 praparare
3301 3199 3359 3254 in
3386 3202 3700 3261 ministerio

2107 3286 2307 3342 altaris.
2336 3285 2488 3343 Unde
2517 3294 2571 3341 et
2598 3286 2852 3342 Dominus
2875 3287 3235 3344 subdiaconus
3254 3298 3338 3344 cst
3363 3293 3695 3362 appellatus,

2102 3377 2230 3446 quia
2249 3377 2301 3431 in
2321 3374 2466 3431 Cana
2489 3373 2705 3431 Galileze
2731 3391 2926 3448 aquam
2953 3378 3010 3432 in
3041 3378 3226 3434 vinum
3254 3386 3537 3438 convertit.

2174 3465 2337 3520 Inter.
2369 3465 2466 3521 Dic
2509 3466 2664 3532 mihi,
2693 3483 2801 3537 qua
2841 3467 3027 3539 lingua
3061 3467 3258 3524 dicitur
3288 3472 3569 3538 diaconus,
3605 3486 3696 3531 aut

2099 3556 2239 3610 unde
2261 3555 2432 3609 dictus
2446 3563 2528 3610 est
2539 3554 2832 3612 diaconus?
2847 3555 3003 3629 Resp.
3020 3557 3287 3614 Diaconus
3301 3563 3448 3616 enim
3469 3562 3692 3632 (ΕΙ-τιξοδδ,

2098 3645 2287 3700 Latine
2309 3647 2556 3701 minister
2589 3647 2807 3715 dicitur,
2837 3650 2965 3720 quia
3001 3652 3142 3706 sicut
3173 3653 3226 3707 in
3252 3644 3535 3711 sacerdote
3555 3674 3697 3714 con-

2097 3736 2352 3802 secratio,
2399 3736 2473 3794 ita
2523 3745 2579 3794 et
2632 3738 2686 3792 in
2734 3739 2963 3796 diacono
3013 3742 3300 3799 ministerii
3349 3746 3693 3817 dispensatio

2097 3826 2344 3882 habetur.
2369 3826 2520 3882 Unde
2538 3835 2593 3883 et
2606 3827 2862 3885 Dominus
2881 3831 3140 3889 diaconus
3153 3834 3329 3893 dictus
3345 3847 3452 3903 est,
3467 3844 3694 3912 quando

2095 3916 2226 3973 lavit
2258 3917 2422 3989 pedes
2448 3918 2832 3990 discipulorum
2860 3937 3106 3978 suorum.

2163 4007 2330 4062 Inter.
2358 4007 2510 4064 Unde
2538 4010 2679 4066 idem
2695 4010 2956 4068 diaconus
2975 4012 3134 4070 levita
3159 4017 3496 4088 appellatur?
3519 4022 3686 4098 Resp.

2085 4096 2293 4153 Levita:
2317 4114 2386 4156 ex
2413 4099 2626 4154 nomine
2657 4103 2896 4162 auctoris
2920 4105 3117 4160 vocati.
3153 4105 3228 4162 De
3256 4107 3386 4166 Levi
3422 4113 3580 4168 enim
3612 4096 3683 4171 le-

2093 4189 2216 4244 vitae
2237 4191 2412 4245 exorti
2443 4200 2587 4245 sunt.

2161 4284 2327 4339 Inter.
2351 4282 2471 4340 Iam
2512 4285 2638 4356 quia
2667 4286 2735 4343 de
2777 4286 3098 4347 diaconibus
3127 4306 3192 4348 ac
3218 4291 3416 4358 levitis,
3437 4311 3683 4367 quorum

2089 4373 2450 4432 ministerium
2471 4376 2748 4447 proprium
2776 4385 2860 4434 est
2888 4379 3238 4452 Evangelium
3259 4382 3440 4458 legare
3465 4385 3679 4460 [SappL

418 4473 758 4538 Amicum“,
803 4474 1011 4544 punin
1052 4474 1250 4530 diaboli
1287 4484 1352 4530 ,ει
1397 4477 1466 4532 ad
1517 4479 1762 4535 “nimum
1810 4497 1991 4539 mf.
2021 4534 2065 4544 ᾳ
2090 4464 2293 4531 dixisti,
2325 4464 2402 4520 vel
2429 4466 2629 4537 aliquid
2652 4467 2845 4542 simile]
2873 4487 2886 4522 :
2912 4485 3054 4526 nunc
3079 4472 3219 4528 ratio
3243 4473 3434 4541 instat,
3465 4478 3598 4536 volo
3624 4490 3681 4534 ut

420 4563 590 4618 rectio
618 4574 974 4631 mortuorum,
1014 4573 1071 4621 et
1104 4566 1318 4621 novitas
1349 4567 1472 4622 cteli
1502 4583 1566 4624 ac
1595 4578 1753 4626 term
1775 4572 1860 4630 vel
1887 4588 1992 4631 cae-
2023 4553 2025 4594 λ

2120 4554 2242 4610 licas
2272 4554 2402 4609 mihi
2431 4534 2560 4624 quid
2584 4557 2657 4612 sit
2677 4534 3048 4631 Evangelium,
3079 4571 3172 4618 aut
3197 4565 3339 4621 unde
3368 4534 3676 4635 descendit,

428 4665 562 4711 tera.

491 4745 615 4804 Urna
646 4761 835 4816 pauca,
867 4746 1053 4813 frater,
1085 4747 1150 4803 de
1177 4747 1326 4802 Novo
1350 4747 1696 4806 Testamento
1739 4753 1807 4808 ad
1852 4769 1991 4824 pra:-

420 4851 548 4891 scns
575 4837 800 4892 libenter
841 4841 1074 4910 suscipe,
1097 4841 1283 4906 donec,
1314 4841 1422 4896 Deo
1454 4841 1685 4910 volente,
1710 4859 1776 4902 ex
1805 4861 1871 4902 eo
1897 4847 1992 4903 tibi

422 4925 623 4993 majora
655 4926 942 4997 proferam.

419 5017 645 5074 CAPUT
680 5017 774 5074 IX.
795 5035 951 5074 -υε
989 5035 1247 5075 ειιΑοιιιυε
1284 5037 1477 5078 τοτιυδ
1511 5038 1772 5079 εεοιεειε
1810 5039 1984 5081 ntem-

1118 5105 1291 5145 TATIS.

489 5176 654 5232 Inter.
686 5178 783 5234 Dic
825 5193 972 5251 ergo,
1001 5177 1189 5244 frater,
1219 5179 1416 5250 gradus
1461 5181 1808 5239 ecclesiastici
1857 5197 1988 5256 quot

419 5271 576 5324 sunt?
604 5268 758 5341 Resp.
796 5271 872 5326 De
899 5271 982 5325 bis
1006 5285 1125 5341 qua:
1152 5285 1294 5324 nunc
1321 5273 1592 5340 temporis,
1620 5273 1730 5328 Deo
1755 5275 1984 5340 volente,

419 5359 574 5415 nobis
604 5361 892 5418 convenire
919 5369 1166 5431 possunt,
1188 5370 1309 5416 octo
1333 5371 1475 5415 sunt.
1508 5361 1673 5416 Inter.
1711 5363 1985 5431 Quomodo

419 5452 794 5506 nominantur?
823 5451 980 5522 Resp.
1007 5451 1220 5506 Primus
1249 5453 1524 5518 ostiarius,
1554 5455 1819 5512 secundus
1842 5457 1982 5526 psal-

418 5542 596 5607 mista,
625 5543 813 5597 tertius
833 5543 1022 5607 lector,
1053 5552 1276 5611 quartus
1302 5544 1589 5611 cxorcista,
1617 5547 1836 5616 quintus
1858 5562 1981 5602 aco-

2089 4643 2179 4699 vel
2224 4644 2376 4715 cujus
2403 4645 2459 4700 in
2485 4660 2552 4701 eo
2577 4647 2742 4703 verba
2786 4653 3093 4719 ponuntur?
3120 4652 3277 4724 Resp.
3319 4655 3675 4727 Evangelium

2094 4735 2295 4790 dicitur
2320 4737 2540 4808 proprie
2565 4737 2708 4810 bona
2743 4739 2905 4812 535
2937 4745 3300 4813 annuntiatio,
3326 4763 3449 4818 qua:
3487 4754 3673 4824 utique

2093 4827 2431 4884 annuntiatio
2461 4838 2544 4885 est
2566 4827 2776 4885 Domini
2801 4833 2969 4888 nostri
2990 4833 3118 4890 Iesu
3152 4835 3392 4896 Christi:
3420 4851 3478 4897 et
3503 4845 3669 4899 vitam

2093 4920 2378 4976 annuntiat
2417 4929 2538 4990 post
2565 4932 2814 4980 mortem.
2859 4926 3144 4985 Descendit
3195 4943 3377 4988 autem
3426 4937 3667 5010 Evange-

2088 5010 2218 5065 lium
2250 5011 2318 5066 ab
2345 5027 2409 5066 eo
2440 5027 2546 5081 quo
2589 5016 2871 5070 annuntiet
2913 5026 2968 5074 et
3008 5021 3275 5089 ostendat,
3305 5027 3450 5094 quod
3493 5029 3539 5085 is
3580 5029 3663 5100 qui

2087 5117 2185 5171 per
2214 5103 2502 5172 prophetas
2529 5119 2656 5160 suos
2681 5104 3020 5176 loquebatur,
3059 5112 3205 5166 venit
3231 5113 3283 5168 in
3312 5131 3502 5183 carne,
3533 5120 3663 5174 sicut

2087 5192 2346 5262 scriptum
2372 5202 2454 5248 est
2481 5211 2492 5246 :
2521 5192 2624 5259 Qui
2651 5195 2915 5266 loquebar,
2937 5215 3054 5255 erce
3074 5201 3261 5257 adsum
3285 5203 3443 5276 (Isai.
3474 5225 3568 5272 tu,
3588 5208 3659 5274 6).

2158 5280 2322 5335 Inter.
2361 5282 2652 5352 Explicasti
2698 5295 2878 5340 autem
2915 5289 3043 5359 quid
3083 5290 3156 5345 sit
3182 5291 3555 5366 Evangelium,
3584 5297 3662 5351 vel

2086 5369 2226 5424 unde
2286 5369 2590 5436 descendat,
2646 5389 2788 5429 nunc
2829 5377 3076 5444 obsecro,
3128 5388 3188 5435 ut
3234 5383 3369 5438 mihi
3427 5389 3658 5454 aperias,

2084 5472 2250 5526 quare
2276 5469 2506 5528 quatuor
2533 5462 2661 5528 sint,
2693 5464 2785 5533 qui
2827 5465 2941 5521 haec
2971 5477 3122 5538 gesta
3173 5473 3532 5542 scripserunt,
3566 5491 3658 5530 seu

2082 5550 2245 5603 etiam
2273 5551 2363 5620 qui
2407 5561 2534 5607 sunt
2571 5553 2624 5608 hi
2655 5562 2887 5624 quatuor
2927 5557 3019 5626 qui
3054 5574 3161 5614 uno
3205 5561 3421 5632 spiritu,
3457 5580 3660 5619 annun-

487 5710 509 5737 α
552 5696 647 5751 Hic
674 5707 756 5754 est
785 5697 1022 5754 defectus
1052 5707 1105 5755 et
1134 5699 1333 5755 omissa
1375 5703 1600 5770 quaestio
1629 5703 1695 5758 de
1730 5702 1980 5771 Epistolis
2015 5706 2182 5760 sancti
2205 5705 2448 5774 Joannis,
2474 5709 2539 5764 ad
2569 5725 2730 5778 quam
2759 5711 2847 5765 hic
2877 5713 3250 5783 respondetur.
