3914 6178
324 347 459 408 1153

1236 354 1387 420 OPP.
1428 360 1657 422 DUBIA.
1693 396 1765 408 ——-
1801 362 2214 425 DlSPUTA'l‘lO
2249 364 2657 428 PUERORUM.

3433 380 3571 435 1151

319 466 487 521 tiante
509 465 796 537 Propheta,
835 470 1030 542 signati
1065 476 1225 528 sunt?
1268 475 1423 550 Resp.
1453 478 1577 535 Ideo
1607 495 1736 552 ergo
1760 492 1887 537 con-
1916 485 1965 545 Α
2059 480 2227 535 Inter.
2256 481 2353 537 Dic
2374 483 2535 550 mihi,
2573 485 2857 557 presbyter
2883 501 2989 557 qua
3031 488 3211 561 lingua
3241 502 3485 559 vocatur,
3516 507 3574 550 et

315 557 609 628 scriptores
636 568 798 631 gesta:
839 561 1251 633 Evangeliorum
1279 578 1512 638 quatuor
1534 587 1655 629 esse
1695 573 1885 629 dicune

313 655 421 714 tur,
466 650 614 719 quia,
652 652 865 738 dicente
898 653 1183 725 Propheta,
1232 668 1463 729 quatuor
1504 664 1753 720 animalia
1793 681 1882 722 os-

313 745 464 792 tensa
489 753 607 793 esse
635 739 903 813 leguntur,
932 761 1160 815 quorum
1193 750 1428 817 primum
1455 755 1653 809 animal
1695 764 1884 813 tenens

310 827 713 885 similitudinem
762 832 1027 902 hominis,
1075 841 1372 915 secundum
1421 843 1609 912 leonis,
1663 850 1880 904 tertium

308 917 480 982 vituli,
504 930 754 990 quartum
784 939 913 980 vero
941 929 1150 997 aquilas.
1184 930 1291 988 Sed
1316 935 1373 989 hi
1403 946 1639 1005 quatuor
1664 941 1764 996 has
1784 942 1881 996 ha-

306 1006 493 1063 bentes
520 1009 716 1081 ﬁguras
752 1016 1107 1087 evangelistas
1129 1035 1249 1077 esse
1271 1037 1378 1079 non
1397 1025 1616 1083 dubium
1642 1037 1744 1085 est.

376 1098 541 1155 Inter.
586 1102 725 1159 Ecce
775 1106 959 1163 dixisti
1004 1123 1288 1168 numerum
1316 1124 1372 1169 et
1400 1116 1599 1188 ﬁguras
1634 1118 1873 1192 singulo-

276 1202 445 1258 rum,
475 1195 634 1250 modo
669 1198 792 1254 volo
838 1208 899 1253 ut
927 1201 1077 1259 dicas
1114 1206 1355 1261 omnium
1380 1208 1594 1265 illorum
1633 1215 1871 1280 nomina,

302 1296 397 1335 seu
425 1284 592 1339 etiam
619 1288 689 1342 ob
719 1303 882 1358 quam
907 1293 1172 1349 rationem
1212 1297 1405 1367 singuli
1445 1312 1629 1355 eorum
1662 1304 1760 1358 has
1788 1306 1873 1358 vi-

303 1372 532 1428 deantur
551 1376 796 1435 obtinere
836 1381 1072 1454 ﬁguras?
1097 1385 1254 1458 Resp.
1285 1388 1511 1446 Nomina
1541 1407 1731 1448 eorum
1759 1397 1873 1451 hrec

302 1474 425 1521 sunt
457 1484 471 1521 :
504 1468 803 1539 Mattheus,
852 1475 1087 1545 Marcus,
1115 1477 1306 1544 Lucas,
1363 1478 1616 1540 Joannes.
1669 1485 1774 1542 Sed
1812 1498 1871 1543 ut

300 1555 428 1624 quid
473 1558 571 1615 has
599 1560 799 1632 ﬁguras
841 1567 1140 1635 obtineant,
1172 1572 1397 1628 Domino
1433 1577 1744 1643 miserante,
1776 1595 1871 1635 ex—

297 1736 534 1792 hominis
564 1739 616 1794 in
646 1756 704 1796 se
735 1743 913 1811 habet,
942 1749 1031 1815 qui
1069 1750 1138 1805 ab
1163 1752 1317 1807 initio
1345 1754 1620 1826 Evangelii
1660 1736 1741 1814 sui
1770 1774 1865 1830 ge-

294 1829 629 1887 nerationem
667 1843 723 1889 et
769 1839 1107 1896 nativitatem
1147 1842 1444 1903 Salvatoris
1477 1859 1719 1906 enarret.
1779 1829 1871 1908 Sic
1905 1838 1949 1899 Β

292 1920 436 1974 enim
460 1922 645 1993 incipit
670 1944 684 1979 :
710 1925 865 1982 Liba
896 1935 1244 2001 generationis
1269 1936 1397 1992 Iesu
1423 1937 1622 1995 Christi
1650 1942 1864 2014 (Matth.

290 2019 331 2073 i,
362 2009 437 2080 1),
468 2020 522 2065 et
548 2021 761 2069 caetera.
792 2016 1005 2075 Marcus
1034 2022 1204 2079 leonis
1231 2041 1426 2096 gerens
1454 2009 1701 2101 ﬁguram,
1741 2036 1866 2104 quia

291 2098 627 2155 asolitudine
675 2104 863 2175 incipit
902 2108 1087 2165 dicens
1128 2129 1141 2165 :
1202 2113 1318 2167 Vox
1360 2098 1637 2174 clamantis
1681 2098 1869 2178 ἔνι-ἀε-

286 2199 424 2243 serto
450 2206 468 2243 :
497 2190 695 2247 Parate
732 2195 869 2249 viam
896 2196 1109 2254 Domini
1131 2199 1150 2273 (
1178 2201 1348 2258 Mare.
1379 2222 1419 2271 1,
1452 2208 1487 2261 5
1512 2209 1553 2278 ).
1583 2208 1760 2267 Lucas
1787 2214 1869 2267 vi-

290 2277 382 2333 tuli
412 2283 646 2350 speciem
672 2294 865 2354 gestat,
898 2289 964 2343 ad
993 2290 1147 2359 cujus
1183 2277 1587 2352 similitudinem
1617 2298 1867 2357 Salvator

288 2381 473 2427 noster
501 2382 584 2428 est
606 2373 936 2443 immolatus,
960 2386 1014 2433 et
1043 2378 1164 2435 ideo
1192 2382 1368 2438 Lucas
1393 2386 1560 2442 vitulo
1586 2403 1863 2462 compara-

289 2467 396 2524 tur,
450 2463 575 2532 quia
603 2464 709 2519 duo
737 2480 939 2522 cornua
968 2469 1075 2524 duo
1121 2471 1481 2540 Testamenta,
1530 2488 1585 2534 et
1632 2491 1868 2550 quatuor

284 2554 481 2623 pedum
516 2556 744 2626 ungulas
769 2568 1005 2626 quatuor
1046 2562 1356 2635 Evangelia
1389 2569 1759 2641 designantur,
1808 2585 1863 2632 et

285 2645 412 2715 quia
441 2661 505 2701 eo
530 2654 769 2717 tempore
788 2651 940 2707 vituli
976 2653 1031 2709 in
1061 2656 1330 2714 sacriﬁcio
1358 2659 1741 2720 offerebantur.
1771 2664 1861 2724 Sic

282 2735 430 2788 enim
471 2750 502 2789 a
538 2740 909 2797 sacerdotibus
935 2744 1123 2816 incipit
1150 2764 1164 2801 :
1191 2745 1319 2803 Fuit
1337 2751 1393 2805 in
1419 2752 1600 2809 diebus
1634 2755 1867 2815 Herodis

284 2825 419 2893 regis
448 2827 690 2882 sacerdos
715 2829 927 2899 quidam
952 2837 1161 2891 nomine
1187 2837 1476 2897 Zacharias
1512 2845 1578 2898 de
1598 2847 1705 2902 vice
1724 2848 1860 2905 Abin

278 2925 331 2969 et
372 2932 512 2970 uxor
561 2920 675 2989 ejus
719 2920 783 2976 de
835 2923 1046 2992 ﬁliabus
1097 2928 1310 2997 Aaron,
1361 2949 1547 2990 nomen
1585 2937 1855 2997 Elisabetlt

282 3005 435 3076 (Luc.
465 3024 501 3071 ι,
525 3007 600 3080 5).
632 3008 867 3069 Joannes
895 3016 1058 3072 habet
1096 3018 1505 3080 similitudinem
1548 3030 1761 3099 aquilae,
1789 3048 1857 3090 eo

281 3100 428 3169 quod
471 3101 578 3156 alta
623 3105 798 3174 petiit.
838 3106 929 3161 Ait
953 3109 1095 3164 enim
1127 3128 1145 3165 :
1175 3111 1243 3167 In
1269 3116 1526 3188 principio
1559 3130 1674 3176 erat
1724 3122 1852 3179 Ver-

278 3188 426 3257 bum,
450 3199 497 3244 et
527 3189 749 3248 Verbum
779 3205 891 3250 erat
923 3198 1066 3268 apud
1098 3183 1291 3270 Deum,
1327 3215 1379 3260 et
1408 3183 1554 3265 Deus
1574 3220 1688 3268 erat
1727 3212 1856 3269 γετ-
1883 3183 1931 3248 c

280 3277 435 3341 bum;
482 3281 581 3338 hoc
604 3286 792 3340 eratin
827 3287 1083 3361 principio
1112 3295 1257 3364 apud
1285 3296 1453 3353 Deum
1482 3301 1664 3373 (lacn.
1701 3322 1744 3373 ι,
1772 3307 1848 3381 1).

282 3372 349 3427 Et
373 3373 540 3429 David
568 3376 698 3433 dicit
727 3379 793 3434 de
815 3395 1047 3452 persona
1075 3383 1277 3443 Christi
1306 3389 1697 3451 :Renovabitttr
1717 3372 1851 3455 sicut

278 3465 472 3537 aquin
501 3467 743 3534 iuventus
784 3483 876 3527 tua
906 3472 927 3546 (
953 3474 1101 3530 Psal.
1135 3494 1207 3533 cn
1226 3521 1241 3545 ,
1268 3480 1302 3535 5
1328 3481 1382 3555 ),
1415 3485 1469 3540 id
1514 3496 1620 3555 est,
1650 3489 1850 3548 Christi

276 3554 402 3612 Iesu
439 3559 649 3616 Domini
686 3565 892 3632 nostri,
946 3569 1073 3637 quia
1102 3554 1392 3644 resurgens
1421 3591 1452 3631 a
1490 3583 1719 3637 mortuis
1766 3599 1853 3639 as-

276 3651 456 3706 cendit
485 3653 550 3709 ad
579 3655 763 3710 caelos.

344 3741 511 3797 Inter.
542 3744 750 3808 Frater,
797 3758 958 3818 prout
993 3754 1165 3821 potui,
1196 3755 1333 3812 solvi
1372 3760 1471 3815 tibi
1496 3766 1849 3832 quaestionem

273 3842 441 3900 tuam,
480 3850 627 3908 rogo,
658 3839 703 3893 si
732 3836 926 3909 placet,
954 3850 1010 3896 ut
1033 3844 1183 3900 dicas
1220 3846 1352 3902 mihi
1388 3861 1483 3905 cur
1521 3856 1848 3927 evangelista

274 3922 327 3978 in
358 3926 705 3995 generatione
725 3926 926 3985 Christi
952 3932 1196 3990 ordinem
1223 3947 1611 4008 praeposterum
1639 3922 1851 4016 posuis-

272 4021 377 4078 set,
408 4030 532 4070 cum
553 4026 678 4073 ante
706 4017 891 4085 David,
919 4029 974 4075 et
1001 4031 1189 4092 postea
1215 4028 1513 4086 nominavit
1538 4033 1809 4093 Abraham
1826 4040 1851 4092 ?

272 4100 425 4173 Resp.
464 4102 603 4160 Vere
630 4107 921 4163 secundum
950 4113 1092 4180 quod
1121 4113 1346 4185 legendo
1375 4118 1558 4186 didici,
1590 4122 1844 4183 referam.

271 4192 371 4248 llic
391 4193 529 4249 ordo
562 4195 617 4250 in
644 4197 749 4252 hoc
775 4197 895 4254 loco
918 4202 1248 4260 necessitate
1274 4214 1360 4262 est
1385 4221 1765 4271 commutatus.
1789 4214 1847 4273 Si

268 4285 414 4339 enim
442 4286 672 4356 primum
712 4290 982 4358 posuisset
1018 4292 1315 4363 Abraham,
1343 4306 1400 4354 et
1424 4311 1611 4370 postea
1654 4303 1844 4375 David,

268 4390 459 4432 rursus
481 4377 532 4432 ei
557 4380 876 4449 repetendus
901 4392 1049 4439 esset
1066 4384 1363 4456 Abraham,
1391 4399 1452 4446 ut
1480 4398 1847 4465 generationis

266 4466 442 4523 series
465 4475 755 4524 texeretur.
806 4469 972 4527 Inter.
1000 4473 1188 4542 Quare
1210 4481 1424 4538 caeteris
1459 4489 1845 4554 praetermissis

266 4557 460 4614 horum
481 4557 648 4615 ﬁlium
673 4575 798 4617 eum
819 4569 1188 4639 nuncupavit?
1211 4568 1366 4645 Resp.
1390 4550 1515 4632 Ideo
1534 4575 1686 4634 illum
1711 4581 1843 4638 isto-
1865 4550 1919 4613 Β

200 4690 205 4693 .
264 4663 387 4704 rum
434 4649 604 4706 ﬁlium
629 4667 751 4710 esse
777 4655 1047 4726 dixerunt,
1080 4661 1206 4731 quia
1235 4662 1304 4719 ad
1332 4665 1432 4723 hos
1458 4676 1666 4726 tantum
1697 4671 1840 4730 facta

262 4754 384 4797 csse
410 4744 755 4813 repromissio
781 4746 995 4821 legitur.

330 4832 500 4890 Inter.
543 4833 789 4904 Qualiter
818 4843 1102 4911 promissio
1137 4845 1281 4903 iacta
1317 4858 1402 4905 est
1439 4851 1508 4907 ad
1539 4852 1835 4924 Abraham,

260 4932 317 4980 et
340 4925 578 4996 qualiter
595 4927 666 4983 ad
689 4929 860 4986 David
883 4931 908 4985 ?
930 4931 1085 5006 Resp.
1121 4935 1356 4995 Abrahae
1380 4940 1585 4998 dictum
1614 4953 1699 5001 est
1723 4960 1741 5001 :
1768 4947 1838 5002 In

259 5016 457 5071 semine
483 5025 575 5073 tuo
606 5017 972 5077 benedicentur
988 5039 1166 5082 omnes
1191 5037 1368 5099 gentes
1397 5025 1549 5103 (Gen.
1578 5048 1715 5104 xm,
1748 5036 1839 5109 18)

258 5115 439 5170 terras,
496 5109 639 5178 quod
686 5118 770 5167 est
813 5109 1080 5170 Christus.
1126 5115 1296 5174 David
1330 5134 1462 5177 vero
1494 5139 1508 5176 :
1545 5121 1627 5179 De
1663 5125 1840 5197 fructu

258 5197 454 5253 uentris
483 5199 559 5254 tui
590 5216 784 5271 ponant
824 5217 981 5275 super
1014 5205 1189 5262 sedem
1227 5218 1375 5265 tuam
1410 5208 1610 5285 (Psal.,
1648 5230 1836 5284 cxxxr,

261 5289 372 5363 11).
402 5290 528 5348 Haec
556 5309 728 5364 pauca
763 5305 987 5367 propter
1028 5299 1352 5358 brevitatem
1382 5304 1491 5362 diei
1533 5306 1601 5363 de
1628 5310 1840 5367 ratione

258 5384 674 5458 Evangeliornm
721 5394 1275 5466 eonscriptorumqne.
1307 5413 1549 5466 suorum,
1588 5403 1635 5458 si
1663 5404 1842 5473 placet

258 5477 615 5536 dominationi
640 5490 856 5551 vestrae,
874 5484 980 5541 hac
1000 5486 1122 5541 vice
1139 5487 1384 5545 suﬁlcere
1401 5501 1630 5562 possunt
1655 5494 1811 5568 [ϐοά.
1822 5539 1837 5565 ,

257 5569 483 5644 potest].
534 5570 701 5629 Inter.
730 5574 887 5632 Nunc
932 5578 1003 5634 ad
1046 5589 1246 5637 caetera
1280 5590 1638 5642 transeamus.
1682 5588 1835 5661 Resp.

258 5663 402 5729 Fiat,
433 5674 494 5719 ut
520 5665 675 5723 dicis.

319 5792 346 5822 ι
379 5778 501 5849 Isid.
538 5780 663 5836 libr.
688 5799 742 5838 v1
771 5782 918 5857 Orig.
950 5801 1071 5859 cap.
1104 5789 1187 5846 i9.

1988 571 2129 625 unde
2149 578 2234 627 est
2255 572 2591 641 appellatus?
2635 572 2791 645 Resp.
2819 574 3110 648 Presbyter
3135 577 3343 647 Graece,
3374 582 3567 638 Latine

1989 662 2172 718 senior
2211 663 2635 734 interpretatur;
2686 666 2793 722 non
2839 677 3021 724 tamen
3063 682 3287 742 propter
3327 682 3562 739 aetatem.

1987 752 2073 807 vel
2099 754 2426 824 decrepitam
2453 767 2809 827 senectutem,
2848 762 2942 816 sed
2971 772 3190 833 propter
3215 765 3476 821 honorem
3512 775 3569 822 et

1986 847 2323 918 dignitatem,
2353 867 2515 922 quam
2542 864 2883 925 acceperunt,
2909 858 2984 912 ita
3012 868 3295 915 vocantur.

2054 938 2223 994 Inter.
2256 940 2435 1009 Quare
2461 943 2603 999 idem
2632 948 2885 1004 sacerdos
2913 950 3245 1021 appellatur?
3278 950 3429 1023 Resp.
3462 951 3564 1008 Sa-

1983 1030 2177 1086 cerdos
2210 1033 2353 1087 enim
2393 1050 2589 1092 nomen
2618 1041 2977 1109 compositum
3007 1041 3169 1096 habet
3190 1058 3254 1097 ex
3287 1041 3477 1098 Graeco
3508 1052 3563 1098 et

1982 1119 2195 1189 Latino,
2225 1125 2382 1194 quasi
2419 1141 2632 1182 sacrum
2661 1129 2815 1186 dans.
2847 1130 3111 1198 Quoniam
3139 1134 3277 1187 sicut
3304 1148 3402 1189 rex
3425 1150 3454 1187 a
3483 1150 3564 1187 re.

1981 1215 2173 1282 gendo,
2204 1216 2279 1270 ita
2307 1219 2557 1274 sacerdos
2583 1236 2615 1275 a
2640 1221 3028 1278 sauctiﬁcando
3047 1233 3271 1279 vocatus
3292 1233 3395 1281 est.
3423 1226 3562 1280 Con-

1980 1313 2158 1359 secrat
2180 1308 2324 1362 enim
2349 1317 2404 1363 et
2427 1311 2749 1367 sanctiﬁcat.

2605 1416 2831 1475 CAPUT
2870 1420 2938 1475 Χ.

2635 1523 2699 1561 DE
2736 1525 2903 1565 HISSA.

1975 1773 2128 1830 Nunc
2147 1786 2271 1846 peto
2302 1787 2363 1833 ut
2392 1780 2657 1835 rationem
2689 1782 2886 1849 missae,
2916 1800 3037 1854 quae
3062 1787 3130 1841 ab
3164 1788 3268 1843 illis
3308 1790 3555 1847 celebra-

1974 1873 2079 1932 tur,
2109 1882 2279 1937 quare
2311 1880 2556 1937 vocetur,
2589 1872 2720 1927 mihi
2743 1888 3001 1944 exponas.
3034 1875 3192 1948 Resp.
3225 1878 3408 1946 Certe,
3439 1882 3552 1937 fra-

1971 1967 2076 2027 ter,
2116 1961 2386 2019 diﬁicilem
2415 1980 2531 2020 rem
2573 1981 2605 2020 a
2633 1982 2720 2021 me
2750 1968 2982 2039 requiris
3014 1987 3026 2021 :
3062 1970 3159 2024 sed
3186 1977 3365 2027 tamen
3392 1984 3552 2042 prout

1967 2065 2112 2104 nunc
2138 2052 2276 2106 ratio
2317 2053 2505 2125 exigit,
2538 2056 2834 2112 secundum
2859 2058 3003 2127 quod
3025 2059 3159 2127 scio,
3189 2060 3283 2116 tibi
3324 2077 3548 2133 respon-

1968 2140 2096 2195 dere
2124 2157 2230 2197 non
2262 2145 2487 2214 negabo.

2037 2229 2204 2284 Inter.
2233 2218 2387 2288 Unde
2421 2234 2562 2289 dicta
2593 2243 2678 2291 est
2704 2236 2907 2292 missa?
2941 2236 3095 2309 Resp.
3126 2241 3211 2296 Ab
3230 2243 3545 2301 emittendo.

1965 2317 2132 2373 Inter.
2175 2320 2292 2387 Qua
2324 2323 2566 2379 ratione?
2608 2324 2763 2397 Resp.
2812 2327 2973 2382 Missa
3003 2330 3148 2384 enim
3190 2339 3431 2403 tempore
3459 2351 3549 2391 sa-

1965 2410 2155 2465 criﬁcii
2179 2411 2297 2481 test,
2328 2415 2545 2483 quando
2589 2416 2967 2475 catechumeni
3009 2418 3158 2477 foras
3196 2424 3549 2481 mittebantur

1963 2500 2229 2558 clamante
2253 2503 2448 2559 levita:
2467 2504 2530 2561 Si
2549 2507 2666 2578 quis
2685 2509 3087 2566 catechumenus
3110 2516 3373 2578 remansit,
3402 2515 3548 2585 foras

1961 2591 2222 2658 mittatur,
2255 2592 2380 2662 quia
2410 2606 2754 2651 sacramento
2789 2594 2969 2671 [Cod.,
3016 2603 3377 2676 sacramenta]
3410 2604 3548 2660 alta-

1961 2681 2038 2736 ris
2080 2679 2343 2738 interesse
2373 2698 2479 2739 non
2521 2694 2769 2755 possunt,
2817 2686 2911 2757 qui
2958 2689 3199 2744 nondum
3240 2697 3546 2764 regenerati

1958 2782 2276 2829 noscuntur.
3363 2805 3366 2808 ’

2030 2862 2198 2920 Inter.
2227 2866 2344 2923 Hoc
2370 2866 2719 2934 sacriﬁcium,
2749 2870 2893 2942 quod
2923 2871 3128 2942 dixisti,
3171 2891 3341 2946 quare
3361 2878 3438 2935 ita
3461 2892 3546 2936 est

1956 2955 2317 3027 appellatum?
2362 2956 2518 3029 Resp.
2552 2958 2892 3016 Sacrificium
2922 2958 3007 3018 est
3030 2963 3254 3034 dictum,
3294 2984 3360 3024 eo
3399 2973 3545 3040 quod

1956 3047 2028 3101 sit
2048 3056 2264 3102 sacrum
2293 3046 2530 3116 factum,
2573 3051 2699 3121 quia
2740 3067 2905 3124 prece
2929 3056 3159 3125 mystica
3194 3070 3545 3119 consecratur

1957 3152 2056 3210 pro
2084 3139 2240 3195 nobis
2276 3141 2332 3196 in
2374 3141 2694 3198 memoriam
2733 3143 3028 3204 Dominicm
3052 3151 3338 3220 passionis.
3386 3152 3543 3212 Unde

1960 3235 2017 3283 et
2052 3243 2119 3283 eo
2147 3228 2370 3298 iubente
2400 3232 2505 3288 hoc
2529 3247 2724 3305 corpus
2750 3242 2806 3291 et
2832 3240 3146 3309 sanguinem
3176 3240 3377 3298 Christi
3408 3246 3540 3302 dici-

1956 3332 2095 3385 mus,
2132 3320 2275 3390 quod
2303 3329 2363 3376 ut
2392 3323 2463 3378 sit
2495 3339 2561 3378 ex
2609 3324 2876 3383 fructibus
2918 3336 3079 3386 terra:
3114 3334 3537 3403 sanctiﬁcatum,

1953 3417 2009 3463 et
2034 3409 2093 3464 ﬁt
2120 3422 2517 3469 sacramentum
2536 3424 2795 3487 operante
2828 3418 3171 3478 invisibiliter
3191 3423 3396 3495 Spiritu
3418 3427 3535 3484 Dei.

1953 3496 2118 3569 Cujus
2155 3504 2311 3571 panis
2332 3510 2387 3558 et
2406 3505 2592 3561 calicis
2621 3517 3024 3566 sacramentum
3070 3511 3244 3571 Graeci
3276 3510 3538 3575 Euchari-

1952 3589 2113 3645 stiam
2160 3591 2364 3658 dicunt,
2418 3595 2561 3665 quod
2612 3596 2804 3654 Latine
2847 3599 2991 3657 bona
3047 3605 3223 3676 gratia
3270 3608 3539 3683 interpre-

1952 3686 2115 3734 tatur.

2020 3768 2186 3826 Inter.
2225 3785 2252 3813 ι
2281 3772 2627 3831 Offertorium
2657 3780 2800 3835 unde
2830 3786 3097 3839 vocatur?
3116 3781 3271 3860 Resp.
3306 3791 3536 3849 Oﬁ‘crto-

1952 3858 2091 3914 rium
2140 3862 2339 3918 dicitur
2382 3865 2601 3932 oblatio,
2645 3883 2709 3923 eo
2754 3872 2898 3940 quod
2946 3858 3227 3934 altaribus
3259 3878 3432 3938 fertur
3479 3895 3535 3941 et

1950 3951 2320 4008 Sanctiﬁcatur
2348 3970 2379 4008 a
2405 3957 2792 4014 sacerdotibus.

2019 4041 2184 4096 Inter.
2213 4042 2359 4099 Inter
2386 4046 2525 4125 dona
2555 4055 2610 4102 et
2648 4063 2874 4106 munera
2913 4054 3043 4124 quid
3072 4056 3340 4117 interest?
3369 4063 3526 4138 Resp.

1949 4128 2095 4188 Dona
2126 4136 2344 4205 proprie
2384 4136 2479 4192 Dei
2530 4134 2686 4211 [ϐοά.
2729 4141 2948 4220 divinazj
2992 4147 3274 4218 dicuntur;
3305 4128 3532 4214 munera

1948 4221 2224 4280 hominum
2271 4236 2417 4282 sunt.
2460 4228 2626 4284 Inter.
2671 4231 2786 4300 Qua
2816 4236 3069 4294 ratione?
3116 4228 3277 4314 Resp.
3308 4244 3529 4304 Munera

1947 4316 2202 4374 dicuntur
2225 4320 2504 4394 obsequia,
2528 4339 2649 4396 quae
2675 4343 2942 4398 pauperes
2969 4330 3088 4388 loco
3117 4330 3296 4407 [Cod.,
3323 4335 3526 4413 locum]

1946 4426 2231 4468 munerum
2274 4415 2529 4483 divitibus
2576 4418 2790 4476 solvunt
2831 4422 3075 4480 :donum
3125 4436 3344 4497 autem,
3385 4432 3533 4503 quod

1945 4498 2058 4559 Deo
2081 4503 2260 4561 datur.
2290 4504 2443 4566 Unde
2467 4517 2524 4566 et
2542 4511 2595 4566 in
2621 4512 2833 4586 templis
2857 4516 3081 4576 donaria
3109 4521 3359 4581 dicimus.

2011 4593 2179 4651 Inter.
2230 4597 2453 4657 Munera
2511 4603 2653 4659 unde
2689 4609 2993 4664 vocantur?
3029 4609 3185 4685 Resp.
3267 4614 3528 4677 Dicuntur

1943 4704 2171 4746 munera
2214 4705 2280 4747 eo
2310 4692 2453 4763 quod
2497 4697 2745 4752 manibus
2768 4699 2855 4755 vel
2896 4701 3250 4775 accipiantur,
3280 4708 3364 4764 vel
3393 4711 3527 4767 dan-

1942 4788 2049 4833 tur.
2081 4777 2246 4834 Inter.
2293 4780 2435 4849 Quot
2471 4791 2613 4850 sunt,
2651 4802 2771 4871 quae
2814 4787 3146 4849 offeruntur?
3192 4796 3350 4871 Resp.
3384 4801 3519 4857 Duo.

1942 4867 2109 4925 Inter.
2153 4871 2320 4940 Quae?
2363 4873 2521 4946 Resp.
2576 4870 2785 4934 Donum
2836 4888 2892 4937 et
2943 4867 3306 4944 sacriﬁcium;
3352 4892 3517 4948 Inter.

1942 4957 2083 5028 Quid
2111 4970 2197 5018 est
2243 4963 2477 5020 donum?
2518 4964 2677 5040 Resp.
2713 4969 2925 5029 Donum
2971 4983 3077 5043 est,
3104 4979 3357 5050 quicquid
3388 4998 3521 5040 auro

1942 5060 2274 5125 argentoque
2297 5063 2390 5110 aut
2413 5057 2657 5127 qualibet
2681 5060 2785 5117 alia
2816 5066 2997 5135 specie
3024 5056 3269 5124 eﬁic'itur.

2014 5141 2179 5198 Inter.
2208 5142 2346 5213 Quid
2371 5155 2456 5203 est
2479 5149 2845 5209 sacriﬁcium?
2880 5152 3038 5229 Resp.
3072 5156 3409 5218 Sacriﬁcium
3437 5171 3522 5218 est

1940 5234 2161 5292 victima
2188 5246 2245 5293 et
2264 5252 2597 5313 quaecunque
2622 5243 2678 5300 in
2709 5260 2806 5300 ara
2830 5257 3163 5317 cremantur,
3190 5266 3283 5307 seu
3312 5267 3521 5322 ponun-

1943 5334 2052 5384 tur.
2077 5326 2243 5401 436
2269 5328 2407 5398 Quia
2431 5347 2613 5402 omne,
2653 5336 2797 5407 quod
2831 5337 2944 5393 Deo
2966 5339 3140 5404 datur,
3183 5351 3279 5398 aut
3309 5342 3521 5400 dicatur

1941 5427 2036 5473 aut
2075 5430 2443 5478 consecratur.
2492 5422 2660 5479 Inter.
2708 5426 2822 5494 Qua
2862 5430 3111 5487 ratione?
3153 5431 3308 5504 Resp.
3362 5433 3516 5502 Quod

1938 5509 2085 5564 enim
2134 5511 2366 5580 dicatur,
2413 5514 2641 5571 dicendo
2685 5517 2866 5586 datur,
2913 5521 3056 5577 unde
3104 5530 3160 5579 et
3195 5524 3511 5596 appellatur.

1941 5597 2096 5655 Unde
2122 5610 2338 5670 errant,
2364 5605 2457 5675 qui
2490 5609 2953 5667 consecrationem
2998 5613 3390 5673 dedicationem
3416 5631 3516 5687 pu-

1941 5697 2058 5745 tant
2115 5692 2429 5763 signiﬁcari.
2494 5696 2664 5755 Inter.
2728 5700 3028 5759 lmmolatio
3087 5705 3230 5763 unde
3274 5709 3515 5767 dicitur?
