3914 6178
325 405 464 460 H55

321 524 478 592 Resp.
528 510 831 572 Immolatio
860 506 927 562 ab
964 501 1200 570 antiquis
1236 504 1320 551 est
1359 493 1522 553 dicta,
1554 502 1620 540 eo
1668 498 1738 552 qu

320 568 462 670 moi;
482 605 664 682 [Isid.,
696 597 858 671 mole]
887 593 1072 650 altaris
1102 568 1331 644 victimae
1360 581 1717 636 caederentur.
1751 568 1900 642 Unde

1061 681 1064 682 ⁷
1277 670 1324 682 “⁹
1522 674 1622 682 ιιμλ
1661 656 1873 682 ἓ--Α-ΑΙΑ

322 712 376 758 et
403 656 660 756 mulctatio
674 697 797 762 post
812 656 1253 743 immolationem.
1277 670 1433 725 Nunc
1449 674 1628 720 autem
1661 656 1903 714 immola-

324 806 400 848 IlO
423 789 577 862 panis
601 793 654 839 et
680 779 863 838 calicis
892 770 1161 831 convenit.

399 836 576 941 iiii;
593 836 732 945 oin—(1
757 882 840 928 est
859 862 1080 921 libatio?
1109 859 1263 926 Resp.
1298 848 1512 906 Libatio
1541 836 1909 898 tantummodo

329 932 640 1033 calicis'es:
664 963 882 1022 oblatio.
923 955 1076 1013 Unde
1106 949 1338 1004 dicitur:
1373 941 1440 995 Et
1475 937 1652 991 libavit
1689 932 1752 985 de
1783 945 1910 983 san-

331 1027 624 1141 guineum
655 1053 844 1129 (Ereti.
872 1069 924 1113 ι,
956 1045 1077 1116 16);
1112 1055 1235 1095 nam
1267 1036 1437 1090 libare
1464 1027 1687 1083 fundere
1715 1029 1816 1076 cst.

935 1137 950 1141 _
1194 1137 1202 1141 ,
1289 1125 1312 1141 ﬂ
1365 1122 1490 1141 ηημ
1546 1114 1746 1141 “Amm
1776 1125 1816 1141 Μ

408 1156 572 1209 Inter.
609 1106 809 1202 Hostizc
845 1137 986 1193 unde
1014 1106 1312 1188 vocantur?
1357 1122 1512 1189 Resp.
1546 1114 1746 1169 Hostiae
1776 1106 1920 1178 apud

335 1259 547 1306 veteres
583 1237 902 1296 dicebantur
926 1224 1212 1288 sacriﬁcia,
1251 1231 1368 1288 qua:
1394 1212 1597 1267 ﬁebant
1630 1214 1919 1272 antequam

339 1345 407 1416 ad
433 1343 643 1395 hostem
672 1330 980 1404 pergerent.

414 1429 577 1483 Inter.
609 1383 746 1489 Qtiid
783 1421 908 1472 sunt
936 1409 1190 1469 victimm,
1223 1411 1277 1458 et
1312 1411 1480 1470 quare
1521 1396 1592 1449 ita
1630 1383 1926 1446 vocantur?

347 1521 500 1589 Resp.
534 1513 778 1570 Victimze
815 1505 1065 1560 dicuntur
1095 1493 1360 1564 sacriﬁcia
1382 1532 1395 1556 ,
1429 1501 1547 1558 quae
1589 1490 1712 1554 post
1761 1478 1930 1532 victo—

346 1570 482 1668 riam
513 1602 734 1661 devictis
755 1595 1001 1652 hostibus
1026 1585 1394 1643 immolabant.
1424 1579 1492 1632 Et
1517 1582 1678 1651 erant.
1700 1570 1930 1624 victima:

347 1700 551 1770 majora
599 1685 892 1750 sacriﬁcia,
938 1695 1101 1750 quam
1148 1675 1345 1730 hostia.
1378 1669 1479 1723 Alii
1507 1665 1782 1720 victimam
1821 1658 1932 1712 dic-

1501 1758 1515 1770 .
1557 1757 1568 1770 .
1628 1763 1639 1770 _
1710 1748 1923 1770 με,

349 1748 459 1845 tam
485 1785 828 1856 putaverunt,
855 1773 981 1843 quia
1008 1771 1115 1824 ictu
1137 1777 1395 1837 percussa
1420 1757 1667 1828 cadebat,
1699 1751 1781 1806 vel
1804 1748 1929 1818 quia

350 1881 530 1933 vincta
559 1872 626 1927 ad
656 1883 781 1924 aras
803 1862 1120 1918 ducebatur.

411 1966 588 2019 .Inter.
633 1957 1019 2014 Holocaustum
1072 1943 1214 2000 unde
1256 1935 1517 1994 vocatur?
1567 1934 1724 2001 Resp.
1774 1925 1936 1981 llolo-

355 2063 600 2114 mustum
641 2059 740 2113 est,
783 2044 874 2100 ubi
914 2049 1085 2094 totum
1131 2036 1253 2106 igne
1283 2027 1640 2085 consumitur,
1688 2017 1832 2091 quod
1859 2013 1937 2070 of-

359 2149 551 2203 fertur.
613 2109 752 2194 Holo
803 2127 1004 2206 [ὅλον]
1044 2126 1189 2181 enim
1238 2122 1425 2176 Graece
1479 2123 1648 2171 totum
1713 2109 1937 2169 dicitur,

360 2239 595 2311 [καῦσις
625 2221 887 2295 incensio]
922 2199 1101 2274 :unde
1143 2221 1200 2270 et
1232 2211 1626 2270 holocaustum,
1659 2211 1831 2259 tutum
1859 2199 1943 2253 in-

360 2340 605 2384 censum.

436 2418 601 2472 Inter.
641 2410 780 2479 Quid
820 2413 948 2463 sunt
995 2386 1362 2457 caeremonias?

367 2511 508 2584 apud
534 2476 758 2562 Latinos
787 2501 1040 2555 dicuntur
1070 2505 1227 2547 sacra
1254 2486 1455 2550 omnia,
1484 2497 1603 2551 quae
1637 2477 1774 2550 apud
1800 2476 1949 2530 Grie—

367 2568 462 2660 cos
486 2600 633 2669 orgia
655 2600 936 2650 vocantur.
979 2581 1206 2651 Proprie
1234 2587 1414 2631 autem
1446 2574 1618 2627 visum
1648 2577 1733 2624 est
1759 2568 1948 2622 docto-

369 2696 521 2751 nibus
547 2707 577 2744 a
603 2683 837 2743 carendo
865 2674 1123 2748 appellari
1153 2666 1494 2730 cmremonia,
1535 2662 1692 2734 quasi
1720 2658 1951 2715 carimo-

372 2783 511 2843 nias,
553 2791 618 2831 eo
637 2771 780 2842 quod
818 2785 903 2832 ea,
953 2778 1073 2835 qua;
1109 2763 1165 2816 in
1203 2759 1375 2814 sacris
1404 2755 1599 2810 divinis
1628 2750 1950 2812 oll'eruntur,

1137 385 1198 440 Β.
1239 381 1301 437 F.
1334 373 1562 435 ALBINI
1599 367 1730 425 SEU
1771 342 2045 421 KLCUNI
2083 351 2365 414 OPERUM
2401 343 2582 403 PARS
2620 338 2752 398 VIII.

1742 482 1812 536 od
1851 479 1906 532 in
1937 481 2152 536 Atuam
2212 466 2431 521 laudant
2491 457 2698 528 angeli,
2745 466 2914 521 usque
2949 449 3025 503 ad
3073 460 3198 501 eum
3251 442 3450 506 locum,
3503 440 3592 493 ubi

2003 579 2201 617 osanna
2233 561 2287 612 in
2331 551 2546 609 excelsis
2574 547 2806 602 canitur.
2851 542 2908 595 ln
2951 537 3255 608 qua-etiam
3287 532 3354 586 ad
3381 531 3593 584 laudem

2007 651 2346 708 terrestrium
2395 649 2808 701 creaturarum,
2866 633 3240 697 virtutumque
3293 622 3592 679 cmlestium

2007 742 2333 798 universitas
2359 742 2703 807 provocatur.
2721 729 2900 782 Porro
2922 730 3074 777 sexta
3099 719 3294 773 exhinc
3325 713 3595 770 succedit:

2012 835 2082 889 Te
2117 834 2278 904 igitur
2310 870 2324 894 ,
2343 823 2743 881 clementissime
2766 817 2965 878 .Pater,
2995 826 3116 881 qua:
3146 817 3228 864 est
3253 803 3598 860 confirmatio

2014 923 2380 986 sacramenti;
2437 926 2498 972 ut
2549 913 2750 971 oblatio
2801 905 3133 965 sanctiﬁcata
3185 916 3286 970 per
3337 897 3602 966 Spiritum

2017 1023 2264 1074 sanctum
2287 1013 2321 1052 δ’
2339 1024 2541 1078 corpus
2562 1013 2616 1060 et
2657 1000 2973 1072 Sanguinem
3004 992 3376 1050 conformetur
3402 999 3448 1039 ε.
3474 985 3606 1053 Sep-

2020 1111 2150 1164 tima
2177 1120 2308 1160 vero
2335 1101 2509 1158 oratio
2539 1105 2640 1161 est,
2675 1108 2834 1163 quam
2863 1089 3122 1144 Dominus
3153 1091 3336 1138 noster
3367 1079 3603 1147 discipu-

2020 1201 2090 1256 lis
2114 1200 2226 1255 suis
2247 1193 2480 1251 instituit
2501 1188 2656 1246 orare
2683 1185 2869 1240 dicens
2897 1197 2910 1236 :
2947 1179 3106 1234 Pater
3128 1185 3324 1240 noster,
3347 1172 3438 1243 qui
3468 1187 3520 1224 es
3555 1169 3610 1222 iss

2026 1291 2188 1346 caelis.

3456 324 3510 376 Η
3520 323 3588 376 7-6

2099 1383 2265 1437 Inter.
2317 1379 2414 1433 Dic
2461 1375 2593 1430 mihi
2622 1373 2727 1428 hac
2763 1366 3007 1424 oratione
3033 1368 3166 1432 quot
3203 1356 3494 1429 petitiones
3518 1354 3612 1407 hac

2028 1474 2258 1531 bentur?
2313 1471 2468 1540 Resp.
2518 1467 2631 1537 Ego
2670 1459 2921 1532 respondi
2964 1456 3056 1510 tibi
3100 1455 3153 1508 in
3203 1450 3411 1522 paucis,
3455 1455 3614 1517 prout

2033 1566 2177 1629 novi,
2210 1563 2472 1619 rationem
2505 1558 2706 1612 missm.
2737 1552 2901 1606 Inter.
2935 1546 3090 1602 Nunc
3116 1545 3362 1604 obsecro,
3393 1547 3455 1592 ut
3481 1537 3611 1591 mihi

2032 1657 2300 1719 similiter,
2330 1659 2491 1724 prout
2530 1647 2803 1716 intelligis,
2835 1642 2961 1711 quid
2993 1640 3046 1693 in
3077 1639 3175 1691 ista
3204 1634 3453 1689 oratione
3481 1645 3612 1684 con-

2033 1751 2287 1812 tineatur,
2332 1722 2523 1799 dicere
2543 1756 2650 1794 non
2682 1738 2931 1804 abncgcs.
2967 1730 3123 1798 Resp.
3155 1727 3322 1780 Prout
3352 1722 3614 1791 intelligo,

1965 1829 2010 1887 Β
2040 1842 2254 1896 faciam.
2280 1838 2337 1891 In
2377 1836 2479 1890 hac
2516 1830 2761 1886 oratione
2789 1833 2992 1894 septem
3023 1817 3310 1889 petitiones
3334 1813 3620 1868 contincn-

2038 1944 2144 1989 tur.
2176 1931 2340 1985 Inter.
2395 1927 2524 1993 Quin
2553 1931 2677 1978 sunt
2705 1920 2820 1975 lue?
2858 1917 3013 1986 Resp.
3067 1912 3246 1966 Prima
3296 1915 3422 1962 est:
3459 1905 3624 1959 Pater

2040 2028 2242 2084 noster,
2284 2019 2372 2090 qui
2413 2034 2465 2070 es
2512 2016 2566 2068 in
2608 2011 2781 2074 aclis,
2835 2004 3188 2072 sancti/iretur
3229 2014 3414 2052 nomen
3448 2004 3622 2048 tuum.

2043 2085 2332 2170 Secunda:
2363 2106 2616 2163 Adveniet
2663 2116 2876 2172 regnum
2919 2105 3086 2150 tuum.
3116 2090 3293 2146 Tertia
3324 2103 3338 2141 :
3375 2085 3501 2139 Fiat
3532 2102 3625 2139 eo-

2043 2205 2217 2258 luntas
2248 2210 2356 2263 tua,
2389 2199 2522 2252 sicut
2551 2196 2604 2247 in
2631 2190 2755 2246 coelo
2786 2199 2832 2243 et
2856 2189 2911 2240 in
2942 2197 3098 2239 terra.
3132 2181 3336 2248 Quarta
3364 2193 3379 2231 :
3423 2175 3628 2229 Panem

2047 2305 2281 2350 nostrum
2306 2288 2670 2361 quotidianum
2700 2281 2768 2336 da
2799 2279 2945 2335 nobis
2975 2275 3146 2330 hodie.
3172 2271 3368 2338 Quinta
3402 2286 3416 2321 :
3449 2267 3515 2320 Et
3545 2265 3632 2318 di—

1412 2393 1570 2461 Resp.
1601 2382 1948 2444 Cmremonitc

2064 2389 2194 2442 nitte
2220 2358 2365 2440 nobis
2395 2381 2569 2435 debita
2603 2386 2800 2437 nostra,
2842 2372 2974 2426 sicut
2997 2379 3042 2421 ct
3072 2383 3163 2421 nos
3193 2363 3504 2417 dimittimus
3534 2358 3632 2410 de-

2051 2476 2300 2532 bitoribus
2337 2471 2549 2528 nostris.
2577 2467 2738 2522 Sexta
2769 2483 2781 2517 :
2812 2463 2876 2516 Et
2908 2477 2970 2515 ne
2994 2476 3084 2512 nos
3115 2456 3332 2510 inducas
3373 2454 3426 2506 in
3452 2460 3632 2503 tenta-

2051 2569 2262 2621 tionem.
2297 2561 2535 2632 Septima
2569 2577 2580 2611 :
2617 2555 2719 2611 Sed
2751 2553 2914 2607 libera
2945 2566 3037 2603 nos
3063 2544 3273 2601 amalo.

2122 2655 2289 2710 Inter.
2334 2650 2488 2705 Nunc
2533 2647 2782 2708 obsecro,
2821 2648 2880 2694 ut
2908 2639 3058 2692 dicas
3092 2635 3241 2696 mihi,
3273 2630 3404 2702 quid
3435 2630 3492 2682 in
3535 2627 3640 2681 iis-

2055 2748 2175 2805 dem
2197 2741 2546 2816 petitionibus
2573 2731 2953 2792 contineatur?
3004 2728 3158 2798 Resp.
3189 2725 3213 2764 ά
3241 2723 3299 2778 In
3327 2722 3504 2777 tribus
3521 2720 3645 2789 pri—

554 2821 615 2831 νν
641 2821 780 2842 γη
826 2821 841 2823 -
890 2821 903 2832 ,
971 2821 988 2835 .

373 2874 428 2927 in
477 2881 573 2924 suo
616 2878 716 2918 usu
759 2859 816 2914 id
853 2860 1107 2913 carerent
1151 2849 1419 2906 homines.
1465 2843 1568 2899 Alii
1601 2839 1955 2897 czeremonias
2054 2840 2160 2896 mis
2179 2844 2382 2894 aeterna
2403 2838 2701 2904 poscuntur
2730 2845 2742 2880 :
2778 2826 2830 2880 in
2859 2821 3209 2892 sequentibus
3238 2824 3474 2886 (ιιιιιιυοτ
3499 2821 3648 2866 ίθῐῖι⁶

2988 2924 2995 2927 .
3176 2909 3435 2927 __I',!_-__
3461 2907 3507 2927 Ι-
3543 2919 3616 2927 ..-

854 2907 1110 3017 propria]
1154 2939 1210 2994 in
1255 2932 1722 2994 observationibus
1745 2929 1957 2984 Judae-

2064 2931 2282 3005 poralia,
2315 2943 2434 2998 qua:
2463 2935 2641 2980 tamen
2685 2927 2904 2991 propter
2933 2924 3128 2970 aeterna
3171 2907 3512 2979 adipiscenda
3543 2919 3646 2973 pe-

2167 3029 2172 3031 Α
2319 3017 2341 3031 '
2388 3028 2397 3031 -
2509 3015 2548 3031 Α
2599 3010 2816 3031 -α--Δμο
2854 3007 2979 3031 1)--..
3027 3003 3161 3031 ΝΜ,
3200 3015 3319 3031 num
3360 2998 3590 3031 Αςηὶηιηιε
3625 3014 3637 3024 .

375 3064 495 3106 rum
519 3044 775 3106 credunt;
826 3033 1207 3093 abstinentiam
1249 3027 1455 3084 scilicet
1479 3022 1836 3096 quarumdam
1872 3034 1960 3074 es-

378 3152 564 3197 carum
591 3132 888 3191 secundum
909 3119 1369 3191 veteremJegem,
1403 3131 1469 3171 eo
1495 3114 1638 3184 quod
1661 3113 1956 3167 observan-

387 3414 543 3481 Resp.
577 3421 602 3450 ι
643 3379 788 3460 Ordo
831 3409 1009 3454 autem
1054 3395 1232 3449 missa:
1269 3388 1354 3444 vel
1400 3387 1730 3446 orationum,
1769 3379 1964 3448 quibus

384 3501 564 3568 oblata
601 3497 712 3550 Deo
750 3487 1016 3546 sacriﬁcia
1060 3487 1477 3538 consecrantur,
1517 3474 1694 3543 primo
1723 3485 1753 3522 a
1779 3475 1965 3522 sancto

2060 2998 2266 3079 tantur.
2312 3017 2476 3072 Inter.
2507 3010 2816 3082 Quomodo?
2849 3007 2999 3076 Resp.
3027 3003 3164 3058 Nam
3199 3015 3322 3055 cum
3360 2998 3594 3052 dicimus
3625 3014 3637 3047 :

2063 3111 2435 3180 Sanetiﬁcetur
2483 3119 2668 3160 nomen
2712 3110 2880 3155 tuum.
2918 3094 3170 3150 Adreniat
3201 3105 3416 3161 regnum
3463 3097 3647 3140 tuum.

1986 3191 2034 3254 C
2063 3201 2190 3257 Fiat
2225 3199 2462 3256 voluntas
2491 3205 2606 3260 tua,
2635 3194 2769 3248 sicut
2796 3192 2850 3244 in
2873 3186 3000 3244 caelo
3028 3196 3076 3240 et
3099 3187 3154 3239 in
3184 3194 3344 3237 terra.
3387 3180 3488 3235 llic
3515 3180 3649 3249 qui-

2063 3295 2185 3350 dem
2217 3292 2329 3345 ista
2350 3289 2456 3343 tria
2485 3285 2822 3344 inchoantur,
2854 3278 2947 3334 sed
2972 3278 3026 3330 in
3066 3274 3154 3328 illa
3182 3273 3291 3327 vita
3328 3276 3652 3340 Sperantur,

2062 3383 2155 3438 ubi
2182 3377 2536 3437 sanctiﬁcatio
2566 3373 2682 3436 Dei,
2732 3379 2787 3426 et
2812 3368 3059 3423 voluntas
3085 3372 3140 3419 et
3171 3375 3394 3432 regnum
3426 3360 3480 3412 in
3516 3372 3656 3412 san-

2066 3474 2166 3530 ctis
2209 3471 2320 3526 suis
2366 3464 2745 3524 immortaliter
2779 3457 3137 3531 permanebit.
3169 3452 3286 3508 Iam
3323 3466 3455 3505 vero
3492 3450 3655 3521 panis

386 3593 549 3646 Petro
591 3593 676 3640 est
721 3580 1020 3640 institutus,
1073 3570 1227 3640 cujus
1273 3565 1689 3623 celebrationem
1729 3574 1836 3613 uno
1879 3573 1969 3612 eo-
2064 3564 2420 3637 quoﬁdfanm,
2467 3560 2559 3629 qui
2587 3557 2671 3612 νει
2701 3555 2892 3610 animm
2920 3551 3003 3606 νει
3038 3548 3189 3604 eam,
3231 3545 3508 3606 tribuitur.
3558 3543 3660 3598 hic

391 3682 621 3748 demque
648 3667 910 3728 vocabulo
935 3665 1220 3720 universus
1246 3657 1457 3729 peragit
1485 3654 1651 3708 orbis.

2068 3633 2394 3724 exposcitur.
2445 3647 2645 3721 [eﬂic
2687 3653 2808 3715 post
2851 3641 3151 3698 subsidium
3201 3637 3331 3699 cibi,
3386 3633 3546 3689 venia
3589 3633 3661 3687 ad

463 3724 618 3748 ...ηπ
789 3724 808 3725 η
1247 3724 1264 3729 _
1387 3724 1404 3726 _

461 3771 630 3826 Ῑηῑενο
678 3762 918 3819 οδεθθνο
962 3752 1259 3816 humiliter.
1313 3747 1443 3817 quid
1470 3745 1524 3800 in
1568 3741 1758 3798 eadem
1805 3738 1971 3793 missa
2022 3806 2025 3807 ν
2069 3742 2375 3811 exemplum
2412 3738 2667 3794 fraternae
2716 3731 3060 3804 indulgentiae
3085 3726 3389 3798 postulatur
3423 3742 3436 3777 :
3467 3724 3559 3778 hic
3591 3736 3664 3776 ne

394 3862 754 3920 contineatur,
786 3861 846 3906 ut
883 3847 1016 3904 mihi
1044 3842 1255 3914 aperire
1301 3854 1406 3894 non
1445 3832 1772 3904 dedigneris.
1813 3827 1969 3898 Resp.

393 3957 563 4012 Prout
581 3945 822 4015 intelligo
849 3941 1043 3996 dicam.
1074 3935 1132 3989 lu
1158 3931 1348 3988 ordine
1373 3927 1538 3982 totius
1559 3923 1740 3978 missae
1767 3925 1975 3988 septem

397 4022 673 4102 orationes
693 4008 1055 4093 continentur.
1101 4023 1269 4079 Inter.
1301 4019 1430 4087 Quae
1455 4023 1582 4071 sunt
1625 4010 1777 4066 haec?
1819 4008 1973 4077 Resp.

397 4137 580 4194 Prima
619 4125 930 4186 earumdem
960 4117 1152 4180 oratio,
1182 4112 1274 4166 ubi
1305 4109 1538 4165 dicitur:
1585 4103 1844 4158 Dominus
1893 4113 1980 4152 uo-

403 4227 621 4287 biscum,
647 4217 734 4273 vel
762 4213 1002 4274 Oremus,
1033 4201 1330 4261 admonitio
1356 4206 1441 4254 est
1467 4211 1594 4266 erga
1619 4191 1894 4264 populum,
1923 4195 1982 4241 ut

405 4278 708 4372 excitentur
753 4305 822 4360 ad
862 4303 1030 4357 Deum
1079 4291 1429 4350 adorandum.
1488 4283 1736 4340 Secunda
1765 4278 1983 4349 quidem

406 4409 650 4470 collecta,
698 4413 816 4470 qua:
865 4391 1105 4465 posthaec
1149 4383 1391 4452 sequitur
1412 4421 1427 4445 ,
1481 4374 1750 4431 invocatio
1793 4377 1878 4425 est
1919 4367 1984 4422 ad

301 4498 314 4502 ’
411 4502 600 4562 Deum,
637 4462 734 4548 ἰη’
751 4462 1045 4545 clementer
1103 4473 1364 4543 suscipiat
1412 4482 1602 4540 preces
1647 4462 1883 4518 ﬁdelium
1933 4467 1989 4513 et

2072 3835 2128 3891 in
2178 3832 2388 3906 peccati
2443 3827 2797 3885 tentationem
2869 3822 3198 3883 incidamus,
3265 3811 3663 3886 exposcimus]

2073 3925 2175 3980 llic
2216 3929 2340 3993 post
2363 3919 2544 3974 omnia
2571 3925 2632 3970 ut
2651 3913 2856 3969 amalis
2885 3912 3215 3973 liberemur,
3251 3904 3346 3960 Dei
3396 3902 3666 3958 auxilium

2075 4015 2442 4086 imploramus.
2475 4010 2531 4064 ln
2554 4008 2727 4063 tribus
2759 4012 2961 4068 autem,
2991 4016 3112 4072 qua:
3140 3997 3391 4069 superius
3411 3994 3550 4057 dixi,
3580 3982 3696 4048 ni-'

2076 4084 2169 4162 hil
2184 4106 2376 4159 horum
2405 4109 2504 4156 est.
2550 4097 2698 4153 Hanc
2729 4096 2909 4164 itaque
2931 4093 3233 4152 orationem
3275 4085 3531 4141 Salvator
3554 4084 3670 4139 dis-

2080 4196 2284 4267 cipulos
2309 4210 2434 4249 suos
2467 4191 2664 4253 docuit,
2695 4189 2748 4242 in
2777 4201 2883 4256 qua
2911 4199 3034 4256 Spes
3050 4181 3372 4238 continetur
3399 4175 3670 4238 ﬁdelium,

2081 4295 2137 4343 et
2154 4285 2424 4342 confessio
2441 4290 2811 4354 peccatorum.

2702 4367 2927 4425 CAPUT
2952 4366 3042 4422 XI.

2627 4477 2824 4517 INCIPIT
2864 4475 2929 4513 DE
2967 4470 3108 4512 FIDE.

411 4540 600 4562 ..ιω-..η
657 4540 713 4548 ν-
757 4540 824 4545 --ρ
1250 4540 1265 4543 -

411 4586 712 4645 oblationes
759 4587 967 4633 eorum.
1021 4565 1205 4622 Tertia
1255 4570 1435 4616 autem
1474 4553 1764 4608 effunditur
1813 4547 1986 4603 oratio
2017 4540 2063 4600 D
2163 4555 2460 4611 [antqua
2488 4553 2742 4622 δεδείρίο,
2775 4549 2881 4605 sed
2910 4544 3343 4618 quoniam,sicm
3368 4541 3533 4605 nos“,
3564 4555 3676 4593 οπι,

410 4695 510 4754 pro
530 4670 899 4733 offerentibus,
927 4663 1041 4718 sive
1071 4671 1169 4729 pro
1198 4649 1465 4709 defunctis
1493 4643 1760 4708 ﬁdelibus,
1789 4641 1844 4695 in
1874 4638 1987 4694 col-

412 4741 551 4828 lecta
580 4779 700 4838 qum
728 4762 921 4817 dicitur
951 4764 1071 4828 post
1113 4748 1363 4807 sacriﬁcii
1395 4741 1784 4812 ‘receptionem,
1808 4743 1868 4790 ut
1895 4750 1992 4805 per

417 4865 558 4919 idem
599 4852 778 4929 [Cod.,
807 4844 1076 4916 eumdem]
1114 4839 1438 4898 sacrificium
1478 4833 1691 4888 veniam
1737 4826 1994 4896 consequi

418 4955 749 5010 mercantur.
783 4941 1008 5008 Quarta,
1033 4949 1152 5006 qua:
1179 4931 1416 5001 posthaec
1438 4923 1785 4991 inferturpro
1812 4916 1995 4974 osculo

419 5046 568 5120 pacis
598 5051 652 5097 et
690 5034 951 5093 charitate
991 5019 1443 5083 reconciliationis
1475 5033 1505 5070 a
1541 5015 1765 5070 Sursum
1812 5008 1995 5072 corda,

422 5153 594 5209 usque
655 5148 748 5206 per
805 5126 1068 5183 Christum
1125 5119 1411 5172 Dominum
1472 5119 1729 5166 nostrum.
1801 5106 2000 5174 Quinta

425 5196 616 5286 deinde
637 5196 852 5296 ponitur
874 5214 1057 5270 inlatio
1083 5207 1261 5282 [Isid.,
1288 5201 1476 5274 illatio]
1503 5202 1556 5255 in
1578 5196 2005 5254 sanctiﬁcatione

427 5286 736 5378 oblationis,
763 5327 792 5364 a
820 5309 954 5372 loco,
987 5302 1077 5357 ubi
1104 5299 1300 5355 dicitur
1325 5313 1336 5349 :
1369 5293 1474 5346 Per
1502 5306 1652 5362 quem
1683 5286 2006 5358 majestatem

509 5447 686 5503 nlsid.
739 5443 862 5496 libr.
891 5456 908 5494 ι
940 5437 1006 5492 de
1053 5432 1259 5489 Ecclcs.
1309 5426 1530 5488 Ofﬁciis,
1579 5437 1698 5490 cap.
1748 5418 1837 5483 15,
1886 5431 2009 5471 cum

443 5520 607 5575 multa
640 5511 959 5569 diﬁcrentia.

512 5554 986 5640 V'ﬁdﬁuduimirﬁ,
1027 5570 1275 5644 quinltic
1306 5564 1597 5644 supplenda
1641 5561 1711 5614 sit
1750 5554 2011 5634 particula

438 5658 518 5720 in,
547 5670 651 5724 qua
675 5624 1004 5720 exprimatur
1023 5624 1345 5697 ablutionem
1370 5624 1780 5724 sanctiﬁcatum,
1801 5635 1932 5689 ctc.,
1957 5624 2010 5675 in

935 5717 944 5724 '
1124 5711 1178 5724 ἠ·
1235 5709 1245 5719 ·
1285 5708 1316 5724 -ξ
1356 5721 1441 5724 μη
1468 5701 1669 5724 unm-.4
1703 5713 1793 5724 η...
1828 5705 2007 5724 ...κηρω-

442 5701 1074 5796 ςοίᾖίιεβίᾜπῃςιιὶηθπι
1119 5708 1318 5764 Christi
1346 5701 1671 5760 conformari
1703 5713 1796 5796 seu
1828 5705 2008 5749 trans-

915 5785 947 5796 ο·
973 5783 1006 5796 ⁸·
1057 5780 1088 5796 ι·
1148 5779 1162 5796 I
1197 5786 1266 5796 --ι
1323 5789 1475 5796 ..-η-η-
1505 5782 1707 5796 .......--..
1731 5763 1985 5796 ..οιηιιιῖιηιὸ

430 5763 680 5856 fortnam,
706 5787 848 5859 quod
862 5763 1006 5838 cnihil
1025 5763 1164 5834 aliud
1190 5786 1292 5842 est,
1318 5789 1477 5844 quam
1503 5763 2006 5824 traussubstnntiari.

1759 6020 1826 6057 ‘\

2096 4664 2194 4704 nes
2217 4661 2314 4718 per
2344 4645 2502 4700 ﬁdem
2532 4643 2726 4697 salvari
2757 4639 3044 4702 credimus,
3079 4651 3208 4704 rogo
3235 4641 3296 4687 ut
3336 4633 3490 4686 dicas
3517 4629 3671 4692 mihi,

2099 4739 2367 4812 quomodo
2402 4737 2559 4791 ﬁdem
2600 4743 2745 4788 tuam
2775 4730 3046 4800 intelligis,
3086 4727 3171 4782 vel
3201 4726 3366 4779 etiam
3417 4723 3473 4776 in
3519 4735 3672 4790 quem

2099 4828 2318 4884 credis?
2345 4825 2501 4896 Resp.
2538 4824 2650 4893 Ego
2685 4821 2847 4876 credo
2886 4820 2940 4874 in
2972 4818 3141 4871 Deum
3179 4813 3397 4868 Patrem
3431 4812 3676 4880 omnipo-

2101 4929 2326 4984 tentem,
2366 4925 2662 4972 creatorem
2689 4911 2811 4966 εωιὶ
2839 4919 2896 4965 et
2923 4919 3101 4964 terra).

2173 5009 2340 5064 Inter.
2391 5006 2569 5072 Quare
2616 5004 2813 5058 dicitur
2833 5000 3193 5068 omnipotens,
3229 5003 3284 5048 et
3322 5008 3496 5064 quare
3535 5004 3680 5048 creae

2106 5101 2225 5156 tor?
2255 5097 2410 5168 Resp.
2442 5095 2792 5163 Omnipotens
2825 5089 3042 5152 dicitur,
3091 5087 3217 5155 quia
3262 5084 3444 5138 omnia
3475 5087 3678 5150 potest;

2111 5200 2361 5253 creator,
2401 5202 2465 5242 co
2510 5185 2652 5255 quod
2696 5181 2875 5238 omnia
2920 5178 3140 5241 creavit,
3197 5175 3414 5239 coelum,
3463 5182 3686 5232 terram.

2116 5297 2265 5337 mare
2285 5291 2341 5337 et
2366 5280 2544 5334 omnia
2574 5291 2692 5346 qua:
2724 5277 2778 5328 in
2805 5274 2884 5328 eis
2913 5280 3056 5326 sunt.

2191 5427 2213 5454 ε
2241 5413 2396 5484 Apud
2426 5407 2754 5484 lsidorum__l.
2781 5406 2873 5460 cit.
2909 5421 2922 5456 ε
2950 5401 3156 5471 corpori
3185 5407 3233 5453 et
3262 5394 3505 5466 sanguini
3539 5387 3690 5446 Chri-

2117 5488 2184 5540 sti
2208 5477 2578 5553 conﬁrmetur;
2606 5477 2749 5538 nullo
2777 5490 2955 5530 sensu.

2184 5555 2209 5594 d
2243 5551 2341 5594 ιςῖιι
2400 5554 2500 5594 Inn-
2534 5551 2579 5594 ni

2189 5555 2209 5594 δ
2295 5556 2304 5566 .
2569 5554 2579 5560 .

2189 5636 2211 5663 ε
2664 5613 3026 5677 includuntur,
3059 5607 3299 5678 suppleta
3344 5612 3469 5660 sunt
3494 5617 3556 5656 ex
3591 5595 3690 5651 lsi-

2114 5695 2263 5749 doro.
