3914 6178
335 265 473 320 ΗῦἹ

1160 273 1162 276 ’
1261 273 1412 328 OPP.
1459 273 1686 330 DUBlA‘.
1730 306 1799 314 —
1839 271 2254 330 DISPUTATIO
2294 271 2700 332 PUERORUM.

3473 280 3611 336 H58

403 379 568 434 Inter.
601 377 791 436 Credis
837 382 890 436 in
922 380 1103 438 Iesum
1137 382 1446 438 Christum?
1479 383 1638 456 Resp.
1685 384 1918 440 Omnino
1945 386 1994 444 Α
2021 391 2120 436 ter.
2175 382 2316 450 Quid
2367 383 2755 453 interpretatur
2798 383 3026 442 Latine?
3080 385 3253 456 Resp.-.
3281 387 3611 445 Convocatio

324 470 489 544 437
518 472 683 528 credo
713 474 766 527 in
791 472 975 529 Iesum
1011 475 1288 530 Christum
1312 475 1510 531 Filium
1538 477 1657 545 ejus
1697 477 1916 532 unicum

327 563 630 618 Dominum.
662 573 930 630 nostrum,
981 565 1073 636 qui
1118 575 1201 621 est
1246 582 1408 623 verus
1459 567 1602 623 Deus
1657 575 1712 622 et
1757 583 1919 622 verus

324 652 506 708 homo.
541 654 705 708 Inter.
731 655 1010 722 Quomodo
1052 657 1213 725 Deus,
1245 667 1300 713 et
1339 661 1629 728 quomodo
1650 675 1810 715 verus
1835 668 1919 714 est

324 745 525 800 homo?
554 745 710 818 Resp.
733 748 878 803 Deus
907 751 1343 820 verus-est,.quia
1373 751 1440 805 de
1474 752 1679 823 Spiritu
1727 762 1916 808 sancto

322 845 619 909 conceptus
647 847 748 893 est.
788 839 960 896 Ilomo
988 856 1150 896 verus
1178 849 1291 907 est,
1330 843 1453 912 quia
1489 859 1553 898 ex
1600 843 1917 899 MariaVir—

322 931 448 1001 gine
473 940 633 985 natus
660 941 763 985 est.
790 931 959 986 Inter.
992 931 1134 988 Ecce
1160 933 1310 987 illum
1335 942 1542 988 natum.
1569 934 1706 1002 Quid
1728 945 1914 1006 postea

321 1023 523 1079 factum
548 1025 669 1079 est?
712 1023 869 1095 Resp.
914 1026 1043 1081 Post
1067 1036 1318 1082 sanctam
1347 1029 1492 1082 enim
1521 1026 1636 1095 ejus
1663 1028 1914 1082 nativita-

322 1125 430 1169 tem
451 1123 610 1169 aetate
637 1123 694 1170 et
722 1116 990 1185 sapientia
1032 1133 1285 1173 crescens
1316 1135 1424 1173 xxx
1454 1135 1626 1172 annos
1648 1118 1908 1187 implevit.

317 1205 376 1260 ln
407 1222 514 1276 qua
543 1207 707 1261 etiam
750 1217 910 1265 (etate
955 1225 986 1265 a
1013 1208 1221 1266 Joanne
1263 1211 1506 1281 Baptista
1545 1211 1796 1280 dignatus
1829 1216 1914 1266 est

317 1296 619 1366 baptizari,
646 1307 702 1353 et
723 1308 850 1370 post
873 1301 1202 1372 baptismum
1227 1303 1401 1357 tribus
1423 1302 1579 1356 annis
1610 1311 1664 1356 et
1687 1301 1910 1357 dimidio

317 1389 504 1443 docuit
537 1398 593 1444 et
619 1391 942 1460 praedicavit.
961 1393 1176 1458 omnia,
1197 1400 1318 1462 qua:
1342 1394 1410 1448 ad
1451 1394 1617 1448 vitam
1649 1401 1909 1448 aeternam

313 1480 606 1550 pertinent.
666 1481 834 1536 Inter.
903 1483 1034 1538 Post
1090 1484 1234 1540 hanc
1287 1483 1730 1554 praedicationem
1779 1484 1907 1553 quid

315 1569 518 1626 factum
565 1573 684 1627 est?
709 1572 865 1643 Resp.
893 1574 951 1629 ln
981 1575 1096 1643 ipsa
1128 1576 1514 1645 praedicatione
1542 1576 1904 1646 comprehen-

313 1680 406 1718 sus
434 1672 518 1719 est
556 1665 622 1719 ab
653 1665 850 1734 iniquis
877 1674 930 1720 et
957 1666 1182 1736 perﬁdis
1206 1665 1427 1732 Iudaeis,
1477 1683 1507 1721 a
1535 1667 1732 1737 quibus
1776 1683 1904 1738 pro-

2021 487 2116 528 seu
2144 475 2494 546 congregatio
2517 476 2973 544 Christianorum,
3001 479 3144 534 sicut
3175 481 3426 549 superius
3449 481 3577 536 dixi.

2090 563 2257 619 Inter.
2300 565 2490 621 Credis
2517 566 2571 620 in
2601 567 2981 624 remissionem
3023 571 3414 640 peccatorum?
3445 569 3603 642 Resp.

2016 653 2179 709 Non:
2211 656 2306 710 sed
2343 670 2463 711 esse
2489 658 2864 714 remissionem
2894 670 3241 729 peccatorum
3262 663 3447 718 credo.
3471 662 3607 731 Quia

2014 755 2238 816 propter
2265 747 2371 802 hoc
2417 744 2669 820 dignatus
2715 759 2800 805 est
2845 751 2940 807 Dei
2980 753 3149 809 Filius
3199 767 3417 809 carnem
3462 769 3612 810 assu-

2015 852 2184 901 mere,
2211 847 2270 892 ιιι
2300 854 2421 906 nos,
2445 841 2540 910 qui
2580 849 2804 910 propter
2832 850 3054 911 peccata
3085 852 3276 899 nostra
3323 844 3456 899 salvi
3487 860 3609 900 esse

2016 942 2124 982 non
2156 937 2487 997 poteramus,
2517 930 2634 1001 ejus
2665 933 3039 990 misericordia
3067 936 3425 992 salvaremur.

2088 1017 2256 1073 Inter.
2320 1021 2511 1076 Credis
2564 1024 2620 1078 in
2666 1027 2846 1080 carnis
2897 1029 3390 1084 resurrectionem?
3444 1031 3602 1101 Resp.

2014 1109 2132 1163 Non
2162 1111 2326 1166 credo
2354 1112 2408 1167 in
2452 1114 2623 1180 illam,
2653 1117 2746 1170 sed
2777 1132 3032 1183 carnem,
3054 1135 3217 1189 quam
3264 1121 3320 1175 in
3365 1123 3467 1177 hac
3494 1123 3602 1177 vita

2011 1201 2112 1257 sub
2174 1205 2391 1260 mortali
2449 1208 2761 1264 conditione
2797 1220 3077 1280 portamus
3104 1253 3118 1278 ,
3167 1222 3601 1268 resurrecturam

2011 1308 2131 1348 esse
2159 1294 2522 1352 immortalem
2544 1300 2731 1366 credo,
2763 1309 2816 1355 et
2842 1318 2941 1372 pro
2976 1305 3253 1359 consortio
3278 1306 3472 1360 anima:
3515 1323 3603 1359 ra-

2012 1383 2213 1439 tionem
2244 1386 2602 1444 reddituram.
2632 1391 2810 1446 Vitam
2838 1401 3096 1448 aeternam
3118 1410 3249 1450 vero
3285 1395 3401 1450 sine
3437 1395 3601 1450 dubio

2008 1491 2109 1531 nos
2132 1487 2523 1535 consecuturos
2561 1481 2865 1548 credamus,
2915 1485 2961 1538 si
3007 1485 3128 1549 ista,
3165 1501 3284 1554 quae
3319 1485 3600 1556 hucusque

2007 1570 2379 1638 exposuimus,
2409 1571 2642 1628 ﬁrmiter
2673 1581 2970 1643 teneamus,
3002 1585 3056 1632 et
3083 1577 3346 1646 operibus.
3371 1577 3599 1633 ﬁdeliter

2008 1661 2348 1731 impleamus.

311 1763 434 1823 pter
460 1755 716 1809 invidiam
741 1756 957 1811 illorum
979 1764 1034 1811 et
1053 1765 1275 1827 propter
1293 1765 1516 1827 peccata
1547 1765 1735 1812 nostra
1761 1758 1901 1813 mul-

2007 1770 2068 1828 Si
2104 1774 2340 1844 ejusdem
2382 1777 2510 1850 ﬁdei
2539 1779 2795 1850 rationem
2834 1779 3038 1850 plenius
3089 1797 3243 1836 nosse
3293 1781 3595 1847 desideras,

312 1854 396 1899 tas
437 1845 818 1915 blasphemiae,
873 1847 1180 1916 multasque
1227 1848 1509 1918 passiones
1559 1849 1659 1903 sub
1707 1847 1902 1903 Pontio

310 1935 501 2001 Pilato,
551 1937 642 2006 qui
680 1936 848 2009 judex
883 1945 1002 1992 erat
1025 1937 1115 1992 illo
1149 1946 1388 2009 tempore
1423 1938 1475 1992 in
1503 1937 1705 2004 Iudaea,
1737 1938 1900 1994 susti-

309 2028 446 2084 ltuit.

382 2119 547 2175 Inter.
603 2120 756 2177 Unde
805 2121 1005 2177 dicitur
1046 2119 1300 2177 Pontius?
1338 2120 1497 2193 Resp.
1542 2122 1583 2176 A
1629 2123 1773 2188 loco,
1805 2123 1897 2179 ubi

308 2220 470 2267 natus
500 2210 632 2278 fuit,
677 2213 782 2267 hoc
832 2228 1030 2267 nomen
1078 2212 1305 2282 accepit.
1358 2211 1539 2266 Inter-
1584 2212 1745 2279 Quid.
1777 2221 1898 2283 post

309 2303 462 2358 haec?
499 2302 656 2375 Resp.
698 2303 810 2358 Sub
843 2302 932 2356 illo
973 2303 1116 2358 enim
1156 2302 1451 2358 cruciﬁxus
1485 2311 1588 2366 est,
1621 2311 1677 2358 et
1715 2304 1770 2358 in
1801 2319 1895 2359 ea-

309 2396 428 2452 dem
473 2413 637 2453 cruce
672 2397 1174 2458 mortuus.,Deinde
1223 2397 1466 2467 sepultus
1493 2405 1600 2461 est,
1649 2404 1720 2459 et,
1778 2412 1896 2451 ma-

307 2494 471 2542 nente
499 2503 726 2558 corpore
771 2487 826 2541 in
873 2487 1171 2561 sepulcro,
1197 2488 1378 2542 anima
1412 2488 1530 2558 ejus
1569 2488 1636 2543 ad
1684 2487 1894 2544 inferna

307 2578 606 2644 descendit,
631 2579 695 2632 de
711 2594 818 2648 quo
833 2579 1044 2634 inferno
1061 2589 1278 2634 sanctos
1291 2581 1650 2650 patriarchas,
1678 2581 1730 2636 id
1747 2590 1890 2649 sunt,

303 2667 790 2733 Abraham,lsaac
837 2677 892 2723 et
944 2667 1130 2735 Iacob,
1185 2678 1240 2724 et
1285 2679 1504 2726 sanctos
1554 2673 1890 2742 prophetas,

302 2759 536 2824 Isaiam,
573 2758 894 2825 Ieremiam,
946 2768 1002 2814 et
1029 2761 1284 2832 reliquos,
1319 2758 1383 2818 ac
1412 2771 1637 2820 czeteros
1678 2781 1891 2833 omnes,

301 2869 444 2923 quos
471 2852 1108 2922 elegit,miserieorditer
1144 2854 1414 2923 liberavit,
1448 2863 1503 2911 et
1527 2857 1701 2913 victor
1725 2859 1888 2915 tertia

300 2945 391 2999 die
424 2958 456 2998 a
486 2942 714 2998 mortuis
746 2945 1062 2999 resurrexit.

375 3033 543 3090 Inter.
595 3035 885 3106 Postquam
939 3037 1277 3103 resurrexit,
1327 3037 1456 3106 quid
1510 3038 1672 3096 fecit?
1726 3039 1884 3113 Resp.

303 3124 432 3182 Post
462 3127 855 3183 nobilissimam
889 3129 1034 3184 enim
1065 3137 1122 3183 et
1149 3131 1551 3186 sanctissimam
1580 3126 1696 3200 ejus
1711 3149 1891 3189 resur-

301 3221 596 3276 rectionem
635 3230 987 3278 conversatus
1014 3232 1098 3277 est
1124 3239 1192 3278 χι.
1222 3223 1437 3291 diebus,
1463 3234 1519 3280 et
1546 3243 1612 3282 x1.
1643 3228 1892 3284 noctibus

299 3329 427 3370 cum
456 3314 738 3382 discipulis
767 3315 899 3379 suis,
930 3324 985 3369 et
1010 3316 1357 3371 manducavit
1379 3332 1504 3373 cum
1543 3317 1682 3384 illis,
1722 3318 1892 3375 multa

298 3407 502 3462 docens
531 3417 585 3462 et
618 3407 845 3476 loquens
878 3408 944 3462 de
983 3421 1152 3478 regno
1187 3408 1304 3463 Dei.
1627 3468 1636 3479 ,

371 3497 538 3551 Inter.
571 3497 711 3565 Quid
741 3499 965 3568 postea?
997 3498 1154 3570 Resp.
1203 3499 1331 3556 Post
1357 3502 1474 3557 haec
1523 3502 1891 3558 vero,viden-.

297 3591 446 3644 tibus
482 3589 589 3644 illis
619 3591 861 3644 ascendit
896 3591 949 3645 in
997 3591 1216 3658 cmlum,
1253 3594 1344 3647 ubi
1379 3595 1648 3663 quomodo
1681 3596 1795 3650 vult
1833 3604 1890 3650 et

297 3680 535 3752 qualiter
565 3682 711 3747 vult,
748 3681 898 3736 sedet
948 3682 1016 3736 ad
1053 3683 1331 3737 dexteram
1361 3684 1457 3739 Dei
1489 3685 1668 3740 Patris
1713 3687 1889 3741 omni-

296 3773 554 3843 potentis.
645 3761 658 3767 Χ

370 3863 536 3920 Inter.
582 3863 721 3930 Quid
766 3863 1005 3934 posthinc
1031 3864 1278 3919 facturus
1304 3864 1444 3918 erit?
1495 3863 1652 3935 Resp.
1705 3864 1886 3919 Finito

299 3955 484 4010 mundi
514 3957 746 4011 termino
772 3971 895 4010 cum
924 3955 1039 4024 ipso
1069 3971 1316 4026 corpore,
1350 3970 1473 4010 cum
1501 3970 1609 4025 quo
1637 3955 1887 4010 ascendit

298 4047 368 4101 in.
394 4045 614 4111 coelum,
645 4055 905 4100 venturus
933 4053 1017 4101 est
1063 4045 1310 4116 judicare
1341 4045 1492 4100 vivos
1520 4055 1576 4100 et
1618 4054 1880 4100 mortuos.

295 4134 465 4190 Inter.
513 4135 614 4202 Qui
647 4145 773 4190 sunt
801 4137 906 4190 vivi
937 4144 992 4191 et
1020 4137 1112 4206 qui
1135 4145 1263 4191 sunt
1288 4137 1521 4192 mortui?
1553 4135 1712 4207 Resp.
1763 4137 1884 4192 Vivi

287 4227 458 4297 justi;
493 4229 692 4283 mortui
730 4238 1060 4300 peccatores.

370 4320 534 4375 Inter.
563 4322 754 4377 Credis
777 4323 833 4376 in
874 4321 1451 4392 Spiritumsanctum?
1495 4322 1656 4393 Resp.
1700 4322 1876 4380 Credo

1919 3122 1967 3185 C

2401 1849 2464 1902 in.
2491 1849 2674 1903 ordine
2698 1850 2931 1920 sequenti
2954 1850 3199 1906 invenies.

2076 1955 2245 2012 Inter.
2294 1957 2394 2013 Die
2441 1959 2604 2024 mihi,
2643 1959 2970 2030 symbolum,
3023 1960 3078 2015 in
3121 1975 3228 2030 quo
3256 1963 3373 2016 haec
3401 1962 3591 2016 eadem

2004 2047 2139 2104 ﬁdes
2165 2049 2494 2116 continetur,
2523 2050 2678 2119 cujus
2706 2050 2883 2122 lingua
2910 2053 3170 2107 vocatur?
3194 2053 3261 2108 Et
3300 2070 3407 2124 quo
3455 2062 3589 2107 tem»

2000 2154 2152 2209 pore,
2185 2140 2268 2194 vel
2301 2155 2331 2194 a
2358 2141 2553 2210 quibus
2582 2143 2892 2198 auctoribus
2939 2143 3014 2197 sit
3054 2145 3435 2214 compositum.
3492 2143 3588 2198 Vel

2001 2231 2187 2294 etiam,
2217 2231 2307 2302 qui
2333 2232 2459 2286 illud
2483 2242 2924 2304 composuerunt,
2970 2250 3201 2304 quorum
3253 2237 3360 2290 sint
3404 2252 3590 2291 exeme-

1998 2320 2147 2391 plum
2179 2323 2500 2377 consecuti?
2531 2323 2688 2394 Resp.
2718 2322 2899 2403 Certe,
2945 2325 3131 2391 frater,
3168 2343 3292 2381 cum
3328 2329 3469 2383 scias
3504 2345 3589 2382 me

1997 2428 2226 2484 parvum
2252 2428 2360 2468 non
2396 2414 2569 2469 solum
2593 2429 2841 2484 corpore,
2883 2417 2976 2472 sed
3006 2425 3063 2472 et
3087 2432 3270 2483 sensu,
3297 2417 3453 2473 valde
3484 2419 3589 2474 dif-

1998 2505 2196 2562 ﬁcilem
2223 2507 2486 2562 rationem
2522 2523 2555 2562 a
2593 2523 2682 2562 me
2709 2508 2964 2578 requiris,
3011 2509 3106 2564 sed
3150 2518 3331 2566 tamen
3369 2519 3592 2581 propter

1998 2599 2240 2671 ejusdem
2271 2600 2397 2655 ﬁdei
2433 2599 2776 2656 dilectionem
2811 2615 2896 2665 ea,
2936 2616 3059 2670 qua
3089 2601 3156 2656 de
3205 2600 3296 2656 illa
3326 2600 3592 2657 Dominus

1997 2693 2131 2748 mihi
2159 2691 2541 2747 administrare
2574 2692 2844 2763 dignatur,
2877 2693 2973 2748 tibi
2996 2693 3235 2761 pandere
3279 2708 3389 2747 non
3427 2694 3592 2748 dene-

1998 2785 2156 2855 gabo.
2205 2783 2374 2839 Inter.
2406 2783 2521 2839 Nisi
2552 2783 2701 2839 enim
2731 2792 2878 2839 tuam
2908 2784 3251 2840 dilectionem
3299 2783 3461 2838 talem
3499 2799 3590 2838 co-

1996 2889 2338 2948 gnoscerem,
2365 2891 2711 2946 nequaquam
2732 2875 2860 2931 talia
2899 2891 2928 2931 a
2970 2884 3027 2932 te
3048 2875 3340 2946 requirere
3367 2874 3586 2930 debuis-

1995 2980 2132 3022 sem.
2164 2965 2321 3036 Resp.
2347 2965 2663 3036 Symbolum
2693 2981 2928 3036 namque
2960 2981 3156 3020 nomen
3203 2973 3288 3020 est
3307 2964 3586 3028 Graecum,

1997 3059 2139 3130 quod
2165 3059 2358 3114 Latine
2385 3057 2604 3114 collatio
2628 3058 2872 3128 pecunia:
2901 3058 3310 3126 interpretatur,
3347 3055 3500 3125 quod
3533 3062 3589 3107 et

1996 3150 2140 3205 beati
2190 3150 2421 3220 apostoli
2471 3157 2598 3221 post
2641 3148 3041 3218 susceptionem
3096 3147 3334 3218 Spiritus
3373 3147 3584 3204 sancti}

1993 3241 2310 3312 priusquam
2340 3239 2411 3294 ab
2443 3238 2678 3294 invicem
2703 3244 3105 3308 separarentur,
3138 3251 3238 3306 pro
3267 3236 3422 3306 signo
3460 3233 3586 3289 ﬁdei

1995 3339 2432 3402 composuerunt.
2473 3328 2581 3384 Sed
2628 3344 2859 3398 quorum
2890 3328 3197 3398 exemplum
3228 3329 3282 3383 in
3309 3329 3414 3383 hoc
3445 3326 3586 3382 facto

1993 3422 2224 3477 fuissent
2248 3421 2466 3486 imitati,
2491 3422 2790 3477 secundum
2819 3419 2964 3491 quod
2991 3419 3118 3490 legi,
3147 3420 3386 3475 breviter
3405 3429 3586 3474 osten-

1993 3513 2135 3567 dam.
2205 3513 2461 3580 Quzedam
2518 3512 2830 3568 Israeliticae
2877 3511 3053 3566 tribus
3107 3527 3231 3566 cum
3294 3511 3583 3565 adversum

1991 3619 2050 3658 se
2073 3603 2282 3657 civibus
2307 3600 2514 3673 [Forte,
2547 3601 2719 3675 civili]
2753 3601 2941 3673 praelio
2966 3603 3333 3665 decertarent,
3365 3609 3419 3654 et
3459 3614 3584 3668 pro-

1990 3704 2114 3764 pter
2143 3694 2303 3748 unius
2326 3693 2510 3765 populi
2537 3691 2750 3764 [SuppL
2780 3708 2931 3746 arma
2961 3692 3046 3746 vel
3093 3689 3291 3760 simile]
3321 3689 3403 3744 vel
3428 3689 3583 3742 habi‘s

1992 3794 2105 3839 tum
2130 3785 2272 3838 inter
2291 3784 2553 3838 bellantes
2593 3784 2850 3838 discretio
2885 3798 3005 3838 csse
3029 3799 3134 3838 non
3175 3790 3377 3853 posset,
3407 3782 3582 3835 tribus

1988 3873 2098 3938 illa,
2123 3875 2208 3927 cui
2225 3873 2424 3943 justior
2451 3879 2571 3924 erat
2598 3886 2761 3926 causa
2778 3871 3068 3941 pugnandi,
3103 3881 3158 3926 et
3183 3887 3280 3941 per
3301 3871 3396 3924 Dei
3426 3871 3580 3923 anxii-

1986 3962 2117 4016 lium
2155 3962 2438 4016 victoriam
2470 3976 2529 4014 se
2556 3961 2756 4015 habere
2799 3961 3041 4031 putabat,
3096 3961 3429 4031 signaculﬂm
3476 3961 3576 4016 sibi

1986 4062 2139 4109 certo
2165 4055 2219 4108 in
2266 4067 2518 4107 sermone
2570 4053 2872 4116 constituit,
2895 4062 2954 4106 ut
2996 4067 3132 4121 quos
3167 4053 3326 4107 unius
3361 4053 3581 4107 habitus

1983 4154 2039 4199 et
2057 4159 2169 4199 una
2212 4159 2494 4198 armorum
2517 4143 2810 4198 similitudo
2852 4143 3172 4199 confuderat
3219 4142 3409 4217 [ϐοείη
3449 4160 3579 4199 con-

1983 4232 2272 4305 funderat],
2319 4233 2631 4288 secretioris
2659 4234 2809 4288 verbi
2852 4234 3214 4305 distingueret
3262 4251 3577 4291 sacramen-

1983 4339 2116 4386 tum.
2158 4330 2310 4398 Quod
2345 4337 2400 4384 et
2420 4329 2566 4385 beati
2589 4329 2840 4400 apostoli,
2865 4329 2954 4400 qui
2990 4329 3290 4385 Ecclesiam
3321 4330 3414 4384 Dei
3442 4346 3574 4384 con-

293 4414 412 4468 sine
443 4415 605 4469 dubio
635 4415 688 4468 in
715 4413 979 4485 Spiritum
1005 4422 1274 4477 sanetum,
1314 4414 1407 4485 qui
1432 4415 1575 4470 idem
1607 4415 1753 4470 Deus
1796 4425 1882 4472 est
1913 4425 1958 4485 '_
1987 4433 2072 4478 ιη
2103 4423 2364 4478 malitiam
2392 4421 2641 4476 diabolici
2688 4419 2891 4478 furoris
2935 4421 3245 4484 armabant,
3281 4431 3335 4474 et
3385 4419 3576 4475 defen-

292 4505 429 4559 et'in
452 4504 716 4559 Trinitate
743 4505 899 4558 tertia
939 4519 1190 4575 persona.
1235 4505 1374 4572 Quia
1400 4506 1514 4561 alia
1532 4515 1617 4561 est
1645 4522 1878 4576 persona

291 4595 494 4661 Patris,
523 4596 624 4650 alia
654 4596 796 4660 Filii,
834 4596 940 4650 alia
977 4595 1213 4666 Spiritus
1244 4597 1436 4652 sancti.
1465 4598 1523 4650 ln
1561 4613 1668 4667 qua
1696 4598 1878 4654 Trini-

291 4695 409 4741 tate
431 4703 596 4740 unum
624 4686 797 4740 Deum
826 4687 1047 4741 omnino
1067 4701 1186 4742 esse
1211 4688 1375 4742 credo
1406 4695 1460 4742 et
1485 4688 1766 4742 conﬁteor.

367 4779 535 4834 Inter.
569 4777 756 4833 Credis
799 4777 854 4832 in
909 4786 1151 4832 sanctam
1198 4777 1497 4833 Ecclesiam
1551 4780 1875 4835 catholicam

289 4877 349 4924 et
371 4870 422 4922 in
456 4877 766 4923 sanctorum
797 4869 1280 4924 communionem?
1307 4868 1466 4939 Resp.
1511 4869 1642 4925 Esse
1672 4873 1874 4928 etenim

290 4973 536 5020 sanctam
579 4963 896 5028 Ecclesiam,
945 4962 1040 5018 sed
1075 4962 1130 5016 in
1172 4962 1320 5016 illam
1365 4979 1470 5017 non
1512 4965 1698 5030 credo,
1748 4967 1874 5035 quia

289 5074 400 5114 non
431 5057 591 5124 Deus,
617 5058 712 5113 sed
741 5058 1188 5113 convocatio-seu
1226 5057 1574 5128 congregatio
1610 5057 1876 5114 Christia-

288 5149 641 5223 norumjcst]
676 5151 816 5205 sicut
850 5151 1099 5220 superius
1140 5161 1167 5190 α
1204 5149 1333 5203 dixi.
1385 5147 1554 5202 Inter.
1602 5148 1742 5215 Quid
1793 5160 1876 5207 est

287 5243 592 5300 catholica?
620 5241 776 5312 Resp.
812 5240 1176 5303 Universalis,
1217 5239 1269 5292 id
1313 5247 1416 5304 est,
1443 5255 1541 5308 per
1572 5247 1746 5293 totum
1779 5255 1872 5294 or-

286 5336 413 5390 bem
453 5332 665 5388 diﬁ‘usa.
701 5332 1022 5387 Sanctorum
1051 5329 1508 5394 communionem,
1539 5330 1591 5384 id
1619 5339 1722 5395 est,
1748 5347 1872 5386 cum

287 5429 498 5484 sanctis
535 5427 850 5482 societatem
896 5434 951 5480 et
989 5425 1420 5479 communionem
1446 5423 1649 5478 habere
1692 5424 1872 5490 credo,

286 5519 331 5574 si
375 5518 534 5573 ﬁdem
559 5517 788 5571 ﬁrmiter
826 5525 1048 5570 tenuero
1074 5521 1143 5566 et'
1164 5513 1418 5583 Operibns
1441 5527 1747 5568 servavero.
1784 5513 1876 5569 In-

287 5622 394 5665 ter.
434 5609 675 5664 Ecclesia
713 5624 817 5678 qua
850 5608 1030 5677 lingua
1067 5605 1304 5660 dicitur?
1333 5603 1488 5677 Resp.
1517 5606 1726 5663 Gneca.
1782 5605 1875 5662 In-

362 5738 388 5765 ·
420 5723 604 5779 Potius
651 5721 875 5777 inferius
903 5721 1048 5776 circa
1078 5717 1258 5773 ﬁnem.

1983 4531 2139 4571 seres
2171 4530 2236 4569 ac
2263 4523 2692 4586 propugnatores
2739 4512 2879 4568 illius
2909 4521 3069 4567 erant
3116 4512 3304 4575 futuri,
3337 4512 3440 4566 hoc
3489 4527 3575 4566 se-

1980 4614 2210 4678 quentes
2247 4605 2550 4675 exemplum
2579 4605 2894 4674 mysterium
2923 4601 3161 4674 symboli
3214 4601 3572 4656 tradiderunt.

1980 4700 2048 4754 Et
2078 4699 2202 4769 quia”
2249 4698 2350 4754 sub
2395 4712 2504 4751 uno
2548 4695 2767 4749 nomine
2814 4693 3017 4749 Christi
3070 4693 3405 4748 credentium
3457 4701 3577 4746 erat

1981 4790 2163 4845 futura
2200 4789 2516 4852 diversitas,
2556 4785 2892 4856 signaculum
2929 4783 3164 4855 symboli
3211 4784 3353 4838 inter
3387 4783 3575 4838 ﬁdeles

1978 4883 2326 4956 perﬁdosque
2374 4886 2720 4946 secerneret,
2777 4878 2900 4948 quis
2949 4875 3127 4932 ﬁdelis
3163 4876 3352 4946 quisve
3400 4875 3574 4930 hostis

1980 4983 2267 5048 appareret
2297 4971 2570 5028 Ecclesiae.

2051 5067 2219 5122 Inter.
2253 5064 2426 5120 Valde
2455 5063 2674 5135 placent
2697 5077 2817 5132 quin
2845 5063 3002 5127 dicis,
3052 5063 3097 5116 si
3130 5073 3308 5117 tamen
3350 5060 3584 5116 nominate

1980 5161 2193 5216 illarum
2216 5159 2475 5224 tribuum,
2501 5170 2803 5224 nomenque
2828 5155 3024 5210 secreti
3061 5153 3345 5218 sermonis,
3373 5153 3442 5208 de
3463 5169 3574 5223 quo

1979 5253 2216 5313 dixeras,
2257 5247 2498 5302 indicare
2538 5246 2823 5300 voluisses.
2879 5245 3036 5316 Resp.
3077 5244 3133 5298 Si
3160 5245 3263 5299 rite
3293 5245 3602 5308 recordor,,

1980 5341 2194 5403 faciam,
2245 5339 2386 5410 quod
2434 5338 2636 5408 petisti.
2673 5335 2808 5390 Cum
2837 5335 2993 5407 Jepte
3044 5337 3152 5392 dux
3182 5337 3430 5406 iustioris
3469 5338 3570 5393 tri-I

1979 5434 2080 5486 bus
2125 5429 2330 5484 Galaad
2380 5428 2724 5498 cognovisset
2776 5427 3025 5482 inimicos
3079 5423 3229 5493 ejus,
3281 5427 3453 5482 tribus
3492 5427 3574 5484 v'L-’

1978 5521 2172 5575 delicet
2222 5519 2461 5583 Eﬁ‘raim,
2518 5517 2779 5572 adversus
2833 5532 2891 5571 se
2940 5518 3251 5585 advenisse,
3282 5521 3568 5589 occupavit

1976 5612 2232 5668 continuo
2258 5609 2393 5665 vada
2425 5607 2699 5673 Iordanis,
2740 5625 2838 5679 per
2861 5625 2980 5680 quze
3016 5610 3089 5667 illi
3118 5613 3331 5668 reverti
3369 5613 3581 5671 debue-r
