3914 6178
365 298 502 355 “39

1156 290 1217 346 Β.
1256 290 1318 345 F.
1357 286 1584 345 ALBINI
1633 285 1766 340 SEU
1805 281 2082 340 ALCUINI
2118 282 2401 340 OPERUM
2440 278 2617 339 PARS
2660 283 2789 339 VIII.

3479 288 3615 344 ίιεο

363 417 507 462 rant.
538 405 641 472 Qui
668 405 795 458 dum
824 418 883 457 se
903 410 1181 472 superatos
1207 405 1614 472 cognoscerent,
1630 404 1686 451 et
1712 395 1778 451 de
1802 406 1937 465 prie-
1959 395 2012 456 Α
2036 394 2199 448 estde
2221 392 2419 466 Spiritu
2448 405 2630 450 sancto
2668 405 2823 450 natus
2850 412 2916 450 ex
2946 396 3123 453 Maria
3163 396 3398 470 Virgine.
3448 399 3618 471 Spiri-

367 499 439 552 lio
460 495 726 564 fugientes
751 506 851 563 per
868 493 1057 547 eadem
1078 491 1214 545 vada
1236 490 1465 545 evadere
1492 486 1733 542 volentes
1760 494 1936 539 trans—

366 588 528 643 eundi
562 584 833 641 licentiam
860 584 1234 654 postulabant,
1260 582 1773 650 interrogabantque
1799 593 1892 633 eos
1918 598 1931 633 :

372 678 523 734 Unde
566 676 736 733 estis?
785 674 884 742 Qui
914 676 1318 745 respondentes,
1348 674 1415 751 de
1432 671 1669 728 -Galaad.
1706 672 1933 726 Statim-1

366 780 473 835 que
500 765 605 819 illis
646 764 964 819 dicebatur:
1001 763 1058 819 Si
1094 765 1160 818 de
1190 763 1395 818 Galaad
1422 762 1575 825 estis,
1614 761 1774 818 dicite
1803 775 1936 831 ergo

368 855 626 922 Sebotetb,
658 857 800 925 quod
851 857 1237 926 interpretatur
1283 854 1451 923 spica.
1486 853 1639 920 Quod
1683 868 1803 908 cum
1851 853 1934 907 di-

367 962 489 1002 cere
517 962 622 1002 non
644 955 911 1018 poterant,
946 947 1193 1016 protinus
1222 946 1397 1014 capite
1424 944 1832 1009 truncabantur,
1876 952 1938 996 ut

365 1038 563 1092 secreti
598 1037 864 1093 sermonis
909 1036 1110 1091 veritas
1151 1036 1491 1105 probaretur.
1523 1033 1621 1088 llic
1665 1042 1749 1087 est
1792 1033 1937 1087 enim

367 1143 547 1183 sermo
582 1135 844 1193 secretus,
874 1142 1035 1196 quem
1070 1125 1435 1181 Galaaditides
1479 1125 1579 1180 sibi
1624 1139 1722 1194 pro
1773 1122 1940 1195 ωε

364 1220 520 1288 signo
545 1218 959 1273 constituerunt.
996 1216 1079 1271 Ad
1108 1216 1262 1285 cujus
1291 1215 1693 1269 similitudinem
1718 1215 1822 1268 nisi
1846 1212 1941 1267 fal»

364 1308 466 1374 lor,
496 1308 778 1379 praefatum
811 1306 1112 1379 symbolum
1152 1307 1295 1361 beati
1334 1305 1564 1375 apostoli
1602 1304 1941 1373 conscripse-

366 1407 511 1465 runt,
548 1408 611 1454 ut
633 1400 776 1454 inter
805 1399 991 1455 ﬁdeles
1014 1407 1068 1453 et
1090 1398 1332 1454 inﬁdeles
1373 1396 1659 1459 Ecclesiae,
1684 1396 1825 1450 sicut
1851 1410 1941 1449 su-

364 1491 549 1560 perius
592 1490 796 1545 dictum
848 1496 933 1543 est
964 1529 977 1554 ,
1029 1488 1313 1542 veritatem
1367 1485 1701 1540 credulitatis
1741 1484 1946 1539 discer-

365 1598 495 1637 nere
538 1583 867 1651 potuissent;
912 1580 1202 1650 incipiente
1244 1580 1403 1634 beato
1440 1579 1640 1642 Petro,
1687 1576 1780 1646 qui
1821 1576 1936 1630 ait:

365 1671 533 1727 Credo
551 1674 605 1725 in
624 1672 793 1725 Deum
810 1668 1022 1724 Patrem
1045 1672 1461 1741 omnipotentem,
1485 1677 1590 1723 etc.

2039 496 2151 539 tum
2173 485 2346 541 Deum
2374 501 2496 542 esse
2531 487 2788 542 Salvator
2831 489 2945 559 ipse
2970 502 3077 545 nos
3099 490 3283 546 docuit
3328 491 3516 548 dicens
3565 496 3619 547 iu

2034 579 2323 650 Evangelio
2357 598 2370 634 :
2412 580 2552 647 Quia
2600 580 2828 653 Spiritus
2876 583 3020 639 Deus
3052 594 3129 639 est
3158 584 3342 656 (Joan.
3388 603 3461 653 tv,
3503 589 3618 658 24).

2035 669 2101 723 Et
2126 670 2246 725 ideo
2282 678 2471 725 natum
2517 671 2791 727 Christum
2815 674 2881 728 de
2926 673 3134 744 Spiritu
3183 685 3374 731 sancto
3411 686 3466 732 et
3513 678 3624 733 Ma-

2035 758 2117 812 ria
2176 759 2398 829 Virgine
2448 761 2792 817 conﬁtemur.
2845 762 3110 833 Spiritum
3167 775 3414 821 sanctum
3443 770 3618 832 audis,

2035 864 2095 910 ut
2139 867 2351 927 partum
2399 859 2549 914 illum
2593 861 2894 915 mirabilem
2947 862 3107 917 simul
3147 871 3203 918 et
3242 863 3620 933 inculpabilem

2036 964 2409 1020 recognoscas.
2468 949 2735 1017 Quoniam
2797 953 3022 1008 cmleste
3068 962 3151 1008 est
3197 955 3341 1023 quod
3387 955 3623 1024 Spiritus

2037 1040 2167 1107 agit,
2191 1048 2245 1093 et
2273 1041 2586 1095 inviolatum
2614 1043 2755 1111 quod
2778 1051 2999 1099 sanctus
3036 1053 3311 1115 operatur.
3336 1044 3474 1100 Nam
3499 1061 3623 1100 cum

2040 1130 2373 1199 unigenitum
2401 1132 2496 1186 Dei
2529 1132 2809 1187 hominem
2855 1133 2970 1188 ﬁeri
3000 1135 3387 1204 redemptionis
3423 1144 3625 1192 nostra:

2038 1222 2335 1277 necessitas
2357 1220 2642 1292 ﬂagitaret,
2668 1223 2773 1278 hoc
2808 1223 3106 1280 nativitatis
3136 1241 3249 1279 sua:
3281 1226 3623 1297 privilegium

2036 1310 2270 1380 propriae
2291 1312 2588 1367 divinitatis
2610 1311 2813 1385 [Forte,
2831 1316 3049 1385 pmpria
3071 1316 3373 1389 divinitate]
3390 1318 3619 1382 invexit,

2039 1408 2100 1455 ut
2120 1400 2189 1456 de
2214 1401 2423 1472 virgine
2446 1399 2784 1458 nasceretur.
2814 1403 2917 1471 Qui
2943 1405 3087 1459 enim
3120 1406 3371 1461 veniebat
3415 1408 3622 1461 invete-

2042 1499 2216 1546 ratam
2242 1494 2483 1562 peccatis
2509 1493 2787 1548 hominum
2812 1510 3074 1550 renovare
3117 1505 3394 1563 naturam,
3424 1513 3627 1553 novam

2042 1581 2214 1650 legem
2265 1583 2435 1641 voluit
2491 1585 2692 1639 habere
2743 1585 3018 1641 nascendi.
3082 1586 3400 1657 Unigenitus
3464 1588 3627 1657 igitur

2046 1672 2141 1726 Dei
2166 1670 2341 1727 factus
2365 1680 2453 1728 est
2480 1674 2622 1729 ﬁlius
2640 1675 2891 1740 hominis,
2919 1684 2979 1731 ut
3003 1676 3095 1745 qui
3122 1686 3241 1731 erat
3262 1678 3449 1733 mundi
3472 1694 3625 1732 erea-

433 1760 601 1816 Inter.
646 1760 860 1830 Optima
905 1768 1033 1815 sunt
1087 1740 1263 1823 valde,
1293 1772 1413 1827 quae
1447 1759 1599 1813 dicis.
1646 1756 1752 1812 Sed
1789 1757 1940 1811 obse-
1970 1740 2016 1799 Β
2046 1773 2148 1829 tor,
2175 1763 2327 1819 ﬁeret
2348 1773 2403 1819 et
2424 1766 2750 1836 redemptor.

366 1868 484 1919 cro,
524 1860 586 1905 ut
612 1851 900 1921 quomodo,
949 1859 1042 1904 aut
1068 1850 1302 1919 qualiter
1329 1850 1414 1903 vel
1441 1851 1496 1904 in
1520 1865 1679 1919 quem
1717 1848 1939 1903 credere

366 1946 614 2007 debeam,
654 1942 934 2013 diligenter
955 1942 1186 2011 aperias.
1230 1940 1384 2012 Resp.
1413 1940 1574 1995 Juxta
1608 1940 1753 2010 quod
1780 1939 1941 1994 intel-

368 2036 496 2105 ligo,
535 2032 748 2088 faciam.
779 2033 1097 2088 Credendus
1117 2041 1201 2089 est
1229 2034 1346 2087 sine
1395 2033 1557 2088 dubio
1588 2032 1731 2086 Deus
1780 2031 1941 2088 Pater

364 2126 737 2195 omnipotens,
783 2125 937 2195 cujus
985 2126 1064 2180 sic
1097 2125 1270 2179 virtus
1307 2125 1556 2190 sentitur,
1587 2133 1646 2178 ut
1667 2125 1940 2194 quantitas

366 2217 484 2286 ejus
516 2226 571 2272 et
600 2217 832 2286 qualitas
860 2218 1156 2287 ignoretur.
1196 2217 1327 2272 Esse
1356 2216 1501 2271 enim
1531 2217 1671 2271 illius
1698 2223 1753 2271 et
1781 2228 1942 2285 posse

366 2324 475 2363 non
503 2308 841 2363 discutiendo
872 2308 1230 2376 assequimur,
1259 2307 1353 2362 sed
1376 2307 1665 2362 credendo.
1691 2305 1749 2360 In
1779 2321 1941 2375 quem

369 2409 551 2456 autem
581 2399 808 2455 credere
851 2401 1163 2466 debeamus,
1207 2400 1400 2455 edocet
1446 2415 1544 2454 nos
1585 2399 1944 2469 redemptoris

366 2492 535 2548 nostri
577 2491 870 2555 auctoritas
914 2492 1097 2547 dicens
1139 2509 1152 2546 :
1198 2490 1299 2557 Qui
1339 2489 1512 2544 credit
1554 2490 1611 2543 in
1658 2505 1745 2543 me
1788 2496 1845 2543 et
1887 2488 1943 2545 in

366 2598 489 2636 eum
533 2582 623 2651 qui
676 2596 762 2636 me
809 2581 988 2646 misit,
1034 2581 1198 2635 habet
1243 2580 1411 2637 vitam
1456 2586 1715 2633 aeternam
1756 2576 1939 2647 (Ioau.

368 2689 449 2738 tu,
481 2672 590 2744 15).
618 2673 688 2727 Et
707 2672 834 2725 alibi
866 2689 878 2726 :
908 2669 1114 2724 Credite
1140 2672 1196 2724 in
1232 2670 1420 2734 Deum,
1468 2678 1515 2722 et
1552 2670 1609 2722 in
1640 2685 1724 2722 me
1750 2668 1943 2722 credite

368 2762 555 2827 (Ibid.,
589 2762 672 2826 M,
713 2761 773 2832 ι).
808 2761 931 2816 Plus
956 2762 1122 2826 enim,
1147 2759 1336 2827 frater,
1364 2760 1496 2814 mihi
1516 2766 1622 2823 est,
1649 2758 1791 2829 quod
1818 2758 1940 2814 ﬁdei

367 2851 536 2905 oculis
563 2850 807 2906 videmus
826 2890 842 2917 ,
867 2864 1028 2921 quam
1072 2864 1263 2905 sensus
1307 2856 1488 2905 noster
1514 2848 1746 2906 carnalis
1772 2848 1943 2919 possit

369 2942 703 3012 conspicere.

438 3033 605 3088 Inter.
634 3035 808 3091 Credo
837 3037 1073 3098 omnino,
1104 3036 1244 3091 sicut
1280 3034 1432 3090 dicis.
1472 3034 1578 3090 Sed
1625 3042 1749 3104 peto
1775 3040 1833 3086 ut
1860 3032 1941 3087 di—

368 3142 462 3181 cas
489 3125 620 3198 quid
645 3127 699 3182 in
726 3128 856 3195 Deo,
894 3130 1025 3200 quid
1056 3130 1109 3184 in
1135 3128 1318 3192 Patre,
1353 3128 1551 3198 quidve
1596 3127 1649 3181 in
1698 3126 1943 3196 omnipon

372 3225 519 3273 tente
559 3219 783 3275 debeam
832 3212 1165 3293 intelligere?
1207 3218 1365 3290 Resp.
1415 3218 1474 3272 In
1521 3218 1633 3274 Deo
1682 3217 1950 3287 siquidem

369 3315 564 3363 natura
593 3308 956 3377 innascibilis;
986 3311 1040 3364 in
1077 3310 1240 3365 Patre
1283 3308 1545 3380 unigeniti
1594 3308 1798 3363 veritas
1828 3324 1840 3360 :
1892 3306 1946 3362 in

369 3384 740 3467 omiiipotente
760 3414 888 3454 vero
909 3400 1184 3469 plenitudo
1207 3400 1422 3454 virtutis
1446 3398 1768 3453 ostenditur.

440 3484 604 3541 Inter.
634 3487 944 3554 Quomodo?
988 3488 1144 3559 Resp.
1189 3488 1286 3544 Est
1330 3502 1564 3556 namque
1592 3502 1689 3556 per
1734 3485 1944 3555 ingeni-

376 3585 486 3630 tam
531 3576 790 3632 deitatem
845 3577 1204 3647 omnipotens,
1247 3587 1304 3633 et
1351 3592 1451 3645 per
1496 3577 1947 3647 omnipotentiam

372 3664 550 3721 Pater.
617 3667 733 3723 Non
783 3668 928 3725 enim
970 3668 1245 3737 inquirere
1289 3669 1547 3724 debemus
1599 3667 1830 3737 qualiter
1877 3670 1948 3724 sit

369 3759 565 3823 Pater,
596 3758 722 3828 quia
768 3758 1000 3829 qualiter
1042 3758 1184 3814 Deus
1210 3759 1281 3815 sit
1322 3766 1415 3814 aut
1459 3760 1799 3830 omnipotens
1838 3777 1947 3816 non

372 3856 551 3919 potest
576 3849 825 3905 humanis
855 3851 1124 3906 mentibus
1146 3849 1551 3920 comprehendi.

441 3939 606 3997 Inter.
640 3941 817 4008 Ratio,
844 3958 1004 4012 quam
1029 3944 1097 3999 de
1121 3945 1297 4015 primo
1324 3960 1485 3999 versu
1513 3944 1806 4015 protulisti,
1846 3945 1950 4000 hac

371 4032 490 4087 vice
512 4031 755 4088 sullicere
782 4042 975 4102 potest.
1004 4033 1109 4090 Sed
1135 4034 1254 4106 quis
1285 4035 1580 4091 secundum
1616 4035 1948 4105 composuis-

373 4129 477 4188 set,
504 4122 589 4176 vel
620 4123 852 4193 qualitcr
874 4139 998 4178 eum
1035 4124 1339 4195 intelligere
1367 4124 1610 4189 debeam,
1644 4125 1944 4180 innotesce.

374 4208 531 4283 Resp.
560 4210 806 4267 Andreas
828 4215 1122 4267 secundum
1146 4228 1363 4269 versum
1390 4215 1696 4283 composuit
1718 4215 1904 4270 dicens
1928 4234 1942 4270 :

373 4299 443 4354 Et
464 4301 518 4353 in
547 4298 730 4355 Iesum
757 4297 1022 4356 Christum
1060 4300 1260 4357 Filium
1288 4302 1400 4374 ejus
1428 4304 1642 4358 unicum
1664 4302 1947 4358 Dominum

374 4398 626 4445 nostrum.
652 4388 805 4450 Sicut
834 4392 974 4448 enim
1000 4393 1215 4449 Patrem
1255 4409 1435 4449 rerum
1476 4395 1715 4449 omnium
1741 4394 1907 4450 Deum
1925 4435 1941 4459 ,
1976 4401 2042 4489 DD

372 4480 449 4536 ita
469 4491 681 4554 oportet
709 4500 808 4539 nos
831 4493 888 4539 et
905 4483 1095 4538 Filium
1123 4485 1238 4554 ejus
1265 4484 1547 4539 Dominum
1582 4494 1825 4539 nostrum
1852 4484 1939 4541 Je—

374 4589 492 4626 sum
531 4573 822 4641 Christum,
853 4576 946 4646 qui
970 4583 1053 4631 est
1073 4574 1308 4631 Verbum
1339 4573 1525 4642 ipsius,
1552 4572 1819 4638 conﬁteri,
1848 4589 1942 4628 cu-

370 4662 459 4733 jus
492 4664 811 4734 principium
838 4682 905 4721 ex
948 4666 1064 4737 ipso
1104 4674 1187 4721 est
1210 4706 1225 4731 ,
1251 4666 1377 4736 quia
1409 4664 1552 4721 Deus
1577 4665 1813 4720 Verbum
1836 4673 1940 4720 est.

376 4753 529 4823 Quod
560 4764 739 4812 autem
761 4756 1010 4814 Christus
1032 4768 1114 4815 est
1143 4757 1335 4825 factus,
1366 4757 1458 4828 qui
1492 4757 1659 4813 Filius
1680 4766 1817 4822 erat,
1841 4758 1946 4813 dis~

373 4848 619 4918 pensatio
636 4856 718 4904 est
744 4851 1126 4919 redemptionis
1149 4854 1413 4908 humanae.
1440 4852 1591 4920 Quod
1614 4868 1743 4908 vero
1758 4852 1941 4923 Domi,-

375 4953 477 4993 nns
500 4947 603 5004 est,
634 4940 700 4995 de
724 4941 1053 5011 proprietate
1076 4952 1283 4997 natum
1305 4952 1407 4998 est.
1446 4944 1647 5000 Unicus
1676 4943 1940 5013 siquidem

328 5014 341 5031 ’
375 5029 457 5084 vel
484 5030 790 5100 unigenitus
811 5033 1160 5088 annuntiatur
1186 5041 1241 5088 et
1266 5034 1523 5096 creditur,
1550 5033 1678 5104 quia
1698 5049 1837 5088 unus
1868 5033 1942 5087 ita

370 5129 454 5174 est
482 5124 714 5192 genitus,
748 5139 918 5194 neque
938 5124 1101 5180 habet
1129 5123 1309 5197 [Cod.,
1342 5124 1497 5197 libet]
1514 5126 1566 5180 in
1589 5127 1793 5183 unitate
1815 5142 1943 5181 con~

371 5222 594 5268 sortem.
622 5212 821 5269 Filium
843 5216 1018 5281 audis,
1044 5232 1152 5271 non
1181 5227 1240 5271 ut
1268 5216 1415 5269 illum
1462 5217 1639 5285 aliquo
1661 5232 1792 5271 sexu
1830 5216 1941 5269 edi-

374 5310 484 5359 tum
515 5312 694 5376 putes,
742 5306 837 5363 sed
874 5315 935 5363 ut
980 5307 1171 5369 credas
1208 5304 1736 5377 incomprehensibili
1778 5306 1943 5375 maje-

370 5399 513 5450 state
554 5395 723 5451 Deum
754 5400 1023 5468 prodiisse
1072 5400 1139 5457 de
1186 5398 1325 5467 Deo,
1372 5407 1432 5457 ut
1460 5399 1575 5470 ipse
1616 5399 1734 5459 ait:
1768 5396 1883 5468 Ego
1909 5414 1943 5450 a

371 5481 533 5541 Patre
553 5489 709 5559 exiri,
740 5499 789 5545 et
814 5492 927 5546 veni
944 5492 1000 5547 in
1026 5494 1165 5548 hunc
1191 5492 1445 5548 mundum
1468 5490 1649 5564 (Joan.
1680 5507 1790 5557 ιη,
1826 5489 1939 5565 28).

441 5575 605 5633 Inter.
638 5581 880 5639 Tertium
921 5601 1137 5641 versum
1174 5585 1296 5657 quis
1322 5584 1641 5654 composuit,
1683 5592 1778 5638 aut
1813 5584 1948 5654 quid

372 5665 426 5724 in
450 5683 515 5724 eo
550 5670 896 5744 intelligitur?
926 5677 1077 5747 Resp.
1105 5676 1336 5735 Iacobus
1367 5679 1440 5733 ait
1476 5698 1486 5733 :
1521 5678 1624 5743 Qui
1667 5687 1940 5747 conceptus

2113 1894 2281 1950 Inter.
2310 1890 2502 1964 Quarti
2543 1912 2730 1953 versus
2773 1880 3208 1968 compositorem,
3236 1899 3350 1955 sive
3392 1900 3523 1968 quid
3572 1902 3629 1954 in

2038 2002 2104 2041 eo
2144 1986 2505 2052 contineatur,
2530 2003 2756 2057 expone.
2807 1988 2962 2060 Resp.
3002 1988 3203 2045 Beatus
3232 1989 3469 2045 Joannes
3502 2006 3627 2061 apo-

2040 2077 2210 2133 stolus
2252 2086 2508 2146 quartum
2541 2080 2842 2149 composuit
2872 2094 3113 2145 versum,
3153 2080 3340 2136 dicens
3372 2098 3386 2132 :
3419 2077 3624 2134 Passus

2040 2166 2135 2222 sub
2176 2163 2371 2221 Pontio
2406 2165 2607 2233 Pilato,
2641 2168 2947 2237 cruciﬁxus,
2985 2180 3220 2223 mortuus
3268 2180 3314 2223 et
3336 2167 3571 2238 sepultus
3602 2185 3622 2221 :

2039 2258 2145 2313 Iste
2169 2258 2374 2314 Pilatus
2390 2259 2565 2330 judex
2601 2271 2719 2315 erat
2741 2260 2830 2314 illo
2860 2269 3101 2330 tempore
3130 2262 3182 2315 in
3203 2259 3384 2315 Judzea
3412 2277 3441 2315 a
3470 2261 3625 2314 Tibe-

2041 2351 2124 2405 rio
2150 2350 2363 2406 Cresare
2386 2352 2732 2416 constitutus,
2763 2352 2863 2407 sub
2889 2368 2996 2421 quo
3019 2352 3272 2405 Dominus
3301 2366 3495 2421 passus
3516 2359 3621 2414 est,

2042 2442 2133 2513 qui
2159 2443 2321 2498 etiam
2349 2443 2573 2498 Pontius
2597 2459 2624 2496 a
2654 2442 2793 2507 loco,
2823 2442 2965 2497 unde
2985 2451 3143 2497 natus
3168 2449 3268 2505 est,
3299 2441 3617 2511 appellatur.

2042 2532 2196 2589 Hunc
2216 2534 2399 2604 itaque
2422 2532 2711 2588 Dominum
2743 2542 2984 2588 nostrum
3024 2533 3211 2590 Jesum
3240 2532 3511 2588 Christum
3541 2532 3617 2586 si-

2042 2633 2133 2678 cut
2175 2623 2474 2695 perfectum
2521 2624 2730 2689 Deum,
2780 2624 2857 2679 ita
2903 2632 2959 2680 et
3007 2624 3303 2696 perfectum
3346 2624 3621 2679 hominem

2043 2714 2294 2770 conﬁteri
2323 2714 2599 2769 debemus.
2655 2714 2733 2768 De
2777 2714 2932 2785 cujus
2970 2730 3128 2769 cruce
3171 2714 3315 2769 nulla
3350 2714 3423 2767 sit
3469 2714 3619 2768 nobis

2042 2801 2305 2868 confusio,
2341 2804 2467 2874 quia
2498 2803 2759 2859 habemus
2803 2804 2867 2858 de
2893 2804 3011 2875 ejus
3034 2804 3284 2874 passione
3317 2804 3617 2859 victoriam.

2043 2893 2195 2950 Sicut
2223 2895 2366 2951 enim
2395 2894 2490 2948 Dei
2517 2894 2687 2948 Filius
2717 2910 2822 2949 non
2851 2895 2973 2960 sibi,
3009 2895 3100 2950 sed
3131 2895 3285 2949 nobis
3315 2903 3475 2948 natus
3501 2901 3581 2948 est
3600 2933 3621 2957 ι

2045 2984 2119 3038 ita
2147 2983 2525 3039 immaculatus
2552 2984 2651 3037 Dei
2695 2983 2881 3055 Agnus
2903 3000 3011 3039 non
3041 2984 3165 3050 sibi,
3213 2985 3306 3039 sed
3346 2985 3501 3039 nobis
3539 2992 3619 3039 est

1969 3085 2015 3147 ς
2043 3090 2255 3145 passus.
2284 3075 2415 3143 Quis
2437 3083 2617 3129 autem
2640 3089 2744 3128 non
2775 3076 2969 3129 mirum
2994 3078 3237 3130 advertat
3266 3091 3385 3131 esse
3424 3084 3625 3145 myste—

2048 3166 2209 3232 rium,
2245 3166 2336 3220 ubi
2360 3167 2472 3236 ipse
2497 3164 2842 3236 praedicatur,
2870 3166 2963 3235 qui
2994 3166 3135 3221 Deus
3163 3174 3265 3229 est,
3297 3174 3351 3220 et
3384 3165 3474 3219 ubi
3518 3166 3618 3220 Do-

2047 3258 2209 3314 minis
2255 3258 2627 3324 annuntiatur,
2675 3261 2766 3328 qui
2822 3260 3084 3314 asseritur
3122 3258 3445 3315 cruciﬁxus?
3488 3258 3616 3313 Nam

2047 3361 2263 3402 crucem
2285 3345 2448 3411 illam,
2493 3346 2544 3400 in
2584 3361 2692 3416 qua
2734 3346 2979 3403 conﬁxus
3004 3354 3086 3403 est
3110 3336 3354 3420 corpore,
3406 3365 3503 3404 nos
3532 3365 3618 3420 ge-

2050 3446 2257 3494 stamus
2294 3438 2348 3491 in
2395 3439 2587 3493 fronte.
2615 3440 2684 3494 Et
2731 3440 2851 3495 ideo
2898 3440 3172 3497 illusiones
3210 3451 3267 3496 et
3304 3445 3617 3513 opprobria,

2046 3537 2403 3597 mortemque,
2433 3544 2597 3599 quam
2623 3531 2901 3599 sustinuit,
2943 3548 3050 3586 non
3078 3533 3332 3588 debemus
3376 3534 3618 3604 suspiriis

2047 3622 2418 3694 ingemiscere,
2447 3622 2543 3676 sed
2585 3624 2855 3678 coutinuis
2880 3623 3126 3679 laudibus
3158 3624 3452 3679 celebrare.
3482 3624 3619 3692 Quo«

2047 3712 2194 3766 niam
2220 3711 2352 3766 satis
2374 3711 2691 3781 abundeque
2719 3714 2942 3785 gloriam
2984 3715 3250 3785 passionis
3274 3715 3391 3783 ejus
3439 3726 3619 3770 osten-

2047 3803 2241 3857 derunt
2270 3803 2552 3872 repentina
2581 3804 2882 3860 obscuritas
2924 3805 3070 3871 solis,
3096 3814 3301 3860 tremor
3329 3817 3613 3869 terrarum,

2048 3906 2303 3946 saxorum
2328 3890 2542 3957 divisio,
2574 3899 2630 3945 et
2675 3893 3001 3947 resurrectio
3030 3902 3385 3948 mortuorum.
3437 3894 3624 3964 ὃεριιι-Δ

2046 3990 2135 4037 tus
2156 3988 2241 4037 est
2287 3991 2488 4045 autem,
2539 3982 2666 4053 quia
2695 3997 3033 4053 consequens
3077 3994 3214 4049 erat,
3247 3996 3306 4039 ut
3341 3986 3436 4055 qui
3483 4002 3619 4041 mor-

2048 4056 2170 4128 tuus
2197 4071 2392 4138 fuerat,
2422 4073 2690 4142 acciperet
2726 4075 3074 4143 sepulturam.
3108 4075 3350 4142 Qualiter
3390 4077 3459 4131 ad
3499 4092 3619 4133 con-

2046 4160 2361 4217 solationem
2392 4163 2724 4232 sepultorum
2770 4164 3198 4221 benedictionem
3220 4169 3463 4237 corporis
3506 4167 3619 4237 ejus

2046 4264 2189 4310 terra
2218 4255 2542 4325 susciperet,
2580 4262 2641 4308 ut
2690 4256 2782 4326 qui
2814 4272 2943 4311 vere
2990 4267 3236 4313 mortuus
3276 4260 3617 4325 cernebatur,

2046 4363 2174 4402 vere
2200 4361 2229 4400 a
2261 4347 2487 4401 mortuis
2514 4346 2721 4402 redisse
2750 4348 3087 4404 crederetur.

2111 4487 2276 4542 Inter.
2301 4487 2484 4558 Quinti
2498 4502 2685 4544 versus
2705 4488 3115 4559 compositorem
3132 4488 3357 4559 ejusque
3370 4492 3622 4561 explauar

2042 4581 2245 4637 tionem
2281 4596 2311 4634 a
2342 4588 2394 4636 te
2429 4580 2614 4635 audire
2655 4581 2918 4637 desidero.
2953 4579 3108 4651 Resp.
3154 4582 3436 4652 Philippus
3462 4586 3617 4654 quin-

2044 4680 2157 4726 tum
2186 4684 2400 4726 versum
2428 4670 2678 4739 exposuit
2702 4670 2886 4725 dicens
2920 4684 2935 4723 :
2965 4670 3243 4726 Descendit
3279 4675 3350 4728 ad
3374 4676 3581 4743 inferna
3601 4717 3617 4740 ,

2043 4761 2199 4816 tertia
2221 4759 2306 4813 die
2331 4759 2613 4813 resurrexit
2637 4776 2671 4812 a
2691 4759 2930 4813 mortuis.
2958 4758 3016 4814 In
3048 4761 3149 4816 hoc
3177 4762 3324 4816 cnim
3337 4763 3617 4819 Trinitatis

2045 4850 2381 4921 mysterium,
2412 4857 2467 4903 et
2493 4848 2758 4903 naturalis
2776 4849 2910 4920 legis
2928 4852 3231 4906 ostenditur
3250 4854 3531 4919 resolutio,
3560 4865 3617 4909 ut

2045 4941 2318 4997 hominem
2339 4940 2395 4994 in
2426 4939 2636 4995 inferno
2660 4941 2893 5010 positum
2919 4941 3157 4997 elevaret
3182 4944 3251 4998 ad
3273 4944 3496 5000 omium.
3528 4947 3619 5000 De

2045 5031 2204 5087 cebat
2244 5030 2387 5085 enim
2425 5039 2486 5085 ut
2520 5045 2685 5095 mors,
2713 5045 2832 5100 qua:
2856 5045 2953 5100 per
2982 5032 3255 5088 hominem
3284 5034 3615 5091 subintrave

2046 5129 2150 5189 rat,
2168 5135 2266 5191 per
2287 5121 2559 5176 hominem
2585 5120 2905 5176 solveretur.
2927 5121 2996 5176 Et
3007 5123 3147 5179 sicut
3165 5125 3458 5190 credimus,
3480 5128 3615 5197 quod

2046 5212 2238 5268 mortis
2264 5220 2372 5275 est,
2409 5212 2485 5267 ita
2533 5212 2721 5281 utique
2763 5213 3069 5279 credamus,
3098 5215 3241 5286 quod
3270 5217 3397 5273 vitas
3424 5227 3525 5274 est.
3554 5218 3616 5272 Et

2045 5304 2185 5358 sicut
2232 5303 2285 5358 in
2314 5302 2565 5373 passione
2594 5304 2911 5374 mysterium
2948 5312 3032 5361 est
3075 5307 3314 5377 pietatis,
3344 5311 3417 5364 ita
3445 5310 3499 5365 in
3534 5326 3614 5364 ne-

2046 5395 2378 5453 surrectione
2403 5395 2646 5466 operatio
2667 5394 2884 5465 pietatis
2906 5394 3108 5463 iForte,
3129 5400 3460 5473 potestatis],
3480 5402 3615 5456 sicut

2046 5488 2162 5559 ipse
2185 5488 2263 5544 ait
2290 5507 2303 5542 :
2331 5484 2650 5545 Potestatem
2690 5489 2855 5545 habeo
2883 5494 3113 5562 ponendi
3139 5497 3373 5552 animum
3406 5514 3571 5552 meatu
3595 5537 3611 5560 ,

2044 5593 2093 5638 et
2117 5593 2425 5655 potestatem
2458 5584 2621 5640 habeo
2662 5586 2855 5640 iterum
2902 5588 3141 5644 sumendi
3184 5609 3301 5646 eam
3339 5592 3521 5663 (locu.
3556 5610 3616 5657 ιι

2048 5676 2155 5746 l8).
2180 5674 2308 5743 Quis
2336 5676 2479 5731 enim
2503 5676 2697 5731 stultus
2715 5693 2817 5734 non
2841 5678 3027 5735 credat
3051 5680 3198 5737 illum
3226 5684 3610 5751 rcsurrexisse,
