3918 6188
447 270 586 325 1145

1256 277 1318 334 Β.
1351 281 1415 336 F.
1448 279 1674 337 ALBINI
1712 278 1844 335 SEU
1883 277 2160 334 ALCUINI
2199 277 2478 334 OPERUM
2516 276 2696 333 PARS
2735 277 2866 333 VIII.

3549 283 3701 337 1144

444 393 559 439 tata
593 387 906 456 resurgendi
951 389 1194 459 exempla
1222 392 1497 460 capiamus
1521 431 1538 455 ,
1577 391 1686 462 ipse
1729 392 1820 447 hic
1861 407 2014 446 mun—
2036 402 2085 458 Α
2112 389 2240 458 quid
2278 388 2683 458 intelligendum
2713 389 2829 445 est?
2852 387 3007 456 Resp.
3039 390 3083 443 A
3122 389 3339 446 Christo
3362 393 3506 447 enim
3532 395 3701 450 Chri-

445 478 546 532 dus
571 481 772 533 amissa
796 487 1118 550 receptaque
1142 482 1354 538 decoris
1368 483 1453 539 sui
1489 486 1674 552 specie
1699 491 1754 537 et
1778 483 1975 538 occidit
1991 523 2006 548 ,

444 576 500 623 et
534 570 788 639 resurgit.
821 570 1210 627 Documentum
1249 573 1504 627 nimirum
1539 579 1734 629 futurae
1773 589 2012 629 resurre~

445 661 641 716 ctionis
669 663 986 734 accipimus,
1008 681 1131 720 cum
1154 666 1525 721 commendata
1549 666 1715 722 sulcis
1741 667 2010 722 frumenta

445 751 501 804 in
527 751 779 821 stipulam
824 769 979 808 suam
1029 755 1271 819 redeunt,
1325 763 1381 810 et
1420 757 1692 812 renovatis
1729 756 2010 813 frondibus

444 839 675 910 spoliata
723 843 843 913 gelu
887 859 1105 899 nemora
1161 847 1514 902 revirescunt.
1559 846 1763 903 Cuncta
1807 849 1968 904 etiam
1993 890 2008 914 ,

445 945 566 998 qua":
611 939 756 987 terra
804 933 1053 1002 producit
1095 945 1189 989 aut
1231 937 1436 992 semine
1481 945 1575 992 aut
1613 939 1796 994 radice
1831 939 2012 994 multi-

443 1020 640 1089 plicata
671 1023 985 1078 redduntur.
1015 1024 1144 1092 Quae
1167 1035 1347 1081 autem
1372 1029 1568 1084 duritia
1592 1032 1772 1085 cordis
1792 1040 1874 1086 est
1903 1047 2011 1086 non

443 1112 666 1167 credere
703 1113 988 1169 reformari
1016 1116 1308 1183 hominem,
1339 1134 1464 1174 cum
1491 1121 1692 1185 omnia,
1725 1137 1843 1191 qua:
1869 1121 2012 1176 facta

445 1209 590 1265 sunt,
643 1212 980 1272 reparentur.
1041 1203 1214 1261 Vitam
1255 1217 1504 1262 wternam
1529 1249 1544 1275 ,
1588 1211 1730 1280 quod
1771 1211 2014 1280 sequitur

444 1292 648 1361 absque
684 1295 788 1348 ulla
819 1297 1151 1354 dubitatione
1178 1315 1277 1355 nos
1301 1311 1684 1358 consecuturos
1709 1304 2011 1370 credamus,

443 1381 486 1434 si
531 1385 664 1449 haec,
697 1400 816 1454 qua:
843 1388 937 1442 tibi
986 1390 1248 1447 hactenus
1279 1395 1523 1462 exposui,
1567 1393 1798 1450 ﬁrmiter
1829 1404 2014 1451 tenea—

445 1484 565 1525 mus
609 1487 706 1527 ~ac
776 1475 933 1531 bonis
993 1480 1246 1548 operibus
1316 1483 1546 1538 ﬁdeliter
1615 1499 2012 1541 conservemus.

444 1559 727 1627 Quoniam,
769 1565 909 1618 sicut
959 1570 1129 1634 nosti,
1169 1569 1300 1624 ﬁdes
1356 1572 1471 1626 sine
1509 1575 1763 1644 operibus
1807 1582 2017 1629 mortua

442 1659 544 1703 est.
578 1651 687 1706 lloc
721 1655 968 1711 omnibus
999 1667 1163 1727 patet.

2113 483 2318 536 stianus
2357 481 2651 544 derivatur,
2683 489 2739 534 et
2763 481 2884 536 ideo
2908 482 3035 536 dum
3073 481 3363 538 Christiani
3407 500 3698 551 vocamur,

2109 573 2310 630 Christi
2346 591 2542 629 nomen
2597 583 2860 641 tenemus,
2890 585 2944 630 et
2991 576 3378 647 supplicamus,
3425 587 3483 633 ut
3524 596 3696 650 opera

2109 664 2313 721 Christi
2339 664 2516 719 facere
2560 664 2854 731 valeamus,
2901 673 2955 720 et
2998 681 3193 720 nomen
3224 683 3379 722 suum
3412 683 3508 738 per
3549 669 3696 724 bona

2109 769 2272 826 opera
2305 764 2490 810 nostra
2516 756 2571 810 in
2601 757 2756 811 nobis
2784 757 3172 815 sanctiﬁcetur.

2181 847 2349 901 Inter.
2389 847 2518 914 Quae
2549 857 2635 903 est
2671 849 2907 903 secunda
2955 850 3176 920 petitio?
3231 849 3384 921 Resp.
3435 852 3696 905 Adrem‘at

2112 961 2327 1015 regnum
2378 953 2543 998 tuum.
2597 944 2765 999 Inter.
2804 943 2943 1012 Quid
2988 945 3061 999 ibi
3113 945 3518 1015 intelligendum
3567 948 3694 1001 est?

2113 1033 2270 1103 Resp.
2305 1032 2534 1088 Oramus
2563 1034 2726 1098 enim,
2761 1041 2821 1087 ut
2849 1032 3096 1088 Christus
3127 1043 3317 1104 regnet
3345 1033 3400 1087 in
3432 1034 3616 1099 nobis,
3642 1044 3696 1089 et

2113 1141 2220 1179 non
2252 1125 2531 1190 diabolus;
2563 1133 2620 1179 et
2647 1123 2887 1180 Ecclesia
2909 1122 3110 1178 Christi
3145 1139 3358 1193 semper
3387 1134 3624 1188 crescat,
3644 1128 3696 1179 in

2115 1230 2217 1284 qua
2248 1223 2440 1285 regnat
2469 1215 2641 1279 Deus;
2679 1221 2734 1268 et
2761 1213 2876 1269 dies
2899 1212 3088 1282 judicii
3119 1215 3389 1278 adveniat,
3416 1214 3547 1282 quia
3572 1223 3695 1269 tunc

2114 1305 2358 1360 diabolus
2387 1307 2440 1360 in
2467 1307 2666 1361 mundo
2689 1321 2917 1376 regnare
2947 1305 3190 1372 desistet,
3219 1314 3274 1360 et
3299 1304 3556 1360 Christus
3579 1322 3690 1361 cum

2117 1400 2320 1454 sanctis
2349 1399 2461 1453 suis
2491 1397 2738 1469 regnabit
2767 1399 2820 1452 in
2848 1407 3130 1453 aeternum.

2188 1489 2354 1544 Inter.
2395 1488 2523 1556 Quae
2548 1498 2634 1544 est
2658 1489 2851 1543 tertia?
2883 1488 3038 1560 Resp.
3073 1488 3195 1543 Fiat
3223 1489 3464 1545 voluntas
3493 1501 3608 1555 tua,
3635 1493 3693 1546 si-

2117 1595 2202 1638 cut
2237 1587 2293 1639 in
2323 1584 2446 1638 caelo
2477 1593 2524 1639 et
2553 1585 2608 1638 in
2651 1594 2812 1638 terra.
2860 1584 3025 1639 Inter.
3064 1584 3342 1652 Quomodo
3367 1595 3453 1642 est
3499 1589 3698 1642 intelli-

2120 1677 2327 1748 genda?
2362 1675 2515 1746 Resp.
2565 1675 2718 1730 Sicut
2768 1675 2943 1743 angeli
2991 1675 3044 1730 in
3094 1675 3230 1729 ccelo
3279 1686 3386 1731 tuae
3431 1677 3699 1731 voluntati

516 1737 626 1792 Iloc
653 1749 738 1794 est
774 1744 1097 1812 symbolum,
1140 1749 1309 1804 frater
1333 1753 1426 1816 mi,
1459 1755 1598 1821 quod
1627 1755 1720 1808 tibi
1747 1771 2014 1826 exponere
2045 1766 2090 1825 Β
2121 1737 2398 1832 obediunt,
2437 1737 2511 1822 ita
2557 1775 2612 1821 et
2649 1766 2781 1836 justi
2827 1737 2882 1820 in
2918 1772 3063 1820 terra
3097 1764 3314 1820 faciant.
3364 1767 3432 1820 Et
3458 1769 3608 1822 sicut
3651 1770 3698 1822 in

443 1832 749 1898 postulasti,
790 1835 940 1904 cujus
964 1840 1262 1910 signaculo,
1302 1845 1442 1899 sicut
1464 1847 1664 1900 dictum
1696 1857 1800 1913 est,
1826 1849 1879 1902 in
1908 1850 2020 1919 pri-

446 1921 656 1977 mordio
685 1923 872 1980 ﬁdeles
904 1927 973 1981 ab
1017 1929 1322 1987 inﬁdelibus
1367 1945 1742 1991 secernuntur.
1787 1937 1900 1993 Iloc
1937 1947 2019 1994 est

444 2014 768 2081 symbolum,
815 2017 972 2088 cujus
1006 2026 1207 2078 veritas
1240 2041 1674 2098 unumquemque
1708 2031 2019 2086 credentem

443 2099 606 2155 ellicit
661 2102 1045 2163 Christianum.
1094 2110 1209 2166 Hoc
1249 2122 1331 2168 est
1388 2116 1721 2186 symbolum,
1781 2121 1924 2189 quod
1966 2129 2021 2174 et

443 2192 684 2248 viventes
714 2197 1038 2266 sanctiﬁcat,
1075 2209 1129 2256 et
1164 2211 1408 2260 mortuos
1451 2208 1660 2263 reducit
1708 2209 1774 2263 ad
1812 2211 1977 2265 vitam
2003 2253 2017 2277 ,

444 2279 510 2334 ad
535 2297 696 2350 quam
722 2285 809 2339 ille
859 2303 957 2342 nos
988 2291 1238 2361 dignetur
1265 2295 1578 2364 perducere,
1627 2300 1718 2368 qui
1753 2302 1923 2356 trinus
1967 2311 2021 2358 et

362 2371 367 2376 ’
443 2387 582 2428 unus
616 2375 749 2430 vivit
779 2388 831 2432 et
872 2391 1061 2452 regnat
1094 2384 1147 2438 in
1186 2388 1380 2443 saecula
1409 2389 1747 2446 saeculorum.
1788 2391 1980 2450 Amen.

920 2497 1083 2572 440
1122 2499 1347 2558 CAPUT
1386 2503 1497 2558 xu.

782 2603 975 2643 INCIPIT
1013 2606 1077 2643 DE
1115 2606 1368 2647 DOMINICA
1402 2609 1688 2650 ORATIONE.

516 2673 679 2729 Inter.
720 2676 974 2746 Exposita
1026 2680 1122 2734 tibi
1163 2681 1268 2736 fide
1302 2692 1462 2752 prout
1497 2689 1665 2755 potui,
1709 2705 1851 2744 nunc
1892 2701 2018 2761 peto

441 2771 500 2816 ut
527 2765 675 2819 dicas
704 2767 858 2831 mibi,
905 2769 950 2821 si
992 2770 1099 2824 scis
1129 2768 1438 2828 Orationem
1470 2775 1825 2846 Dominicam,
1854 2798 2016 2851 quam

440 2852 698 2910 Dominus
729 2869 915 2913 noster
939 2860 1098 2916 Jesus
1121 2863 1370 2921 Christus
1393 2868 1683 2940 discipulos
1709 2887 1836 2928 suos
1858 2890 2019 2930 orare

440 2945 639 3002 docuit.
680 2947 835 3022 Resp.
871 2951 1014 3008 Scio.

510 3036 675 3093 Inter.
717 3039 848 3097 Peto
877 3044 1152 3103 humiliter
1192 3059 1251 3105 ut
1284 3053 1415 3108 mihi
1456 3054 1603 3110 illam
1640 3055 1808 3112 dicas.
1860 3057 2012 3128 Resp.

2119 1856 2342 1922 sanctis,
2402 1856 2472 1909 ita
2525 1863 2581 1910 et
2631 1856 2683 1910 in
2733 1855 3110 1926 peccatoribus
3159 1865 3250 1912 tua
3301 1857 3557 1912 voluntas
3609 1859 3698 1913 im-

2118 1947 2347 2020 pleatur.

2190 2038 2354 2092 Inter.
2388 2039 2515 2106 Qua:
2539 2048 2621 2095 est
2647 2041 2874 2108 quarta?
2898 2041 3051 2110 Resp.
3083 2037 3281 2097 Panem
3306 2051 3550 2096 nostrum
3575 2060 3699 2112 quac

2119 2131 2376 2184 tidianum
2407 2130 2476 2182 da
2508 2130 2653 2184 nobis
2682 2130 2856 2184 hodie.
2887 2131 3051 2185 Inter.
3085 2130 3222 2198 Quid
3255 2133 3308 2187 in
3337 2149 3401 2186 ea
3436 2133 3699 2202 intelligi-

2121 2222 2244 2275 tur?
2274 2221 2427 2292 Resp.
2459 2220 2570 2275 Hoc
2596 2220 2711 2276 loco
2737 2221 2892 2290 panis
2921 2237 3020 2292 pro
3047 2223 3292 2276 omnibus
3320 2223 3456 2277 cibis
3497 2224 3700 2292 accipi-

2120 2320 2228 2377 tur,
2259 2313 2324 2367 de
2367 2312 2560 2381 quibus
2596 2312 2834 2382 quotidie
2862 2313 3044 2367 vivere
3082 2313 3361 2367 debemus.
3395 2314 3704 2368 Precamur

2119 2406 2283 2459 etiam
2309 2420 2407 2475 pro
2435 2405 2802 2474 assumptione
2823 2403 3065 2473 corporis
3085 2403 3306 2458 Christi.
3338 2404 3587 2459 Petimus
3612 2407 3705 2461 de-

2119 2497 2300 2565 nique,
2327 2506 2388 2550 ut
2416 2496 2570 2551 nobis
2601 2497 2835 2566 seipsum
2864 2497 3088 2559 tribuat,
3112 2497 3204 2566 qui
3233 2505 3317 2552 est
3345 2499 3503 2567 panis
3525 2500 3701 2553 vivas.

2188 2586 2354 2641 Inter.
2395 2585 2522 2655 Quae
2546 2595 2630 2642 est
2652 2586 2878 2656 quinta?
2907 2584 3063 2656 Resp.
3095 2586 3164 2640 Et
3195 2587 3398 2641 dimitte
3427 2589 3577 2642 nobis
3611 2590 3704 2642 de.

2120 2678 2227 2731 bita
2253 2688 2450 2743 nostra,
2498 2678 2631 2732 sicut
2657 2686 2705 2730 et
2735 2694 2828 2731 nos
2873 2676 3182 2731 dimittimus
3231 2678 3555 2733 debitoribus
3602 2698 3703 2734 no-

2119 2771 2259 2824 stris.
2292 2770 2460 2824 Inter.
2492 2770 2630 2838 Quid
2662 2772 2714 2825 in
2743 2772 2829 2826 illa
2855 2773 3195 2828 sentiendum
3225 2776 3341 2828 est?
3370 2775 3528 2845 Resp.
3571 2776 3704 2830 Pre-

2119 2877 2309 2916 camur
2338 2863 2501 2928 enim,
2531 2872 2593 2917 ut
2635 2863 2715 2918 sic
2759 2864 2993 2919 dimittat
3023 2865 3180 2920 nobis
3218 2876 3443 2935 peccata
3473 2877 3700 2932 nostra,

2120 2953 2258 3008 sicut
2285 2962 2338 3008 et
2360 2969 2459 3008 nos
2481 2953 2802 3008 dimittimus
2831 2955 3166 3014 debitoribus
3189 2957 3413 3011 nostris.

2189 3042 2356 3096 Inter.
2399 3042 2528 3110 Quae
2555 3051 2638 3098 est
2665 3046 2854 3100 sexta?
2890 3045 3045 3116 Resp.
3077 3045 3146 3100 Et
3175 3065 3236 3101 ne
3263 3064 3356 3101 nos
3390 3049 3616 3102 inducas
3648 3051 3699 3102 in

440 3129 608 3188 Ριιοιη
630 3136 819 3192 eodem
847 3141 1075 3198 Domino
1101 3145 1390 3203 miserante
1419 3150 1588 3217 valeo,
1631 3153 1721 3221 qui
1752 3152 1899 3208 illam
1924 3127 2018 3210 (ιδ,
2045 3127 2089 3192 C
2123 3135 2482 3188 tentationem.
2511 3133 2677 3188 Inter.
2709 3133 2988 3202 Quomodo
3017 3138 3132 3192 inec
3153 3137 3506 3208 intelligitur?
3536 3139 3695 3208 Resp.

436 3224 570 3289 cuit,
601 3224 818 3284 faciam.
866 3230 1024 3285 Pater
1049 3243 1244 3302 noster,
1275 3239 1364 3308 qui
1385 3256 1437 3293 es
1463 3241 1516 3294 in
1544 3240 1701 3307 cazlis,
1729 3250 1784 3295 et
1810 3243 1905 3296 rel.

508 3312 676 3371 Inter.
715 3317 774 3373 In
803 3323 989 3376 eadem
1041 3328 1284 3383 oratione
1335 3340 1465 3398 quot
1525 3333 1813 3401 petitiones
1867 3337 2014 3390 inve-

437 3403 692 3496 aluntur?
719 3406 872 3479 Resp.
907 3411 1144 3480 Septem.
1173 3415 1336 3472 Inter.
1363 3418 1492 3485 Qua:
1520 3431 1603 3476 est
1623 3425 1830 3493 prima?
1856 3424 2008 3496 Resp.

440 3485 807 3560 Sancti/icetur
835 3513 1020 3554 nomen
1049 3510 1215 3556 tuum.

510 3579 677 3636 Inter.
717 3583 830 3642 Iloc
873 3592 1015 3658 quod
1046 3593 1100 3646 in
1149 3597 1323 3664 capite
1348 3599 1530 3655 dixisti
1559 3621 1570 3655 :
1611 3602 1774 3660 Pater
1804 3619 2006 3675 noster,

433 3671 525 3767 τιυὶ
553 3689 606 3726 es
710 3676 870 3767 caelis,
913 3686 1180 3748 quomodo
1203 3687 1553 3760 intelligitur?
1583 3694 1738 3767 Resp.
1765 3697 1843 3752 Ibi
1864 3671 2008 3755 enim

433 3758 706 3856 invocatio
733 3763 1006 3834 dignitatis
1030 3779 1131 3838 est,
1157 3774 1281 3829 dum
1305 3758 1520 3834 Patrem
1544 3797 1643 3837 nos
1670 3758 1866 3848 habere
1887 3803 2010 3856 pro-

435 3845 650 3942 ﬁtemur
693 3852 885 3920 Deum,
925 3859 1052 3928 quia
1100 3878 1291 3920 omnes
1336 3883 1435 3924 nos
1475 3869 1673 3929 fratres
1701 3889 1904 3942 sumus,
1953 3888 2009 3934 et

432 3936 600 3993 Deum
627 3940 838 3999 Patrem
866 3948 1125 4009 habemus
1150 3954 1204 4010 in
1230 3958 1400 4014 coelis.

502 4029 668 4089 Inter.
708 4037 764 4091 In
796 4041 972 4109 prima
999 4049 1278 4116 petitione,
1321 4069 1484 4124 quam
1517 4059 1763 4131 superius
1789 4061 2004 4130 dixisti,

2123 3225 2238 3282 Non
2293 3229 2526 3297 petimus
2574 3235 2634 3281 ut
2662 3242 2768 3281 non
2820 3237 3112 3295 tentemur,
3159 3232 3284 3301 quia
3335 3232 3427 3300 qui
3476 3249 3583 3287 non
3616 3243 3703 3287 est

2123 3328 2376 3386 tentatus,
2408 3337 2515 3376 non
2545 3329 2628 3377 est
2654 3321 2930 3390 probatus.
2976 3321 3082 3377 Sed
3109 3338 3398 3394 precamur
3424 3333 3484 3378 ut
3511 3340 3576 3378 ne
3600 3342 3700 3380 nos

2121 3410 2337 3464 inducat
2371 3411 2424 3464 in
2459 3411 2831 3478 tcntationem,
2879 3429 3042 3483 quam
3088 3413 3316 3474 sufferre
3361 3430 3471 3470 non
3503 3432 3698 3488 possu-

2118 3517 2257 3556 mus.

2187 3590 2352 3645 Inter.
2395 3591 2523 3658 Quae
2571 3602 2656 3647 est
2703 3595 2966 3665 septima?
3015 3595 3164 3667 Resp.
3196 3595 3299 3651 Sed
3338 3597 3507 3652 libera
3533 3617 3628 3653 nos
3669 3619 3700 3652 α

2110 3679 2270 3732 malo.
2304 3680 2470 3735 Inter.
2495 3680 2774 3748 Quomodo
2798 3694 2879 3740 est
2907 3687 3293 3757 intelligenda?
3322 3688 3482 3759 Resp.
3511 3691 3566 3745 Id
3590 3701 3696 3754 est,

2109 3785 2139 3824 a
2179 3772 2407 3836 diabolo,
2442 3788 2472 3826 a
2502 3783 2726 3843 peccato
2756 3783 2810 3830 et
2839 3776 2907 3830 ab
2935 3779 3080 3832 omni
3108 3778 3250 3834 malo
3289 3786 3650 3835 tentamento.

2179 3862 2346 3918 Inter.
2379 3865 2560 3929 Amen,
2594 3871 2739 3936 quod
2770 3869 2823 3922 in
2852 3869 2958 3925 line
2996 3880 3100 3936 est,
3136 3873 3408 3941 quomodo
3438 3873 3699 3943 intelligi-

2113 3964 2221 4022 tur,
2251 3958 2333 4012 vel
2375 3957 2527 4026 cujus
2555 3959 2734 4032 lingua
2765 3963 2999 4018 dicitur?
3028 3963 3183 4035 Resp.
3212 3965 3385 4020 Amen
3425 3966 3701 4023 Hebraiee

2110 4046 2330 4112 dicitur,
2364 4050 2506 4119 quod
2531 4050 2721 4107 Latine
2747 4068 2876 4108 vere
2901 4066 2956 4109 et
2981 4055 3214 4111 ﬁdeliter
3243 4057 3664 4128 interpretatur.

425 4173 2932 4230 ———__._.._____________________

1358 4314 2237 4429 PROPOSITIONES
2297 4327 2746 4404 ALCUINI

1091 4439 1101 4451 ’
1199 4486 1618 4546 DOCTORIS
1673 4493 2280 4555 CAROLIMAGNI
2329 4485 2916 4562 memnonis

1525 4645 1635 4704 AD
1679 4646 2100 4711 ACUENDOS
2141 4654 2488 4719 JUVENES
2523 4663 2575 4732 ³,

865 4822 1178 4881 MONITUM
1216 4824 1374 4881 ΡΒλΕ
1384 4828 1572 4883 VIUM.

502 4909 906 4992 Propositiones
949 4925 1247 4992 sequentes
1278 4920 1567 4992 maximam
1598 4934 1805 4992 partem
1843 4927 2000 4983 editae

429 4989 644 5053 exstant
675 4981 816 5036 inter
842 4981 1178 5053 Opera—Ven.
1212 4987 1387 5052 Bedse,
1418 4999 1548 5044 tom.
1577 4981 1998 5051 l'editionisBa;

429 5051 691 5138 sileensis‘
727 5051 1089 5138 anninifi6'ci,“
1119 5071 1239 5138 pag.
1305 5051 1408 5112 I35
1466 5076 1612 5138 seq._
1643 5064 1997 5138 (Pati-elogia

429 5128 576 5207 ιριωο
602 5120 713 5207 X-C,
731 5123 833 5204 col.
858 5121 1002 5207 ([67).
1027 5120 1162 5207 Illud
1189 5120 1364 5207 tamen
1391 5120 1708 5207 opusculum
1730 5151 1851 5190 cum
1879 5120 1998 5207 ιῖιύζ

431 5191 579 5246 ribus
606 5193 728 5270 aliis
749 5191 1176 5270 _ejusdem__tomi,
1197 5196 1353 5270 Bedte
1379 5191 1712 5270 suppositum
1733 5221 1852 5260 esse
1875 5191 1998 5262 cen-

428 5263 785 5334 senteruditi,
815 5265 959 5332 quod
988 5265 1128 5320 illius
1153 5266 1350 5320 nullam
1375 5263 1700 5328 mentionem
1731 5274 1918 5330 fecerit
1939 5279 1992 5332 in

429 5331 684 5420 catalogo
701 5331 1200 5420 suorum‘Operum,
1230 5351 1397 5420 quem.
1421 5341 1647 5420 ipsemet
1669 5344 1921 5400 confecit.

499 5401 690 5456 Exstat
716 5416 842 5456 vero
867 5403 967 5457 sub
985 5401 1212 5485 Inomine
1247 5401 1458 5485 διιοᾳὶῃῖ
1489 5412 1542 5465 in
1574 5423 1881 5485 pervetusto
1903 5432 1993 5472 co-

428 5471 546 5556 dice
573 5487 673 5526 ms.
708 5475 1019 5556 monasterii
1044 5473 1229 5556 Augia:
1256 5477 1466 5556 Divitis,
1498 5471 1640 5556 unde
1665 5471 1992 5556 descriptum

429 5541 495 5592 ad
522 5556 618 5594 nos
647 5543 908 5608 pervenit.
963 5544 1039 5598 De
1087 5541 1275 5602 eodem
1323 5541 1573 5607 fortassis
1619 5541 1996 5626 intelligendus

497 5681 521 5711 δ
546 5669 656 5725 Istc
682 5681 763 5726 est
789 5674 969 5730 titulus
994 5679 1048 5732 in
1072 5680 1189 5733 cod.
1224 5698 1323 5736 ms.
1353 5682 1535 5754 Augice
1564 5681 1773 5742 Divitis.

2033 4846 2084 4905 Ι)
2104 4861 2385 4942 ᾼΙουίηρξ,
2412 4865 2648 4942 duru__ad
2676 4867 3209 4942 CarolumMagnum
3238 4872 3292 4926 in
3319 4874 3556 4941 epistola
3591 4876 3683 4930 lﬁl

2106 4933 2181 5013 ita
2208 4935 2394 5014 scribit
2419 4953 2431 4987 :
2471 4954 2488 4984 ι
2523 4936 2642 4990 Misi
2670 4940 3003 5014 excellentiae
3029 4933 3222 5014 {estne
3248 4933 3518 5010 quas-Iam
3559 4962 3685 5014 spe—

2104 5003 2536 5077 cies‘dictionum
2562 5008 2824 5077 exemplis
2846 5017 2898 5064 et
2921 5011 3171 5066 versibus
3192 5003 3490 5068 venerandi
3515 5003 3691 5070 Pairis

2103 5072 2450 5148 conﬁrmatas
2482 5115 2496 5139 ,
2528 5086 2582 5131 et
2622 5072 2827 5148 aliq'uas
2851 5079 3051 5148 ﬁguras
3077 5083 3423 5136 arithmetica:
3472 5087 3689 5138 subtili-

2101 5143 2245 5221 t_atis_,
2275 5143 2470 5221 lwtitite
2499 5143 2717 5221 causa}
2752 5143 2860 5221 etc;
2891 5143 2970 5203 En
3003 5153 3267 5206 rationem
3296 5169 3419 5221 qua:
3448 5171 3554 5210 nos
3598 5158 3686 5210 in-

2101 5212 2254 5267 duxit
2274 5221 2334 5266 ut
2359 5214 2562 5283 scripto
2588 5217 2713 5272 huic
2750 5218 2895 5274 inter
2925 5221 3088 5275 dubia
3135 5212 3347 5276 Alcuini
3382 5223 3561 5278 locum
3593 5227 3692 5279 da-

2103 5297 2304 5361 remus;
2336 5284 2670 5361 Contulimus
2710 5304 2840 5361 vero
2857 5289 2996 5361 illud
3026 5306 3148 5345 cum
3185 5293 3425 5348 editione
3455 5295 3686 5361 prmfata

2105 5352 2236 5426 Ven.
2266 5352 2513 5426 Bedzeiet
2559 5356 2827 5426 aliquibus
2856 5359 2989 5414 locis
3019 5362 3211 5416 menda
3248 5352 3470 5417 librarii
3499 5381 3688 5418 emcno

2100 5422 2365 5504 davimus.
2378 5422 2664 5504 _Modicae,'
2678 5426 2876 5504 fateor,
2908 5430 3160 5504 utilitatis
3193 5434 3398 5504 habent
3421 5436 3686 5504 proposi-

2099 5492 2276 5549 tiones
2305 5494 2512 5559 isthmc,
2564 5505 2620 5551 et
2645 5512 2708 5552 ex
2741 5492 3079 5556 arithmetica
3126 5502 3285 5557 hodie
3310 5492 3454 5558 culta
3503 5492 3681 5560 multo

2098 5561 2309 5620 facilius
2337 5575 2391 5621 et
2416 5565 2611 5622 clarius
2635 5568 2830 5625 resolvi
2862 5579 3108 5640 possent;
3144 5583 3303 5629 erunt
3346 5581 3531 5630 tamen
3569 5574 3684 5630 for-
