  <div class='ocr_page' id='page_1' title='image "/cluster/home/n/w/nwhite01/storage/ocr_20150623/101/hvd.32044054759683/578.png"; bbox 0 0 3914 6178; ppageno 0'>
   <div class='ocr_carea' id='block_1_1' title="bbox 316 282 456 337">
    <p class='ocr_par' dir='ltr' id='par_1_1' title="bbox 316 282 456 337">
     <span class='ocr_line' id='line_1_1' title="bbox 316 282 456 337; baseline 0.007 -1"><span class='ocrx_word' id='word_1_1' title='bbox 316 282 456 337; x_wconf 76' lang='grc'><strong>1145</strong></span> 
     </span>
    </p>
   </div>
   <div class='ocr_carea' id='block_1_2' title="bbox 1203 281 2644 342">
    <p class='ocr_par' dir='ltr' id='par_1_2' title="bbox 1203 281 2644 342">
     <span class='ocr_line' id='line_1_2' title="bbox 1203 281 2644 342; baseline 0.003 -4"><span class='ocrx_word' id='word_1_2' title='bbox 1203 281 1354 338; x_wconf 87' lang='grc' dir='ltr'><strong>ΟΡΡ.</strong></span> <span class='ocrx_word' id='word_1_3' title='bbox 1394 281 1622 338; x_wconf 83' lang='lat' dir='ltr'><strong>DUBIA.</strong></span> <span class='ocrx_word' id='word_1_4' title='bbox 1663 312 1732 322; x_wconf 92' lang='lat'>—</span> <span class='ocrx_word' id='word_1_5' title='bbox 1769 281 2325 339; x_wconf 81' lang='lat' dir='ltr'><strong>PROPOSITIONES-</strong></span> <span class='ocrx_word' id='word_1_6' title='bbox 2348 285 2644 342; x_wconf 77' lang='lat' dir='ltr'><strong>ALCUINI.</strong></span> 
     </span>
    </p>
   </div>
   <div class='ocr_carea' id='block_1_3' title="bbox 3431 297 3568 378">
    <p class='ocr_par' dir='ltr' id='par_1_3' title="bbox 3431 297 3568 378">
     <span class='ocr_line' id='line_1_3' title="bbox 3431 297 3568 378; baseline -0.007 -27"><span class='ocrx_word' id='word_1_7' title='bbox 3431 297 3568 378; x_wconf 67' lang='lat' dir='ltr'><strong>gms</strong></span> 
     </span>
    </p>
   </div>
   <div class='ocr_carea' id='block_1_4' title="bbox 315 395 3569 470">
    <p class='ocr_par' dir='ltr' id='par_1_4' title="bbox 315 395 3569 470">
     <span class='ocr_line' id='line_1_4' title="bbox 315 395 3569 470; baseline 0.001 -14"><span class='ocrx_word' id='word_1_8' title='bbox 315 402 482 456; x_wconf 85' lang='lat' dir='ltr'><strong>tassis</strong></span> <span class='ocrx_word' id='word_1_9' title='bbox 509 400 622 470; x_wconf 99' lang='lat' dir='ltr'><strong>qui,</strong></span> <span class='ocrx_word' id='word_1_10' title='bbox 665 399 731 453; x_wconf 87' lang='lat' dir='ltr'><strong>ad</strong></span> <span class='ocrx_word' id='word_1_11' title='bbox 756 395 975 468; x_wconf 84' lang='lat' dir='ltr'><strong>quasvis</strong></span> <span class='ocrx_word' id='word_1_12' title='bbox 1003 395 1340 470; x_wconf 82' lang='lat' dir='ltr'><strong>antiquitatis</strong></span> <span class='ocrx_word' id='word_1_13' title='bbox 1375 395 1632 470; x_wconf 76' lang='lat' dir='ltr'><strong>reliquias</strong></span> <span class='ocrx_word' id='word_1_14' title='bbox 1655 396 1886 470; x_wconf 78' lang='lat' dir='ltr'><strong>attenti,</strong></span> <span class='ocrx_word' id='word_1_15' title='bbox 1917 396 1962 455; x_wconf 77' lang='grc' dir='ltr'><strong>Α</strong></span> <span class='ocrx_word' id='word_1_16' title='bbox 1991 403 2204 448; x_wconf 81' lang='lat' dir='ltr'><strong>centum</strong></span> <span class='ocrx_word' id='word_1_17' title='bbox 2230 395 2467 451; x_wconf 82' lang='lat' dir='ltr'><strong>denariis</strong></span> <span class='ocrx_word' id='word_1_18' title='bbox 2487 413 2516 451; x_wconf 90' lang='lat' dir='ltr'><strong>c</strong></span> <span class='ocrx_word' id='word_1_19' title='bbox 2539 413 2733 467; x_wconf 88' lang='lat' dir='ltr'><strong>porcos</strong></span> <span class='ocrx_word' id='word_1_20' title='bbox 2757 414 2937 456; x_wconf 69' lang='lat' dir='ltr'><strong>eluere</strong></span> <span class='ocrx_word' id='word_1_21' title='bbox 2963 421 2976 468; x_wconf 93' lang='lat'><strong>;</strong></span> <span class='ocrx_word' id='word_1_22' title='bbox 3019 404 3098 460; x_wconf 90' lang='lat' dir='ltr'><strong>sic</strong></span> <span class='ocrx_word' id='word_1_23' title='bbox 3128 415 3304 462; x_wconf 84' lang='lat' dir='ltr'><strong>tamen</strong></span> <span class='ocrx_word' id='word_1_24' title='bbox 3323 445 3337 468; x_wconf 85' lang='lat'><strong>.</strong></span> <span class='ocrx_word' id='word_1_25' title='bbox 3366 416 3427 461; x_wconf 87' lang='lat' dir='ltr'><strong>ut</strong></span> <span class='ocrx_word' id='word_1_26' title='bbox 3448 424 3569 461; x_wconf 70' lang='grc' dir='ltr'><strong>νει-ι</strong></span> 
     </span>
    </p>
   </div>
   <div class='ocr_carea' id='block_1_5' title="bbox 313 465 1888 541">
    <p class='ocr_par' dir='ltr' id='par_1_5' title="bbox 313 465 1888 541">
     <span class='ocr_line' id='line_1_5' title="bbox 313 465 1888 541; baseline -0.004 -15"><span class='ocrx_word' id='word_1_27' title='bbox 313 473 403 528; x_wconf 85' lang='lat' dir='ltr'><strong>bis</strong></span> <span class='ocrx_word' id='word_1_28' title='bbox 427 465 640 541; x_wconf 77' lang='lat' dir='ltr'><strong>quoque</strong></span> <span class='ocrx_word' id='word_1_29' title='bbox 668 465 902 539; x_wconf 85' lang='lat' dir='ltr'><strong>pretium</strong></span> <span class='ocrx_word' id='word_1_30' title='bbox 944 475 1206 531; x_wconf 74' lang='lat' dir='ltr'><strong>statuant,</strong></span> <span class='ocrx_word' id='word_1_31' title='bbox 1237 475 1292 541; x_wconf 93' lang='lat' dir='ltr'><strong>e_t</strong></span> <span class='ocrx_word' id='word_1_32' title='bbox 1323 467 1445 520; x_wconf 82' lang='lat' dir='ltr'><strong>inde</strong></span> <span class='ocrx_word' id='word_1_33' title='bbox 1484 465 1742 519; x_wconf 89' lang='lat' dir='ltr'><strong>nonnulla</strong></span> <span class='ocrx_word' id='word_1_34' title='bbox 1767 481 1888 534; x_wconf 69' lang='lat' dir='ltr'><strong>quae</strong></span> 
     </span>
    </p>
   </div>
   <div class='ocr_carea' id='block_1_6' title="bbox 313 538 1889 606">
    <p class='ocr_par' dir='ltr' id='par_1_6' title="bbox 313 538 1889 606">
     <span class='ocr_line' id='line_1_6' title="bbox 313 538 1889 606; baseline -0.004 -11"><span class='ocrx_word' id='word_1_35' title='bbox 313 543 384 597; x_wconf 88' lang='lat' dir='ltr'><strong>ad</strong></span> <span class='ocrx_word' id='word_1_36' title='bbox 414 538 702 604; x_wconf 71' lang='lat' dir='ltr'><strong>calculum,</strong></span> <span class='ocrx_word' id='word_1_37' title='bbox 736 553 1018 593; x_wconf 80' lang='lat' dir='ltr'><strong>mensuras</strong></span> <span class='ocrx_word' id='word_1_38' title='bbox 1045 552 1109 592; x_wconf 88' lang='lat' dir='ltr'><strong>ac</strong></span> <span class='ocrx_word' id='word_1_39' title='bbox 1133 538 1366 606; x_wconf 82' lang='lat' dir='ltr'><strong>pondera</strong></span> <span class='ocrx_word' id='word_1_40' title='bbox 1392 544 1631 606; x_wconf 84' lang='lat' dir='ltr'><strong>veterum</strong></span> <span class='ocrx_word' id='word_1_41' title='bbox 1664 550 1889 606; x_wconf 79' lang='lat' dir='ltr'><strong>cognos-</strong></span> 
     </span>
    </p>
   </div>
   <div class='ocr_carea' id='block_1_7' title="bbox 311 605 1886 675">
    <p class='ocr_par' dir='ltr' id='par_1_7' title="bbox 311 605 1886 675">
     <span class='ocr_line' id='line_1_7' title="bbox 311 605 1886 675; baseline -0.004 -9"><span class='ocrx_word' id='word_1_42' title='bbox 311 613 483 667; x_wconf 87' lang='lat' dir='ltr'><strong>cenda</strong></span> <span class='ocrx_word' id='word_1_43' title='bbox 533 611 836 673; x_wconf 83' lang='lat' dir='ltr'><strong>conferunt,</strong></span> <span class='ocrx_word' id='word_1_44' title='bbox 890 622 1081 663; x_wconf 83' lang='lat' dir='ltr'><strong>eruere</strong></span> <span class='ocrx_word' id='word_1_45' title='bbox 1105 605 1332 675; x_wconf 84' lang='lat' dir='ltr'><strong>possint.</strong></span> <span class='ocrx_word' id='word_1_46' title='bbox 1367 605 1630 658; x_wconf 86' lang='lat' dir='ltr'><strong>Nonnulla</strong></span> <span class='ocrx_word' id='word_1_47' title='bbox 1672 620 1790 673; x_wconf 64' lang='lat' dir='ltr'><strong>quae</strong></span> <span class='ocrx_word' id='word_1_48' title='bbox 1831 605 1886 659; x_wconf 92' lang='lat' dir='ltr'><strong>in</strong></span> 
     </span>
    </p>
   </div>
   <div class='ocr_carea' id='block_1_8' title="bbox 311 675 1890 748">
    <p class='ocr_par' dir='ltr' id='par_1_8' title="bbox 311 675 1890 748">
     <span class='ocr_line' id='line_1_8' title="bbox 311 675 1890 748; baseline -0.003 -13"><span class='ocrx_word' id='word_1_49' title='bbox 311 696 418 735; x_wconf 91' lang='lat' dir='ltr'><strong>ms.</strong></span> <span class='ocrx_word' id='word_1_50' title='bbox 457 680 798 744; x_wconf 78' lang='lat' dir='ltr'><strong>deficiebant,</strong></span> <span class='ocrx_word' id='word_1_51' title='bbox 831 677 1196 748; x_wconf 88' lang='lat' dir='ltr'><strong>supplevimus</strong></span> <span class='ocrx_word' id='word_1_52' title='bbox 1217 692 1284 731; x_wconf 84' lang='lat' dir='ltr'><strong>ex</strong></span> <span class='ocrx_word' id='word_1_53' title='bbox 1315 677 1450 732; x_wconf 78' lang='lat' dir='ltr'><strong>Ven.</strong></span> <span class='ocrx_word' id='word_1_54' title='bbox 1481 675 1623 730; x_wconf 86' lang='lat' dir='ltr'><strong>Beda</strong></span> <span class='ocrx_word' id='word_1_55' title='bbox 1660 675 1760 730; x_wconf 87' lang='lat' dir='ltr'><strong>sub</strong></span> <span class='ocrx_word' id='word_1_56' title='bbox 1801 676 1890 730; x_wconf 87' lang='lat' dir='ltr'><strong>his</strong></span> 
     </span>
    </p>
   </div>
   <div class='ocr_carea' id='block_1_9' title="bbox 312 749 1198 889">
    <p class='ocr_par' dir='ltr' id='par_1_9' title="bbox 312 749 1198 889">
     <span class='ocr_line' id='line_1_9' title="bbox 312 749 1198 889; baseline 0 -85"><span class='ocrx_word' id='word_1_57' title='bbox 312 749 332 822; x_wconf 68' lang='grc' dir='ltr'>ι</span> <span class='ocrx_word' id='word_1_58' title='bbox 407 750 425 822; x_wconf 89' lang='grc'>]</span> <span class='ocrx_word' id='word_1_59' title='bbox 455 751 643 822; x_wconf 75' lang='lat' dir='ltr'><strong>signis.</strong></span> <span class='ocrx_word' id='word_1_60' title='bbox 977 773 1134 889; x_wconf 58' lang='lat'><strong>“1</strong></span> <span class='ocrx_word' id='word_1_61' title='bbox 1176 815 1198 870; x_wconf 60' lang='grc' dir='ltr'>Ι</span> 
     </span>
    </p>
   </div>
   <div class='ocr_carea' id='block_1_10' title="bbox 768 923 1422 965">
    <p class='ocr_par' dir='ltr' id='par_1_10' title="bbox 768 923 1422 965">
     <span class='ocr_line' id='line_1_10' title="bbox 768 923 1422 965; baseline -0.008 -1"><span class='ocrx_word' id='word_1_62' title='bbox 768 924 1079 965; x_wconf 78' lang='lat' dir='ltr'><strong>PROPOSITIO</strong></span> <span class='ocrx_word' id='word_1_63' title='bbox 1108 924 1172 962; x_wconf 82' lang='lat' dir='ltr'><strong>DE</strong></span> <span class='ocrx_word' id='word_1_64' title='bbox 1206 923 1422 962; x_wconf 73' lang='lat' dir='ltr'><strong>LIMACE.</strong></span> 
     </span>
    </p>
   </div>
   <div class='ocr_carea' id='block_1_11' title="bbox 378 998 1890 1071">
    <p class='ocr_par' dir='ltr' id='par_1_11' title="bbox 378 998 1890 1071">
     <span class='ocr_line' id='line_1_11' title="bbox 378 998 1890 1071; baseline -0.003 -13"><span class='ocrx_word' id='word_1_65' title='bbox 378 1003 566 1058; x_wconf 81' lang='lat' dir='ltr'><strong>Limax</strong></span> <span class='ocrx_word' id='word_1_66' title='bbox 590 1000 690 1055; x_wconf 87' lang='lat' dir='ltr'><strong>fuit</strong></span> <span class='ocrx_word' id='word_1_67' title='bbox 714 1000 783 1054; x_wconf 89' lang='lat' dir='ltr'><strong>ab</strong></span> <span class='ocrx_word' id='word_1_68' title='bbox 806 1000 1124 1054; x_wconf 89' lang='lat' dir='ltr'><strong>hierundine</strong></span> <span class='ocrx_word' id='word_1_69' title='bbox 1161 998 1312 1070; x_wconf 78' lang='lat' dir='ltr'><strong>[Ms.,</strong></span> <span class='ocrx_word' id='word_1_70' title='bbox 1339 999 1665 1071; x_wconf 84' lang='lat' dir='ltr'><strong>harundine]</strong></span> <span class='ocrx_word' id='word_1_71' title='bbox 1693 1001 1890 1054; x_wconf 88' lang='lat' dir='ltr'><strong>invita-</strong></span> 
     </span>
    </p>
   </div>
   <div class='ocr_carea' id='block_1_12' title="bbox 304 1090 1887 1163">
    <p class='ocr_par' dir='ltr' id='par_1_12' title="bbox 304 1090 1887 1163">
     <span class='ocr_line' id='line_1_12' title="bbox 304 1090 1887 1163; baseline -0.004 -13"><span class='ocrx_word' id='word_1_72' title='bbox 304 1103 394 1150; x_wconf 89' lang='lat' dir='ltr'><strong>tus</strong></span> <span class='ocrx_word' id='word_1_73' title='bbox 421 1095 489 1149; x_wconf 89' lang='lat' dir='ltr'><strong>ad</strong></span> <span class='ocrx_word' id='word_1_74' title='bbox 517 1092 806 1163; x_wconf 83' lang='lat' dir='ltr'><strong>prandium</strong></span> <span class='ocrx_word' id='word_1_75' title='bbox 852 1092 991 1146; x_wconf 88' lang='lat' dir='ltr'><strong>infra</strong></span> <span class='ocrx_word' id='word_1_76' title='bbox 1032 1092 1240 1146; x_wconf 87' lang='lat' dir='ltr'><strong>leucam</strong></span> <span class='ocrx_word' id='word_1_77' title='bbox 1269 1107 1452 1144; x_wconf 89' lang='lat' dir='ltr'><strong>unam.</strong></span> <span class='ocrx_word' id='word_1_78' title='bbox 1484 1090 1542 1144; x_wconf 90' lang='lat' dir='ltr'><strong>In</strong></span> <span class='ocrx_word' id='word_1_79' title='bbox 1577 1090 1664 1145; x_wconf 90' lang='lat' dir='ltr'><strong>die</strong></span> <span class='ocrx_word' id='word_1_80' title='bbox 1705 1099 1887 1144; x_wconf 88' lang='lat' dir='ltr'><strong>autem</strong></span> 
     </span>
    </p>
   </div>
   <div class='ocr_carea' id='block_1_13' title="bbox 303 1183 1882 1257">
    <p class='ocr_par' dir='ltr' id='par_1_13' title="bbox 303 1183 1882 1257">
     <span class='ocr_line' id='line_1_13' title="bbox 303 1183 1882 1257; baseline -0.003 -15"><span class='ocrx_word' id='word_1_81' title='bbox 303 1202 410 1242; x_wconf 90' lang='lat' dir='ltr'><strong>non</strong></span> <span class='ocrx_word' id='word_1_82' title='bbox 438 1187 614 1257; x_wconf 90' lang='lat' dir='ltr'><strong>potuit</strong></span> <span class='ocrx_word' id='word_1_83' title='bbox 639 1185 760 1256; x_wconf 88' lang='lat' dir='ltr'><strong>plus</strong></span> <span class='ocrx_word' id='word_1_84' title='bbox 784 1200 949 1256; x_wconf 89' lang='lat' dir='ltr'><strong>quam</strong></span> <span class='ocrx_word' id='word_1_85' title='bbox 982 1200 1146 1239; x_wconf 88' lang='lat' dir='ltr'><strong>unam</strong></span> <span class='ocrx_word' id='word_1_86' title='bbox 1172 1185 1385 1238; x_wconf 91' lang='lat' dir='ltr'><strong>unciam</strong></span> <span class='ocrx_word' id='word_1_87' title='bbox 1407 1183 1559 1254; x_wconf 91' lang='lat' dir='ltr'><strong>pedis</strong></span> <span class='ocrx_word' id='word_1_88' title='bbox 1589 1184 1882 1238; x_wconf 88' lang='lat' dir='ltr'><strong>ambulare.</strong></span> 
     </span>
    </p>
   </div>
   <div class='ocr_carea' id='block_1_14' title="bbox 303 1275 1886 1349">
    <p class='ocr_par' dir='ltr' id='par_1_14' title="bbox 303 1275 1886 1349">
     <span class='ocr_line' id='line_1_14' title="bbox 303 1275 1886 1349; baseline -0.003 -15"><span class='ocrx_word' id='word_1_89' title='bbox 303 1280 476 1344; x_wconf 88' lang='lat' dir='ltr'><strong>Dicat,</strong></span> <span class='ocrx_word' id='word_1_90' title='bbox 503 1280 594 1348; x_wconf 90' lang='lat' dir='ltr'><strong>qui</strong></span> <span class='ocrx_word' id='word_1_91' title='bbox 624 1278 770 1343; x_wconf 91' lang='lat' dir='ltr'><strong>velit,</strong></span> <span class='ocrx_word' id='word_1_92' title='bbox 814 1278 868 1332; x_wconf 91' lang='lat' dir='ltr'><strong>in</strong></span> <span class='ocrx_word' id='word_1_93' title='bbox 909 1286 1042 1347; x_wconf 91' lang='lat' dir='ltr'><strong>quot</strong></span> <span class='ocrx_word' id='word_1_94' title='bbox 1069 1276 1247 1349; x_wconf 89' lang='lat' dir='ltr'><strong>[annis</strong></span> <span class='ocrx_word' id='word_1_95' title='bbox 1272 1275 1378 1349; x_wconf 91' lang='lat' dir='ltr'><strong>vel]</strong></span> <span class='ocrx_word' id='word_1_96' title='bbox 1423 1277 1612 1332; x_wconf 90' lang='lat' dir='ltr'><strong>diebus</strong></span> <span class='ocrx_word' id='word_1_97' title='bbox 1646 1275 1713 1330; x_wconf 93' lang='lat' dir='ltr'><strong>ad</strong></span> <span class='ocrx_word' id='word_1_98' title='bbox 1744 1275 1886 1330; x_wconf 88' lang='lat' dir='ltr'><strong>idem</strong></span> 
     </span>
    </p>
   </div>
   <div class='ocr_carea' id='block_1_15' title="bbox 299 1368 1405 1441">
    <p class='ocr_par' dir='ltr' id='par_1_15' title="bbox 299 1368 1405 1441">
     <span class='ocr_line' id='line_1_15' title="bbox 299 1368 1405 1441; baseline -0.005 -15"><span class='ocrx_word' id='word_1_99' title='bbox 299 1371 586 1441; x_wconf 86' lang='lat' dir='ltr'><strong>prandium</strong></span> <span class='ocrx_word' id='word_1_100' title='bbox 618 1370 734 1440; x_wconf 90' lang='lat' dir='ltr'><strong>ipse</strong></span> <span class='ocrx_word' id='word_1_101' title='bbox 758 1369 923 1423; x_wconf 85' lang='lat' dir='ltr'><strong>limax</strong></span> <span class='ocrx_word' id='word_1_102' title='bbox 958 1368 1405 1438; x_wconf 85' lang='lat' dir='ltr'><strong>perambulabat?</strong></span> 
     </span>
    </p>
   </div>
   <div class='ocr_carea' id='block_1_16' title="bbox 692 1459 1494 1532">
    <p class='ocr_par' dir='ltr' id='par_1_16' title="bbox 692 1459 1494 1532">
     <span class='ocr_line' id='line_1_16' title="bbox 692 1459 1494 1532; baseline -0.002 -16"><span class='ocrx_word' id='word_1_103' title='bbox 692 1460 943 1532; x_wconf 80' lang='lat' dir='ltr'><strong>Sequitur</strong></span> <span class='ocrx_word' id='word_1_104' title='bbox 967 1459 1158 1515; x_wconf 81' lang='lat' dir='ltr'><strong>solutio</strong></span> <span class='ocrx_word' id='word_1_105' title='bbox 1193 1461 1256 1515; x_wconf 87' lang='lat' dir='ltr'><strong>de</strong></span> <span class='ocrx_word' id='word_1_106' title='bbox 1286 1461 1494 1514; x_wconf 73' lang='lat' dir='ltr'><strong>limare.</strong></span> 
     </span>
    </p>
   </div>
   <div class='ocr_carea' id='block_1_17' title="bbox 370 1549 1886 1622">
    <p class='ocr_par' dir='ltr' id='par_1_17' title="bbox 370 1549 1886 1622">
     <span class='ocr_line' id='line_1_17' title="bbox 370 1549 1886 1622; baseline 0.001 -17"><span class='ocrx_word' id='word_1_107' title='bbox 370 1549 429 1605; x_wconf 91' lang='lat' dir='ltr'><strong>In</strong></span> <span class='ocrx_word' id='word_1_108' title='bbox 457 1549 606 1605; x_wconf 89' lang='lat' dir='ltr'><strong>leuca</strong></span> <span class='ocrx_word' id='word_1_109' title='bbox 634 1566 742 1604; x_wconf 89' lang='lat' dir='ltr'><strong>una</strong></span> <span class='ocrx_word' id='word_1_110' title='bbox 768 1560 893 1605; x_wconf 91' lang='lat' dir='ltr'><strong>sunt</strong></span> <span class='ocrx_word' id='word_1_111' title='bbox 917 1551 1062 1606; x_wconf 91' lang='lat' dir='ltr'><strong>mille</strong></span> <span class='ocrx_word' id='word_1_112' title='bbox 1090 1553 1366 1622; x_wconf 80' lang='lat' dir='ltr'><strong>quingenti</strong></span> <span class='ocrx_word' id='word_1_113' title='bbox 1391 1567 1614 1622; x_wconf 90' lang='lat' dir='ltr'><strong>passus;</strong></span> <span class='ocrx_word' id='word_1_114' title='bbox 1639 1568 1713 1608; x_wconf 82' lang='lat' dir='ltr'><strong>vn</strong></span> <span class='ocrx_word' id='word_1_115' title='bbox 1742 1569 1772 1606; x_wconf 82' lang='grc' dir='ltr'><strong>ι)</strong></span> <span class='ocrx_word' id='word_1_116' title='bbox 1794 1567 1886 1622; x_wconf 83' lang='lat' dir='ltr'><strong>pe-</strong></span> 
     </span>
    </p>
   </div>
   <div class='ocr_carea' id='block_1_18' title="bbox 299 1641 1880 1716">
    <p class='ocr_par' dir='ltr' id='par_1_18' title="bbox 299 1641 1880 1716">
     <span class='ocr_line' id='line_1_18' title="bbox 299 1641 1880 1716; baseline -0.002 -14"><span class='ocrx_word' id='word_1_117' title='bbox 299 1645 414 1711; x_wconf 87' lang='lat' dir='ltr'><strong>des,</strong></span> <span class='ocrx_word' id='word_1_118' title='bbox 442 1645 508 1700; x_wconf 76' lang='grc' dir='ltr'><strong>ῐᾰ</strong></span> <span class='ocrx_word' id='word_1_119' title='bbox 538 1643 730 1698; x_wconf 83' lang='lat' dir='ltr'><strong>unciae.</strong></span> <span class='ocrx_word' id='word_1_120' title='bbox 763 1641 906 1709; x_wconf 88' lang='lat' dir='ltr'><strong>Quot</strong></span> <span class='ocrx_word' id='word_1_121' title='bbox 929 1643 1120 1708; x_wconf 82' lang='lat' dir='ltr'><strong>unciae,</strong></span> <span class='ocrx_word' id='word_1_122' title='bbox 1161 1651 1240 1697; x_wconf 89' lang='lat' dir='ltr'><strong>tot</strong></span> <span class='ocrx_word' id='word_1_123' title='bbox 1269 1643 1383 1699; x_wconf 89' lang='lat' dir='ltr'><strong>dies</strong></span> <span class='ocrx_word' id='word_1_124' title='bbox 1409 1643 1646 1711; x_wconf 91' lang='lat' dir='ltr'><strong>fuerunt,</strong></span> <span class='ocrx_word' id='word_1_125' title='bbox 1679 1645 1772 1716; x_wconf 91' lang='lat' dir='ltr'><strong>qui</strong></span> <span class='ocrx_word' id='word_1_126' title='bbox 1795 1645 1880 1699; x_wconf 88' lang='lat' dir='ltr'><strong>fa-</strong></span> 
     </span>
    </p>
   </div>
   <div class='ocr_carea' id='block_1_19' title="bbox 297 1735 1244 1802">
    <p class='ocr_par' dir='ltr' id='par_1_19' title="bbox 297 1735 1244 1802">
     <span class='ocr_line' id='line_1_19' title="bbox 297 1735 1244 1802; baseline -0.006 -8"><span class='ocrx_word' id='word_1_127' title='bbox 297 1739 448 1794; x_wconf 91' lang='lat' dir='ltr'><strong>ciunt</strong></span> <span class='ocrx_word' id='word_1_128' title='bbox 471 1753 641 1794; x_wconf 88' lang='lat' dir='ltr'><strong>annos</strong></span> <span class='ocrx_word' id='word_1_129' title='bbox 666 1752 878 1802; x_wconf 78' lang='lat' dir='ltr'><strong>cchvt,</strong></span> <span class='ocrx_word' id='word_1_130' title='bbox 907 1743 962 1791; x_wconf 91' lang='lat' dir='ltr'><strong>et</strong></span> <span class='ocrx_word' id='word_1_131' title='bbox 987 1735 1104 1792; x_wconf 91' lang='lat' dir='ltr'><strong>dies</strong></span> <span class='ocrx_word' id='word_1_132' title='bbox 1125 1751 1244 1790; x_wconf 86' lang='lat' dir='ltr'><strong>ccx.</strong></span> 
     </span>
    </p>
   </div>
   <div class='ocr_carea' id='block_1_20' title="bbox 1054 1826 1120 1882">
    <p class='ocr_par' dir='ltr' id='par_1_20' title="bbox 1054 1826 1120 1882">
     <span class='ocr_line' id='line_1_20' title="bbox 1054 1826 1120 1882; baseline 0.03 -2"><span class='ocrx_word' id='word_1_133' title='bbox 1054 1826 1120 1882; x_wconf 80' lang='lat' dir='ltr'><strong>II.</strong></span> 
     </span>
    </p>
   </div>
   <div class='ocr_carea' id='block_1_21' title="bbox 500 1935 1676 1977">
    <p class='ocr_par' dir='ltr' id='par_1_21' title="bbox 500 1935 1676 1977">
     <span class='ocr_line' id='line_1_21' title="bbox 500 1935 1676 1977; baseline -0.003 0"><span class='ocrx_word' id='word_1_134' title='bbox 500 1935 526 1963; x_wconf 74' lang='grc'><strong><em>⁸</em></strong></span> <span class='ocrx_word' id='word_1_135' title='bbox 556 1935 866 1977; x_wconf 67' lang='grc' dir='ltr'><strong>Ρηονοειτιο</strong></span> <span class='ocrx_word' id='word_1_136' title='bbox 895 1935 960 1974; x_wconf 78' lang='lat' dir='ltr'><strong>DE</strong></span> <span class='ocrx_word' id='word_1_137' title='bbox 987 1935 1112 1974; x_wconf 76' lang='lat' dir='ltr'><strong>VIRO</strong></span> <span class='ocrx_word' id='word_1_138' title='bbox 1140 1935 1458 1974; x_wconf 73' lang='lat' dir='ltr'><strong>AMBULANTE</strong></span> <span class='ocrx_word' id='word_1_139' title='bbox 1485 1935 1539 1975; x_wconf 82' lang='lat' dir='ltr'><strong>IN</strong></span> <span class='ocrx_word' id='word_1_140' title='bbox 1566 1936 1676 1975; x_wconf 76' lang='lat' dir='ltr'><strong>VIA.</strong></span> 
     </span>
    </p>
   </div>
   <div class='ocr_carea' id='block_1_22' title="bbox 367 2010 1876 2083">
    <p class='ocr_par' dir='ltr' id='par_1_22' title="bbox 367 2010 1876 2083">
     <span class='ocr_line' id='line_1_22' title="bbox 367 2010 1876 2083; baseline -0.001 -14"><span class='ocrx_word' id='word_1_141' title='bbox 367 2015 592 2083; x_wconf 83' lang='lat' dir='ltr'><strong>Quidam</strong></span> <span class='ocrx_word' id='word_1_142' title='bbox 640 2014 724 2067; x_wconf 89' lang='lat' dir='ltr'><strong>vir</strong></span> <span class='ocrx_word' id='word_1_143' title='bbox 769 2011 1052 2068; x_wconf 88' lang='lat' dir='ltr'><strong>ambulans</strong></span> <span class='ocrx_word' id='word_1_144' title='bbox 1098 2024 1197 2080; x_wconf 89' lang='lat' dir='ltr'><strong>per</strong></span> <span class='ocrx_word' id='word_1_145' title='bbox 1239 2010 1383 2064; x_wconf 91' lang='lat' dir='ltr'><strong>viam</strong></span> <span class='ocrx_word' id='word_1_146' title='bbox 1417 2011 1550 2065; x_wconf 82' lang='lat' dir='ltr'><strong>vidit</strong></span> <span class='ocrx_word' id='word_1_147' title='bbox 1595 2012 1697 2067; x_wconf 89' lang='lat' dir='ltr'><strong>sibi</strong></span> <span class='ocrx_word' id='word_1_148' title='bbox 1742 2012 1876 2068; x_wconf 89' lang='lat' dir='ltr'><strong>alios</strong></span> 
     </span>
    </p>
   </div>
   <div class='ocr_carea' id='block_1_23' title="bbox 291 2102 1877 2169">
    <p class='ocr_par' dir='ltr' id='par_1_23' title="bbox 291 2102 1877 2169">
     <span class='ocr_line' id='line_1_23' title="bbox 291 2102 1877 2169; baseline -0.003 -6"><span class='ocrx_word' id='word_1_149' title='bbox 291 2107 540 2163; x_wconf 83' lang='lat' dir='ltr'><strong>homines</strong></span> <span class='ocrx_word' id='word_1_150' title='bbox 577 2103 890 2169; x_wconf 83' lang='lat' dir='ltr'><strong>obviantes,</strong></span> <span class='ocrx_word' id='word_1_151' title='bbox 933 2111 989 2158; x_wconf 90' lang='lat' dir='ltr'><strong>et</strong></span> <span class='ocrx_word' id='word_1_152' title='bbox 1024 2103 1160 2156; x_wconf 92' lang='lat' dir='ltr'><strong>dixit</strong></span> <span class='ocrx_word' id='word_1_153' title='bbox 1196 2103 1311 2157; x_wconf 90' lang='lat' dir='ltr'><strong>eis:</strong></span> <span class='ocrx_word' id='word_1_154' title='bbox 1354 2102 1629 2168; x_wconf 77' lang='lat' dir='ltr'><strong>Volebam,</strong></span> <span class='ocrx_word' id='word_1_155' title='bbox 1659 2110 1719 2158; x_wconf 91' lang='lat' dir='ltr'><strong>ut</strong></span> <span class='ocrx_word' id='word_1_156' title='bbox 1747 2102 1877 2158; x_wconf 85' lang='lat' dir='ltr'><strong>fuis-</strong></span> 
     </span>
    </p>
   </div>
   <div class='ocr_carea' id='block_1_24' title="bbox 291 2191 1875 2268">
    <p class='ocr_par' dir='ltr' id='par_1_24' title="bbox 291 2191 1875 2268">
     <span class='ocr_line' id='line_1_24' title="bbox 291 2191 1875 2268; baseline -0.002 -16"><span class='ocrx_word' id='word_1_157' title='bbox 291 2199 423 2253; x_wconf 88' lang='lat' dir='ltr'><strong>setis</strong></span> <span class='ocrx_word' id='word_1_158' title='bbox 463 2195 648 2268; x_wconf 83' lang='lat' dir='ltr'><strong>[Bed.,</strong></span> <span class='ocrx_word' id='word_1_159' title='bbox 700 2197 908 2249; x_wconf 89' lang='lat' dir='ltr'><strong>utinam</strong></span> <span class='ocrx_word' id='word_1_160' title='bbox 953 2191 1226 2265; x_wconf 82' lang='lat' dir='ltr'><strong>fuissetis]</strong></span> <span class='ocrx_word' id='word_1_161' title='bbox 1272 2195 1361 2247; x_wconf 92' lang='lat' dir='ltr'><strong>alii</strong></span> <span class='ocrx_word' id='word_1_162' title='bbox 1409 2202 1638 2260; x_wconf 90' lang='lat' dir='ltr'><strong>tantum,</strong></span> <span class='ocrx_word' id='word_1_163' title='bbox 1687 2195 1875 2264; x_wconf 89' lang='lat' dir='ltr'><strong>quanti</strong></span> 
     </span>
    </p>
   </div>
   <div class='ocr_carea' id='block_1_25' title="bbox 290 2287 1875 2356">
    <p class='ocr_par' dir='ltr' id='par_1_25' title="bbox 290 2287 1875 2356">
     <span class='ocr_line' id='line_1_25' title="bbox 290 2287 1875 2356; baseline -0.003 -10"><span class='ocrx_word' id='word_1_164' title='bbox 290 2292 458 2356; x_wconf 84' lang='lat' dir='ltr'><strong>estis;</strong></span> <span class='ocrx_word' id='word_1_165' title='bbox 491 2300 544 2344; x_wconf 89' lang='lat' dir='ltr'><strong>et</strong></span> <span class='ocrx_word' id='word_1_166' title='bbox 567 2289 828 2344; x_wconf 84' lang='lat' dir='ltr'><strong>medietas</strong></span> <span class='ocrx_word' id='word_1_167' title='bbox 858 2287 1194 2349; x_wconf 89' lang='lat' dir='ltr'><strong>medietatis;</strong></span> <span class='ocrx_word' id='word_1_168' title='bbox 1239 2296 1292 2340; x_wconf 90' lang='lat' dir='ltr'><strong>et</strong></span> <span class='ocrx_word' id='word_1_169' title='bbox 1331 2287 1488 2356; x_wconf 89' lang='lat' dir='ltr'><strong>hujus</strong></span> <span class='ocrx_word' id='word_1_170' title='bbox 1515 2287 1723 2341; x_wconf 89' lang='lat' dir='ltr'><strong>numeri</strong></span> <span class='ocrx_word' id='word_1_171' title='bbox 1759 2303 1875 2342; x_wconf 87' lang='lat' dir='ltr'><strong>me-</strong></span> 
     </span>
    </p>
   </div>
   <div class='ocr_carea' id='block_1_26' title="bbox 291 2376 1873 2454">
    <p class='ocr_par' dir='ltr' id='par_1_26' title="bbox 291 2376 1873 2454">
     <span class='ocr_line' id='line_1_26' title="bbox 291 2376 1873 2454; baseline -0.002 -17"><span class='ocrx_word' id='word_1_172' title='bbox 291 2383 463 2438; x_wconf 86' lang='lat' dir='ltr'><strong>dietas</strong></span> <span class='ocrx_word' id='word_1_173' title='bbox 505 2381 582 2454; x_wconf 88' lang='lat' dir='ltr'><strong>[et</strong></span> <span class='ocrx_word' id='word_1_174' title='bbox 619 2395 808 2434; x_wconf 87' lang='lat' dir='ltr'><strong>rursus</strong></span> <span class='ocrx_word' id='word_1_175' title='bbox 833 2380 900 2434; x_wconf 90' lang='lat' dir='ltr'><strong>de</strong></span> <span class='ocrx_word' id='word_1_176' title='bbox 930 2379 1219 2434; x_wconf 84' lang='lat' dir='ltr'><strong>medietate</strong></span> <span class='ocrx_word' id='word_1_177' title='bbox 1249 2376 1532 2449; x_wconf 85' lang='lat' dir='ltr'><strong>medietas]</strong></span> <span class='ocrx_word' id='word_1_178' title='bbox 1558 2395 1572 2443; x_wconf 96' lang='lat'><strong>;</strong></span> <span class='ocrx_word' id='word_1_179' title='bbox 1616 2387 1744 2433; x_wconf 92' lang='lat' dir='ltr'><strong>tunc</strong></span> <span class='ocrx_word' id='word_1_180' title='bbox 1769 2395 1873 2434; x_wconf 90' lang='lat' dir='ltr'><strong>una</strong></span> 
     </span>
    </p>
   </div>
   <div class='ocr_carea' id='block_1_27' title="bbox 288 2469 1870 2540">
    <p class='ocr_par' dir='ltr' id='par_1_27' title="bbox 288 2469 1870 2540">
     <span class='ocr_line' id='line_1_27' title="bbox 288 2469 1870 2540; baseline -0.001 -12"><span class='ocrx_word' id='word_1_181' title='bbox 288 2487 502 2528; x_wconf 78' lang='lat' dir='ltr'><strong>mecum</strong></span> <span class='ocrx_word' id='word_1_182' title='bbox 531 2490 560 2527; x_wconf 91' lang='lat' dir='ltr'><strong>c</strong></span> <span class='ocrx_word' id='word_1_183' title='bbox 600 2470 858 2525; x_wconf 83' lang='lat' dir='ltr'><strong>fuissetis.</strong></span> <span class='ocrx_word' id='word_1_184' title='bbox 906 2470 1078 2536; x_wconf 90' lang='lat' dir='ltr'><strong>Dicat,</strong></span> <span class='ocrx_word' id='word_1_185' title='bbox 1123 2471 1215 2539; x_wconf 88' lang='lat' dir='ltr'><strong>qui</strong></span> <span class='ocrx_word' id='word_1_186' title='bbox 1246 2470 1392 2537; x_wconf 82' lang='lat' dir='ltr'><strong>velit,</strong></span> <span class='ocrx_word' id='word_1_187' title='bbox 1418 2471 1604 2540; x_wconf 88' lang='lat' dir='ltr'><strong>quanti</strong></span> <span class='ocrx_word' id='word_1_188' title='bbox 1630 2469 1870 2538; x_wconf 87' lang='lat' dir='ltr'><strong>fuerunt,</strong></span> 
     </span>
    </p>
   </div>
   <div class='ocr_carea' id='block_1_28' title="bbox 289 2561 1199 2633">
    <p class='ocr_par' dir='ltr' id='par_1_28' title="bbox 289 2561 1199 2633">
     <span class='ocr_line' id='line_1_28' title="bbox 289 2561 1199 2633; baseline -0.002 -17"><span class='ocrx_word' id='word_1_189' title='bbox 289 2563 382 2633; x_wconf 89' lang='lat' dir='ltr'><strong>qui</strong></span> <span class='ocrx_word' id='word_1_190' title='bbox 405 2563 458 2616; x_wconf 93' lang='lat' dir='ltr'><strong>in</strong></span> <span class='ocrx_word' id='word_1_191' title='bbox 484 2563 673 2633; x_wconf 90' lang='lat' dir='ltr'><strong>primis</strong></span> <span class='ocrx_word' id='word_1_192' title='bbox 698 2562 767 2616; x_wconf 89' lang='lat' dir='ltr'><strong>ab</strong></span> <span class='ocrx_word' id='word_1_193' title='bbox 797 2561 886 2616; x_wconf 90' lang='lat' dir='ltr'><strong>illo</strong></span> <span class='ocrx_word' id='word_1_194' title='bbox 909 2561 1009 2615; x_wconf 91' lang='lat' dir='ltr'><strong>visi</strong></span> <span class='ocrx_word' id='word_1_195' title='bbox 1032 2562 1199 2616; x_wconf 91' lang='lat' dir='ltr'><strong>sunt?</strong></span> 
     </span>
    </p>
   </div>
   <div class='ocr_carea' id='block_1_29' title="bbox 648 2652 1530 2724">
    <p class='ocr_par' dir='ltr' id='par_1_29' title="bbox 648 2652 1530 2724">
     <span class='ocr_line' id='line_1_29' title="bbox 648 2652 1530 2724; baseline 0 -16"><span class='ocrx_word' id='word_1_196' title='bbox 648 2652 850 2708; x_wconf 82' lang='lat' dir='ltr'><strong>Salutio</strong></span> <span class='ocrx_word' id='word_1_197' title='bbox 873 2653 936 2706; x_wconf 86' lang='lat' dir='ltr'><strong>de</strong></span> <span class='ocrx_word' id='word_1_198' title='bbox 957 2653 1137 2707; x_wconf 86' lang='lat' dir='ltr'><strong>eadem</strong></span> <span class='ocrx_word' id='word_1_199' title='bbox 1160 2655 1530 2724; x_wconf 80' lang='lat' dir='ltr'><strong>propositione.</strong></span> 
     </span>
    </p>
   </div>
   <div class='ocr_carea' id='block_1_30' title="bbox 357 2743 1868 2813">
    <p class='ocr_par' dir='ltr' id='par_1_30' title="bbox 357 2743 1868 2813">
     <span class='ocr_line' id='line_1_30' title="bbox 357 2743 1868 2813; baseline 0.003 -16"><span class='ocrx_word' id='word_1_200' title='bbox 357 2745 463 2810; x_wconf 85' lang='lat' dir='ltr'><strong>Qui</strong></span> <span class='ocrx_word' id='word_1_201' title='bbox 492 2743 755 2813; x_wconf 88' lang='lat' dir='ltr'><strong>imprimis</strong></span> <span class='ocrx_word' id='word_1_202' title='bbox 777 2743 956 2798; x_wconf 91' lang='lat' dir='ltr'><strong>abillo</strong></span> <span class='ocrx_word' id='word_1_203' title='bbox 979 2744 1080 2799; x_wconf 82' lang='lat' dir='ltr'><strong>visi</strong></span> <span class='ocrx_word' id='word_1_204' title='bbox 1105 2752 1248 2808; x_wconf 89' lang='lat' dir='ltr'><strong>sunt,</strong></span> <span class='ocrx_word' id='word_1_205' title='bbox 1289 2744 1508 2799; x_wconf 85' lang='lat' dir='ltr'><strong>fuerunt</strong></span> <span class='ocrx_word' id='word_1_206' title='bbox 1544 2763 1730 2800; x_wconf 76' lang='lat' dir='ltr'><strong>xxxvi.</strong></span> <span class='ocrx_word' id='word_1_207' title='bbox 1762 2744 1868 2802; x_wconf 82' lang='lat' dir='ltr'><strong>Alii</strong></span> 
     </span>
    </p>
   </div>
   <div class='ocr_carea' id='block_1_31' title="bbox 284 2832 1869 2905">
    <p class='ocr_par' dir='ltr' id='par_1_31' title="bbox 284 2832 1869 2905">
     <span class='ocr_line' id='line_1_31' title="bbox 284 2832 1869 2905; baseline 0.002 -15"><span class='ocrx_word' id='word_1_208' title='bbox 284 2845 499 2895; x_wconf 89' lang='lat' dir='ltr'><strong>tantum</strong></span> <span class='ocrx_word' id='word_1_209' title='bbox 539 2849 706 2890; x_wconf 83' lang='lat' dir='ltr'><strong>Lxxu.</strong></span> <span class='ocrx_word' id='word_1_210' title='bbox 750 2832 1005 2888; x_wconf 88' lang='lat' dir='ltr'><strong>Medietas</strong></span> <span class='ocrx_word' id='word_1_211' title='bbox 1045 2835 1350 2889; x_wconf 83' lang='lat' dir='ltr'><strong>medietatis</strong></span> <span class='ocrx_word' id='word_1_212' title='bbox 1390 2851 1544 2889; x_wconf 87' lang='lat' dir='ltr'><strong>xvm.</strong></span> <span class='ocrx_word' id='word_1_213' title='bbox 1595 2837 1664 2890; x_wconf 88' lang='lat' dir='ltr'><strong>Et</strong></span> <span class='ocrx_word' id='word_1_214' title='bbox 1708 2837 1869 2905; x_wconf 88' lang='lat' dir='ltr'><strong>hujus</strong></span> 
     </span>
    </p>
   </div>
   <div class='ocr_carea' id='block_1_32' title="bbox 280 2925 1868 2997">
    <p class='ocr_par' dir='ltr' id='par_1_32' title="bbox 280 2925 1868 2997">
     <span class='ocr_line' id='line_1_32' title="bbox 280 2925 1868 2997; baseline 0.002 -16"><span class='ocrx_word' id='word_1_215' title='bbox 280 2926 495 2981; x_wconf 90' lang='lat' dir='ltr'><strong>numeri</strong></span> <span class='ocrx_word' id='word_1_216' title='bbox 542 2925 802 2979; x_wconf 88' lang='lat' dir='ltr'><strong>medietas</strong></span> <span class='ocrx_word' id='word_1_217' title='bbox 848 2932 974 2979; x_wconf 90' lang='lat' dir='ltr'><strong>sunt</strong></span> <span class='ocrx_word' id='word_1_218' title='bbox 997 2941 1136 2978; x_wconf 85' lang='lat' dir='ltr'><strong>vnn.</strong></span> <span class='ocrx_word' id='word_1_219' title='bbox 1185 2925 1280 2979; x_wconf 92' lang='lat' dir='ltr'><strong>Dic</strong></span> <span class='ocrx_word' id='word_1_220' title='bbox 1319 2941 1448 2997; x_wconf 83' lang='lat' dir='ltr'><strong>ergo</strong></span> <span class='ocrx_word' id='word_1_221' title='bbox 1479 2928 1595 2982; x_wconf 90' lang='lat' dir='ltr'><strong>sic:</strong></span> <span class='ocrx_word' id='word_1_222' title='bbox 1637 2945 1783 2984; x_wconf 82' lang='lat' dir='ltr'><strong>Lxxu</strong></span> <span class='ocrx_word' id='word_1_223' title='bbox 1813 2937 1868 2984; x_wconf 91' lang='lat' dir='ltr'><strong>et</strong></span> 
     </span>
    </p>
   </div>
   <div class='ocr_carea' id='block_1_33' title="bbox 278 3015 1866 3088">
    <p class='ocr_par' dir='ltr' id='par_1_33' title="bbox 278 3015 1866 3088">
     <span class='ocr_line' id='line_1_33' title="bbox 278 3015 1866 3088; baseline 0.002 -16"><span class='ocrx_word' id='word_1_224' title='bbox 278 3034 416 3072; x_wconf 85' lang='lat' dir='ltr'><strong>xvm</strong></span> <span class='ocrx_word' id='word_1_225' title='bbox 449 3017 584 3071; x_wconf 91' lang='lat' dir='ltr'><strong>ﬁunt</strong></span> <span class='ocrx_word' id='word_1_226' title='bbox 604 3033 690 3072; x_wconf 88' lang='lat' dir='ltr'><strong>xc.</strong></span> <span class='ocrx_word' id='word_1_227' title='bbox 717 3015 868 3072; x_wconf 80' lang='lat' dir='ltr'><strong>Adde</strong></span> <span class='ocrx_word' id='word_1_228' title='bbox 892 3033 1027 3083; x_wconf 83' lang='lat' dir='ltr'><strong>vnn,</strong></span> <span class='ocrx_word' id='word_1_229' title='bbox 1058 3019 1192 3071; x_wconf 87' lang='lat' dir='ltr'><strong>liunt</strong></span> <span class='ocrx_word' id='word_1_230' title='bbox 1221 3032 1424 3070; x_wconf 86' lang='lat' dir='ltr'><strong>xcvuu.</strong></span> <span class='ocrx_word' id='word_1_231' title='bbox 1464 3017 1612 3074; x_wconf 83' lang='lat' dir='ltr'><strong>Adde</strong></span> <span class='ocrx_word' id='word_1_232' title='bbox 1644 3020 1866 3088; x_wconf 88' lang='lat' dir='ltr'><strong>loquen-</strong></span> 
     </span>
    </p>
   </div>
   <div class='ocr_carea' id='block_1_34' title="bbox 281 3107 1101 3233">
    <p class='ocr_par' dir='ltr' id='par_1_34' title="bbox 281 3107 1101 3233">
     <span class='ocr_line' id='line_1_34' title="bbox 281 3107 1101 3233; baseline -0.005 -67"><span class='ocrx_word' id='word_1_233' title='bbox 281 3119 413 3174; x_wconf 91' lang='lat' dir='ltr'><strong>tem,</strong></span> <span class='ocrx_word' id='word_1_234' title='bbox 441 3116 496 3163; x_wconf 91' lang='lat' dir='ltr'><strong>et</strong></span> <span class='ocrx_word' id='word_1_235' title='bbox 520 3107 744 3163; x_wconf 86' lang='lat' dir='ltr'><strong>habebis</strong></span> <span class='ocrx_word' id='word_1_236' title='bbox 775 3121 826 3162; x_wconf 88' lang='lat' dir='ltr'><strong>c.</strong></span> <span class='ocrx_word' id='word_1_237' title='bbox 1035 3176 1101 3233; x_wconf 68' lang='grc' dir='ltr'>ΠΙ</span> 
     </span>
    </p>
   </div>
   <div class='ocr_carea' id='block_1_35' title="bbox 459 3271 1684 3328">
    <p class='ocr_par' dir='ltr' id='par_1_35' title="bbox 459 3271 1684 3328">
     <span class='ocr_line' id='line_1_35' title="bbox 459 3271 1684 3328; baseline 0 -3"><span class='ocrx_word' id='word_1_238' title='bbox 459 3271 487 3310; x_wconf 75' lang='grc' dir='ltr'>δ</span> <span class='ocrx_word' id='word_1_239' title='bbox 514 3285 824 3326; x_wconf 69' lang='lat' dir='ltr'><strong>puerosmo</strong></span> <span class='ocrx_word' id='word_1_240' title='bbox 849 3285 914 3324; x_wconf 74' lang='lat' dir='ltr'><strong>ne</strong></span> <span class='ocrx_word' id='word_1_241' title='bbox 944 3284 1144 3325; x_wconf 74' lang='lat' dir='ltr'><strong>nuonus</strong></span> <span class='ocrx_word' id='word_1_242' title='bbox 1170 3285 1684 3328; x_wconf 71' lang='lat' dir='ltr'><strong>pnonmscsx&#39;rmus.</strong></span> 
     </span>
    </p>
   </div>
   <div class='ocr_carea' id='block_1_36' title="bbox 353 3361 1866 3434">
    <p class='ocr_par' dir='ltr' id='par_1_36' title="bbox 353 3361 1866 3434">
     <span class='ocr_line' id='line_1_36' title="bbox 353 3361 1866 3434; baseline 0.001 -18"><span class='ocrx_word' id='word_1_243' title='bbox 353 3361 469 3416; x_wconf 90' lang='lat' dir='ltr'><strong>Duo</strong></span> <span class='ocrx_word' id='word_1_244' title='bbox 512 3362 758 3416; x_wconf 89' lang='lat' dir='ltr'><strong>homines</strong></span> <span class='ocrx_word' id='word_1_245' title='bbox 802 3361 1136 3416; x_wconf 88' lang='lat' dir='ltr'><strong>ambulantes</strong></span> <span class='ocrx_word' id='word_1_246' title='bbox 1177 3377 1276 3430; x_wconf 87' lang='lat' dir='ltr'><strong>per</strong></span> <span class='ocrx_word' id='word_1_247' title='bbox 1313 3362 1474 3427; x_wconf 89' lang='lat' dir='ltr'><strong>viam,</strong></span> <span class='ocrx_word' id='word_1_248' title='bbox 1514 3364 1866 3434; x_wconf 87' lang='lat' dir='ltr'><strong>videntesque</strong></span> 
     </span>
    </p>
   </div>
   <div class='ocr_carea' id='block_1_37' title="bbox 279 3451 1866 3521">
    <p class='ocr_par' dir='ltr' id='par_1_37' title="bbox 279 3451 1866 3521">
     <span class='ocr_line' id='line_1_37' title="bbox 279 3451 1866 3521; baseline 0.001 -13"><span class='ocrx_word' id='word_1_249' title='bbox 279 3452 538 3516; x_wconf 85' lang='lat' dir='ltr'><strong>ciconias,</strong></span> <span class='ocrx_word' id='word_1_250' title='bbox 569 3451 822 3506; x_wconf 85' lang='lat' dir='ltr'><strong>dixerunt</strong></span> <span class='ocrx_word' id='word_1_251' title='bbox 867 3451 1007 3506; x_wconf 90' lang='lat' dir='ltr'><strong>inter</strong></span> <span class='ocrx_word' id='word_1_252' title='bbox 1047 3467 1140 3506; x_wconf 87' lang='lat' dir='ltr'><strong>se:</strong></span> <span class='ocrx_word' id='word_1_253' title='bbox 1180 3451 1321 3519; x_wconf 88' lang='lat' dir='ltr'><strong>Quot</strong></span> <span class='ocrx_word' id='word_1_254' title='bbox 1352 3453 1521 3507; x_wconf 91' lang='lat' dir='ltr'><strong>sunt?</strong></span> <span class='ocrx_word' id='word_1_255' title='bbox 1558 3453 1658 3521; x_wconf 89' lang='lat' dir='ltr'><strong>Qui</strong></span> <span class='ocrx_word' id='word_1_256' title='bbox 1683 3455 1866 3510; x_wconf 87' lang='lat' dir='ltr'><strong>confe-</strong></span> 
     </span>
    </p>
   </div>
   <div class='ocr_carea' id='block_1_38' title="bbox 277 3541 1866 3614">
    <p class='ocr_par' dir='ltr' id='par_1_38' title="bbox 277 3541 1866 3614">
     <span class='ocr_line' id='line_1_38' title="bbox 277 3541 1866 3614; baseline 0.004 -17"><span class='ocrx_word' id='word_1_257' title='bbox 277 3551 463 3598; x_wconf 87' lang='lat' dir='ltr'><strong>rentes</strong></span> <span class='ocrx_word' id='word_1_258' title='bbox 494 3557 778 3595; x_wconf 89' lang='lat' dir='ltr'><strong>numerum</strong></span> <span class='ocrx_word' id='word_1_259' title='bbox 808 3541 1060 3596; x_wconf 86' lang='lat' dir='ltr'><strong>dixerunt</strong></span> <span class='ocrx_word' id='word_1_260' title='bbox 1086 3560 1098 3595; x_wconf 88' lang='lat'>:</span> <span class='ocrx_word' id='word_1_261' title='bbox 1142 3541 1198 3595; x_wconf 92' lang='lat' dir='ltr'><strong>Si</strong></span> <span class='ocrx_word' id='word_1_262' title='bbox 1227 3552 1413 3598; x_wconf 89' lang='lat' dir='ltr'><strong>essent</strong></span> <span class='ocrx_word' id='word_1_263' title='bbox 1444 3545 1561 3599; x_wconf 71' lang='lat' dir='ltr'><strong>alite</strong></span> <span class='ocrx_word' id='word_1_264' title='bbox 1590 3556 1782 3614; x_wconf 66' lang='lat' dir='ltr'><strong>tantae;</strong></span> <span class='ocrx_word' id='word_1_265' title='bbox 1810 3557 1866 3602; x_wconf 90' lang='lat' dir='ltr'><strong>et</strong></span> 
     </span>
    </p>
   </div>
   <div class='ocr_carea' id='block_1_39' title="bbox 278 3631 1865 3706">
    <p class='ocr_par' dir='ltr' id='par_1_39' title="bbox 278 3631 1865 3706">
     <span class='ocr_line' id='line_1_39' title="bbox 278 3631 1865 3706; baseline 0.004 -18"><span class='ocrx_word' id='word_1_266' title='bbox 278 3643 363 3688; x_wconf 91' lang='lat' dir='ltr'><strong>ter</strong></span> <span class='ocrx_word' id='word_1_267' title='bbox 389 3632 565 3704; x_wconf 82' lang='lat' dir='ltr'><strong>[Bed.,</strong></span> <span class='ocrx_word' id='word_1_268' title='bbox 589 3638 645 3685; x_wconf 91' lang='lat' dir='ltr'><strong>et</strong></span> <span class='ocrx_word' id='word_1_269' title='bbox 666 3631 852 3703; x_wconf 89' lang='lat' dir='ltr'><strong>etiam]</strong></span> <span class='ocrx_word' id='word_1_270' title='bbox 877 3639 1058 3698; x_wconf 72' lang='lat' dir='ltr'><strong>tantae,</strong></span> <span class='ocrx_word' id='word_1_271' title='bbox 1079 3641 1134 3686; x_wconf 89' lang='lat' dir='ltr'><strong>et</strong></span> <span class='ocrx_word' id='word_1_272' title='bbox 1160 3634 1419 3690; x_wconf 86' lang='lat' dir='ltr'><strong>medietas</strong></span> <span class='ocrx_word' id='word_1_273' title='bbox 1445 3637 1607 3702; x_wconf 89' lang='lat' dir='ltr'><strong>tertii,</strong></span> <span class='ocrx_word' id='word_1_274' title='bbox 1640 3638 1865 3706; x_wconf 87' lang='lat' dir='ltr'><strong>adjectis</strong></span> 
     </span>
    </p>
   </div>
   <div class='ocr_carea' id='block_1_40' title="bbox 278 3723 1858 3796">
    <p class='ocr_par' dir='ltr' id='par_1_40' title="bbox 278 3723 1858 3796">
     <span class='ocr_line' id='line_1_40' title="bbox 278 3723 1858 3796; baseline 0.001 -13"><span class='ocrx_word' id='word_1_275' title='bbox 278 3727 506 3791; x_wconf 92' lang='lat' dir='ltr'><strong>duobus,</strong></span> <span class='ocrx_word' id='word_1_276' title='bbox 531 3741 560 3780; x_wconf 89' lang='lat' dir='ltr'><strong>c</strong></span> <span class='ocrx_word' id='word_1_277' title='bbox 590 3733 792 3780; x_wconf 89' lang='lat' dir='ltr'><strong>essent.</strong></span> <span class='ocrx_word' id='word_1_278' title='bbox 825 3723 997 3786; x_wconf 88' lang='lat' dir='ltr'><strong>Dicat,</strong></span> <span class='ocrx_word' id='word_1_279' title='bbox 1029 3725 1119 3796; x_wconf 87' lang='lat' dir='ltr'><strong>qui</strong></span> <span class='ocrx_word' id='word_1_280' title='bbox 1149 3733 1344 3794; x_wconf 89' lang='lat' dir='ltr'><strong>potest,</strong></span> <span class='ocrx_word' id='word_1_281' title='bbox 1375 3735 1588 3794; x_wconf 82' lang='lat' dir='ltr'><strong>quantae</strong></span> <span class='ocrx_word' id='word_1_282' title='bbox 1622 3728 1858 3796; x_wconf 89' lang='lat' dir='ltr'><strong>fuerunt,</strong></span> 
     </span>
    </p>
   </div>
   <div class='ocr_carea' id='block_1_41' title="bbox 276 3813 1249 3893">
    <p class='ocr_par' dir='ltr' id='par_1_41' title="bbox 276 3813 1249 3893">
     <span class='ocr_line' id='line_1_41' title="bbox 276 3813 1249 3893; baseline -0.005 -21"><span class='ocrx_word' id='word_1_283' title='bbox 276 3833 397 3893; x_wconf 70' lang='lat' dir='ltr'><strong>qua:</strong></span> <span class='ocrx_word' id='word_1_284' title='bbox 422 3815 685 3885; x_wconf 91' lang='lat' dir='ltr'><strong>imprimis</strong></span> <span class='ocrx_word' id='word_1_285' title='bbox 712 3813 781 3867; x_wconf 89' lang='lat' dir='ltr'><strong>ab</strong></span> <span class='ocrx_word' id='word_1_286' title='bbox 809 3813 914 3867; x_wconf 91' lang='lat' dir='ltr'><strong>illis</strong></span> <span class='ocrx_word' id='word_1_287' title='bbox 932 3814 1062 3867; x_wconf 70' lang='lat' dir='ltr'><strong>visa:</strong></span> <span class='ocrx_word' id='word_1_288' title='bbox 1088 3815 1249 3867; x_wconf 91' lang='lat' dir='ltr'><strong>sunt?</strong></span> 
     </span>
    </p>
   </div>
   <div class='ocr_carea' id='block_1_42' title="bbox 784 3903 1354 3958">
    <p class='ocr_par' dir='ltr' id='par_1_42' title="bbox 784 3903 1354 3958">
     <span class='ocr_line' id='line_1_42' title="bbox 784 3903 1354 3958; baseline -0.002 0"><span class='ocrx_word' id='word_1_289' title='bbox 784 3903 989 3958; x_wconf 83' lang='lat' dir='ltr'><strong>Salutio</strong></span> <span class='ocrx_word' id='word_1_290' title='bbox 1019 3905 1083 3956; x_wconf 84' lang='lat' dir='ltr'><strong>de</strong></span> <span class='ocrx_word' id='word_1_291' title='bbox 1118 3905 1354 3958; x_wconf 78' lang='lat' dir='ltr'><strong>ciconiis.</strong></span> 
     </span>
    </p>
   </div>
   <div class='ocr_carea' id='block_1_43' title="bbox 347 3993 1864 4060">
    <p class='ocr_par' dir='ltr' id='par_1_43' title="bbox 347 3993 1864 4060">
     <span class='ocr_line' id='line_1_43' title="bbox 347 3993 1864 4060; baseline 0.002 -10"><span class='ocrx_word' id='word_1_292' title='bbox 347 4011 518 4050; x_wconf 80' lang='lat' dir='ltr'><strong>xxvm</strong></span> <span class='ocrx_word' id='word_1_293' title='bbox 545 4003 601 4049; x_wconf 89' lang='lat' dir='ltr'><strong>et</strong></span> <span class='ocrx_word' id='word_1_294' title='bbox 635 4010 788 4060; x_wconf 85' lang='lat' dir='ltr'><strong>xvm,</strong></span> <span class='ocrx_word' id='word_1_295' title='bbox 813 4000 868 4047; x_wconf 90' lang='lat' dir='ltr'><strong>et</strong></span> <span class='ocrx_word' id='word_1_296' title='bbox 893 3994 1053 4047; x_wconf 88' lang='lat' dir='ltr'><strong>tertio</strong></span> <span class='ocrx_word' id='word_1_297' title='bbox 1081 3994 1192 4058; x_wconf 88' lang='lat' dir='ltr'><strong>sic;</strong></span> <span class='ocrx_word' id='word_1_298' title='bbox 1230 3993 1366 4049; x_wconf 87' lang='lat' dir='ltr'><strong>ﬁunt</strong></span> <span class='ocrx_word' id='word_1_299' title='bbox 1390 4011 1636 4050; x_wconf 82' lang='lat' dir='ltr'><strong>Lxxxun.</strong></span> <span class='ocrx_word' id='word_1_300' title='bbox 1664 3998 1730 4053; x_wconf 89' lang='lat' dir='ltr'><strong>Et</strong></span> <span class='ocrx_word' id='word_1_301' title='bbox 1753 4013 1864 4053; x_wconf 83' lang='lat' dir='ltr'><strong>me-</strong></span> 
     </span>
    </p>
   </div>
   <div class='ocr_carea' id='block_1_44' title="bbox 274 4085 1862 4162">
    <p class='ocr_par' dir='ltr' id='par_1_44' title="bbox 274 4085 1862 4162">
     <span class='ocr_line' id='line_1_44' title="bbox 274 4085 1862 4162; baseline -0.001 -17"><span class='ocrx_word' id='word_1_302' title='bbox 274 4090 450 4144; x_wconf 87' lang='lat' dir='ltr'><strong>dietas</strong></span> <span class='ocrx_word' id='word_1_303' title='bbox 481 4088 625 4142; x_wconf 90' lang='lat' dir='ltr'><strong>tertii</strong></span> <span class='ocrx_word' id='word_1_304' title='bbox 663 4087 800 4141; x_wconf 91' lang='lat' dir='ltr'><strong>ﬁunt</strong></span> <span class='ocrx_word' id='word_1_305' title='bbox 821 4102 962 4140; x_wconf 84' lang='lat' dir='ltr'><strong>xun.</strong></span> <span class='ocrx_word' id='word_1_306' title='bbox 1013 4085 1150 4140; x_wconf 92' lang='lat' dir='ltr'><strong>Sunt</strong></span> <span class='ocrx_word' id='word_1_307' title='bbox 1180 4087 1233 4140; x_wconf 94' lang='lat' dir='ltr'><strong>in</strong></span> <span class='ocrx_word' id='word_1_308' title='bbox 1264 4094 1437 4146; x_wconf 89' lang='lat' dir='ltr'><strong>totum</strong></span> <span class='ocrx_word' id='word_1_309' title='bbox 1482 4105 1669 4147; x_wconf 86' lang='lat' dir='ltr'><strong>xcvm.</strong></span> <span class='ocrx_word' id='word_1_310' title='bbox 1697 4091 1862 4162; x_wconf 82' lang='lat' dir='ltr'><strong>Adje-</strong></span> 
     </span>
    </p>
   </div>
   <div class='ocr_carea' id='block_1_45' title="bbox 275 4180 1003 4249">
    <p class='ocr_par' dir='ltr' id='par_1_45' title="bbox 275 4180 1003 4249">
     <span class='ocr_line' id='line_1_45' title="bbox 275 4180 1003 4249; baseline -0.01 -12"><span class='ocrx_word' id='word_1_311' title='bbox 275 4182 378 4237; x_wconf 89' lang='lat' dir='ltr'><strong>ctis</strong></span> <span class='ocrx_word' id='word_1_312' title='bbox 405 4180 633 4245; x_wconf 86' lang='lat' dir='ltr'><strong>duobus,</strong></span> <span class='ocrx_word' id='word_1_313' title='bbox 663 4195 692 4234; x_wconf 92' lang='lat' dir='ltr'><strong>c</strong></span> <span class='ocrx_word' id='word_1_314' title='bbox 721 4184 1003 4249; x_wconf 88' lang='lat' dir='ltr'><strong>apparent.</strong></span> 
     </span>
    </p>
   </div>
   <div class='ocr_carea' id='block_1_46' title="bbox 1026 4267 1116 4323">
    <p class='ocr_par' dir='ltr' id='par_1_46' title="bbox 1026 4267 1116 4323">
     <span class='ocr_line' id='line_1_46' title="bbox 1026 4267 1116 4323; baseline 0.011 -2"><span class='ocrx_word' id='word_1_315' title='bbox 1026 4267 1116 4323; x_wconf 87' lang='lat' dir='ltr'><strong>IV.</strong></span> 
     </span>
    </p>
   </div>
   <div class='ocr_carea' id='block_1_47' title="bbox 569 4373 1558 4424">
    <p class='ocr_par' dir='ltr' id='par_1_47' title="bbox 569 4373 1558 4424">
     <span class='ocr_line' id='line_1_47' title="bbox 569 4373 1558 4424; baseline 0 -8"><span class='ocrx_word' id='word_1_316' title='bbox 569 4373 591 4400; x_wconf 71' lang='grc' dir='ltr'>θ</span> <span class='ocrx_word' id='word_1_317' title='bbox 630 4376 944 4416; x_wconf 74' lang='lat' dir='ltr'><strong>PBOPOSITIO</strong></span> <span class='ocrx_word' id='word_1_318' title='bbox 973 4377 1038 4414; x_wconf 82' lang='lat' dir='ltr'><strong>DE</strong></span> <span class='ocrx_word' id='word_1_319' title='bbox 1064 4373 1264 4415; x_wconf 74' lang='lat' dir='ltr'><strong>IIOMINE</strong></span> <span class='ocrx_word' id='word_1_320' title='bbox 1295 4376 1363 4414; x_wconf 82' lang='grc' dir='ltr'><strong>ΕΤ</strong></span> <span class='ocrx_word' id='word_1_321' title='bbox 1386 4376 1558 4424; x_wconf 77' lang='lat' dir='ltr'><strong>EQUIS.</strong></span> 
     </span>
    </p>
   </div>
   <div class='ocr_carea' id='block_1_48' title="bbox 344 4441 1936 4524">
    <p class='ocr_par' dir='ltr' id='par_1_48' title="bbox 344 4441 1936 4524">
     <span class='ocr_line' id='line_1_48' title="bbox 344 4441 1936 4524; baseline -0.005 -16"><span class='ocrx_word' id='word_1_322' title='bbox 344 4454 574 4523; x_wconf 83' lang='lat' dir='ltr'><strong>Quidam</strong></span> <span class='ocrx_word' id='word_1_323' title='bbox 615 4453 775 4508; x_wconf 90' lang='lat' dir='ltr'><strong>homo</strong></span> <span class='ocrx_word' id='word_1_324' title='bbox 817 4452 950 4506; x_wconf 85' lang='lat' dir='ltr'><strong>vidit</strong></span> <span class='ocrx_word' id='word_1_325' title='bbox 985 4466 1151 4520; x_wconf 90' lang='lat' dir='ltr'><strong>equos</strong></span> <span class='ocrx_word' id='word_1_326' title='bbox 1195 4460 1478 4521; x_wconf 89' lang='lat' dir='ltr'><strong>pascentes</strong></span> <span class='ocrx_word' id='word_1_327' title='bbox 1528 4452 1581 4506; x_wconf 90' lang='lat' dir='ltr'><strong>in</strong></span> <span class='ocrx_word' id='word_1_328' title='bbox 1629 4468 1853 4524; x_wconf 91' lang='lat' dir='ltr'><strong>campo,</strong></span> <span class='ocrx_word' id='word_1_329' title='bbox 1886 4441 1936 4500; x_wconf 87' lang='lat' dir='ltr'><strong>D</strong></span> 
     </span>
    </p>
   </div>
   <div class='ocr_carea' id='block_1_49' title="bbox 270 4542 1856 4619">
    <p class='ocr_par' dir='ltr' id='par_1_49' title="bbox 270 4542 1856 4619">
     <span class='ocr_line' id='line_1_49' title="bbox 270 4542 1856 4619; baseline -0.001 -17"><span class='ocrx_word' id='word_1_330' title='bbox 270 4546 480 4619; x_wconf 89' lang='lat' dir='ltr'><strong>optavit</strong></span> <span class='ocrx_word' id='word_1_331' title='bbox 513 4545 736 4600; x_wconf 90' lang='lat' dir='ltr'><strong>dicens:</strong></span> <span class='ocrx_word' id='word_1_332' title='bbox 785 4542 1004 4598; x_wconf 88' lang='lat' dir='ltr'><strong>Utinam</strong></span> <span class='ocrx_word' id='word_1_333' title='bbox 1033 4544 1228 4598; x_wconf 79' lang='lat' dir='ltr'><strong>essetis</strong></span> <span class='ocrx_word' id='word_1_334' title='bbox 1266 4543 1403 4607; x_wconf 91' lang='lat' dir='ltr'><strong>mei,</strong></span> <span class='ocrx_word' id='word_1_335' title='bbox 1436 4552 1491 4598; x_wconf 91' lang='lat' dir='ltr'><strong>et</strong></span> <span class='ocrx_word' id='word_1_336' title='bbox 1530 4544 1720 4599; x_wconf 89' lang='lat' dir='ltr'><strong>essetis</strong></span> <span class='ocrx_word' id='word_1_337' title='bbox 1765 4545 1856 4600; x_wconf 90' lang='lat' dir='ltr'><strong>alii</strong></span> 
     </span>
    </p>
   </div>
   <div class='ocr_carea' id='block_1_50' title="bbox 270 4635 1858 4705">
    <p class='ocr_par' dir='ltr' id='par_1_50' title="bbox 270 4635 1858 4705">
     <span class='ocr_line' id='line_1_50' title="bbox 270 4635 1858 4705; baseline -0.003 -11"><span class='ocrx_word' id='word_1_338' title='bbox 270 4648 504 4702; x_wconf 89' lang='lat' dir='ltr'><strong>tantum,</strong></span> <span class='ocrx_word' id='word_1_339' title='bbox 531 4643 588 4691; x_wconf 91' lang='lat' dir='ltr'><strong>et</strong></span> <span class='ocrx_word' id='word_1_340' title='bbox 611 4635 874 4690; x_wconf 89' lang='lat' dir='ltr'><strong>medietas</strong></span> <span class='ocrx_word' id='word_1_341' title='bbox 912 4635 1256 4700; x_wconf 88' lang='lat' dir='ltr'><strong>medietatis;</strong></span> <span class='ocrx_word' id='word_1_342' title='bbox 1295 4644 1444 4689; x_wconf 89' lang='lat' dir='ltr'><strong>certe</strong></span> <span class='ocrx_word' id='word_1_343' title='bbox 1478 4636 1736 4705; x_wconf 80' lang='lat' dir='ltr'><strong>gloriarer</strong></span> <span class='ocrx_word' id='word_1_344' title='bbox 1769 4651 1858 4690; x_wconf 89' lang='lat' dir='ltr'><strong>su-</strong></span> 
     </span>
    </p>
   </div>
   <div class='ocr_carea' id='block_1_51' title="bbox 267 4725 1859 4800">
    <p class='ocr_par' dir='ltr' id='par_1_51' title="bbox 267 4725 1859 4800">
     <span class='ocr_line' id='line_1_51' title="bbox 267 4725 1859 4800; baseline 0 -19"><span class='ocrx_word' id='word_1_345' title='bbox 267 4743 370 4800; x_wconf 86' lang='lat' dir='ltr'><strong>per</strong></span> <span class='ocrx_word' id='word_1_346' title='bbox 399 4740 569 4796; x_wconf 88' lang='lat' dir='ltr'><strong>equos</strong></span> <span class='ocrx_word' id='word_1_347' title='bbox 598 4741 648 4780; x_wconf 92' lang='lat' dir='ltr'><strong>c.</strong></span> <span class='ocrx_word' id='word_1_348' title='bbox 682 4725 988 4789; x_wconf 90' lang='lat' dir='ltr'><strong>Discernat,</strong></span> <span class='ocrx_word' id='word_1_349' title='bbox 1020 4725 1112 4794; x_wconf 87' lang='lat' dir='ltr'><strong>qui</strong></span> <span class='ocrx_word' id='word_1_350' title='bbox 1143 4725 1272 4791; x_wconf 86' lang='lat' dir='ltr'><strong>vult,</strong></span> <span class='ocrx_word' id='word_1_351' title='bbox 1315 4735 1448 4799; x_wconf 88' lang='lat' dir='ltr'><strong>quot</strong></span> <span class='ocrx_word' id='word_1_352' title='bbox 1472 4741 1640 4796; x_wconf 86' lang='lat' dir='ltr'><strong>equos</strong></span> <span class='ocrx_word' id='word_1_353' title='bbox 1673 4726 1859 4798; x_wconf 87' lang='lat' dir='ltr'><strong>impri-</strong></span> 
     </span>
    </p>
   </div>
   <div class='ocr_carea' id='block_1_52' title="bbox 267 4816 1205 4884">
    <p class='ocr_par' dir='ltr' id='par_1_52' title="bbox 267 4816 1205 4884">
     <span class='ocr_line' id='line_1_52' title="bbox 267 4816 1205 4884; baseline -0.006 -8"><span class='ocrx_word' id='word_1_354' title='bbox 267 4819 375 4876; x_wconf 88' lang='lat' dir='ltr'><strong>mis</strong></span> <span class='ocrx_word' id='word_1_355' title='bbox 398 4817 531 4873; x_wconf 84' lang='lat' dir='ltr'><strong>vidit</strong></span> <span class='ocrx_word' id='word_1_356' title='bbox 562 4816 651 4873; x_wconf 90' lang='lat' dir='ltr'><strong>ille</strong></span> <span class='ocrx_word' id='word_1_357' title='bbox 689 4817 851 4871; x_wconf 89' lang='lat' dir='ltr'><strong>homo</strong></span> <span class='ocrx_word' id='word_1_358' title='bbox 880 4817 1205 4884; x_wconf 85' lang='lat' dir='ltr'><strong>pascentes?</strong></span> 
     </span>
    </p>
   </div>
   <div class='ocr_carea' id='block_1_53' title="bbox 831 4905 1308 4977">
    <p class='ocr_par' dir='ltr' id='par_1_53' title="bbox 831 4905 1308 4977">
     <span class='ocr_line' id='line_1_53' title="bbox 831 4905 1308 4977; baseline 0.002 -17"><span class='ocrx_word' id='word_1_359' title='bbox 831 4905 1036 4960; x_wconf 82' lang='lat' dir='ltr'><strong>Salutio</strong></span> <span class='ocrx_word' id='word_1_360' title='bbox 1059 4907 1123 4960; x_wconf 83' lang='lat' dir='ltr'><strong>de</strong></span> <span class='ocrx_word' id='word_1_361' title='bbox 1146 4909 1308 4977; x_wconf 79' lang='lat' dir='ltr'><strong>equis.</strong></span> 
     </span>
    </p>
   </div>
   <div class='ocr_carea' id='block_1_54' title="bbox 342 4999 1858 5071">
    <p class='ocr_par' dir='ltr' id='par_1_54' title="bbox 342 4999 1858 5071">
     <span class='ocr_line' id='line_1_54' title="bbox 342 4999 1858 5071; baseline 0.001 -16"><span class='ocrx_word' id='word_1_362' title='bbox 342 5017 410 5056; x_wconf 71' lang='grc' dir='ltr'><strong>ιι.</strong></span> <span class='ocrx_word' id='word_1_363' title='bbox 450 5001 576 5071; x_wconf 87' lang='lat' dir='ltr'><strong>equi</strong></span> <span class='ocrx_word' id='word_1_364' title='bbox 618 5007 793 5065; x_wconf 90' lang='lat' dir='ltr'><strong>erant,</strong></span> <span class='ocrx_word' id='word_1_365' title='bbox 835 5000 927 5068; x_wconf 91' lang='lat' dir='ltr'><strong>qui</strong></span> <span class='ocrx_word' id='word_1_366' title='bbox 970 5000 1282 5068; x_wconf 84' lang='lat' dir='ltr'><strong>pascebant.</strong></span> <span class='ocrx_word' id='word_1_367' title='bbox 1332 4999 1436 5058; x_wconf 85' lang='lat' dir='ltr'><strong>Alii</strong></span> <span class='ocrx_word' id='word_1_368' title='bbox 1480 5009 1690 5054; x_wconf 87' lang='lat' dir='ltr'><strong>tantum</strong></span> <span class='ocrx_word' id='word_1_369' title='bbox 1722 5001 1858 5056; x_wconf 91' lang='lat' dir='ltr'><strong>ﬁunt</strong></span> 
     </span>
    </p>
   </div>
   <div class='ocr_carea' id='block_1_55' title="bbox 267 5090 1858 5160">
    <p class='ocr_par' dir='ltr' id='par_1_55' title="bbox 267 5090 1858 5160">
     <span class='ocr_line' id='line_1_55' title="bbox 267 5090 1858 5160; baseline -0.003 -11"><span class='ocrx_word' id='word_1_370' title='bbox 267 5109 432 5150; x_wconf 80' lang='lat' dir='ltr'><strong>Lxxx.</strong></span> <span class='ocrx_word' id='word_1_371' title='bbox 469 5092 726 5147; x_wconf 84' lang='lat' dir='ltr'><strong>Medietas</strong></span> <span class='ocrx_word' id='word_1_372' title='bbox 751 5090 1055 5146; x_wconf 90' lang='lat' dir='ltr'><strong>medietatis</strong></span> <span class='ocrx_word' id='word_1_373' title='bbox 1087 5090 1262 5160; x_wconf 86' lang='lat' dir='ltr'><strong>hujus,</strong></span> <span class='ocrx_word' id='word_1_374' title='bbox 1286 5092 1341 5146; x_wconf 90' lang='lat' dir='ltr'><strong>id</strong></span> <span class='ocrx_word' id='word_1_375' title='bbox 1368 5099 1472 5156; x_wconf 89' lang='lat' dir='ltr'><strong>est,</strong></span> <span class='ocrx_word' id='word_1_376' title='bbox 1497 5107 1586 5156; x_wconf 81' lang='lat' dir='ltr'><strong>xx,</strong></span> <span class='ocrx_word' id='word_1_377' title='bbox 1618 5091 1663 5145; x_wconf 91' lang='lat' dir='ltr'><strong>si</strong></span> <span class='ocrx_word' id='word_1_378' title='bbox 1696 5092 1858 5146; x_wconf 88' lang='lat' dir='ltr'><strong>adda-</strong></span> 
     </span>
    </p>
   </div>
   <div class='ocr_carea' id='block_1_56' title="bbox 268 5185 1080 5308">
    <p class='ocr_par' dir='ltr' id='par_1_56' title="bbox 268 5185 1080 5308">
     <span class='ocr_line' id='line_1_56' title="bbox 268 5185 1080 5308; baseline -0.01 -67"><span class='ocrx_word' id='word_1_379' title='bbox 268 5195 380 5252; x_wconf 91' lang='lat' dir='ltr'><strong>tur,</strong></span> <span class='ocrx_word' id='word_1_380' title='bbox 407 5185 543 5240; x_wconf 91' lang='lat' dir='ltr'><strong>ﬁunt</strong></span> <span class='ocrx_word' id='word_1_381' title='bbox 565 5201 615 5240; x_wconf 87' lang='lat' dir='ltr'><strong>c.</strong></span> <span class='ocrx_word' id='word_1_382' title='bbox 1038 5254 1080 5308; x_wconf 53' lang='grc' dir='ltr'><strong>ν</strong></span> 
     </span>
    </p>
   </div>
   <div class='ocr_carea' id='block_1_57' title="bbox 489 5350 1625 5406">
    <p class='ocr_par' dir='ltr' id='par_1_57' title="bbox 489 5350 1625 5406">
     <span class='ocr_line' id='line_1_57' title="bbox 489 5350 1625 5406; baseline -0.002 -2"><span class='ocrx_word' id='word_1_383' title='bbox 489 5350 514 5390; x_wconf 77' lang='lat' dir='ltr'><strong>d</strong></span> <span class='ocrx_word' id='word_1_384' title='bbox 549 5365 860 5406; x_wconf 76' lang='lat' dir='ltr'><strong>rnorosmo</strong></span> <span class='ocrx_word' id='word_1_385' title='bbox 892 5365 957 5403; x_wconf 77' lang='lat' dir='ltr'><strong>ne</strong></span> <span class='ocrx_word' id='word_1_386' title='bbox 985 5363 1233 5404; x_wconf 76' lang='lat' dir='ltr'><strong>snrrone</strong></span> <span class='ocrx_word' id='word_1_387' title='bbox 1262 5363 1625 5404; x_wconf 64' lang='lat' dir='ltr'><strong>nammoncn.</strong></span> 
     </span>
    </p>
   </div>
   <div class='ocr_carea' id='block_1_58' title="bbox 338 5441 1853 5514">
    <p class='ocr_par' dir='ltr' id='par_1_58' title="bbox 338 5441 1853 5514">
     <span class='ocr_line' id='line_1_58' title="bbox 338 5441 1853 5514; baseline -0.002 -15"><span class='ocrx_word' id='word_1_388' title='bbox 338 5444 486 5500; x_wconf 86' lang='lat' dir='ltr'><strong>Dixit</strong></span> <span class='ocrx_word' id='word_1_389' title='bbox 525 5444 745 5514; x_wconf 88' lang='lat' dir='ltr'><strong>quidam</strong></span> <span class='ocrx_word' id='word_1_390' title='bbox 785 5450 999 5513; x_wconf 90' lang='lat' dir='ltr'><strong>emptor</strong></span> <span class='ocrx_word' id='word_1_391' title='bbox 1029 5441 1218 5514; x_wconf 72' lang='lat' dir='ltr'><strong>[Bed.,</strong></span> <span class='ocrx_word' id='word_1_392' title='bbox 1251 5442 1590 5513; x_wconf 86' lang='lat' dir='ltr'><strong>mercator]:</strong></span> <span class='ocrx_word' id='word_1_393' title='bbox 1624 5441 1758 5496; x_wconf 72' lang='lat' dir='ltr'><strong>Volo</strong></span> <span class='ocrx_word' id='word_1_394' title='bbox 1787 5442 1853 5496; x_wconf 87' lang='lat' dir='ltr'><strong>de</strong></span> 
     </span>
    </p>
   </div>
   <div class='ocr_carea' id='block_1_59' title="bbox 341 5572 1852 5647">
    <p class='ocr_par' dir='ltr' id='par_1_59' title="bbox 341 5572 1852 5647">
     <span class='ocr_line' id='line_1_59' title="bbox 341 5572 1852 5647; baseline -0.003 -16"><span class='ocrx_word' id='word_1_395' title='bbox 341 5591 365 5618; x_wconf 75' lang='grc' dir='ltr'>α</span> <span class='ocrx_word' id='word_1_396' title='bbox 399 5577 552 5647; x_wconf 87' lang='lat' dir='ltr'><strong>Apud</strong></span> <span class='ocrx_word' id='word_1_397' title='bbox 587 5577 823 5632; x_wconf 85' lang='lat' dir='ltr'><strong>Bedam:</strong></span> <span class='ocrx_word' id='word_1_398' title='bbox 868 5574 946 5629; x_wconf 88' lang='lat' dir='ltr'><strong>De</strong></span> <span class='ocrx_word' id='word_1_399' title='bbox 989 5575 1196 5628; x_wconf 83' lang='lat' dir='ltr'><strong>homine</strong></span> <span class='ocrx_word' id='word_1_400' title='bbox 1237 5572 1369 5627; x_wconf 78' lang='lat' dir='ltr'><strong>alios</strong></span> <span class='ocrx_word' id='word_1_401' title='bbox 1414 5574 1646 5629; x_wconf 81' lang='lat' dir='ltr'><strong>homines</strong></span> <span class='ocrx_word' id='word_1_402' title='bbox 1688 5573 1740 5628; x_wconf 83' lang='lat' dir='ltr'><strong>in</strong></span> <span class='ocrx_word' id='word_1_403' title='bbox 1772 5574 1852 5629; x_wconf 83' lang='lat' dir='ltr'><strong>via</strong></span> 
     </span>
    </p>
   </div>
   <div class='ocr_carea' id='block_1_60' title="bbox 267 5647 734 5704">
    <p class='ocr_par' dir='ltr' id='par_1_60' title="bbox 267 5647 734 5704">
     <span class='ocr_line' id='line_1_60' title="bbox 267 5647 734 5704; baseline -0.009 0"><span class='ocrx_word' id='word_1_404' title='bbox 267 5649 368 5704; x_wconf 77' lang='lat' dir='ltr'><strong>sibi</strong></span> <span class='ocrx_word' id='word_1_405' title='bbox 390 5647 734 5701; x_wconf 78' lang='lat' dir='ltr'><strong>obviantibus.</strong></span> 
     </span>
    </p>
   </div>
   <div class='ocr_carea' id='block_1_61' title="bbox 344 5714 1497 5788">
    <p class='ocr_par' dir='ltr' id='par_1_61' title="bbox 344 5714 1497 5788">
     <span class='ocr_line' id='line_1_61' title="bbox 344 5714 1497 5788; baseline -0.004 -16"><span class='ocrx_word' id='word_1_406' title='bbox 344 5721 367 5758; x_wconf 69' lang='grc' dir='ltr'><strong>ιτ</strong></span> <span class='ocrx_word' id='word_1_407' title='bbox 401 5718 554 5788; x_wconf 81' lang='lat' dir='ltr'><strong>Apud</strong></span> <span class='ocrx_word' id='word_1_408' title='bbox 578 5717 775 5774; x_wconf 84' lang='lat' dir='ltr'><strong>Bedam</strong></span> <span class='ocrx_word' id='word_1_409' title='bbox 809 5717 1052 5772; x_wconf 83' lang='lat' dir='ltr'><strong>additur:</strong></span> <span class='ocrx_word' id='word_1_410' title='bbox 1095 5715 1232 5769; x_wconf 74' lang='lat' dir='ltr'><strong>Visis</strong></span> <span class='ocrx_word' id='word_1_411' title='bbox 1266 5714 1497 5770; x_wconf 72' lang='lat' dir='ltr'><strong>cironiis.</strong></span> 
     </span>
    </p>
   </div>
   <div class='ocr_carea' id='block_1_62' title="bbox 1906 1740 1956 1800">
    <p class='ocr_par' dir='ltr' id='par_1_62' title="bbox 1906 1740 1956 1800">
     <span class='ocr_line' id='line_1_62' title="bbox 1906 1740 1956 1800; baseline 0 0"><span class='ocrx_word' id='word_1_412' title='bbox 1906 1740 1956 1800; x_wconf 81' lang='grc' dir='ltr'><strong>Β</strong></span> 
     </span>
    </p>
   </div>
   <div class='ocr_carea' id='block_1_63' title="bbox 1990 487 3566 566">
    <p class='ocr_par' dir='ltr' id='par_1_63' title="bbox 1990 487 3566 566">
     <span class='ocr_line' id='line_1_63' title="bbox 1990 487 3566 566; baseline 0.01 -28"><span class='ocrx_word' id='word_1_413' title='bbox 1990 501 2079 540; x_wconf 90' lang='lat' dir='ltr'><strong>res</strong></span> <span class='ocrx_word' id='word_1_414' title='bbox 2112 503 2146 540; x_wconf 77' lang='grc' dir='ltr'><strong>χ</strong></span> <span class='ocrx_word' id='word_1_415' title='bbox 2187 487 2428 542; x_wconf 86' lang='lat' dir='ltr'><strong>denariis</strong></span> <span class='ocrx_word' id='word_1_416' title='bbox 2474 498 2727 556; x_wconf 88' lang='lat' dir='ltr'><strong>ematur;</strong></span> <span class='ocrx_word' id='word_1_417' title='bbox 2783 493 2958 549; x_wconf 87' lang='lat' dir='ltr'><strong>scrofa</strong></span> <span class='ocrx_word' id='word_1_418' title='bbox 2998 505 3179 551; x_wconf 86' lang='lat' dir='ltr'><strong>autem</strong></span> <span class='ocrx_word' id='word_1_419' title='bbox 3221 514 3255 553; x_wconf 89' lang='lat' dir='ltr'><strong>v</strong></span> <span class='ocrx_word' id='word_1_420' title='bbox 3291 498 3566 566; x_wconf 84' lang='lat' dir='ltr'><strong>denariis;</strong></span> 
     </span>
    </p>
   </div>
   <div class='ocr_carea' id='block_1_64' title="bbox 1989 576 3566 658">
    <p class='ocr_par' dir='ltr' id='par_1_64' title="bbox 1989 576 3566 658">
     <span class='ocr_line' id='line_1_64' title="bbox 1989 576 3566 658; baseline 0.01 -29"><span class='ocrx_word' id='word_1_421' title='bbox 1989 576 2094 630; x_wconf 93' lang='lat' dir='ltr'><strong>duo</strong></span> <span class='ocrx_word' id='word_1_422' title='bbox 2120 578 2503 646; x_wconf 26' lang='lat' dir='ltr'><strong>verorporcelli</strong></span> <span class='ocrx_word' id='word_1_423' title='bbox 2538 581 2765 638; x_wconf 90' lang='lat' dir='ltr'><strong>denario</strong></span> <span class='ocrx_word' id='word_1_424' title='bbox 2783 600 2911 639; x_wconf 87' lang='lat' dir='ltr'><strong>uno.</strong></span> <span class='ocrx_word' id='word_1_425' title='bbox 2953 586 3134 652; x_wconf 88' lang='lat' dir='ltr'><strong>Dicat,</strong></span> <span class='ocrx_word' id='word_1_426' title='bbox 3160 591 3251 658; x_wconf 89' lang='lat' dir='ltr'><strong>qui</strong></span> <span class='ocrx_word' id='word_1_427' title='bbox 3297 589 3566 658; x_wconf 81' lang='lat' dir='ltr'><strong>intelligit,</strong></span> 
     </span>
    </p>
   </div>
   <div class='ocr_carea' id='block_1_65' title="bbox 1988 671 3568 748">
    <p class='ocr_par' dir='ltr' id='par_1_65' title="bbox 1988 671 3568 748">
     <span class='ocr_line' id='line_1_65' title="bbox 1988 671 3568 748; baseline 0.009 -28"><span class='ocrx_word' id='word_1_428' title='bbox 1988 677 2118 734; x_wconf 90' lang='lat' dir='ltr'><strong>quot</strong></span> <span class='ocrx_word' id='word_1_429' title='bbox 2141 683 2344 733; x_wconf 86' lang='lat' dir='ltr'><strong>verres,</strong></span> <span class='ocrx_word' id='word_1_430' title='bbox 2377 677 2509 738; x_wconf 89' lang='lat' dir='ltr'><strong>quot</strong></span> <span class='ocrx_word' id='word_1_431' title='bbox 2549 671 2770 736; x_wconf 68' lang='lat' dir='ltr'><strong>scrofae,</strong></span> <span class='ocrx_word' id='word_1_432' title='bbox 2814 687 3012 744; x_wconf 86' lang='lat' dir='ltr'><strong>quotve</strong></span> <span class='ocrx_word' id='word_1_433' title='bbox 3053 679 3272 748; x_wconf 92' lang='lat' dir='ltr'><strong>porcelli</strong></span> <span class='ocrx_word' id='word_1_434' title='bbox 3310 695 3431 734; x_wconf 89' lang='lat' dir='ltr'><strong>esse</strong></span> <span class='ocrx_word' id='word_1_435' title='bbox 3477 681 3568 734; x_wconf 51' lang='lat' dir='ltr'><strong>de‘</strong></span> 
     </span>
    </p>
   </div>
   <div class='ocr_carea' id='block_1_66' title="bbox 1987 758 3567 838">
    <p class='ocr_par' dir='ltr' id='par_1_66' title="bbox 1987 758 3567 838">
     <span class='ocr_line' id='line_1_66' title="bbox 1987 758 3567 838; baseline 0.008 -26"><span class='ocrx_word' id='word_1_436' title='bbox 1987 758 2171 824; x_wconf 88' lang='lat' dir='ltr'><strong>beant,</strong></span> <span class='ocrx_word' id='word_1_437' title='bbox 2201 770 2261 815; x_wconf 91' lang='lat' dir='ltr'><strong>ut</strong></span> <span class='ocrx_word' id='word_1_438' title='bbox 2285 761 2340 815; x_wconf 91' lang='lat' dir='ltr'><strong>in</strong></span> <span class='ocrx_word' id='word_1_439' title='bbox 2371 763 2577 816; x_wconf 89' lang='lat' dir='ltr'><strong>neutris</strong></span> <span class='ocrx_word' id='word_1_440' title='bbox 2603 779 2861 820; x_wconf 89' lang='lat' dir='ltr'><strong>numerus</strong></span> <span class='ocrx_word' id='word_1_441' title='bbox 2887 783 2987 823; x_wconf 91' lang='lat' dir='ltr'><strong>nec</strong></span> <span class='ocrx_word' id='word_1_442' title='bbox 3023 769 3443 838; x_wconf 71' lang='lat' dir='ltr'><strong>superabundet,</strong></span> <span class='ocrx_word' id='word_1_443' title='bbox 3471 785 3567 825; x_wconf 77' lang='lat' dir='ltr'><strong>nec</strong></span> 
     </span>
    </p>
   </div>
   <div class='ocr_carea' id='block_1_67' title="bbox 1987 847 2301 902">
    <p class='ocr_par' dir='ltr' id='par_1_67' title="bbox 1987 847 2301 902">
     <span class='ocr_line' id='line_1_67' title="bbox 1987 847 2301 902; baseline 0.01 -2"><span class='ocrx_word' id='word_1_444' title='bbox 1987 847 2262 902; x_wconf 90' lang='lat' dir='ltr'><strong>minuatur</strong></span> <span class='ocrx_word' id='word_1_445' title='bbox 2278 850 2301 902; x_wconf 91' lang='lat'><strong>?</strong></span> 
     </span>
    </p>
   </div>
   <div class='ocr_carea' id='block_1_68' title="bbox 2489 942 3072 1018">
    <p class='ocr_par' dir='ltr' id='par_1_68' title="bbox 2489 942 3072 1018">
     <span class='ocr_line' id='line_1_68' title="bbox 2489 942 3072 1018; baseline 0.009 -19"><span class='ocrx_word' id='word_1_446' title='bbox 2489 942 2695 1000; x_wconf 84' lang='lat' dir='ltr'><strong>Salutio</strong></span> <span class='ocrx_word' id='word_1_447' title='bbox 2731 949 2794 1000; x_wconf 82' lang='lat' dir='ltr'><strong>de</strong></span> <span class='ocrx_word' id='word_1_448' title='bbox 2828 959 3072 1018; x_wconf 83' lang='lat' dir='ltr'><strong>emptore.</strong></span> 
     </span>
    </p>
   </div>
   <div class='ocr_carea' id='block_1_69' title="bbox 2057 1031 3566 1114">
    <p class='ocr_par' dir='ltr' id='par_1_69' title="bbox 2057 1031 3566 1114">
     <span class='ocr_line' id='line_1_69' title="bbox 2057 1031 3566 1114; baseline 0.009 -30"><span class='ocrx_word' id='word_1_449' title='bbox 2057 1031 2166 1086; x_wconf 84' lang='lat' dir='ltr'><strong>Fac</strong></span> <span class='ocrx_word' id='word_1_450' title='bbox 2191 1049 2309 1086; x_wconf 86' lang='lat' dir='ltr'><strong>vuu</strong></span> <span class='ocrx_word' id='word_1_451' title='bbox 2341 1035 2547 1090; x_wconf 88' lang='lat' dir='ltr'><strong>scrofas</strong></span> <span class='ocrx_word' id='word_1_452' title='bbox 2576 1044 2630 1091; x_wconf 90' lang='lat' dir='ltr'><strong>et</strong></span> <span class='ocrx_word' id='word_1_453' title='bbox 2660 1055 2826 1092; x_wconf 90' lang='lat' dir='ltr'><strong>unum</strong></span> <span class='ocrx_word' id='word_1_454' title='bbox 2853 1056 3063 1096; x_wconf 88' lang='lat' dir='ltr'><strong>verrem</strong></span> <span class='ocrx_word' id='word_1_455' title='bbox 3095 1042 3147 1095; x_wconf 92' lang='lat' dir='ltr'><strong>in</strong></span> <span class='ocrx_word' id='word_1_456' title='bbox 3179 1042 3566 1114; x_wconf 83' lang='lat' dir='ltr'><strong>quinquaginta</strong></span> 
     </span>
    </p>
   </div>
   <div class='ocr_carea' id='block_1_70' title="bbox 1985 1123 3567 1200">
    <p class='ocr_par' dir='ltr' id='par_1_70' title="bbox 1985 1123 3567 1200">
     <span class='ocr_line' id='line_1_70' title="bbox 1985 1123 3567 1200; baseline 0.009 -26"><span class='ocrx_word' id='word_1_457' title='bbox 1985 1123 2224 1191; x_wconf 89' lang='lat' dir='ltr'><strong>quinque</strong></span> <span class='ocrx_word' id='word_1_458' title='bbox 2271 1123 2548 1188; x_wconf 88' lang='lat' dir='ltr'><strong>denariis;</strong></span> <span class='ocrx_word' id='word_1_459' title='bbox 2588 1136 2643 1182; x_wconf 91' lang='lat' dir='ltr'><strong>et</strong></span> <span class='ocrx_word' id='word_1_460' title='bbox 2687 1145 2826 1182; x_wconf 80' lang='lat' dir='ltr'><strong>Lxxx</strong></span> <span class='ocrx_word' id='word_1_461' title='bbox 2878 1131 3144 1200; x_wconf 87' lang='lat' dir='ltr'><strong>porcellos</strong></span> <span class='ocrx_word' id='word_1_462' title='bbox 3191 1134 3243 1186; x_wconf 94' lang='lat' dir='ltr'><strong>in</strong></span> <span class='ocrx_word' id='word_1_463' title='bbox 3293 1151 3381 1188; x_wconf 83' lang='lat' dir='ltr'><strong>XL.</strong></span> <span class='ocrx_word' id='word_1_464' title='bbox 3433 1135 3567 1189; x_wconf 88' lang='lat' dir='ltr'><strong>Ecce</strong></span> 
     </span>
    </p>
   </div>
   <div class='ocr_carea' id='block_1_71' title="bbox 1983 1215 3563 1292">
    <p class='ocr_par' dir='ltr' id='par_1_71' title="bbox 1983 1215 3563 1292">
     <span class='ocr_line' id='line_1_71' title="bbox 1983 1215 3563 1292; baseline 0.007 -26"><span class='ocrx_word' id='word_1_465' title='bbox 1983 1215 2132 1282; x_wconf 88' lang='lat' dir='ltr'><strong>porci</strong></span> <span class='ocrx_word' id='word_1_466' title='bbox 2170 1231 2256 1269; x_wconf 90' lang='lat' dir='ltr'><strong>xc.</strong></span> <span class='ocrx_word' id='word_1_467' title='bbox 2303 1215 2360 1269; x_wconf 93' lang='lat' dir='ltr'><strong>In</strong></span> <span class='ocrx_word' id='word_1_468' title='bbox 2403 1218 2633 1274; x_wconf 89' lang='lat' dir='ltr'><strong>residuis</strong></span> <span class='ocrx_word' id='word_1_469' title='bbox 2661 1235 2691 1272; x_wconf 91' lang='lat' dir='ltr'><strong>v</strong></span> <span class='ocrx_word' id='word_1_470' title='bbox 2730 1221 2988 1286; x_wconf 88' lang='lat' dir='ltr'><strong>denariis,</strong></span> <span class='ocrx_word' id='word_1_471' title='bbox 3025 1222 3108 1277; x_wconf 86' lang='lat' dir='ltr'><strong>fac</strong></span> <span class='ocrx_word' id='word_1_472' title='bbox 3139 1225 3404 1292; x_wconf 88' lang='lat' dir='ltr'><strong>porcellos</strong></span> <span class='ocrx_word' id='word_1_473' title='bbox 3432 1243 3483 1289; x_wconf 87' lang='lat' dir='ltr'><strong>x,</strong></span> <span class='ocrx_word' id='word_1_474' title='bbox 3516 1234 3563 1278; x_wconf 91' lang='lat' dir='ltr'><strong>et</strong></span> 
     </span>
    </p>
   </div>
   <div class='ocr_carea' id='block_1_72' title="bbox 1985 1303 3290 1382">
    <p class='ocr_par' dir='ltr' id='par_1_72' title="bbox 1985 1303 3290 1382">
     <span class='ocr_line' id='line_1_72' title="bbox 1985 1303 3290 1382; baseline 0.007 -25"><span class='ocrx_word' id='word_1_475' title='bbox 1985 1303 2208 1359; x_wconf 87' lang='lat' dir='ltr'><strong>habebis</strong></span> <span class='ocrx_word' id='word_1_476' title='bbox 2234 1308 2606 1362; x_wconf 87' lang='lat' dir='ltr'><strong>centenarium</strong></span> <span class='ocrx_word' id='word_1_477' title='bbox 2631 1325 2918 1364; x_wconf 90' lang='lat' dir='ltr'><strong>numerum</strong></span> <span class='ocrx_word' id='word_1_478' title='bbox 2949 1311 3002 1364; x_wconf 90' lang='lat' dir='ltr'><strong>in</strong></span> <span class='ocrx_word' id='word_1_479' title='bbox 3027 1313 3290 1382; x_wconf 92' lang='lat' dir='ltr'><strong>utrisque.</strong></span> 
     </span>
    </p>
   </div>
   <div class='ocr_carea' id='block_1_73' title="bbox 2730 1421 2812 1474">
    <p class='ocr_par' dir='ltr' id='par_1_73' title="bbox 2730 1421 2812 1474">
     <span class='ocr_line' id='line_1_73' title="bbox 2730 1421 2812 1474; baseline -0.012 0"><span class='ocrx_word' id='word_1_480' title='bbox 2730 1421 2812 1474; x_wconf 78' lang='lat' dir='ltr'><strong>VI.</strong></span> 
     </span>
    </p>
   </div>
   <div class='ocr_carea' id='block_1_74' title="bbox 2053 1522 3493 1567">
    <p class='ocr_par' dir='ltr' id='par_1_74' title="bbox 2053 1522 3493 1567">
     <span class='ocr_line' id='line_1_74' title="bbox 2053 1522 3493 1567; baseline 0.005 -7"><span class='ocrx_word' id='word_1_481' title='bbox 2053 1522 2365 1563; x_wconf 80' lang='lat' dir='ltr'><strong>PROPOSITIO</strong></span> <span class='ocrx_word' id='word_1_482' title='bbox 2391 1523 2456 1563; x_wconf 81' lang='lat' dir='ltr'><strong>DE</strong></span> <span class='ocrx_word' id='word_1_483' title='bbox 2489 1526 2691 1565; x_wconf 83' lang='lat' dir='ltr'><strong>DUOBUS</strong></span> <span class='ocrx_word' id='word_1_484' title='bbox 2727 1527 3190 1567; x_wconf 77' lang='lat' dir='ltr'><strong>NECOTIATORIBUS</strong></span> <span class='ocrx_word' id='word_1_485' title='bbox 3221 1529 3249 1566; x_wconf 89' lang='lat' dir='ltr'><strong>C</strong></span> <span class='ocrx_word' id='word_1_486' title='bbox 3277 1528 3493 1567; x_wconf 82' lang='lat' dir='ltr'><strong>SOLIDOS</strong></span> 
     </span>
    </p>
   </div>
   <div class='ocr_carea' id='block_1_75' title="bbox 2599 1618 2948 1657">
    <p class='ocr_par' dir='ltr' id='par_1_75' title="bbox 2599 1618 2948 1657">
     <span class='ocr_line' id='line_1_75' title="bbox 2599 1618 2948 1657; baseline 0.009 -3"><span class='ocrx_word' id='word_1_487' title='bbox 2599 1618 2948 1657; x_wconf 74' lang='lat' dir='ltr'><strong>HABENTIBUS.</strong></span> 
     </span>
    </p>
   </div>
   <div class='ocr_carea' id='block_1_76' title="bbox 2049 1689 3561 1760">
    <p class='ocr_par' dir='ltr' id='par_1_76' title="bbox 2049 1689 3561 1760">
     <span class='ocr_line' id='line_1_76' title="bbox 2049 1689 3561 1760; baseline 0.005 -17"><span class='ocrx_word' id='word_1_488' title='bbox 2049 1689 2292 1744; x_wconf 89' lang='lat' dir='ltr'><strong>Fuerunt</strong></span> <span class='ocrx_word' id='word_1_489' title='bbox 2323 1690 2428 1746; x_wconf 89' lang='lat' dir='ltr'><strong>duo</strong></span> <span class='ocrx_word' id='word_1_490' title='bbox 2449 1693 2831 1760; x_wconf 86' lang='lat' dir='ltr'><strong>negotiatores,</strong></span> <span class='ocrx_word' id='word_1_491' title='bbox 2862 1694 3120 1749; x_wconf 86' lang='lat' dir='ltr'><strong>habentes</strong></span> <span class='ocrx_word' id='word_1_492' title='bbox 3143 1712 3170 1750; x_wconf 87' lang='lat' dir='ltr'><strong>c</strong></span> <span class='ocrx_word' id='word_1_493' title='bbox 3196 1695 3393 1750; x_wconf 91' lang='lat' dir='ltr'><strong>solidos</strong></span> <span class='ocrx_word' id='word_1_494' title='bbox 3414 1711 3561 1750; x_wconf 85' lang='lat' dir='ltr'><strong>com-</strong></span> 
     </span>
    </p>
   </div>
   <div class='ocr_carea' id='block_1_77' title="bbox 1985 1781 3560 1854">
    <p class='ocr_par' dir='ltr' id='par_1_77' title="bbox 1985 1781 3560 1854">
     <span class='ocr_line' id='line_1_77' title="bbox 1985 1781 3560 1854; baseline 0.007 -22"><span class='ocrx_word' id='word_1_495' title='bbox 1985 1794 2194 1846; x_wconf 90' lang='lat' dir='ltr'><strong>munes,</strong></span> <span class='ocrx_word' id='word_1_496' title='bbox 2227 1781 2422 1850; x_wconf 92' lang='lat' dir='ltr'><strong>quibus</strong></span> <span class='ocrx_word' id='word_1_497' title='bbox 2459 1792 2704 1838; x_wconf 88' lang='lat' dir='ltr'><strong>emerent</strong></span> <span class='ocrx_word' id='word_1_498' title='bbox 2747 1801 2959 1854; x_wconf 91' lang='lat' dir='ltr'><strong>porcos.</strong></span> <span class='ocrx_word' id='word_1_499' title='bbox 2993 1788 3252 1841; x_wconf 88' lang='lat' dir='ltr'><strong>Emerunt</strong></span> <span class='ocrx_word' id='word_1_500' title='bbox 3297 1797 3475 1843; x_wconf 89' lang='lat' dir='ltr'><strong>autem</strong></span> <span class='ocrx_word' id='word_1_501' title='bbox 3508 1789 3560 1843; x_wconf 91' lang='lat' dir='ltr'><strong>in</strong></span> 
     </span>
    </p>
   </div>
   <div class='ocr_carea' id='block_1_78' title="bbox 1982 1869 3560 1947">
    <p class='ocr_par' dir='ltr' id='par_1_78' title="bbox 1982 1869 3560 1947">
     <span class='ocr_line' id='line_1_78' title="bbox 1982 1869 3560 1947; baseline 0.008 -25"><span class='ocrx_word' id='word_1_502' title='bbox 1982 1869 2167 1924; x_wconf 90' lang='lat' dir='ltr'><strong>solidis</strong></span> <span class='ocrx_word' id='word_1_503' title='bbox 2193 1870 2401 1926; x_wconf 89' lang='lat' dir='ltr'><strong>duobus</strong></span> <span class='ocrx_word' id='word_1_504' title='bbox 2423 1887 2618 1940; x_wconf 91' lang='lat' dir='ltr'><strong>porcos</strong></span> <span class='ocrx_word' id='word_1_505' title='bbox 2647 1889 2700 1938; x_wconf 93' lang='lat' dir='ltr'><strong>v,</strong></span> <span class='ocrx_word' id='word_1_506' title='bbox 2724 1874 2963 1931; x_wconf 90' lang='lat' dir='ltr'><strong>volentes</strong></span> <span class='ocrx_word' id='word_1_507' title='bbox 2985 1891 3078 1932; x_wconf 90' lang='lat' dir='ltr'><strong>eos</strong></span> <span class='ocrx_word' id='word_1_508' title='bbox 3106 1878 3375 1947; x_wconf 83' lang='lat' dir='ltr'><strong>saginare,</strong></span> <span class='ocrx_word' id='word_1_509' title='bbox 3401 1888 3560 1947; x_wconf 88' lang='lat' dir='ltr'><strong>atque</strong></span> 
     </span>
    </p>
   </div>
   <div class='ocr_carea' id='block_1_79' title="bbox 1979 1959 3559 2028">
    <p class='ocr_par' dir='ltr' id='par_1_79' title="bbox 1979 1959 3559 2028">
     <span class='ocr_line' id='line_1_79' title="bbox 1979 1959 3559 2028; baseline 0.006 -15"><span class='ocrx_word' id='word_1_510' title='bbox 1979 1959 2176 2014; x_wconf 89' lang='lat' dir='ltr'><strong>iterum</strong></span> <span class='ocrx_word' id='word_1_511' title='bbox 2199 1964 2530 2028; x_wconf 88' lang='lat' dir='ltr'><strong>venundare,</strong></span> <span class='ocrx_word' id='word_1_512' title='bbox 2564 1973 2619 2019; x_wconf 91' lang='lat' dir='ltr'><strong>et</strong></span> <span class='ocrx_word' id='word_1_513' title='bbox 2655 1965 2707 2018; x_wconf 90' lang='lat' dir='ltr'><strong>in</strong></span> <span class='ocrx_word' id='word_1_514' title='bbox 2731 1966 2914 2022; x_wconf 89' lang='lat' dir='ltr'><strong>solidis</strong></span> <span class='ocrx_word' id='word_1_515' title='bbox 2941 1967 3148 2022; x_wconf 90' lang='lat' dir='ltr'><strong>lucrum</strong></span> <span class='ocrx_word' id='word_1_516' title='bbox 3174 1969 3371 2024; x_wconf 89' lang='lat' dir='ltr'><strong>facere.</strong></span> <span class='ocrx_word' id='word_1_517' title='bbox 3401 1969 3559 2024; x_wconf 84' lang='lat' dir='ltr'><strong>Cum-</strong></span> 
     </span>
    </p>
   </div>
   <div class='ocr_carea' id='block_1_80' title="bbox 1976 2055 3557 2133">
    <p class='ocr_par' dir='ltr' id='par_1_80' title="bbox 1976 2055 3557 2133">
     <span class='ocr_line' id='line_1_80' title="bbox 1976 2055 3557 2133; baseline 0.008 -27"><span class='ocrx_word' id='word_1_518' title='bbox 1976 2069 2080 2122; x_wconf 92' lang='lat' dir='ltr'><strong>que</strong></span> <span class='ocrx_word' id='word_1_519' title='bbox 2105 2055 2366 2109; x_wconf 88' lang='lat' dir='ltr'><strong>vidissent</strong></span> <span class='ocrx_word' id='word_1_520' title='bbox 2397 2065 2605 2126; x_wconf 88' lang='lat' dir='ltr'><strong>tempus</strong></span> <span class='ocrx_word' id='word_1_521' title='bbox 2632 2075 2736 2113; x_wconf 91' lang='lat' dir='ltr'><strong>non</strong></span> <span class='ocrx_word' id='word_1_522' title='bbox 2763 2075 2884 2115; x_wconf 89' lang='lat' dir='ltr'><strong>esse</strong></span> <span class='ocrx_word' id='word_1_523' title='bbox 2907 2062 2973 2115; x_wconf 89' lang='lat' dir='ltr'><strong>ad</strong></span> <span class='ocrx_word' id='word_1_524' title='bbox 2995 2062 3318 2131; x_wconf 83' lang='lat' dir='ltr'><strong>saginandos</strong></span> <span class='ocrx_word' id='word_1_525' title='bbox 3345 2079 3557 2133; x_wconf 89' lang='lat' dir='ltr'><strong>porcos,</strong></span> 
     </span>
    </p>
   </div>
   <div class='ocr_carea' id='block_1_81' title="bbox 1975 2147 3557 2225">
    <p class='ocr_par' dir='ltr' id='par_1_81' title="bbox 1975 2147 3557 2225">
     <span class='ocr_line' id='line_1_81' title="bbox 1975 2147 3557 2225; baseline 0.007 -25"><span class='ocrx_word' id='word_1_526' title='bbox 1975 2154 2030 2200; x_wconf 90' lang='lat' dir='ltr'><strong>et</strong></span> <span class='ocrx_word' id='word_1_527' title='bbox 2061 2147 2162 2215; x_wconf 88' lang='lat' dir='ltr'><strong>ipsi</strong></span> <span class='ocrx_word' id='word_1_528' title='bbox 2192 2162 2286 2202; x_wconf 90' lang='lat' dir='ltr'><strong>eos</strong></span> <span class='ocrx_word' id='word_1_529' title='bbox 2311 2164 2416 2203; x_wconf 92' lang='lat' dir='ltr'><strong>non</strong></span> <span class='ocrx_word' id='word_1_530' title='bbox 2442 2149 2738 2205; x_wconf 84' lang='lat' dir='ltr'><strong>valuissent</strong></span> <span class='ocrx_word' id='word_1_531' title='bbox 2766 2163 3007 2222; x_wconf 88' lang='lat' dir='ltr'><strong>tempore</strong></span> <span class='ocrx_word' id='word_1_532' title='bbox 3043 2155 3258 2209; x_wconf 88' lang='lat' dir='ltr'><strong>hiemali</strong></span> <span class='ocrx_word' id='word_1_533' title='bbox 3301 2171 3557 2225; x_wconf 90' lang='lat' dir='ltr'><strong>pascere,</strong></span> 
     </span>
    </p>
   </div>
   <div class='ocr_carea' id='block_1_82' title="bbox 1973 2239 3556 2312">
    <p class='ocr_par' dir='ltr' id='par_1_82' title="bbox 1973 2239 3556 2312">
     <span class='ocr_line' id='line_1_82' title="bbox 1973 2239 3556 2312; baseline 0.009 -24"><span class='ocrx_word' id='word_1_534' title='bbox 1973 2244 2256 2292; x_wconf 86' lang='lat' dir='ltr'><strong>tentavere</strong></span> <span class='ocrx_word' id='word_1_535' title='bbox 2285 2239 2662 2304; x_wconf 89' lang='lat' dir='ltr'><strong>venundando,</strong></span> <span class='ocrx_word' id='word_1_536' title='bbox 2701 2243 2745 2295; x_wconf 91' lang='lat' dir='ltr'><strong>si</strong></span> <span class='ocrx_word' id='word_1_537' title='bbox 2773 2245 3093 2312; x_wconf 87' lang='lat' dir='ltr'><strong>potuissent,</strong></span> <span class='ocrx_word' id='word_1_538' title='bbox 3123 2245 3331 2299; x_wconf 90' lang='lat' dir='ltr'><strong>lucrum</strong></span> <span class='ocrx_word' id='word_1_539' title='bbox 3356 2247 3556 2312; x_wconf 89' lang='lat' dir='ltr'><strong>facere,</strong></span> 
     </span>
    </p>
   </div>
   <div class='ocr_carea' id='block_1_83' title="bbox 1973 2328 3558 2408">
    <p class='ocr_par' dir='ltr' id='par_1_83' title="bbox 1973 2328 3558 2408">
     <span class='ocr_line' id='line_1_83' title="bbox 1973 2328 3558 2408; baseline 0.007 -27"><span class='ocrx_word' id='word_1_540' title='bbox 1973 2328 2070 2382; x_wconf 90' lang='lat' dir='ltr'><strong>sed</strong></span> <span class='ocrx_word' id='word_1_541' title='bbox 2099 2343 2206 2382; x_wconf 90' lang='lat' dir='ltr'><strong>non</strong></span> <span class='ocrx_word' id='word_1_542' title='bbox 2252 2337 2578 2398; x_wconf 89' lang='lat' dir='ltr'><strong>potuerunt;</strong></span> <span class='ocrx_word' id='word_1_543' title='bbox 2617 2332 2744 2399; x_wconf 90' lang='lat' dir='ltr'><strong>quia</strong></span> <span class='ocrx_word' id='word_1_544' title='bbox 2790 2350 2895 2388; x_wconf 93' lang='lat' dir='ltr'><strong>non</strong></span> <span class='ocrx_word' id='word_1_545' title='bbox 2926 2333 3177 2389; x_wconf 89' lang='lat' dir='ltr'><strong>valebant</strong></span> <span class='ocrx_word' id='word_1_546' title='bbox 3209 2351 3302 2391; x_wconf 89' lang='lat' dir='ltr'><strong>eos</strong></span> <span class='ocrx_word' id='word_1_547' title='bbox 3331 2338 3558 2408; x_wconf 87' lang='lat' dir='ltr'><strong>amplius</strong></span> 
     </span>
    </p>
   </div>
   <div class='ocr_carea' id='block_1_84' title="bbox 1970 2416 3558 2497">
    <p class='ocr_par' dir='ltr' id='par_1_84' title="bbox 1970 2416 3558 2497">
     <span class='ocr_line' id='line_1_84' title="bbox 1970 2416 3558 2497; baseline 0.008 -29"><span class='ocrx_word' id='word_1_548' title='bbox 1970 2416 2300 2482; x_wconf 88' lang='lat' dir='ltr'><strong>venundare,</strong></span> <span class='ocrx_word' id='word_1_549' title='bbox 2328 2419 2434 2473; x_wconf 91' lang='lat' dir='ltr'><strong>nisi</strong></span> <span class='ocrx_word' id='word_1_550' title='bbox 2457 2425 2516 2472; x_wconf 91' lang='lat' dir='ltr'><strong>ut</strong></span> <span class='ocrx_word' id='word_1_551' title='bbox 2537 2421 2704 2490; x_wconf 88' lang='lat' dir='ltr'><strong>empti</strong></span> <span class='ocrx_word' id='word_1_552' title='bbox 2724 2421 2959 2489; x_wconf 75' lang='lat' dir='ltr'><strong>fuerant,</strong></span> <span class='ocrx_word' id='word_1_553' title='bbox 2995 2422 3046 2477; x_wconf 91' lang='lat' dir='ltr'><strong>id</strong></span> <span class='ocrx_word' id='word_1_554' title='bbox 3075 2434 3177 2489; x_wconf 90' lang='lat' dir='ltr'><strong>est,</strong></span> <span class='ocrx_word' id='word_1_555' title='bbox 3210 2434 3271 2480; x_wconf 92' lang='lat' dir='ltr'><strong>ut</strong></span> <span class='ocrx_word' id='word_1_556' title='bbox 3291 2427 3356 2481; x_wconf 91' lang='lat' dir='ltr'><strong>de</strong></span> <span class='ocrx_word' id='word_1_557' title='bbox 3380 2443 3414 2480; x_wconf 91' lang='lat' dir='ltr'><strong>v</strong></span> <span class='ocrx_word' id='word_1_558' title='bbox 3435 2443 3558 2497; x_wconf 83' lang='lat' dir='ltr'><strong>por-</strong></span> 
     </span>
    </p>
   </div>
   <div class='ocr_carea' id='block_1_85' title="bbox 1971 2506 3555 2584">
    <p class='ocr_par' dir='ltr' id='par_1_85' title="bbox 1971 2506 3555 2584">
     <span class='ocr_line' id='line_1_85' title="bbox 1971 2506 3555 2584; baseline 0.006 -23"><span class='ocrx_word' id='word_1_559' title='bbox 1971 2506 2050 2561; x_wconf 89' lang='lat' dir='ltr'><strong>cis</strong></span> <span class='ocrx_word' id='word_1_560' title='bbox 2077 2507 2210 2561; x_wconf 89' lang='lat' dir='ltr'><strong>duos</strong></span> <span class='ocrx_word' id='word_1_561' title='bbox 2239 2508 2441 2563; x_wconf 89' lang='lat' dir='ltr'><strong>solidos</strong></span> <span class='ocrx_word' id='word_1_562' title='bbox 2470 2511 2796 2579; x_wconf 87' lang='lat' dir='ltr'><strong>acciperent.</strong></span> <span class='ocrx_word' id='word_1_563' title='bbox 2835 2511 2968 2566; x_wconf 87' lang='lat' dir='ltr'><strong>Cum</strong></span> <span class='ocrx_word' id='word_1_564' title='bbox 3001 2514 3102 2568; x_wconf 94' lang='lat' dir='ltr'><strong>hoc</strong></span> <span class='ocrx_word' id='word_1_565' title='bbox 3126 2517 3555 2584; x_wconf 80' lang='lat' dir='ltr'><strong>conspexissent,</strong></span> 
     </span>
    </p>
   </div>
   <div class='ocr_carea' id='block_1_86' title="bbox 1970 2597 3557 2660">
    <p class='ocr_par' dir='ltr' id='par_1_86' title="bbox 1970 2597 3557 2660">
     <span class='ocr_line' id='line_1_86' title="bbox 1970 2597 3557 2660; baseline 0.006 -9"><span class='ocrx_word' id='word_1_566' title='bbox 1970 2597 2224 2654; x_wconf 86' lang='lat' dir='ltr'><strong>dixerunt</strong></span> <span class='ocrx_word' id='word_1_567' title='bbox 2252 2599 2319 2653; x_wconf 88' lang='lat' dir='ltr'><strong>ad</strong></span> <span class='ocrx_word' id='word_1_568' title='bbox 2347 2599 2607 2654; x_wconf 88' lang='lat' dir='ltr'><strong>invicem:</strong></span> <span class='ocrx_word' id='word_1_569' title='bbox 2637 2602 2948 2656; x_wconf 88' lang='lat' dir='ltr'><strong>Dividamus</strong></span> <span class='ocrx_word' id='word_1_570' title='bbox 2986 2618 3098 2659; x_wconf 89' lang='lat' dir='ltr'><strong>eos.</strong></span> <span class='ocrx_word' id='word_1_571' title='bbox 3129 2605 3437 2660; x_wconf 90' lang='lat' dir='ltr'><strong>Dividentes</strong></span> <span class='ocrx_word' id='word_1_572' title='bbox 3464 2621 3557 2660; x_wconf 85' lang='lat' dir='ltr'><strong>au-</strong></span> 
     </span>
    </p>
   </div>
   <div class='ocr_carea' id='block_1_87' title="bbox 1969 2692 3555 2758">
    <p class='ocr_par' dir='ltr' id='par_1_87' title="bbox 1969 2692 3555 2758">
     <span class='ocr_line' id='line_1_87' title="bbox 1969 2692 3555 2758; baseline 0.004 -14"><span class='ocrx_word' id='word_1_573' title='bbox 1969 2699 2079 2746; x_wconf 92' lang='lat' dir='ltr'><strong>tem</strong></span> <span class='ocrx_word' id='word_1_574' title='bbox 2120 2701 2176 2748; x_wconf 91' lang='lat' dir='ltr'><strong>et</strong></span> <span class='ocrx_word' id='word_1_575' title='bbox 2201 2692 2514 2757; x_wconf 88' lang='lat' dir='ltr'><strong>vendentes,</strong></span> <span class='ocrx_word' id='word_1_576' title='bbox 2549 2694 2689 2748; x_wconf 89' lang='lat' dir='ltr'><strong>sicut</strong></span> <span class='ocrx_word' id='word_1_577' title='bbox 2735 2704 2995 2758; x_wconf 90' lang='lat' dir='ltr'><strong>emerant,</strong></span> <span class='ocrx_word' id='word_1_578' title='bbox 3051 2695 3294 2751; x_wconf 87' lang='lat' dir='ltr'><strong>fecerunt</strong></span> <span class='ocrx_word' id='word_1_579' title='bbox 3321 2698 3555 2752; x_wconf 90' lang='lat' dir='ltr'><strong>lucrum.</strong></span> 
     </span>
    </p>
   </div>
   <div class='ocr_carea' id='block_1_88' title="bbox 1969 2780 3555 2855">
    <p class='ocr_par' dir='ltr' id='par_1_88' title="bbox 1969 2780 3555 2855">
     <span class='ocr_line' id='line_1_88' title="bbox 1969 2780 3555 2855; baseline 0.004 -21"><span class='ocrx_word' id='word_1_580' title='bbox 1969 2780 2158 2844; x_wconf 89' lang='lat' dir='ltr'><strong>Dicat,</strong></span> <span class='ocrx_word' id='word_1_581' title='bbox 2207 2781 2296 2849; x_wconf 92' lang='lat' dir='ltr'><strong>qui</strong></span> <span class='ocrx_word' id='word_1_582' title='bbox 2331 2781 2491 2846; x_wconf 89' lang='lat' dir='ltr'><strong>valet,</strong></span> <span class='ocrx_word' id='word_1_583' title='bbox 2523 2782 2792 2851; x_wconf 91' lang='lat' dir='ltr'><strong>imprimis</strong></span> <span class='ocrx_word' id='word_1_584' title='bbox 2833 2794 2963 2854; x_wconf 91' lang='lat' dir='ltr'><strong>quot</strong></span> <span class='ocrx_word' id='word_1_585' title='bbox 3006 2785 3154 2855; x_wconf 91' lang='lat' dir='ltr'><strong>porci</strong></span> <span class='ocrx_word' id='word_1_586' title='bbox 3205 2785 3464 2851; x_wconf 88' lang='lat' dir='ltr'><strong>fuerunt;</strong></span> <span class='ocrx_word' id='word_1_587' title='bbox 3501 2794 3555 2842; x_wconf 90' lang='lat' dir='ltr'><strong>et</strong></span> 
     </span>
    </p>
   </div>
   <div class='ocr_carea' id='block_1_89' title="bbox 1968 2873 3558 2948">
    <p class='ocr_par' dir='ltr' id='par_1_89' title="bbox 1968 2873 3558 2948">
     <span class='ocr_line' id='line_1_89' title="bbox 1968 2873 3558 2948; baseline 0.004 -20"><span class='ocrx_word' id='word_1_588' title='bbox 1968 2873 2174 2928; x_wconf 88' lang='lat' dir='ltr'><strong>dividat</strong></span> <span class='ocrx_word' id='word_1_589' title='bbox 2211 2889 2273 2926; x_wconf 90' lang='lat' dir='ltr'><strong>ac</strong></span> <span class='ocrx_word' id='word_1_590' title='bbox 2299 2874 2496 2927; x_wconf 89' lang='lat' dir='ltr'><strong>vendat</strong></span> <span class='ocrx_word' id='word_1_591' title='bbox 2522 2882 2575 2929; x_wconf 91' lang='lat' dir='ltr'><strong>et</strong></span> <span class='ocrx_word' id='word_1_592' title='bbox 2610 2875 2818 2929; x_wconf 90' lang='lat' dir='ltr'><strong>lucrum</strong></span> <span class='ocrx_word' id='word_1_593' title='bbox 2845 2876 3044 2944; x_wconf 82' lang='lat' dir='ltr'><strong>faciat,</strong></span> <span class='ocrx_word' id='word_1_594' title='bbox 3093 2880 3237 2948; x_wconf 89' lang='lat' dir='ltr'><strong>quod</strong></span> <span class='ocrx_word' id='word_1_595' title='bbox 3265 2879 3445 2935; x_wconf 89' lang='lat' dir='ltr'><strong>facere</strong></span> <span class='ocrx_word' id='word_1_596' title='bbox 3489 2880 3558 2934; x_wconf 77' lang='lat' dir='ltr'><strong>de</strong></span> 
     </span>
    </p>
   </div>
   <div class='ocr_carea' id='block_1_90' title="bbox 1969 2963 3542 3019">
    <p class='ocr_par' dir='ltr' id='par_1_90' title="bbox 1969 2963 3542 3019">
     <span class='ocr_line' id='line_1_90' title="bbox 1969 2963 3542 3019; baseline 0.001 -2"><span class='ocrx_word' id='word_1_597' title='bbox 1969 2963 2129 3018; x_wconf 91' lang='lat' dir='ltr'><strong>simul</strong></span> <span class='ocrx_word' id='word_1_598' title='bbox 2156 2963 2385 3018; x_wconf 89' lang='lat' dir='ltr'><strong>venditis</strong></span> <span class='ocrx_word' id='word_1_599' title='bbox 2415 2979 2519 3019; x_wconf 92' lang='lat' dir='ltr'><strong>non</strong></span> <span class='ocrx_word' id='word_1_600' title='bbox 2546 2965 2734 3019; x_wconf 88' lang='lat' dir='ltr'><strong>valuit.</strong></span> <span class='ocrx_word' id='word_1_601' title='bbox 3535 2963 3542 2971; x_wconf 86' lang='grc'><em>’</em></span> 
     </span>
    </p>
   </div>
   <div class='ocr_carea' id='block_1_91' title="bbox 2509 3075 3019 3146">
    <p class='ocr_par' dir='ltr' id='par_1_91' title="bbox 2509 3075 3019 3146">
     <span class='ocr_line' id='line_1_91' title="bbox 2509 3075 3019 3146; baseline 0.002 -16"><span class='ocrx_word' id='word_1_602' title='bbox 2509 3075 2714 3130; x_wconf 82' lang='lat' dir='ltr'><strong>Salutio</strong></span> <span class='ocrx_word' id='word_1_603' title='bbox 2742 3076 2805 3130; x_wconf 87' lang='lat' dir='ltr'><strong>de</strong></span> <span class='ocrx_word' id='word_1_604' title='bbox 2829 3077 3019 3146; x_wconf 76' lang='lat' dir='ltr'><strong>porcis.</strong></span> 
     </span>
    </p>
   </div>
   <div class='ocr_carea' id='block_1_92' title="bbox 2044 3165 3554 3238">
    <p class='ocr_par' dir='ltr' id='par_1_92' title="bbox 2044 3165 3554 3238">
     <span class='ocr_line' id='line_1_92' title="bbox 2044 3165 3554 3238; baseline 0.003 -20"><span class='ocrx_word' id='word_1_605' title='bbox 2044 3165 2316 3236; x_wconf 89' lang='lat' dir='ltr'><strong>Imprimis</strong></span> <span class='ocrx_word' id='word_1_606' title='bbox 2338 3181 2432 3220; x_wconf 77' lang='lat' dir='ltr'><strong>cer.</strong></span> <span class='ocrx_word' id='word_1_607' title='bbox 2455 3167 2605 3235; x_wconf 89' lang='lat' dir='ltr'><strong>porci</strong></span> <span class='ocrx_word' id='word_1_608' title='bbox 2629 3175 2806 3233; x_wconf 90' lang='lat' dir='ltr'><strong>erant,</strong></span> <span class='ocrx_word' id='word_1_609' title='bbox 2823 3167 2914 3232; x_wconf 91' lang='lat' dir='ltr'><strong>qui</strong></span> <span class='ocrx_word' id='word_1_610' title='bbox 2930 3183 2958 3221; x_wconf 87' lang='lat' dir='ltr'><strong>c</strong></span> <span class='ocrx_word' id='word_1_611' title='bbox 2986 3166 3171 3221; x_wconf 89' lang='lat' dir='ltr'><strong>solidis</strong></span> <span class='ocrx_word' id='word_1_612' title='bbox 3193 3175 3316 3221; x_wconf 91' lang='lat' dir='ltr'><strong>sunt</strong></span> <span class='ocrx_word' id='word_1_613' title='bbox 3337 3183 3554 3238; x_wconf 87' lang='lat' dir='ltr'><strong>compa-</strong></span> 
     </span>
    </p>
   </div>
   <div class='ocr_carea' id='block_1_93' title="bbox 1970 3257 3545 3330">
    <p class='ocr_par' dir='ltr' id='par_1_93' title="bbox 1970 3257 3545 3330">
     <span class='ocr_line' id='line_1_93' title="bbox 1970 3257 3545 3330; baseline 0.001 -17"><span class='ocrx_word' id='word_1_614' title='bbox 1970 3259 2097 3323; x_wconf 89' lang='lat' dir='ltr'><strong>rati,</strong></span> <span class='ocrx_word' id='word_1_615' title='bbox 2126 3257 2267 3313; x_wconf 92' lang='lat' dir='ltr'><strong>sicut</strong></span> <span class='ocrx_word' id='word_1_616' title='bbox 2297 3273 2458 3328; x_wconf 90' lang='lat' dir='ltr'><strong>supra</strong></span> <span class='ocrx_word' id='word_1_617' title='bbox 2483 3257 2685 3312; x_wconf 91' lang='lat' dir='ltr'><strong>dictum</strong></span> <span class='ocrx_word' id='word_1_618' title='bbox 2713 3267 2816 3323; x_wconf 92' lang='lat' dir='ltr'><strong>est,</strong></span> <span class='ocrx_word' id='word_1_619' title='bbox 2853 3258 2906 3311; x_wconf 90' lang='lat' dir='ltr'><strong>in</strong></span> <span class='ocrx_word' id='word_1_620' title='bbox 2935 3259 3146 3312; x_wconf 90' lang='lat' dir='ltr'><strong>duobus</strong></span> <span class='ocrx_word' id='word_1_621' title='bbox 3167 3259 3353 3313; x_wconf 88' lang='lat' dir='ltr'><strong>solidis</strong></span> <span class='ocrx_word' id='word_1_622' title='bbox 3380 3275 3413 3312; x_wconf 90' lang='lat' dir='ltr'><strong>v</strong></span> <span class='ocrx_word' id='word_1_623' title='bbox 3435 3275 3545 3330; x_wconf 83' lang='lat' dir='ltr'><strong>por-</strong></span> 
     </span>
    </p>
   </div>
   <div class='ocr_carea' id='block_1_94' title="bbox 1967 3347 3554 3419">
    <p class='ocr_par' dir='ltr' id='par_1_94' title="bbox 1967 3347 3554 3419">
     <span class='ocr_line' id='line_1_94' title="bbox 1967 3347 3554 3419; baseline 0.001 -17"><span class='ocrx_word' id='word_1_624' title='bbox 1967 3363 2099 3402; x_wconf 91' lang='lat' dir='ltr'><strong>eos:</strong></span> <span class='ocrx_word' id='word_1_625' title='bbox 2139 3348 2265 3418; x_wconf 91' lang='lat' dir='ltr'><strong>quia</strong></span> <span class='ocrx_word' id='word_1_626' title='bbox 2303 3348 2417 3402; x_wconf 91' lang='lat' dir='ltr'><strong>sive</strong></span> <span class='ocrx_word' id='word_1_627' title='bbox 2463 3348 2819 3419; x_wconf 81' lang='lat' dir='ltr'><strong>quinquagies</strong></span> <span class='ocrx_word' id='word_1_628' title='bbox 2848 3347 3062 3416; x_wconf 91' lang='lat' dir='ltr'><strong>quinos,</strong></span> <span class='ocrx_word' id='word_1_629' title='bbox 3110 3348 3222 3402; x_wconf 86' lang='lat' dir='ltr'><strong>sive</strong></span> <span class='ocrx_word' id='word_1_630' title='bbox 3269 3348 3554 3417; x_wconf 87' lang='lat' dir='ltr'><strong>quinquies</strong></span> 
     </span>
    </p>
   </div>
   <div class='ocr_carea' id='block_1_95' title="bbox 1967 3437 3554 3505">
    <p class='ocr_par' dir='ltr' id='par_1_95' title="bbox 1967 3437 3554 3505">
     <span class='ocr_line' id='line_1_95' title="bbox 1967 3437 3554 3505; baseline 0.001 -12"><span class='ocrx_word' id='word_1_631' title='bbox 1967 3455 1997 3493; x_wconf 89' lang='lat' dir='ltr'><strong>L</strong></span> <span class='ocrx_word' id='word_1_632' title='bbox 2022 3439 2245 3499; x_wconf 84' lang='lat' dir='ltr'><strong>dixeris,</strong></span> <span class='ocrx_word' id='word_1_633' title='bbox 2275 3453 2370 3493; x_wconf 88' lang='lat' dir='ltr'><strong>CCL</strong></span> <span class='ocrx_word' id='word_1_634' title='bbox 2411 3439 2738 3493; x_wconf 87' lang='lat' dir='ltr'><strong>numerabis.</strong></span> <span class='ocrx_word' id='word_1_635' title='bbox 2788 3438 2995 3505; x_wconf 89' lang='lat' dir='ltr'><strong>Quibus</strong></span> <span class='ocrx_word' id='word_1_636' title='bbox 3033 3437 3224 3492; x_wconf 89' lang='lat' dir='ltr'><strong>divisis</strong></span> <span class='ocrx_word' id='word_1_637' title='bbox 3262 3454 3403 3492; x_wconf 89' lang='lat' dir='ltr'><strong>unus</strong></span> <span class='ocrx_word' id='word_1_638' title='bbox 3430 3439 3554 3494; x_wconf 89' lang='lat' dir='ltr'><strong>tulit</strong></span> 
     </span>
    </p>
   </div>
   <div class='ocr_carea' id='block_1_96' title="bbox 1966 3526 3555 3604">
    <p class='ocr_par' dir='ltr' id='par_1_96' title="bbox 1966 3526 3555 3604">
     <span class='ocr_line' id='line_1_96' title="bbox 1966 3526 3555 3604; baseline -0.001 -20"><span class='ocrx_word' id='word_1_639' title='bbox 1966 3545 2132 3593; x_wconf 88' lang='lat' dir='ltr'><strong>cxxv,</strong></span> <span class='ocrx_word' id='word_1_640' title='bbox 2167 3527 2304 3583; x_wconf 86' lang='lat' dir='ltr'><strong>alter</strong></span> <span class='ocrx_word' id='word_1_641' title='bbox 2343 3527 2610 3582; x_wconf 89' lang='lat' dir='ltr'><strong>similiter.</strong></span> <span class='ocrx_word' id='word_1_642' title='bbox 2659 3526 2809 3582; x_wconf 91' lang='lat' dir='ltr'><strong>Unus</strong></span> <span class='ocrx_word' id='word_1_643' title='bbox 2848 3526 3090 3582; x_wconf 87' lang='lat' dir='ltr'><strong>vendidit</strong></span> <span class='ocrx_word' id='word_1_644' title='bbox 3119 3527 3414 3580; x_wconf 88' lang='lat' dir='ltr'><strong>deteriores</strong></span> <span class='ocrx_word' id='word_1_645' title='bbox 3445 3535 3555 3604; x_wconf 84' lang='lat' dir='ltr'><strong>tres</strong></span> 
     </span>
    </p>
   </div>
   <div class='ocr_carea' id='block_1_97' title="bbox 1965 3616 3554 3690">
    <p class='ocr_par' dir='ltr' id='par_1_97' title="bbox 1965 3616 3554 3690">
     <span class='ocr_line' id='line_1_97' title="bbox 1965 3616 3554 3690; baseline -0.003 -14"><span class='ocrx_word' id='word_1_646' title='bbox 1965 3635 2180 3690; x_wconf 90' lang='lat' dir='ltr'><strong>semper</strong></span> <span class='ocrx_word' id='word_1_647' title='bbox 2209 3620 2261 3674; x_wconf 92' lang='lat' dir='ltr'><strong>in</strong></span> <span class='ocrx_word' id='word_1_648' title='bbox 2290 3619 2461 3674; x_wconf 90' lang='lat' dir='ltr'><strong>solido</strong></span> <span class='ocrx_word' id='word_1_649' title='bbox 2486 3637 2499 3684; x_wconf 92' lang='lat'><strong>;</strong></span> <span class='ocrx_word' id='word_1_650' title='bbox 2536 3619 2673 3672; x_wconf 89' lang='lat' dir='ltr'><strong>alter</strong></span> <span class='ocrx_word' id='word_1_651' title='bbox 2697 3618 2948 3674; x_wconf 89' lang='lat' dir='ltr'><strong>meliores</strong></span> <span class='ocrx_word' id='word_1_652' title='bbox 2985 3617 3120 3673; x_wconf 89' lang='lat' dir='ltr'><strong>duos</strong></span> <span class='ocrx_word' id='word_1_653' title='bbox 3149 3618 3201 3672; x_wconf 91' lang='lat' dir='ltr'><strong>in</strong></span> <span class='ocrx_word' id='word_1_654' title='bbox 3231 3618 3419 3673; x_wconf 86' lang='lat' dir='ltr'><strong>solido.</strong></span> <span class='ocrx_word' id='word_1_655' title='bbox 3461 3616 3554 3671; x_wconf 91' lang='lat' dir='ltr'><strong>Sic</strong></span> 
     </span>
    </p>
   </div>
   <div class='ocr_carea' id='block_1_98' title="bbox 1965 3708 3552 3778">
    <p class='ocr_par' dir='ltr' id='par_1_98' title="bbox 1965 3708 3552 3778">
     <span class='ocr_line' id='line_1_98' title="bbox 1965 3708 3552 3778; baseline -0.003 -14"><span class='ocrx_word' id='word_1_656' title='bbox 1965 3711 2162 3771; x_wconf 87' lang='lat' dir='ltr'><strong>evenit,</strong></span> <span class='ocrx_word' id='word_1_657' title='bbox 2203 3717 2265 3763; x_wconf 88' lang='lat' dir='ltr'><strong>ut</strong></span> <span class='ocrx_word' id='word_1_658' title='bbox 2307 3709 2354 3764; x_wconf 88' lang='lat' dir='ltr'><strong>is</strong></span> <span class='ocrx_word' id='word_1_659' title='bbox 2393 3709 2484 3778; x_wconf 93' lang='lat' dir='ltr'><strong>qui</strong></span> <span class='ocrx_word' id='word_1_660' title='bbox 2530 3709 2829 3764; x_wconf 89' lang='lat' dir='ltr'><strong>deteriores</strong></span> <span class='ocrx_word' id='word_1_661' title='bbox 2853 3708 3117 3772; x_wconf 83' lang='lat' dir='ltr'><strong>vendidit,</strong></span> <span class='ocrx_word' id='word_1_662' title='bbox 3148 3708 3211 3762; x_wconf 89' lang='lat' dir='ltr'><strong>de</strong></span> <span class='ocrx_word' id='word_1_663' title='bbox 3239 3724 3343 3762; x_wconf 87' lang='lat' dir='ltr'><strong>cxx</strong></span> <span class='ocrx_word' id='word_1_664' title='bbox 3374 3709 3552 3778; x_wconf 88' lang='lat' dir='ltr'><strong>porcis</strong></span> 
     </span>
    </p>
   </div>
   <div class='ocr_carea' id='block_1_99' title="bbox 1963 3797 3552 3864">
    <p class='ocr_par' dir='ltr' id='par_1_99' title="bbox 1963 3797 3552 3864">
     <span class='ocr_line' id='line_1_99' title="bbox 1963 3797 3552 3864; baseline -0.002 -12"><span class='ocrx_word' id='word_1_665' title='bbox 1963 3815 2031 3854; x_wconf 77' lang='lat' dir='ltr'><strong>x1.</strong></span> <span class='ocrx_word' id='word_1_666' title='bbox 2059 3799 2260 3854; x_wconf 87' lang='lat' dir='ltr'><strong>solidos</strong></span> <span class='ocrx_word' id='word_1_667' title='bbox 2285 3804 2368 3851; x_wconf 90' lang='lat' dir='ltr'><strong>est</strong></span> <span class='ocrx_word' id='word_1_668' title='bbox 2394 3807 2736 3853; x_wconf 89' lang='lat' dir='ltr'><strong>consecutus.</strong></span> <span class='ocrx_word' id='word_1_669' title='bbox 2770 3798 2871 3864; x_wconf 90' lang='lat' dir='ltr'><strong>Qui</strong></span> <span class='ocrx_word' id='word_1_670' title='bbox 2899 3813 3025 3852; x_wconf 89' lang='lat' dir='ltr'><strong>vero</strong></span> <span class='ocrx_word' id='word_1_671' title='bbox 3057 3797 3329 3861; x_wconf 90' lang='lat' dir='ltr'><strong>meliores,</strong></span> <span class='ocrx_word' id='word_1_672' title='bbox 3360 3813 3427 3849; x_wconf 79' lang='lat' dir='ltr'><strong>Lx</strong></span> <span class='ocrx_word' id='word_1_673' title='bbox 3462 3811 3552 3849; x_wconf 90' lang='lat' dir='ltr'><strong>so—</strong></span> 
     </span>
    </p>
   </div>
   <div class='ocr_carea' id='block_1_100' title="bbox 1964 3887 3546 3957">
    <p class='ocr_par' dir='ltr' id='par_1_100' title="bbox 1964 3887 3546 3957">
     <span class='ocr_line' id='line_1_100' title="bbox 1964 3887 3546 3957; baseline -0.002 -16"><span class='ocrx_word' id='word_1_674' title='bbox 1964 3889 2104 3943; x_wconf 89' lang='lat' dir='ltr'><strong>lidos</strong></span> <span class='ocrx_word' id='word_1_675' title='bbox 2126 3897 2209 3943; x_wconf 87' lang='lat' dir='ltr'><strong>est</strong></span> <span class='ocrx_word' id='word_1_676' title='bbox 2234 3897 2594 3953; x_wconf 91' lang='lat' dir='ltr'><strong>consecutus;</strong></span> <span class='ocrx_word' id='word_1_677' title='bbox 2638 3890 2762 3957; x_wconf 89' lang='lat' dir='ltr'><strong>quia</strong></span> <span class='ocrx_word' id='word_1_678' title='bbox 2790 3889 2856 3942; x_wconf 89' lang='lat' dir='ltr'><strong>de</strong></span> <span class='ocrx_word' id='word_1_679' title='bbox 2889 3887 3234 3941; x_wconf 87' lang='lat' dir='ltr'><strong>inferioribus</strong></span> <span class='ocrx_word' id='word_1_680' title='bbox 3266 3903 3369 3940; x_wconf 85' lang='lat' dir='ltr'><strong>xxx</strong></span> <span class='ocrx_word' id='word_1_681' title='bbox 3400 3902 3546 3941; x_wconf 83' lang='lat' dir='ltr'><strong>sem-</strong></span> 
     </span>
    </p>
   </div>
   <div class='ocr_carea' id='block_1_101' title="bbox 1963 3979 3545 4050">
    <p class='ocr_par' dir='ltr' id='par_1_101' title="bbox 1963 3979 3545 4050">
     <span class='ocr_line' id='line_1_101' title="bbox 1963 3979 3545 4050; baseline -0.001 -17"><span class='ocrx_word' id='word_1_682' title='bbox 1963 3995 2060 4050; x_wconf 89' lang='lat' dir='ltr'><strong>per</strong></span> <span class='ocrx_word' id='word_1_683' title='bbox 2089 3980 2142 4033; x_wconf 92' lang='lat' dir='ltr'><strong>in</strong></span> <span class='ocrx_word' id='word_1_684' title='bbox 2182 3996 2216 4032; x_wconf 87' lang='lat' dir='ltr'><strong>x</strong></span> <span class='ocrx_word' id='word_1_685' title='bbox 2261 3979 2486 4044; x_wconf 89' lang='lat' dir='ltr'><strong>solidis;</strong></span> <span class='ocrx_word' id='word_1_686' title='bbox 2529 3981 2593 4034; x_wconf 89' lang='lat' dir='ltr'><strong>de</strong></span> <span class='ocrx_word' id='word_1_687' title='bbox 2619 3979 2931 4034; x_wconf 84' lang='lat' dir='ltr'><strong>melioribus</strong></span> <span class='ocrx_word' id='word_1_688' title='bbox 2974 3979 3161 4048; x_wconf 79' lang='lat' dir='ltr'><strong>viginti</strong></span> <span class='ocrx_word' id='word_1_689' title='bbox 3207 3989 3385 4033; x_wconf 86' lang='lat' dir='ltr'><strong>autem</strong></span> <span class='ocrx_word' id='word_1_690' title='bbox 3419 3979 3472 4032; x_wconf 91' lang='lat' dir='ltr'><strong>in</strong></span> <span class='ocrx_word' id='word_1_691' title='bbox 3514 3994 3545 4032; x_wconf 84' lang='lat' dir='ltr'><strong>x</strong></span> 
     </span>
    </p>
   </div>
   <div class='ocr_carea' id='block_1_102' title="bbox 1965 4067 3546 4138">
    <p class='ocr_par' dir='ltr' id='par_1_102' title="bbox 1965 4067 3546 4138">
     <span class='ocr_line' id='line_1_102' title="bbox 1965 4067 3546 4138; baseline -0.001 -17"><span class='ocrx_word' id='word_1_692' title='bbox 1965 4067 2152 4121; x_wconf 89' lang='lat' dir='ltr'><strong>solidis</strong></span> <span class='ocrx_word' id='word_1_693' title='bbox 2200 4075 2325 4120; x_wconf 90' lang='lat' dir='ltr'><strong>sunt</strong></span> <span class='ocrx_word' id='word_1_694' title='bbox 2365 4067 2697 4121; x_wconf 88' lang='lat' dir='ltr'><strong>venundati:</strong></span> <span class='ocrx_word' id='word_1_695' title='bbox 2731 4076 2785 4122; x_wconf 88' lang='lat' dir='ltr'><strong>et</strong></span> <span class='ocrx_word' id='word_1_696' title='bbox 2830 4076 3205 4126; x_wconf 89' lang='lat' dir='ltr'><strong>remanserunt</strong></span> <span class='ocrx_word' id='word_1_697' title='bbox 3240 4068 3482 4138; x_wconf 90' lang='lat' dir='ltr'><strong>utrisque</strong></span> <span class='ocrx_word' id='word_1_698' title='bbox 3513 4083 3546 4120; x_wconf 73' lang='grc' dir='ltr'><strong>ν</strong></span> 
     </span>
    </p>
   </div>
   <div class='ocr_carea' id='block_1_103' title="bbox 1960 4157 3546 4228">
    <p class='ocr_par' dir='ltr' id='par_1_103' title="bbox 1960 4157 3546 4228">
     <span class='ocr_line' id='line_1_103' title="bbox 1960 4157 3546 4228; baseline 0.001 -17"><span class='ocrx_word' id='word_1_699' title='bbox 1960 4157 2133 4228; x_wconf 89' lang='lat' dir='ltr'><strong>porci,</strong></span> <span class='ocrx_word' id='word_1_700' title='bbox 2161 4173 2225 4211; x_wconf 86' lang='lat' dir='ltr'><strong>ex</strong></span> <span class='ocrx_word' id='word_1_701' title='bbox 2249 4157 2443 4226; x_wconf 89' lang='lat' dir='ltr'><strong>quibus</strong></span> <span class='ocrx_word' id='word_1_702' title='bbox 2471 4159 2535 4212; x_wconf 92' lang='lat' dir='ltr'><strong>ad</strong></span> <span class='ocrx_word' id='word_1_703' title='bbox 2562 4159 2767 4213; x_wconf 87' lang='lat' dir='ltr'><strong>lucrum</strong></span> <span class='ocrx_word' id='word_1_704' title='bbox 2801 4175 2880 4212; x_wconf 82' lang='lat' dir='ltr'><strong>1m</strong></span> <span class='ocrx_word' id='word_1_705' title='bbox 2913 4159 3114 4213; x_wconf 89' lang='lat' dir='ltr'><strong>solidos</strong></span> <span class='ocrx_word' id='word_1_706' title='bbox 3143 4167 3198 4212; x_wconf 90' lang='lat' dir='ltr'><strong>et</strong></span> <span class='ocrx_word' id='word_1_707' title='bbox 3219 4159 3357 4213; x_wconf 91' lang='lat' dir='ltr'><strong>duos</strong></span> <span class='ocrx_word' id='word_1_708' title='bbox 3388 4158 3546 4213; x_wconf 80' lang='lat' dir='ltr'><strong>dena-</strong></span> 
     </span>
    </p>
   </div>
   <div class='ocr_carea' id='block_1_104' title="bbox 1962 4245 2622 4318">
    <p class='ocr_par' dir='ltr' id='par_1_104' title="bbox 1962 4245 2622 4318">
     <span class='ocr_line' id='line_1_104' title="bbox 1962 4245 2622 4318; baseline 0 -16"><span class='ocrx_word' id='word_1_709' title='bbox 1962 4248 2073 4302; x_wconf 88' lang='lat' dir='ltr'><strong>rios</strong></span> <span class='ocrx_word' id='word_1_710' title='bbox 2098 4245 2280 4302; x_wconf 88' lang='lat' dir='ltr'><strong>facere</strong></span> <span class='ocrx_word' id='word_1_711' title='bbox 2306 4255 2622 4318; x_wconf 88' lang='lat' dir='ltr'><strong>potuerunt.</strong></span> 
     </span>
    </p>
   </div>
   <div class='ocr_carea' id='block_1_105' title="bbox 2698 4341 2808 4396">
    <p class='ocr_par' dir='ltr' id='par_1_105' title="bbox 2698 4341 2808 4396">
     <span class='ocr_line' id='line_1_105' title="bbox 2698 4341 2808 4396; baseline -0.009 0"><span class='ocrx_word' id='word_1_712' title='bbox 2698 4341 2808 4396; x_wconf 74' lang='lat' dir='ltr'><strong>VI].</strong></span> 
     </span>
    </p>
   </div>
   <div class='ocr_carea' id='block_1_106' title="bbox 2122 4445 3378 4489">
    <p class='ocr_par' dir='ltr' id='par_1_106' title="bbox 2122 4445 3378 4489">
     <span class='ocr_line' id='line_1_106' title="bbox 2122 4445 3378 4489; baseline 0.002 -6"><span class='ocrx_word' id='word_1_713' title='bbox 2122 4445 2434 4486; x_wconf 75' lang='lat' dir='ltr'><strong>PROPOSITIO</strong></span> <span class='ocrx_word' id='word_1_714' title='bbox 2465 4446 2531 4485; x_wconf 80' lang='lat' dir='ltr'><strong>DE</strong></span> <span class='ocrx_word' id='word_1_715' title='bbox 2563 4447 2711 4488; x_wconf 86' lang='lat' dir='ltr'><strong>DISCO</strong></span> <span class='ocrx_word' id='word_1_716' title='bbox 2738 4447 3007 4488; x_wconf 70' lang='lat' dir='ltr'><strong>PENSANTE</strong></span> <span class='ocrx_word' id='word_1_717' title='bbox 3035 4449 3222 4489; x_wconf 75' lang='lat' dir='ltr'><strong>LIBRAS</strong></span> <span class='ocrx_word' id='word_1_718' title='bbox 3249 4449 3378 4488; x_wconf 70' lang='lat' dir='ltr'><strong>XXX.</strong></span> 
     </span>
    </p>
   </div>
   <div class='ocr_carea' id='block_1_107' title="bbox 2039 4531 3543 4602">
    <p class='ocr_par' dir='ltr' id='par_1_107' title="bbox 2039 4531 3543 4602">
     <span class='ocr_line' id='line_1_107' title="bbox 2039 4531 3543 4602; baseline 0.002 -16"><span class='ocrx_word' id='word_1_719' title='bbox 2039 4531 2134 4586; x_wconf 88' lang='lat' dir='ltr'><strong>Est</strong></span> <span class='ocrx_word' id='word_1_720' title='bbox 2156 4533 2334 4587; x_wconf 90' lang='lat' dir='ltr'><strong>discus</strong></span> <span class='ocrx_word' id='word_1_721' title='bbox 2358 4532 2448 4602; x_wconf 93' lang='lat' dir='ltr'><strong>qui</strong></span> <span class='ocrx_word' id='word_1_722' title='bbox 2482 4542 2669 4602; x_wconf 88' lang='lat' dir='ltr'><strong>pensat</strong></span> <span class='ocrx_word' id='word_1_723' title='bbox 2698 4534 2862 4588; x_wconf 88' lang='lat' dir='ltr'><strong>libras</strong></span> <span class='ocrx_word' id='word_1_724' title='bbox 2902 4551 3007 4588; x_wconf 83' lang='lat' dir='ltr'><strong>xxx</strong></span> <span class='ocrx_word' id='word_1_725' title='bbox 3054 4535 3167 4589; x_wconf 89' lang='lat' dir='ltr'><strong>sive</strong></span> <span class='ocrx_word' id='word_1_726' title='bbox 3199 4534 3397 4590; x_wconf 91' lang='lat' dir='ltr'><strong>solidos</strong></span> <span class='ocrx_word' id='word_1_727' title='bbox 3444 4551 3543 4599; x_wconf 87' lang='lat' dir='ltr'><strong>nc,</strong></span> 
     </span>
    </p>
   </div>
   <div class='ocr_carea' id='block_1_108' title="bbox 1967 4623 3546 4694">
    <p class='ocr_par' dir='ltr' id='par_1_108' title="bbox 1967 4623 3546 4694">
     <span class='ocr_line' id='line_1_108' title="bbox 1967 4623 3546 4694; baseline 0.002 -17"><span class='ocrx_word' id='word_1_728' title='bbox 1967 4623 2172 4678; x_wconf 87' lang='lat' dir='ltr'><strong>habens</strong></span> <span class='ocrx_word' id='word_1_729' title='bbox 2214 4623 2266 4678; x_wconf 93' lang='lat' dir='ltr'><strong>in</strong></span> <span class='ocrx_word' id='word_1_730' title='bbox 2307 4639 2365 4678; x_wconf 92' lang='lat' dir='ltr'><strong>se</strong></span> <span class='ocrx_word' id='word_1_731' title='bbox 2408 4639 2634 4688; x_wconf 88' lang='lat' dir='ltr'><strong>aurum,</strong></span> <span class='ocrx_word' id='word_1_732' title='bbox 2683 4633 2996 4694; x_wconf 79' lang='lat' dir='ltr'><strong>argentum,</strong></span> <span class='ocrx_word' id='word_1_733' title='bbox 3042 4625 3447 4690; x_wconf 84' lang='lat' dir='ltr'><strong>aurichalcum,</strong></span> <span class='ocrx_word' id='word_1_734' title='bbox 3491 4635 3546 4681; x_wconf 90' lang='lat' dir='ltr'><strong>et</strong></span> 
     </span>
    </p>
   </div>
   <div class='ocr_carea' id='block_1_109' title="bbox 1965 4715 3547 4787">
    <p class='ocr_par' dir='ltr' id='par_1_109' title="bbox 1965 4715 3547 4787">
     <span class='ocr_line' id='line_1_109' title="bbox 1965 4715 3547 4787; baseline 0 -18"><span class='ocrx_word' id='word_1_735' title='bbox 1965 4721 2236 4769; x_wconf 90' lang='lat' dir='ltr'><strong>stannum.</strong></span> <span class='ocrx_word' id='word_1_736' title='bbox 2263 4715 2532 4781; x_wconf 91' lang='lat' dir='ltr'><strong>Quantum</strong></span> <span class='ocrx_word' id='word_1_737' title='bbox 2563 4715 2725 4770; x_wconf 89' lang='lat' dir='ltr'><strong>habet</strong></span> <span class='ocrx_word' id='word_1_738' title='bbox 2752 4716 2891 4780; x_wconf 91' lang='lat' dir='ltr'><strong>auri,</strong></span> <span class='ocrx_word' id='word_1_739' title='bbox 2918 4723 2999 4770; x_wconf 89' lang='lat' dir='ltr'><strong>ter</strong></span> <span class='ocrx_word' id='word_1_740' title='bbox 3036 4723 3242 4787; x_wconf 90' lang='lat' dir='ltr'><strong>tantum</strong></span> <span class='ocrx_word' id='word_1_741' title='bbox 3273 4716 3436 4770; x_wconf 87' lang='lat' dir='ltr'><strong>habet</strong></span> <span class='ocrx_word' id='word_1_742' title='bbox 3459 4733 3547 4770; x_wconf 83' lang='lat' dir='ltr'><strong>ar-</strong></span> 
     </span>
    </p>
   </div>
   <div class='ocr_carea' id='block_1_110' title="bbox 1965 4806 3550 4877">
    <p class='ocr_par' dir='ltr' id='par_1_110' title="bbox 1965 4806 3550 4877">
     <span class='ocr_line' id='line_1_110' title="bbox 1965 4806 3550 4877; baseline -0.001 -15"><span class='ocrx_word' id='word_1_743' title='bbox 1965 4808 2127 4877; x_wconf 80' lang='lat' dir='ltr'><strong>genti.</strong></span> <span class='ocrx_word' id='word_1_744' title='bbox 2147 4807 2416 4874; x_wconf 90' lang='lat' dir='ltr'><strong>Quantum</strong></span> <span class='ocrx_word' id='word_1_745' title='bbox 2445 4806 2675 4877; x_wconf 85' lang='lat' dir='ltr'><strong>argenti,</strong></span> <span class='ocrx_word' id='word_1_746' title='bbox 2694 4815 2775 4860; x_wconf 91' lang='lat' dir='ltr'><strong>ter</strong></span> <span class='ocrx_word' id='word_1_747' title='bbox 2795 4814 3000 4860; x_wconf 89' lang='lat' dir='ltr'><strong>tantum</strong></span> <span class='ocrx_word' id='word_1_748' title='bbox 3022 4807 3334 4862; x_wconf 90' lang='lat' dir='ltr'><strong>aurichalci.</strong></span> <span class='ocrx_word' id='word_1_749' title='bbox 3370 4806 3550 4874; x_wconf 79' lang='lat' dir='ltr'><strong>Quan-</strong></span> 
     </span>
    </p>
   </div>
   <div class='ocr_carea' id='block_1_111' title="bbox 1965 4901 3543 4974">
    <p class='ocr_par' dir='ltr' id='par_1_111' title="bbox 1965 4901 3543 4974">
     <span class='ocr_line' id='line_1_111' title="bbox 1965 4901 3543 4974; baseline 0.001 -20"><span class='ocrx_word' id='word_1_750' title='bbox 1965 4909 2076 4954; x_wconf 91' lang='lat' dir='ltr'><strong>tum</strong></span> <span class='ocrx_word' id='word_1_751' title='bbox 2107 4901 2420 4966; x_wconf 86' lang='lat' dir='ltr'><strong>aurichalci,</strong></span> <span class='ocrx_word' id='word_1_752' title='bbox 2447 4910 2529 4956; x_wconf 89' lang='lat' dir='ltr'><strong>ter</strong></span> <span class='ocrx_word' id='word_1_753' title='bbox 2551 4909 2756 4957; x_wconf 89' lang='lat' dir='ltr'><strong>tantum</strong></span> <span class='ocrx_word' id='word_1_754' title='bbox 2794 4904 2992 4957; x_wconf 89' lang='lat' dir='ltr'><strong>stanni.</strong></span> <span class='ocrx_word' id='word_1_755' title='bbox 3018 4903 3196 4969; x_wconf 91' lang='lat' dir='ltr'><strong>Dicat,</strong></span> <span class='ocrx_word' id='word_1_756' title='bbox 3221 4905 3312 4974; x_wconf 89' lang='lat' dir='ltr'><strong>qui</strong></span> <span class='ocrx_word' id='word_1_757' title='bbox 3344 4911 3543 4974; x_wconf 90' lang='lat' dir='ltr'><strong>potest,</strong></span> 
     </span>
    </p>
   </div>
   <div class='ocr_carea' id='block_1_112' title="bbox 1961 4990 3540 5076">
    <p class='ocr_par' dir='ltr' id='par_1_112' title="bbox 1961 4990 3540 5076">
     <span class='ocr_line' id='line_1_112' title="bbox 1961 4990 3540 5076; baseline 0.004 -35"><span class='ocrx_word' id='word_1_758' title='bbox 1961 4999 2220 5058; x_wconf 75' lang='lat' dir='ltr'><strong>quantum</strong></span> <span class='ocrx_word' id='word_1_759' title='bbox 2267 4990 2320 5043; x_wconf 92' lang='lat' dir='ltr'><strong>in</strong></span> <span class='ocrx_word' id='word_1_760' title='bbox 2370 5006 2693 5062; x_wconf 89' lang='lat' dir='ltr'><strong>unaquaque</strong></span> <span class='ocrx_word' id='word_1_761' title='bbox 2741 4994 2920 5064; x_wconf 90' lang='lat' dir='ltr'><strong>specie</strong></span> <span class='ocrx_word' id='word_1_762' title='bbox 2969 4993 3157 5076; x_wconf 75' lang='lat' dir='ltr'><strong>[Bed.,</strong></span> <span class='ocrx_word' id='word_1_763' title='bbox 3205 5009 3540 5064; x_wconf 62' lang='lat' dir='ltr'><strong>unaquaeque</strong></span> 
     </span>
    </p>
   </div>
   <div class='ocr_carea' id='block_1_113' title="bbox 1961 5077 2448 5150">
    <p class='ocr_par' dir='ltr' id='par_1_113' title="bbox 1961 5077 2448 5150">
     <span class='ocr_line' id='line_1_113' title="bbox 1961 5077 2448 5150; baseline 0.004 -18"><span class='ocrx_word' id='word_1_764' title='bbox 1961 5077 2190 5150; x_wconf 83' lang='lat' dir='ltr'><strong>species]</strong></span> <span class='ocrx_word' id='word_1_765' title='bbox 2216 5081 2448 5148; x_wconf 89' lang='lat' dir='ltr'><strong>pensat?</strong></span> 
     </span>
    </p>
   </div>
   <div class='ocr_carea' id='block_1_114' title="bbox 2631 5170 2858 5226">
    <p class='ocr_par' dir='ltr' id='par_1_114' title="bbox 2631 5170 2858 5226">
     <span class='ocr_line' id='line_1_114' title="bbox 2631 5170 2858 5226; baseline 0 0"><span class='ocrx_word' id='word_1_766' title='bbox 2631 5170 2858 5226; x_wconf 83' lang='lat' dir='ltr'><strong>Salutio.</strong></span> 
     </span>
    </p>
   </div>
   <div class='ocr_carea' id='block_1_115' title="bbox 2030 5263 3536 5340">
    <p class='ocr_par' dir='ltr' id='par_1_115' title="bbox 2030 5263 3536 5340">
     <span class='ocr_line' id='line_1_115' title="bbox 2030 5263 3536 5340; baseline 0 -24"><span class='ocrx_word' id='word_1_767' title='bbox 2030 5263 2234 5316; x_wconf 90' lang='lat' dir='ltr'><strong>Aurum</strong></span> <span class='ocrx_word' id='word_1_768' title='bbox 2265 5271 2457 5333; x_wconf 90' lang='lat' dir='ltr'><strong>pensat</strong></span> <span class='ocrx_word' id='word_1_769' title='bbox 2497 5264 2684 5318; x_wconf 91' lang='lat' dir='ltr'><strong>uncias</strong></span> <span class='ocrx_word' id='word_1_770' title='bbox 2729 5278 2921 5318; x_wconf 88' lang='lat' dir='ltr'><strong>novem</strong></span> <span class='ocrx_word' id='word_1_771' title='bbox 2949 5281 2962 5318; x_wconf 92' lang='lat'>:</span> <span class='ocrx_word' id='word_1_772' title='bbox 3005 5274 3291 5340; x_wconf 79' lang='lat' dir='ltr'><strong>argentum</strong></span> <span class='ocrx_word' id='word_1_773' title='bbox 3323 5275 3408 5321; x_wconf 86' lang='lat' dir='ltr'><strong>ter</strong></span> <span class='ocrx_word' id='word_1_774' title='bbox 3438 5282 3536 5319; x_wconf 79' lang='lat' dir='ltr'><strong>un-</strong></span> 
     </span>
    </p>
   </div>
   <div class='ocr_carea' id='block_1_116' title="bbox 1961 5353 3531 5418">
    <p class='ocr_par' dir='ltr' id='par_1_116' title="bbox 1961 5353 3531 5418">
     <span class='ocr_line' id='line_1_116' title="bbox 1961 5353 3531 5418; baseline -0.003 -8"><span class='ocrx_word' id='word_1_775' title='bbox 1961 5355 2072 5410; x_wconf 89' lang='lat' dir='ltr'><strong>cias</strong></span> <span class='ocrx_word' id='word_1_776' title='bbox 2094 5369 2234 5418; x_wconf 79' lang='lat' dir='ltr'><strong>Villi,</strong></span> <span class='ocrx_word' id='word_1_777' title='bbox 2261 5354 2314 5408; x_wconf 88' lang='lat' dir='ltr'><strong>id</strong></span> <span class='ocrx_word' id='word_1_778' title='bbox 2342 5362 2444 5418; x_wconf 89' lang='lat' dir='ltr'><strong>est,</strong></span> <span class='ocrx_word' id='word_1_779' title='bbox 2473 5353 2640 5408; x_wconf 90' lang='lat' dir='ltr'><strong>libras</strong></span> <span class='ocrx_word' id='word_1_780' title='bbox 2664 5355 2796 5409; x_wconf 89' lang='lat' dir='ltr'><strong>duas</strong></span> <span class='ocrx_word' id='word_1_781' title='bbox 2819 5363 2873 5409; x_wconf 91' lang='lat' dir='ltr'><strong>et</strong></span> <span class='ocrx_word' id='word_1_782' title='bbox 2892 5362 3004 5410; x_wconf 91' lang='lat' dir='ltr'><strong>tres</strong></span> <span class='ocrx_word' id='word_1_783' title='bbox 3027 5355 3234 5410; x_wconf 91' lang='lat' dir='ltr'><strong>uncias.</strong></span> <span class='ocrx_word' id='word_1_784' title='bbox 3261 5353 3531 5409; x_wconf 80' lang='lat' dir='ltr'><strong>Aurichal—</strong></span> 
     </span>
    </p>
   </div>
   <div class='ocr_carea' id='block_1_117' title="bbox 1959 5442 3536 5518">
    <p class='ocr_par' dir='ltr' id='par_1_117' title="bbox 1959 5442 3536 5518">
     <span class='ocr_line' id='line_1_117' title="bbox 1959 5442 3536 5518; baseline -0.002 -17"><span class='ocrx_word' id='word_1_785' title='bbox 1959 5461 2082 5501; x_wconf 91' lang='lat' dir='ltr'><strong>cum</strong></span> <span class='ocrx_word' id='word_1_786' title='bbox 2104 5453 2296 5514; x_wconf 89' lang='lat' dir='ltr'><strong>pensat</strong></span> <span class='ocrx_word' id='word_1_787' title='bbox 2325 5453 2408 5498; x_wconf 90' lang='lat' dir='ltr'><strong>ter</strong></span> <span class='ocrx_word' id='word_1_788' title='bbox 2435 5443 2604 5498; x_wconf 88' lang='lat' dir='ltr'><strong>libras</strong></span> <span class='ocrx_word' id='word_1_789' title='bbox 2632 5444 2767 5499; x_wconf 91' lang='lat' dir='ltr'><strong>duas</strong></span> <span class='ocrx_word' id='word_1_790' title='bbox 2788 5453 2842 5499; x_wconf 91' lang='lat' dir='ltr'><strong>et</strong></span> <span class='ocrx_word' id='word_1_791' title='bbox 2868 5442 2999 5518; x_wconf 90' lang='lat' dir='ltr'><strong>[ter]</strong></span> <span class='ocrx_word' id='word_1_792' title='bbox 3025 5461 3083 5499; x_wconf 83' lang='lat' dir='ltr'><strong>III</strong></span> <span class='ocrx_word' id='word_1_793' title='bbox 3113 5445 3323 5510; x_wconf 88' lang='lat' dir='ltr'><strong>uncias,</strong></span> <span class='ocrx_word' id='word_1_794' title='bbox 3353 5445 3404 5500; x_wconf 89' lang='lat' dir='ltr'><strong>id</strong></span> <span class='ocrx_word' id='word_1_795' title='bbox 3431 5452 3536 5510; x_wconf 85' lang='lat' dir='ltr'><strong>est,</strong></span> 
     </span>
    </p>
   </div>
   <div class='ocr_carea' id='block_1_118' title="bbox 2035 5576 3448 5649">
    <p class='ocr_par' dir='ltr' id='par_1_118' title="bbox 2035 5576 3448 5649">
     <span class='ocr_line' id='line_1_118' title="bbox 2035 5576 3448 5649; baseline -0.001 -17"><span class='ocrx_word' id='word_1_796' title='bbox 2035 5591 2054 5619; x_wconf 70' lang='grc' dir='ltr'><strong><em>ο</em></strong></span> <span class='ocrx_word' id='word_1_797' title='bbox 2089 5577 2242 5648; x_wconf 82' lang='lat' dir='ltr'><strong>Apud</strong></span> <span class='ocrx_word' id='word_1_798' title='bbox 2267 5577 2469 5649; x_wconf 75' lang='lat' dir='ltr'><strong>Bedam</strong></span> <span class='ocrx_word' id='word_1_799' title='bbox 2499 5576 2716 5649; x_wconf 73' lang='lat' dir='ltr'><strong>additur</strong></span> <span class='ocrx_word' id='word_1_800' title='bbox 2741 5595 2752 5628; x_wconf 92' lang='lat'><strong>:</strong></span> <span class='ocrx_word' id='word_1_801' title='bbox 2795 5577 2862 5630; x_wconf 86' lang='lat' dir='ltr'><strong>In</strong></span> <span class='ocrx_word' id='word_1_802' title='bbox 2891 5594 3072 5649; x_wconf 78' lang='lat' dir='ltr'><strong>campo</strong></span> <span class='ocrx_word' id='word_1_803' title='bbox 3099 5577 3448 5649; x_wconf 80' lang='lat' dir='ltr'><strong>pascentibus.</strong></span> 
     </span>
    </p>
   </div>
   <div class='ocr_carea' id='block_1_119' title="bbox 2033 5645 3468 5720">
    <p class='ocr_par' dir='ltr' id='par_1_119' title="bbox 2033 5645 3468 5720">
     <span class='ocr_line' id='line_1_119' title="bbox 2033 5645 3468 5720; baseline -0.001 -16"><span class='ocrx_word' id='word_1_804' title='bbox 2033 5649 2056 5688; x_wconf 74' lang='grc' dir='ltr'><em>ά</em></span> <span class='ocrx_word' id='word_1_805' title='bbox 2085 5645 2240 5720; x_wconf 74' lang='lat' dir='ltr'><strong>Apud</strong></span> <span class='ocrx_word' id='word_1_806' title='bbox 2264 5647 2460 5704; x_wconf 84' lang='lat' dir='ltr'><strong>Bedam</strong></span> <span class='ocrx_word' id='word_1_807' title='bbox 2492 5662 2506 5701; x_wconf 90' lang='lat'><strong>:</strong></span> <span class='ocrx_word' id='word_1_808' title='bbox 2544 5645 2620 5703; x_wconf 87' lang='lat' dir='ltr'><strong>De</strong></span> <span class='ocrx_word' id='word_1_809' title='bbox 2640 5657 2868 5718; x_wconf 82' lang='lat' dir='ltr'><strong>emptore</strong></span> <span class='ocrx_word' id='word_1_810' title='bbox 2898 5648 2948 5701; x_wconf 85' lang='lat' dir='ltr'><strong>in</strong></span> <span class='ocrx_word' id='word_1_811' title='bbox 2977 5645 3206 5703; x_wconf 34' lang='lat' dir='ltr'><strong>d’cna&#39;riis</strong></span> <span class='ocrx_word' id='word_1_812' title='bbox 3239 5659 3468 5702; x_wconf 81' lang='lat' dir='ltr'><strong>centum.</strong></span> 
     </span>
    </p>
   </div>
   <div class='ocr_carea' id='block_1_120' title="bbox 3630 5059 3646 5084">
    <p class='ocr_par' dir='ltr' id='par_1_120' title="bbox 3630 5059 3646 5084">
     <span class='ocr_line' id='line_1_120' title="bbox 3630 5059 3646 5084; baseline 0 0"><span class='ocrx_word' id='word_1_813' title='bbox 3630 5059 3646 5084; x_wconf 83' lang='grc' dir='ltr'><strong><em>Ι</em></strong></span> 
     </span>
    </p>
   </div>
  </div>
