3918 6188
407 272 540 327 IN?

1224 280 1284 336 Β.
1325 281 1387 338 r.
1426 280 1652 337 arma
1689 281 1821 338 seu
1859 280 2139 338 meum
2170 258 2461 338 OPERUI
2495 276 2676 335 rms
2712 276 2846 337 γιιι.

3522 272 3670 327 1148

396 389 566 446 libras
592 406 646 446 γι
683 400 741 448 et
766 407 884 448 γιιιι
909 393 1118 450 uncias.
1165 393 1429 451 Stannum
1468 404 1660 466 pensat
1687 404 1771 451 ter
1807 396 1974 451 libras
2001 399 2049 457 Α
2075 393 2238 465 nique
2273 408 2401 449 sum
2435 398 2662 462 patruus
2695 388 2793 445 ﬁlii
2819 385 3024 445 sororis
3052 400 3226 451 mea;
3262 392 3321 441 et
3353 382 3447 438 illa
3491 383 3670 440 amita

395 495 478 547 vr,
497 489 556 536 et
572 489 656 537 ter
677 482 867 539 uncias
886 498 1028 550 vim,
1048 485 1153 541 hoc
1174 493 1275 551 est,
1299 485 1467 541 libras
1489 501 1581 551 xx,
1607 493 1665 542 et
1685 500 1748 541 ιιι
1770 486 1976 542 uncias.

395 588 519 631 vnit
558 575 748 640 uncia,
779 585 836 632 et
877 592 916 631 ιι
960 576 1114 633 libre
1151 593 1277 633 cum
1302 592 1365 632 ιιι
1399 577 1613 633 unciis:
1653 587 1710 634 et
1736 593 1791 632 γι
1828 576 1981 633 libra

398 681 522 722 cum
568 680 688 721 γιιιι
722 666 939 724 unciis:
979 676 1035 724 et
1064 685 1138 724 xx
1184 669 1337 725 libra
1381 684 1503 724 cum
1542 684 1603 724 ιιι
1647 670 1823 725 unciis
1850 670 1981 726 sdu-

398 768 561 825 natae,
591 775 702 814 xxx
733 759 898 816 libras
924 761 1186 817 eﬁlciunt.

470 848 606 903 Item
634 850 789 905 aliter
813 852 883 905 ad
918 851 1164 921 soljdum.
1207 850 1413 908 Aurum
1452 860 1642 924 pensat
1667 853 1867 908 solidos
1891 867 1979 908 ar-

398 947 621 1009 genteos
654 957 740 995 xv.
774 940 1069 1014 Argentum
1101 950 1183 998 ter
1201 957 1294 1008 xv,
1321 943 1377 998 id
1400 951 1504 1009 est,
1534 960 1656 999 xcv.
1687 942 1976 1001 Auricbal-

398 1043 524 1083 cum
555 1038 638 1085 ter
674 1047 800 1096 ην,
833 1033 884 1086 id
906 1041 1011 1097 est,
1043 1048 1201 1089 cxxv.
1243 1034 1508 1091 Stannnm
1540 1044 1624 1090 ter
1643 1049 1848 1101 cxxxv,
1875 1035 1979 1093 hoc

392 1127 501 1184 est,
527 1135 706 1174 ccccv.
732 1119 903 1192 Iunge
924 1136 1108 1186 ccccv,
1137 1132 1193 1178 et
1214 1136 1391 1179 cxxxv
1416 1138 1431 1179 :
1461 1135 1516 1181 et
1540 1138 1679 1180 uv:
1708 1133 1764 1181 et
1789 1138 1890 1193 xv;
1921 1132 1978 1182 et

395 1206 642 1262 invenies
662 1223 749 1273 nc,
776 1209 869 1278 qui
891 1221 1018 1265 sunt
1045 1210 1195 1267 libra:
1219 1228 1348 1268 xxx.

1018 1300 1181 1373 41,2
1218 1301 1347 1357 Vill.

894 1404 1210 1447 PROPOSITIO
1241 1407 1306 1445 DE
1335 1407 1489 1447 CUPA.

472 1476 570 1531 Est
591 1491 728 1548 cupa
755 1494 884 1544 una,
910 1496 1030 1550 qua:
1050 1496 1081 1536 c
1100 1482 1347 1537 metretis
1369 1482 1624 1552 impletur
1644 1483 1982 1553 capientibus

2081 482 2179 541 ﬁlii
2196 484 2322 541 mei.
2352 482 2421 539 Et
2446 496 2510 538 ea
2533 479 2939 554 propinquitate
2965 477 3069 535 sibi
3097 477 3330 533 invicem
3362 476 3674 547 pertinent.

2314 678 2635 721 ιιιιοιιοειτια
2654 679 2721 718 ΒΕ
2748 678 2961 727 ουοιιμι
2993 673 3436 717 ρλτιιιιηιιωιει

2546 770 2616 809 Ετ
2649 768 2838 808 ramus
2863 767 3019 808 FlLllS
3043 767 3182 806 ειυς.

2147 847 2375 916 Quidam
2397 846 2787 919 paterfamilias
2806 846 3043 901 moriens
3061 844 3266 898 dimisit
3287 843 3681 898 hereditatem

2077 937 2251 993 tribus
2275 937 2399 993 ﬁliis
2418 938 2553 1003 suis,
2567 952 2677 992 xxx
2702 934 2963 1007 ampullas
2985 935 3453 1003 vitreas,quarum
3475 932 3677 987 decem

2077 1027 2297 1085 fuerunt
2321 1029 2494 1101 plena:
2522 1028 2660 1084 oleo.
2691 1028 2824 1083 Alia:
2847 1027 3034 1083 decem
3057 1024 3310 1081 dimidiae.
3346 1020 3563 1078 Tertia:
3587 1022 3680 1077 de—

2078 1135 2197 1177 cem
2223 1135 2426 1176 vacuaa.
2458 1118 2692 1186 Dlvidat,
2719 1120 2810 1189 qui
2838 1124 3047 1188 potest,
3081 1116 3257 1172 oleum
3284 1120 3341 1171 et
3376 1114 3675 1183 ampullas,

2076 1221 2137 1268 ut
2181 1214 2472 1283 unicuique
2495 1227 2685 1268 eorum
2714 1212 2781 1267 de
2822 1210 2995 1266 tribus
3035 1208 3159 1264 ﬁliis
3193 1206 3480 1278 mqualiter
3508 1205 3683 1262 obve‘

2078 1304 2195 1360 niat
2224 1312 2335 1360 tam
2364 1303 2432 1359 de
2461 1304 2634 1369 vitro,
2650 1318 2812 1375 quam
2833 1302 2900 1357 de
2920 1299 3066 1356 oleo.

2745 1390 2976 1447 Salutio.

2152 1487 2287 1543 Tres
2308 1487 2474 1558 igitur
2493 1493 2618 1542 sunt
2645 1482 2759 1549 lilii,
2783 1491 2839 1539 et
2858 1500 2969 1539 xxx
2993 1482 3256 1554 ampuliaa.
3287 1481 3683 1551 Ampulla-um

403 1566 629 1638 singulis
669 1570 846 1624 modia
889 1572 1026 1637 tria;
1061 1572 1268 1629 habens
1298 1573 1506 1629 ﬁstulas
1532 1590 1613 1629 ιιι.
1647 1574 1728 1629 Ex
1753 1590 1981 1631 numero
2080 1588 2265 1634 autem
2293 1578 2538 1648 quaedam
2569 1592 2603 1631 x
2624 1583 2751 1631 sunt
2776 1575 2977 1646 plenae,
3014 1583 3070 1629 et
3107 1590 3141 1628 x
3173 1573 3385 1637 mediae,
3420 1581 3481 1627 et
3508 1590 3544 1627 x
3574 1588 3679 1626 va-

402 1658 707 1714 modiorum
731 1661 886 1716 tertia
908 1677 1034 1730 pars
1056 1672 1111 1719 et
1133 1680 1187 1719 γι
1208 1679 1307 1734 per
1330 1680 1490 1721 unam
1514 1664 1749 1721 ﬁstulam
1775 1666 1973 1721 currit:
2081 1684 2216 1726 cuae.
2246 1669 2357 1724 Duc
2395 1677 2481 1724 ter
2506 1667 2722 1734 decies;
2755 1667 2889 1722 ﬁunt
2926 1682 3055 1721 xxx.
3094 1665 3401 1735 Unicuique
3431 1666 3553 1720 ﬁlio
3584 1680 3677 1719 ve-

400 1766 499 1822 per
522 1751 747 1807 alteram
787 1756 946 1809 tertia
975 1771 1103 1826 pars
1130 1756 1276 1812 sola:
1310 1772 1409 1827 per
1440 1758 1655 1813 tertiam
1681 1766 1835 1814 sexta
1861 1766 1981 1813 tan-
2008 1736 2054 1797 ³
2081 1760 2239 1816 niunt
2268 1776 2303 1814 x
2325 1758 2572 1829 ampulla:
2598 1759 2651 1812 in
2676 1756 3007 1828 portionem.
3026 1757 3211 1811 Divide
3230 1764 3417 1811 autem
3440 1768 3549 1826 per
3567 1765 3683 1811 te!"

403 1850 537 1896 tum.
564 1842 715 1897 Dicat
752 1860 916 1910 nunc,
952 1848 1044 1915 qui
1068 1846 1201 1912 vult,
1234 1856 1366 1918 quot
1393 1848 1615 1903 sextarii
1641 1863 1742 1920 per
1781 1862 1979 1904 unam—
2079 1850 2209 1905 tiam
2236 1857 2467 1920 partem,
2495 1849 2599 1903 hoc
2625 1857 2731 1914 est,
2762 1849 2828 1903 da
2850 1848 3024 1917 primo
3048 1846 3157 1902 ﬁlio
3186 1863 3218 1901 x
3255 1847 3429 1902 semis
3460 1848 3677 1916 amput-

402 1948 673 2004 quamque
696 1934 931 1992 ﬁstulam
960 1940 1349 1995 cucurrissent.

1072 2028 1297 2086 Salutio.

472 2116 576 2171 Per
602 2118 832 2187 primam
874 2118 1108 2175 ﬁstulam
1151 2118 1213 2177 iii
1244 2138 1307 2177 nc
1339 2123 1561 2178 sextarii
1600 2137 1978 2183 cucurrerunt.

402 2206 508 2265 Per
531 2212 824 2266 secundum
849 2210 886 2268 ii
916 2228 1061 2269 cccc.
1091 2214 1195 2270 Per
1217 2214 1476 2273 tertiami
1505 2233 1589 2274 cc.

1148 2305 1241 2362 IX.

905 2412 1220 2454 ιηιοιιοειτιο
1248 2415 1312 2453 DE
1339 2415 1492 2457 εΑαο.

473 2485 658 2541 Habeo
685 2502 873 2557 sagum
914 2489 1205 2546 habentem
1237 2491 1289 2546 in
1317 2491 1651 2564 longitudine
1693 2496 1907 2552 cubitos
1927 2511 1984 2564 e,

400 2586 458 2631 et
484 2578 539 2631 in
568 2576 848 2633 latitudine
874 2597 1037 2635 Lxxx.
1080 2582 1212 2638 Volo
1253 2584 1449 2640 exinde
1476 2600 1575 2655 per
1600 2587 1874 2656 portiones
1898 2603 1986 2645 sa-

399 2670 558 2740 gulos
582 2669 782 2736 facere,
814 2672 888 2726 ita
915 2681 974 2728 ut
1002 2688 1337 2745 unaquaeque
1363 2676 1541 2747 portio
1569 2678 1768 2735 habeat
1793 2681 1846 2736 in
1869 2681 1986 2737 lon-

399 2764 645 2834 gitudine
674 2765 883 2821 cubitos
907 2781 964 2833 γ,
993 2776 1049 2822 et
1075 2768 1128 2823 in
1155 2768 1436 2825 latitudine
1459 2770 1670 2827 cubitos
1696 2788 1801 2827 ιιιι.
1852 2774 1983 2843 Dic,

402 2870 557 2925 rogo,
580 2856 816 2925 sapiens,
843 2868 975 2930 quot
1008 2860 1177 2931 saguli
1202 2861 1396 2917 exinde
1429 2860 1546 2918 ﬁeri
1570 2864 1823 2932 possint?

401 2947 416 2961 '
1080 2951 1307 3007 Salutio.

474 3037 550 3092 De
572 3039 980 3111 quadringentis
1003 3044 1329 3113 octogesima
1354 3060 1481 3115 pars
1508 3063 1543 3103 γ
1571 3055 1733 3115 sunt;
1769 3056 1826 3104 et
1856 3064 1983 3105 cen-

2079 1939 2179 2005 las,
2204 1954 2266 1995 ac
2289 1938 2480 1993 deinde
2501 1937 2569 1991 da
2594 1938 2831 1993 secundo
2853 1953 2883 1991 γ
2906 1937 3092 2007 plenas
3121 1945 3175 1992 et
3197 1952 3229 1991 γ
3249 1948 3477 1993 vacuas.
3504 1936 3672 1992 Simio

2079 2028 2205 2085 liter
2232 2028 2383 2085 dabis
2413 2030 2596 2095 tertio,
2640 2037 2696 2084 et
2734 2030 2840 2085 erit
2870 2030 3032 2084 trium
3076 2044 3231 2100 aequa
3270 2042 3683 2101 germanorum

2080 2124 2274 2183 divisio
2297 2134 2406 2181 tam
2433 2126 2486 2181 in
2518 2125 2665 2194 oleo,
2697 2143 2859 2198 quam
2887 2128 2942 2182 in
2971 2128 3137 2182 vitro-

2800 2215 2935 2270 Xlll.

2568 2323 2884 2363 PEOPOSITIO
2911 2324 2976 2362 DE
3006 2324 3162 2364 REGE.

2153 2395 2381 2465 Quidam
2408 2413 2501 2455 rex
2521 2398 2684 2469 jussit
2709 2397 2917 2453 famulo
2935 2414 3033 2453 suo
3058 2398 3307 2470 colligere
3329 2399 3401 2455 de
3432 2416 3550 2455 xxx
3582 2402 3680 2456 vii-

2082 2488 2150 2546 lis
2179 2490 2513 2557 exercitum,
2558 2505 2627 2546 eo
2668 2491 2832 2547 modo
2876 2498 2934 2545 ut
2973 2505 3041 2545 ex
3083 2506 3402 2563 unaquaque
3430 2494 3565 2548 villa
3596 2503 3682 2551 tot

2082 2582 2332 2639 homines
2384 2591 2622 2639 sumeret
2670 2590 2936 2654 quotquot
2985 2583 3115 2638 illuc
3162 2584 3495 2640 adduxisset.
3552 2586 3679 2656 ipse

2083 2679 2264 2727 tamen
2294 2672 2359 2727 ad
2383 2672 2563 2727 villam
2605 2673 2835 2744 primam
2872 2673 3019 2730 solus
3038 2676 3223 2741 venit;
3263 2676 3332 2730 ad
3367 2679 3683 2733 secundam

2084 2776 2207 2816 cum
2255 2763 2463 2830 altero;
2499 2764 2612 2835 jam
2657 2766 2724 2820 ad
2769 2765 2985 2821 tertiam
3017 2777 3127 2822 tres
3150 2776 3436 2824 venerunt.
3477 2770 3682 2836 Dicat,

2082 2854 2175 2924 qui
2220 2863 2424 2925 potest,
2462 2863 2593 2925 quot
2638 2856 2886 2912 homines
2930 2855 3159 2914 fuissent
3201 2858 3414 2915 collecti
3444 2860 3514 2917 de
3561 2876 3681 2916 xxx

2083 2945 2247 3000 villis.

2752 3036 2979 3094 Salutio.

476 3089 507 3092 _
527 3089 547 3092 _
578 3089 977 3111 fama“---
1008 3089 1329 3113 ---νοννηη-
1354 3089 1480 3115 ,.....,
1520 3089 1534 3103 .
1571 3089 1696 3103 νυ...
1718 3090 1733 3115 ,
1770 3089 1826 3104 ν.
1857 3089 1978 3105 νων

402 3132 599 3188 tesima
642 3149 745 3188 ιιιι.
795 3134 920 3190 Sive
960 3151 1090 3208 ergo
1120 3140 1396 3210 octuagies
1421 3155 1480 3207 γ,
1510 3141 1624 3197 sive
1666 3142 1873 3199 centies
1900 3159 1982 3199 ιιιι

2155 3130 2215 3186 in
2243 3131 2418 3203 prima
2444 3131 2608 3202 igitur
2639 3132 2919 3187 mansione
2943 3131 3050 3187 duo
3075 3130 3322 3199 fuerunt;
3343 3133 3401 3188 in
3430 3135 3681 3191 secunda

405 3224 646 3292 duxeris,
677 3242 890 3297 semper
914 3243 1039 3283 cccc
1069 3228 1327 3286 invenies.
1359 3230 1462 3288 Tot
1485 3232 1601 3304 sagi
1625 3240 1805 3289 erunt.

1160 3314 1228 3369 Χ.

868 3418 1180 3458 Ριιοροειτιο
1206 3422 1271 3459 DE
1308 3422 1523 3462 LINTEO.

478 3489 665 3545 Habeo
686 3491 976 3548 linteamen
1001 3511 1166 3550 unum
1204 3498 1421 3565 longum
1451 3500 1755 3556 cubitorum
1784 3519 1875 3568 ιι,
1908 3502 1987 3558 la-

407 3588 521 3634 tum
555 3580 858 3638 cubitorum
891 3596 978 3645 xL.
1018 3585 1152 3642 Volo
1185 3605 1252 3644 ex
1283 3604 1348 3645 eo
1372 3591 1651 3661 portiones
1676 3593 1876 3661 facere,
1908 3595 1986 3651 ita

405 3679 470 3725 ut
492 3687 827 3743 unaquazque
872 3679 1049 3745 portio
1082 3679 1280 3735 habeat
1321 3682 1374 3735 in
1414 3681 1745 3754 longitudine
1776 3686 1987 3747 cubitus

405 3775 591 3829 senos,
614 3770 671 3818 et
698 3764 751 3818 in
782 3764 1063 3824 latitudine
1090 3778 1411 3839 quaternos,
1452 3781 1514 3828 ut
1541 3775 1777 3833 sufﬁciat
1806 3779 1874 3835 ad
1902 3788 1985 3847 tu-

406 3853 589 3908 nicam
612 3857 991 3914 consuendam.
1023 3860 1196 3928 Dicat,
1229 3863 1321 3932 qui
1350 3864 1485 3933 vult,
1515 3873 1650 3938 quot
1671 3868 1872 3926 tunica:
1890 3887 1987 3928 ex-

406 3944 533 4001 inde
562 3945 678 4002 ﬁeri
706 3949 956 4019 possint?

1082 4040 1309 4100 Salutio.

478 4125 697 4182 Decima
719 4144 847 4198 pars
869 4135 1207 4204 sexagenarii
1229 4153 1282 4190 γι
1308 4145 1451 4192 sunt.
1476 4139 1692 4197 Decima
1712 4157 1839 4199 vero
1858 4156 1987 4214 qua-

404 4215 719 4286 dragenarii
747 4236 827 4273 un
858 4231 1000 4276 sunt.
1028 4222 1154 4279 Sive
1180 4240 1310 4296 ergo
1336 4227 1598 4284 decimam
1627 4234 1983 4303 sexagenarii,

406 4309 524 4362 sive
552 4309 815 4373 decimam
841 4315 1252 4386 quadragenarii
1291 4318 1471 4376 decies
1494 4323 1706 4379 miseris
1723 4365 1738 4391 ,
1768 4333 1984 4381 centum

407 4399 688 4468 portiones
730 4418 783 4456 γι
835 4403 1137 4461 cubitorum
1183 4408 1409 4480 longas;
1448 4419 1506 4466 et
1552 4428 1634 4467 ιιιι
1677 4414 1982 4470 cubitorum

408 4492 551 4548 latas
576 4494 849 4552 invenies.

1157 4589 1248 4644 XI.

469 4689 495 4718 ³
533 4694 844 4737 ριοιιοειτιο
878 4696 945 4736 DE
978 4698 1179 4738 DUOBUS
1216 4699 1498 4739 HOHINIBUS
1532 4700 1764 4742 SOBORES
1794 4702 1938 4742 ACCI-

1055 4788 1351 4828 PIENTIBUS.

483 4857 541 4914 Si
569 4859 673 4916 duo
697 4861 943 4918 homines
972 4862 1038 4917 ad
1068 4863 1320 4931 invicem,
1343 4864 1478 4919 alter
1499 4863 1721 4920 alterius
1743 4880 1981 4921 sororem

410 4952 468 5007 in
495 4952 799 5023 conjugium
832 4955 1158 5024 sumpserit;
1199 4956 1307 5021 dic,
1337 4972 1486 5029 rogo,
1534 4973 1638 5027 qua
1669 4957 1982 5030 propinqui-

411 5049 521 5095 tate
548 5040 646 5097 ﬁlii
672 5057 858 5098 eorum
888 5043 991 5098 sibi
1013 5045 1361 5114 pertineant?

923 5131 1135 5190 Salutio
1148 5136 1383 5206 ejusdem
1408 5137 1457 5192 ι’.

481 5223 645 5279 Verbi
674 5225 847 5296 gratia
872 5243 885 5279 :
919 5224 966 5280 si
1003 5238 1102 5296 ego
1128 5227 1388 5297 accipiam
1427 5243 1670 5284 sororem
1695 5230 1828 5285 socii
1853 5231 1982 5297 mei,

411 5322 470 5370 et
492 5313 580 5371 ille
610 5326 807 5383 meam,
837 5324 893 5373 et
916 5332 983 5373 ex
1024 5318 1180 5374 nobis
1217 5328 1571 5390 procreeutur
1596 5320 1687 5375 ﬁlii
1711 5338 1726 5389 ;
1763 5338 1861 5393 ego
1886 5322 1982 5377 de-

483 5469 794 5595 {Dedzbbe
812 5471 1012 5528 duobus
1032 5473 1347 5541 hominibus,
1361 5473 1495 5528 alter
1517 5484 1734 5530 atterms
1754 5493 1985 5533 sororem

483 5550 666 5595 ament
724 5558 805 5595 us.

414 5550 805 5608 accipientibus.

491 5608 518 5647 ι)
542 5607 670 5683 llaec
693 5611 887 5666 solutio
909 5612 1106 5667 omissa
1131 5615 1269 5683 apud
1300 5614 1518 5669 Bedam.

542 5675 795 5746 Reliquos
832 5697 1107 5750 numeros,
1139 5675 1190 5738 in
1222 5684 1413 5754 quibus
1440 5686 1555 5740 cod.
1587 5702 1686 5743 ms.
1730 5688 1987 5761 multipli-

2086 3238 2192 3290 ιιιι,
2216 3224 2272 3278 in
2298 3224 2458 3279 tertia
2487 3240 2604 3290 γιιι,
2631 3224 2685 3278 in
2722 3232 2915 3294 quarta
2956 3241 3068 3290 xvi,
3098 3226 3150 3279 in
3185 3226 3368 3295 quinta
3414 3243 3597 3295 xxxii,
3625 3232 3683 3285 in

2086 3323 2240 3371 sexta
2269 3332 2446 3383 Lxuu,
2488 3317 2543 3372 in
2567 3318 2794 3387 septima
2833 3333 3058 3385 cxxvm,
3096 3320 3149 3374 in
3175 3329 3365 3375 octava
3406 3338 3595 3391 cem,
3624 3326 3683 3380 in

2086 3421 2227 3462 nona
2254 3424 2390 3474 nxu,
2415 3408 2470 3462 in
2500 3408 2709 3463 decima
2735 3410 2761 3466 ῑ
2798 3426 2975 3477 xxun,
3006 3411 3059 3466 in
3093 3412 3375 3468 undecima
3405 3418 3445 3470 ﬁ
3476 3431 3680 3483 ιιγιιι,

2087 3497 2144 3552 in
2208 3500 2522 3555 duodecima
2576 3497 2672 3556 ἷῐῖῖ
2733 3517 2855 3557 XCVI
2881 3543 2899 3568 ,
2957 3503 3012 3556 in
3070 3511 3262 3572 quarta
3319 3504 3533 3560 decima
3586 3523 3679 3563 xvi

2086 3603 2430 3647 cccuxxuu.
2454 3591 2515 3648 In
2542 3594 2731 3665 quinta
2758 3596 2966 3651 decima
2989 3594 3143 3652 χῖῦῑ
3165 3613 3455 3666 DCCLXVI“,
3482 3609 3600 3656 etc.
3628 3615 3679 3655 ε.

2803 3686 2943 3743 XIV.

2585 3797 2900 3838 PROPOSITIO
2926 3798 2992 3837 DE
3017 3798 3174 3838 Βογε.

2154 3867 2262 3926 Bos
2289 3870 2381 3941 qui
2402 3878 2514 3927 tota
2535 3871 2620 3927 die
2640 3882 2783 3940 arat,
2804 3884 2937 3944 quot
2961 3873 3184 3945 vestigia
3210 3871 3375 3930 faciat
3397 3873 3458 3930 in
3482 3875 3681 3933 ultima

2086 3958 2204 4030 riga
2231 3959 2304 4014 αἱ)

2759 4053 2981 4111 Salutio.

2156 4141 2369 4198 Nullum
2394 4144 2611 4200 omnino
2633 4146 2920 4218 vestigium
2950 4147 3078 4204 facit
3106 4146 3205 4205 bos
3232 4149 3287 4204 in
3313 4149 3506 4205 ultima
3531 4152 3679 4223 riga,

2085 4249 2151 4290 eo
2184 4236 2327 4304 quod
2348 4236 2461 4306 ipse
2488 4239 2740 4307 praecedit
2768 4248 3032 4306 aratrum,
3056 4252 3110 4295 et
3140 4241 3281 4297 hunc
3310 4251 3562 4296 aratrum
3594 4259 3677 4299 se-

2087 4324 2291 4393 quitur.
2325 4325 2601 4396 Quotquot
2640 4328 2783 4383 enim
2832 4329 2921 4384 hic
2963 4331 3313 4400 praecedendo
3347 4332 3403 4387 in
3453 4333 3674 4388 exculta

2088 4422 2235 4468 terra
2261 4415 2487 4486 vestigia
2514 4415 2647 4489 ﬁgit,
2674 4426 2752 4474 tot
2776 4418 2864 4475 ille
2895 4421 3230 4492 subsequens
3256 4422 3560 4479 excolendo
3590 4440 3679 4479 re-

2086 4504 2264 4560 solvit.
2289 4504 2579 4577 Propterea
2607 4509 2750 4567 illius
2772 4512 2977 4568 nullum
3010 4516 3278 4585 reperitur
3297 4518 3591 4588 vestigium
3619 4519 3674 4574 in

2086 4594 2273 4649 ultima
2304 4596 2436 4667 riga.

2814 4693 2932 4752 XV.

2546 4796 2861 4840 PROPOSITIO
2887 4802 2952 4840 DE
2980 4801 3200 4843 ΗΟΗῙΝΕ.

2157 4868 2354 4937 Quaero
2378 4886 2408 4925 a
2436 4879 2488 4926 te
2509 4882 2567 4927 ut
2595 4874 2744 4929 dicas
2773 4876 2905 4931 mihi
2937 4888 3070 4949 quot
3103 4880 3247 4950 rigas
3274 4878 3453 4939 factas
3474 4884 3671 4941 habeat

2085 4958 2248 5014 homo
2273 4961 2327 5014 in
2355 4977 2485 5033 agro
2506 4960 2630 5031 suo,
2665 4968 2880 5037 quando
2915 4969 2981 5023 de
3005 4978 3235 5040 utroque
3272 4974 3457 5044 capite
3494 4978 3671 5047 campi

2084 5055 2198 5105 tres
2224 5066 2478 5108 versuras
2509 5053 2681 5111 factas
2707 5057 2997 5113 habuerit?

2750 5144 2972 5203 Salutio.

2158 5231 2236 5287 Ex
2267 5249 2376 5289 uno
2404 5234 2580 5306 capite
2602 5239 2775 5308 campi
2801 5255 2886 5293 ιιι.
2910 5240 2990 5295 Ex
3013 5241 3185 5298 altero
3205 5258 3287 5310 ιιι,
3315 5260 3439 5314 qua:
3459 5244 3671 5301 faciunt

2088 5323 2232 5394 rigas
2259 5340 2514 5380 versuras
2540 5342 2592 5381 γι
2616 5326 2793 5399 [Bed.,
2818 5329 2940 5403 vn].

2088 5483 2225 5562 citer
2250 5484 2768 5562 fallit,__omittendos
2807 5490 3028 5562 censui,
3078 5506 3110 5546 a
3147 5493 3341 5562 quovis
3384 5490 3579 5559 facile,
3624 5492 3669 5547 si

2085 5554 2287 5638 placet,
2311 5556 2632 5638 duplicando
2665 5574 2879 5638 semper
2905 5554 3530 5636 ultimum'suppiendos.

2159 5624 2183 5663 ἀ
2223 5623 2351 5696 Riga
2380 5623 2520 5683 idem
2548 5643 2610 5683 ac
2636 5623 2836 5685 sulcu's.
