3914 6178
217 304 354 360 “£9

933 421 1073 477 XVI.

247 525 564 567 PBOPOSI'I'IO
589 527 652 565 DE
680 527 880 567 DUOBUS
901 529 1186 567 BOHINIBUS
1210 527 1375 568 BOVES
1400 526 1746 568 DUCENTIBUS.

283 599 403 656 Duo
428 601 672 659 homines
700 603 965 659 ducebant
991 605 1156 662 boves
1190 621 1289 676 per
1326 607 1490 672 viam,
1521 621 1553 660 e
1593 605 1788 676 quibus

209 708 354 748 unus
385 695 538 750 alteri
565 698 700 751 dixit
725 717 738 752 :
769 699 843 752 Da
865 700 996 754 mihi
1027 701 1190 756 boves
1221 702 1385 766 duos;
1418 712 1471 755 et
1509 701 1682 755 habeo
1709 707 1790 754 tot

208 785 377 842 boves
418 797 550 857 quot
587 799 642 845 et
670 799 724 844 tu
762 793 947 847 habes.
977 793 1163 848 Atille
1201 795 1315 849 ait:
1355 795 1431 849 Da
1462 797 1594 850 mihi
1635 803 1692 850 et
1731 805 1788 850 tu

209 875 348 930 duos
395 878 578 943 boves,
621 887 675 932 et
715 880 886 934 habeo
929 882 1146 952 duplum
1174 900 1337 954 quam
1381 893 1438 938 tu
1476 886 1661 940 habes.
1700 887 1790 940 Di-

208 976 320 1032 cat,
347 968 438 1037 qui
463 968 594 1035 vult,
624 981 754 1038 quot
793 972 958 1027 boves
1000 972 1233 1039 fuerunt,
1269 984 1400 1046 quot
1424 979 1791 1048 unusquisque

210 1055 418 1110 habuit.

887 1152 1110 1208 Salutio.

278 1236 458 1302 Prior,
488 1238 578 1308 qui
610 1239 726 1294 dari
765 1241 866 1296 sibi
898 1243 1032 1298 duos
1074 1246 1318 1315 rogavit,
1355 1247 1521 1302 boves
1557 1246 1791 1304 habebat

208 1341 317 1380 ιιιι.
363 1326 434 1381 At
478 1344 642 1395 vero,
684 1333 775 1400 qui
819 1335 1139 1402 rogabatur,
1191 1337 1424 1392 habebat
1467 1354 1585 1392 vm.
1635 1339 1790 1399 Dedit

207 1423 408 1492 quippe
428 1431 650 1494 rogatus
671 1427 962 1496 postulanti
991 1429 1144 1492 duos,
1165 1439 1220 1484 et
1238 1431 1540 1485 habuerunt
1561 1439 1789 1500 uterque

209 1527 326 1566 sex.
361 1513 462 1580 Qui
489 1503 632 1569 enim
674 1517 824 1585 prius
854 1529 1154 1588 acceperat,
1189 1521 1419 1576 reddidit
1463 1523 1597 1576 duos
1640 1520 1786 1574 danti

207 1603 398 1671 priori,
443 1606 532 1674 qui
560 1607 793 1662 habebat
819 1625 933 1673 sex,
960 1620 1013 1664 et
1049 1611 1237 1666 habuit
1262 1629 1380 1677 vm,
1410 1614 1552 1682 quod
1579 1620 1661 1667 est
1687 1611 1786 1665 du-

208 1693 356 1760 plum
377 1709 404 1747 a
431 1703 680 1764 quatuor,
699 1705 753 1752 et
774 1698 851 1752 illi
874 1709 1247 1755 remanserunt
1273 1717 1374 1767 nn,
1390 1704 1533 1773 quod
1557 1712 1640 1757 est
1663 1703 1788 1758 sim-

210 1783 358 1853 plum
383 1785 450 1839 ab
476 1801 590 1839 vm.

827 1879 988 1952 M3
1025 1882 1185 1937 xvn.

210 1985 523 2026 PROPOSITIO
565 1988 631 2025 DE
686 1987 876 2026 TRIBUS
915 1989 1210 2029 FRATBIBL'S
1242 1990 1494 2030 SINGULAS

799 2058 892 2096 BUS
929 2059 1177 2098 SORORES.

281 2133 414 2188 Tres
439 2134 638 2191 fratres
667 2146 824 2190 erant
852 2139 942 2206 qui
981 2139 1221 2208 singulas
1252 2155 1464 2195 sorores
1498 2141 1788 2208 habebant,

210 2231 264 2278 et
298 2223 515 2279 ﬂuvium
562 2227 790 2281 transire
837 2227 1102 2282 debebant
1141 2230 1282 2301 (erat
1323 2232 1465 2285 enim
1507 2233 1792 2302 unicuique

211 2314 423 2368 illorum
459 2316 895 2385 concupiscentia
927 2319 982 2372 in
1014 2334 1198 2375 sorore
1235 2321 1467 2390 proximi
1507 2322 1654 2392 sui),
1699 2323 1791 2392 qui

210 2407 486 2462 venientes
529 2408 596 2461 ad
640 2406 859 2462 ﬂuvium
904 2425 1010 2463 non
1056 2411 1375 2466 invenerunt
1422 2412 1524 2466 nisi
1570 2429 1788 2482 parvam

209 2499 532 2565 naviculam,
571 2501 624 2554 in
671 2515 776 2570 qua
815 2516 920 2556 non
956 2511 1244 2572 potuerunt
1282 2504 1510 2574 amplius
1547 2505 1648 2560 nisi
1686 2507 1790 2560 duo

209 2603 276 2640 ex
302 2588 407 2643 illis
444 2591 695 2644 transire.
732 2591 914 2657 Dicat,
947 2593 1037 2662 qui
1069 2601 1274 2664 potest,
1311 2595 1542 2664 qualiter
1568 2594 1788 2650 ﬂuvium

209 2678 568 2746 transierunt,
604 2695 672 2734 ne
707 2697 812 2736 una
847 2683 1062 2751 quidem
1105 2700 1295 2740 earum
1329 2701 1395 2741 ex
1440 2686 1572 2756 ipsis
1609 2703 1791 2742 macu-

209 2765 315 2822 lata
352 2767 455 2821 sit?

1541 1992 1793 2032 IABENTI-

890 2863 1114 2921 Salutio.

275 2949 462 3005 Primo
497 2952 732 3007 omnium
769 2969 867 3026 ego
906 2965 960 3010 et
991 2972 1144 3012 soror
1181 2973 1296 3012 mea
1334 2959 1708 3018 introissemus
1733 2964 1787 3020 in

209 3060 401 3100 navem
457 3052 510 3098 et
557 3045 1052 3104 transfretassemus
1100 3050 1278 3118 ultra;
1332 3053 1787 3126 transfretatoque

208 3133 372 3188 ﬂuvio
402 3136 723 3192 dimisissem
763 3155 1003 3195 sororem
1038 3158 1212 3196 meam
1247 3144 1312 3198 de
1348 3160 1515 3210 nave,
1549 3154 1604 3201 et
1637 3149 1791 3202 redu-

210 3226 408 3280 xissem
439 3241 628 3281 navem
657 3229 723 3282 ad
751 3231 940 3299 ripam.
970 3232 1118 3288 Tunc
1144 3248 1272 3288 vero
1299 3236 1616 3291 introissent
1643 3253 1791 3293 soro-

211 3331 300 3370 res
334 3315 558 3369 duorum
583 3317 841 3384 virorum,
874 3320 1085 3374 illorum
1120 3323 1389 3390 videlicet,
1416 3326 1507 3395 qui
1540 3327 1606 3381 ad
1641 3326 1790 3382 littus

209 3415 603 3458 remanserant.
637 3406 744 3462 Illis
770 3409 930 3477 igitur
953 3409 1165 3466 feminis
1197 3415 1318 3468 navi
1354 3417 1604 3484 egressis,
1637 3433 1791 3474 soror

210 3512 326 3550 inca
366 3495 507 3567 [quze
531 3500 700 3567 prima
729 3503 1056 3575 transierat],
1088 3506 1341 3572 intraret,
1372 3524 1668 3580 navemque
1703 3527 1790 3566 re-

211 3587 429 3641 duceret
451 3588 520 3641 ad
557 3604 674 3644 nos.
711 3590 803 3643 Illa
831 3594 1136 3662 egrediente
1173 3595 1336 3661 foras,
1366 3597 1470 3653 duo
1505 3598 1559 3651 in
1596 3615 1787 3654 navem

211 3676 403 3731 fratres
428 3677 739 3744 intrassent,
776 3680 1020 3750 ultraque
1051 3683 1342 3737 venissent.
1375 3685 1524 3740 Tunc
1553 3703 1689 3742 unus
1721 3703 1787 3742 ex

211 3768 314 3822 illis
338 3783 446 3822 una
469 3783 588 3822 cum
617 3783 799 3823 sorore
820 3785 915 3824 sua
939 3786 1126 3825 navem
1164 3773 1388 3842 ingressi
1411 3775 1480 3826 ad
1501 3790 1599 3829 nos
1620 3784 1790 3832 trans-

209 3856 516 3912 fretassent.
542 3858 655 3928 Ego
680 3867 861 3913 autem
884 3867 936 3913 et
958 3859 1066 3926 ille,
1096 3860 1185 3930 qui
1212 3862 1571 3930 navigaverat,
1602 3879 1788 3920 sorore

209 3963 330 4001 mea
363 3959 676 4004 remanente
706 3949 880 4016 foras,
915 3950 1054 4004 ultra
1086 3953 1437 4008 venissemus.
1474 3954 1688 4024 Nosque
1720 3958 1788 4012 ad

210 4037 386 4093 littora
425 4049 625 4106 vectos,
665 4057 766 4095 una
804 4056 868 4095 ex
906 4041 1010 4096 illis
1037 4042 1242 4098 duabus
1268 4045 1517 4114 quzelibet
1543 4047 1788 4102 mulieri-

209 4125 327 4190 bus,
365 4127 504 4182 ultra
542 4142 736 4182 navem
777 4130 1086 4198 reduceret,
1128 4147 1419 4202 sororeque
1452 4151 1570 4188 mea
1604 4151 1788 4191 secum

210 4225 427 4288 recepta
457 4219 660 4288 pariter
688 4221 754 4274 ad
782 4236 882 4274 nos
906 4221 1044 4276 ultra
1081 4225 1371 4280 venissent.
1405 4226 1470 4280 Et
1498 4228 1602 4292 ille,
1636 4231 1786 4300 cujus

210 4321 366 4360 soror
387 4307 526 4360 ultra
551 4319 904 4376 remanserat,
931 4326 1120 4366 navem
1150 4313 1424 4384 ingressus
1450 4330 1566 4369 eam
1604 4332 1785 4372 secum

209 4397 506 4451 reduceret.
538 4399 604 4452 Et
644 4399 797 4455 fieret
832 4399 1042 4470 expleta
1078 4404 1404 4460 transvectio
1434 4404 1578 4459 nullo
1602 4421 1785 4461 macu-

209 4485 352 4542 lante
387 4489 634 4558 contagio
660 4501 707 4543 ο.

897 4577 1078 4636 XVIII.

368 4684 677 4724 PROPOSITIO
714 4687 778 4724 DE
813 4687 1008 4727 HOMINE
1048 4690 1118 4728 ET
1155 4690 1323 4730 CAPRA
1357 4693 1426 4732 ετ
1465 4692 1618 4732 LUPO.

276 4762 450 4817 Homo
486 4764 702 4832 quidam
725 4765 952 4820 debebat
971 4767 1111 4822 ultra
1139 4767 1356 4822 ﬂuvium
1385 4769 1678 4825 transferre
1699 4768 1780 4825 lu-

206 4871 353 4924 pum,
379 4870 616 4924 capram,
631 4865 686 4910 et
707 4855 1018 4913 fasciculum
1041 4860 1200 4914 cauli.
1218 4861 1283 4914 Et
1302 4877 1406 4915 non
1427 4863 1598 4931 potuit
1617 4861 1779 4916 aliam

207 4959 399 4998 navem
431 4944 698 5008 invenire,
725 4945 827 4999 nisi
856 4961 974 5014 quae
1005 4948 1139 5003 duos
1164 4956 1370 5003 tantum
1398 4964 1464 5003 ex
1494 4949 1620 5018 ipsis
1642 4949 1784 5005 ferre

207 5034 438 5088 valebat.
477 5034 813 5104 Pratceptum
851 5037 1034 5106 itaque
1077 5038 1126 5092 ei
1160 5037 1334 5093 fuerat
1367 5045 1426 5091 ut
1459 5039 1637 5093 omnia
1669 5039 1782 5093 haec

206 5126 344 5180 ultra
387 5127 552 5181 illzesa
587 5128 812 5182 omnino
844 5128 1178 5184 transferret.
1221 5129 1403 5195 Dicat,
1453 5129 1542 5198 qui
1583 5136 1781 5198 potest,

206 5219 476 5285 quomodo
506 5218 583 5272 eis
607 5217 788 5272 illmsis
813 5219 1045 5273 transire
1069 5219 1273 5289 potuit?

333 5303 342 5312 ’
883 5307 1106 5364 Salutio.

277 5398 451 5456 Simili
479 5417 708 5472 namque
733 5411 919 5456 tenore
947 5401 1196 5454 ducerem
1222 5398 1372 5468 prius
1395 5413 1609 5468 capram
1634 5405 1687 5454 et
1708 5399 1784 5454 di-

206 5490 478 5546 mitterem
511 5489 642 5546 foris
671 5491 849 5562 lupum
886 5497 940 5544 et
964 5489 1194 5543 caulum.
1234 5487 1369 5540 Tum
1403 5488 1593 5543 deinde
1634 5487 1780 5543 veni-

276 5633 299 5659 ι·
333 5619 492 5688 Apud
514 5620 710 5674 Setiam
749 5639 759 5672 :
795 5619 909 5672 Tali
939 5618 1100 5684 igitur
1124 5618 1301 5686 sicque
1330 5617 1637 5671 sollicitante
1667 5629 1776 5672 sm-

205 5688 292 5742 ἀὶο
325 5687 465 5758 facta
509 5701 581 5744 est
611 5690 888 5760 navigatio,
929 5689 1070 5740 nullo
1113 5687 1349 5756 fuscante
1400 5688 1773 5757 inqrcizmtimzis

1131 305 1286 362 OPP.
1330 305 1561 362 DUBIA.
1601 336 1672 346 --
1709 305 2256 364 PROPOSITIONES
2291 307 2588 366 ALCUINI.

1812 427 1859 483 Α
1891 437 2024 487 rem,
2075 421 2367 492 lupumque
2411 423 2760 479 transferrem
2808 439 2823 478 :

3338 319 3357 372 ί
3373 321 3393 373 Ι
3403 320 3474 375 50

2868 425 3104 496 lupoque
3137 425 3270 483 foris
3309 431 3471 488 misso

1889 529 2107 584 capram
2136 515 2259 569 navi
2297 523 2565 585 receptam
2601 515 2742 570 ultra
2780 517 3122 583 reducerem;
3149 535 3476 590 capramque

1888 601 2022 658 foris
2053 605 2271 658 missam
2293 604 2504 659 caulum
2537 607 2941 662 transveherem
2978 607 3150 673 ultra;
3182 619 3344 680 atque
3371 612 3467 666 ite-

1888 710 2007 748 rum
2035 696 2404 767 remigassem,
2429 712 2755 767 capramque
2767 706 3096 767 assumptam
3129 700 3268 754 ultra
3293 701 3466 756 duxis-

1889 803 2021 843 sem.
2069 787 2266 857 Sicque
2299 787 2546 844 faciendo
2579 789 2720 844 facta
2757 791 2860 845 erit
2893 792 3174 860 remigatio
3220 793 3465 861 salubris,

1889 879 2094 948 absque
2116 880 2374 951 voragine
2400 881 2746 936 lacerationis

2612 971 2752 1025 XIX.

1891 1075 2200 1116 PROPOSITIO
2225 1075 2292 1116 na
2320 1077 2447 1115 vmo
2468 1078 2536 1115 ετ
2570 1076 2802 1115 ιωωεειε
2827 1078 3257 1134 pomisnurmcs
3287 1062 3469 1134 [ruu-

2367 1147 2487 1185 srm
2526 1147 2726 1186 roxous
2763 1132 2996 1204 oxusn].

1960 1221 2035 1275 De
2065 1221 2181 1274 viro
2212 1228 2266 1276 et
2296 1221 2541 1286 muliere,
2573 1236 2799 1290 quorum
2827 1231 3052 1291 uterque
3075 1223 3284 1292 pondus
3317 1223 3467 1277 habe

1887 1313 1981 1366 bat
2030 1311 2255 1380 plaustri
2301 1311 2505 1376 onusti,
2567 1311 2700 1364 duos
2758 1311 3017 1365 habentes
3059 1310 3290 1365 infantes
3330 1312 3469 1364 inter

1889 1412 2146 1472 utrosque
2170 1401 2449 1472 plaustrali
2477 1403 2716 1472 pondere
2741 1412 3030 1472 pensantes
3052 1401 3269 1456 ﬂuvium
3300 1411 3476 1455 trans-

1890 1495 1968 1550 ire
2015 1495 2337 1550 debuerunt.
2379 1493 2578 1548 Navem
2623 1495 2945 1548 invenerunt
2974 1511 3094 1564 qum
3120 1511 3225 1548 non
3262 1502 3468 1564 poterat

1889 1585 2030 1640 ferre
2074 1587 2194 1656 plus
2237 1586 2340 1640 nisi
2377 1602 2539 1640 unum
2581 1587 2790 1656 pondus
2822 1587 3066 1657 plaustri.
3110 1587 3471 1642 Transfretari

1888 1670 2071 1739 faciat,
2105 1675 2196 1744 qui
2225 1689 2284 1729 se
2309 1682 2464 1744 putat
2485 1690 2660 1743 posse,
2698 1690 2768 1730 ne
2802 1677 2956 1730 navis
2986 1686 3278 1746 mergatur.

2561 1763 2785 1819 Salutio.

1962 1853 2162 1908 Eodem
2197 1869 2410 1924 quoque
2443 1854 2662 1919 ordine,
2694 1862 2753 1908 ut
2793 1857 3059 1925 superius.
3091 1856 3246 1910 Prius
3285 1857 3470 1911 intraso

1891 1952 2011 1998 sent
2031 1943 2138 1998 duo
2173 1945 2404 2000 infantes
2435 1955 2488 2000 et
2517 1945 2836 2000 transissent
2863 1964 2875 1998 :
2903 1962 3147 2014 unusque
3173 1960 3236 1999 ex
3262 1946 3366 2001 illis
3390 1962 3473 2002 re-

1891 2035 2110 2089 duceret
2149 2051 2359 2090 navem.
2392 2037 2542 2091 Tunc
2584 2047 2759 2091 mater
2799 2053 2988 2092 navem
3016 2038 3252 2107 ingressa
3292 2047 3472 2092 trans-

1891 2127 2040 2182 isset.
2102 2126 2306 2182 Deinde
2360 2127 2502 2182 ﬁlius
2571 2128 2686 2195 ejus
2746 2130 3030 2183 reduceret
3092 2145 3305 2183 navem.
3359 2129 3473 2195 Qua

1891 2225 2194 2272 transvecta
2235 2217 2404 2271 frater
2436 2217 2578 2272 illius
2610 2219 2788 2271 navim
2825 2219 3100 2288 ingressus
3137 2220 3295 2274 ambo
3333 2221 3473 2274 ultra

1891 2309 2230 2374 transissent,
2265 2325 2559 2379 rursusque
2584 2325 2723 2364 unus
2752 2325 2818 2364 ex
2849 2310 2952 2364 illis
2979 2312 3045 2365 ad
3072 2321 3278 2381 patrem
3316 2314 3474 2367 redu-

1890 2413 2038 2461 ceret
2074 2421 2286 2459 navem.
2327 2404 2442 2471 Qua
2479 2405 2698 2459 reducta
2720 2445 2734 2468 ,
2777 2402 2886 2457 filio
2920 2402 3051 2459 foris
3083 2413 3290 2469 stante,
3320 2416 3474 2475 pater

1892 2497 2146 2552 transiret
2179 2515 2190 2549 :
2223 2511 2514 2565 rursusque
2545 2494 2714 2559 filius,
2753 2495 2844 2564 qui
2873 2505 3000 2549 ante
3039 2495 3359 2560 transierat,
3393 2497 3473 2550 in-

1889 2605 2106 2661 gressus
2136 2590 2313 2643 navim
2342 2604 2568 2658 eamque
2604 2588 2672 2642 ad
2706 2587 2928 2644 fratrem
2967 2590 3246 2644 reduceret
3289 2608 3302 2642 :
3331 2590 3473 2660 jam-

1890 2695 1995 2749 que
2029 2680 2306 2734 reductam
2336 2680 2704 2750 ingrediantur
2737 2679 2896 2733 ambo
2938 2689 2993 2733 et
3021 2688 3318 2734 transeant.
3355 2680 3472 2734 Tali

1889 2771 2288 2841 subremigante
2318 2771 2532 2842 ingenio
2565 2770 2666 2828 erit
2693 2770 2904 2840 expleta
2941 2771 3211 2826 naviaatio
3245 2771 3473 2828 forsitan

1891 2861 2009 2916 sine
2034 2861 2339 2931 naufragio.
2375 2921 2386 2929 _

2612 2953 2732 3006 XX.

2063 3059 2373 3098 raorosmo
2409 3061 2474 3098 ne
2514 3060 2773 3099 um'rtrns
2812 3045 2993 3117 [Bed.,
3029 3044 3290 3114 ululans].

1961 3134 2037 3189 De
2077 3135 2300 3188 hirtitiis
2344 3135 2581 3189 masculo
2627 3145 2680 3190 et
2726 3135 2924 3190 femina
2974 3135 3296 3190 habentibus
3340 3135 3476 3190 duos

1889 3232 2046 3279 natos
2084 3224 2278 3279 libram
2307 3225 2759 3293 ponderantibus,
2797 3225 2993 3281 ﬂumen
3030 3226 3260 3280 transire
3288 3225 3478 3280 volen«

1891 3317 2050 3371 tibus.

2562 3406 2790 3462 Salutio.

1959 3495 2242 3562 Similiter,
2267 3503 2328 3550 ut
2349 3497 2617 3566 superius,
2645 3498 2965 3552 transissent
2989 3497 3138 3567 prius
3164 3497 3270 3551 duo
3296 3494 3470 3548 infan-

1889 3593 1987 3650 tes,
2015 3592 2069 3639 et
2093 3600 2232 3638 unus
2258 3600 2325 3638 ex
2354 3585 2458 3640 illis
2481 3601 2672 3640 navem
2702 3586 3014 3651 reduceret;
3046 3587 3098 3640 in
3131 3600 3291 3655 quam
3317 3593 3468 3653 pater

1886 3675 2162 3746 ingressus
2194 3674 2334 3729 ultra
2375 3677 2691 3742 transisset;
2736 3685 2791 3731 et
2834 3677 2923 3731 ille
2957 3675 3160 3740 infans,
3201 3674 3290 3743 qui
3320 3675 3468 3744 prius

1887 3782 2009 3820 cum
2038 3765 2204 3820 fratre
2234 3767 2540 3832 transierat,
2570 3767 2750 3820 navim
2775 3767 2840 3820 ad
2869 3767 3040 3835 ripam
3067 3763 3380 3827 reduceret,
3412 3763 3472 3819 in

1886 3869 2047 3923 quam
2072 3855 2237 3908 frater
2263 3854 2404 3907 illius
2429 3869 2616 3907 rursus
2638 3854 2913 3924 ingressus
2941 3853 3098 3906 ambo
3129 3853 3267 3905 ultra
3290 3851 3465 3904 venis-

1887 3954 2038 4010 sent;
2070 3959 2311 4013 unusque
2342 3954 2628 4012 propterea
2671 3958 2738 3996 ex
2775 3942 2879 3995 illis
2917 3941 3061 3995 foras
3091 3954 3371 4010 egressus;
3412 3947 3469 3994 et

1885 4033 2022 4088 alter
2047 4035 2113 4087 ad
2144 4041 2370 4086 matrem
2408 4033 2688 4086 reduceret
2727 4031 2906 4085 navim
2947 4048 2960 4084 :
3005 4031 3057 4084 in
3099 4046 3259 4100 quam
3293 4038 3466 4082 mater

1884 4121 2123 4191 ingressa
2153 4121 2291 4176 ultra
2329 4121 2603 4177 venisset:
2637 4137 2741 4191 qua
2783 4121 3088 4190 egrediente
3120 4119 3286 4186 foras,
3324 4119 3474 4173 ﬁlius.

1884 4215 2020 4286 ejus,
2042 4214 2132 4284 qui
2155 4223 2281 4268 ante
2307 4229 2428 4268 cum
2460 4223 2612 4284 patre
2635 4215 2946 4278 transierat,
2969 4212 3146 4266 navim
3174 4227 3362 4265 rursus
3387 4212 3468 4271 in-

1884 4321 2100 4377 gressus
2141 4321 2261 4360 eam
2303 4306 2371 4360 ad
2416 4305 2637 4360 fratrem
2681 4305 2819 4360 ultra
2849 4305 3156 4369 reduceret;
3203 4303 3255 4357 in
3301 4318 3467 4372 quam

1885 4401 2043 4456 ambo
2070 4400 2296 4471 ingressi
2319 4400 2459 4454 ultra
2479 4401 2771 4465 venissent,
2796 4409 2850 4455 et
2877 4399 3027 4454 ﬂeret
3050 4397 3261 4468 expleta
3289 4403 3466 4450 trans-

1885 4491 2062 4546 vectio
2084 4489 2230 4544 nullo
2249 4488 2574 4545 formidante
2600 4490 2898 4559 naufragio.
2964 4538 2968 4542 .

2596 4580 2736 4636 XXI.

1957 4686 2264 4728 PROPOSI'I'IO
2301 4688 2366 4727 DE
2403 4687 2577 4729 CAIPO
2611 4689 2680 4726 ΕΤ
2716 4685 2902 4726 ογιιωε
2932 4686 2985 4723 IN
3017 4685 3084 4725 EO
3115 4684 3387 4723 LOCANDIS.

1953 4761 2050 4815 Est
2075 4777 2294 4831 campus
2333 4762 2421 4831 qui
2459 4761 2618 4815 habet
2647 4760 2700 4812 in
2736 4759 3065 4827 longitudine
3098 4757 3260 4826 pedes
3282 4773 3342 4812 cc
3363 4798 3377 4822 ,
3408 4766 3467 4811 et

1885 4851 1940 4905 in
1967 4851 2248 4906 latitudine
2281 4853 2445 4919 pedes
2469 4866 2518 4904 c.
2548 4849 2682 4904 Volo
2717 4850 2910 4904 ibidem
2941 4849 3152 4902 mittere
3187 4864 3343 4913 oves;
3383 4850 3461 4903 sic

1885 4950 2066 4996 tamen
2100 4951 2161 4995 ut
2182 4957 2514 5010 unaquzeque
2535 4941 2652 4995 ovis
2674 4940 2868 4994 habeat
2892 4940 2944 4992 in
2966 4938 3124 5008 longo
3147 4938 3310 5008 pedes
3329 4954 3381 5003 v,
3409 4948 3461 4992 et

1885 5029 1939 5083 in
1969 5029 2080 5084 lato
2110 5030 2274 5099 pedes
2297 5046 2368 5084 iv.
2415 5030 2596 5096 Dicat,
2635 5045 2796 5101 rogo,
2836 5029 2925 5099 qui
2957 5029 3128 5095 valet,
3167 5037 3298 5097 quot
3335 5044 3461 5084 oves

1884 5122 2084 5177 ibidem
2113 5121 2277 5176 locari
2304 5121 2548 5192 possint?

2565 5208 2788 5264 Solimo.

1953 5302 2071 5372 Ipse
2098 5317 2319 5371 campus
2347 5301 2508 5356 habet
2539 5303 2592 5355 in
2627 5302 2956 5372 longitudine
2991 5303 3156 5372 pedes
3190 5318 3271 5357 cc.
3307 5301 3374 5355 Et
3407 5302 3455 5356 in

1882 5391 2164 5446 latitudine
2196 5393 2358 5461 pedes
2384 5408 2432 5444 c.
2465 5391 2579 5445 Duc
2599 5393 2680 5446 bis
2705 5393 3039 5463 quinquenos
3071 5394 3098 5433 ι)
3126 5394 3192 5448 de
3213 5408 3294 5457 cc,
3327 5392 3456 5447 fiunt

1883 5501 1970 5538 ιι..
1988 5484 2059 5538 At
2081 5483 2272 5537 deinde
2295 5499 2324 5537 c
2341 5483 2517 5537 divide
2543 5498 2638 5551 per
2661 5501 2762 5538 nu.
2783 5486 2982 5551 Quarta
3009 5501 3135 5555 pars
3165 5484 3461 5540 centenarii

1883 5620 2140 5684 contagio.

1955 5691 1979 5728 ι’
2021 5689 2219 5758 Nempe
2252 5686 2537 5742 dividendo
2566 5702 2658 5756 per
2689 5703 2738 5740 v.
