3914 6178
469 284 603 340 ιιεῑι

1269 278 1333 334 Β.
1374 278 1439 334 F.
1476 277 1705 334 ALBINI
1742 276 1877 333 SEIJ
1919 274 2195 333 ALCUINI
2231 276 2514 334 OPERUM
2548 278 2731 335 PARS
2768 278 2904 336 VIII.

3593 271 3732 328 “32

465 414 595 456 xxv.
623 397 748 453 Sive
767 410 898 467 ergo
924 410 990 449 xi.
1012 393 1179 448 vicies
1205 392 1522 463 quinquies;
1553 393 1666 446 sive
1685 407 1789 446 xxv
1814 390 2051 462 quadra-
2082 397 2127 450 Δ
2156 391 2302 448 ditur
2341 395 2563 465 perticis
2592 403 2675 449 est
2704 411 2757 459 c,
2786 394 2887 449 hos
2914 393 2969 448 si
2991 409 3089 464 per
3116 392 3442 462 semetipsos
3472 388 3736 459 multipli-

464 494 581 564 gies
603 492 774 558 ducti,
805 488 1160 545 millenarium
1190 486 1415 556 implent
1449 500 1754 540 numerum.
1788 485 1891 540 Tot
1923 498 2054 555 ergo

465 581 666 639 ibidem
690 596 822 637 oves
848 579 1101 635 collocari
1127 583 1375 648 possunt.

1170 668 1334 724 XXII.

770 777 1082 818 PROPOSI‘I‘IO
1116 776 1181 815 DE
1214 775 1391 814 CAHI‘O
1426 774 1749 815 FASTIGIOSO.

533 853 629 908 Est
665 868 890 924 campus
924 852 1232 922 fastigiosus
1254 891 1268 916 ,
1312 849 1405 920 qui
1447 850 1607 904 habet
1653 849 1706 903 in
1744 866 1853 905 uno
1881 850 2051 906 latere

459 945 694 1016 perticas
716 960 767 1010 ε,
795 954 849 1000 et
877 946 931 999 in
960 944 1130 997 altero
1156 942 1325 996 latere
1352 941 1584 1012 perticas
1612 958 1662 1005 c,
1700 950 1756 997 et
1789 942 1842 996 in
1874 942 2050 996 fronte

458 1035 695 1104 perticas
721 1052 772 1101 ι,
800 1042 854 1090 et
882 1034 936 1088 in
966 1032 1144 1087 medio
1165 1031 1403 1101 perticas
1432 1048 1520 1096 1.x,
1553 1032 1683 1086 etin
1710 1030 1880 1086 altera
1903 1030 2051 1086 from-

460 1135 516 1181 te
562 1129 799 1198 perticas
848 1144 897 1181 1..
932 1125 1119 1190 Dicat,
1174 1123 1265 1193 qui
1306 1130 1513 1193 potest,
1539 1131 1671 1193 quot
1694 1122 1983 1195 aripennas
2020 1136 2047 1165 ει

463 1220 713 1277 claudere
736 1222 931 1277 debet?

1141 1289 1368 1346 Salutio.

525 1379 835 1449 Longitudo
878 1380 1037 1450 hujus
1083 1380 1259 1450 campi
1308 1395 1337 1434 ε
1386 1378 1643 1450 perticis,
1677 1386 1734 1434 et
1764 1377 2049 1446 utriusque

456 1470 655 1527 frontis
681 1472 906 1528 latitudo
932 1491 983 1536 ι,
1008 1473 1269 1528 medietas
1294 1487 1426 1527 vero
1449 1488 1519 1527 Lx
1540 1468 2048 1540 includitur..Junge

455 1561 738 1632 utriusque
764 1562 961 1618 frontis
995 1579 1281 1619 numerum
1312 1579 1435 1619 cum
1463 1563 1786 1628 medietate,
1825 1570 1880 1617 et
1912 1560 2048 1615 ﬁunt

454 1662 576 1703 cu.
606 1649 686 1703 Ex
712 1650 845 1718 ipsis
870 1666 1088 1707 assume
1110 1652 1324 1707 tertiam
1352 1660 1559 1722 partem
1576 1693 1590 1717 ,
1616 1652 1670 1706 id
1695 1658 1809 1717 est,
1836 1666 1930 1706 uu
1948 1691 1962 1715 ,
1991 1659 2049 1706 et

2155 486 2385 553 caveris,
2432 486 2487 541 id
2532 494 2636 551 est,
2669 486 2717 539 si
2755 485 2964 541 centies
3003 483 3249 549 duxeris,
3300 498 3337 536 x
3370 480 3538 535 millia
3576 479 3736 546 ﬁunt,

2151 578 2250 634 hos
2274 579 2329 633 in
2357 594 2432 633 xu
2469 587 2656 649 partes
2681 577 2922 633 dividere
2948 577 3146 642 debes;
3183 574 3387 632 etenim
3415 573 3482 628 de
3514 590 3546 627 ι
3571 573 3737 661 milli-

2148 670 2253 724 bus
2278 668 2596 725 duodecima
2616 678 2701 724 est
2727 684 3059 734 ncccxxxur,
3079 683 3243 737 quam
3268 681 3392 721 cum
3419 664 3549 720 item
3577 666 3633 720 in
3660 681 3737 720 xu

2149 762 2382 830 partitus
2413 759 2603 826 fueris,
2647 760 2891 816 invenies
2914 775 3124 815 vauu.
3158 759 3261 815 Tot
3288 758 3434 815 enim
3462 757 3735 828 aripenuis

2151 850 2458 920 hujusmodi
2487 867 2711 922 campus
2739 851 3054 907 includitur.

2845 943 3037 1000 XXVI.

2186 1047 2498 1088 PBOPOSITIO
2535 1049 2600 1088 DE
2639 1049 2806 1089 CUBSU
2844 1050 3028 1090 CBNKS.
3068 1050 3151 1090 BC.
3191 1050 3346 1090 FVGB.
3388 1049 3624 1089 ιιινρῖιιςε
3649 1046 3693 1088 ⁸.

2219 1123 2315 1178 Est
2342 1110 2565 1194 campus
2590 1126 2684 1195 qui
2712 1126 2876 1181 habet
2913 1126 2966 1180 in
3003 1126 3337 1196 longitudine
3361 1127 3531 1197 pedes
3558 1143 3640 1182 CL.
3673 1128 3721 1183 In

2149 1229 2258 1269 uno
2281 1215 2458 1285 capite
2483 1216 2665 1271 stabat
2693 1218 2865 1282 canis,
2887 1226 2943 1272 et
2967 1217 3023 1272 in
3051 1217 3157 1273 alio
3191 1219 3372 1273 stabat
3398 1218 3579 1289 lepus.
3608 1220 3720 1274 Pro-

2149 1305 2317 1361 movit
2346 1322 2581 1376 namque
2611 1308 2764 1362 canis
2794 1308 2881 1363 ille
2915 1316 3036 1379 post
3065 1309 3230 1372 illum,
3257 1310 3472 1365 scilicet
3496 1310 3709 1380 lepom

2148 1411 2389 1453 currere.
2413 1396 2510 1452 Ast
2535 1398 2628 1453 ubi
2651 1398 2741 1453 ille
2763 1399 2916 1454 canis
2941 1398 3174 1454 faciebat
3197 1399 3251 1455 in
3275 1416 3384 1456 uno
3403 1401 3550 1457 saltu
3578 1402 3708 1472 pedis

2147 1503 2288 1554 vuu,
2320 1487 2472 1558 lepus
2517 1490 2921 1545 transmittebat
2948 1506 3045 1545 vu.
3093 1490 3266 1558 Dicat,
3305 1492 3399 1562 qui
3426 1494 3582 1558 velit,
3608 1505 3709 1564 quot

2145 1581 2313 1649 pedes
2364 1589 2605 1651 quotque
2652 1581 2823 1637 saltus
2857 1583 3011 1638 canis
3042 1586 3442 1653 persequendo,
3480 1593 3539 1639 et
3586 1586 3711 1657 lepus

2147 1674 2422 1746 fugiendo,
2471 1676 2827 1746 quoadusque
2871 1677 3295 1747 comprehensus
3338 1687 3445 1743 est,
3491 1678 3714 1734 fecerunt

454 1736 754 1806 multiplica
792 1740 1025 1805 centies,
1063 1740 1200 1796 ﬁunt
1233 1744 1269 1796 \7
1287 1756 1401 1796 ccc.
1438 1742 1626 1796 Divide
1666 1742 1719 1795 in
1750 1757 1825 1795 xu
1863 1756 2045 1810 aequas
2076 1748 2121 1809 Β
2150 1736 2327 1840 “fed”
2356 1736 2711 1841 οδηιεξοθηηες

454 1837 656 1898 partes,
701 1838 757 1885 et
795 1832 1144 1887 inveniuntur
1183 1850 1397 1889 ccccxu
1438 1832 1612 1904 [Bed.,
1650 1831 1880 1904 cccxu].
1911 1832 2045 1886 Item

453 1923 669 1977 eosdem
700 1923 879 1979 divide
908 1926 963 1979 in
1001 1942 1077 1980 xu
1112 1934 1330 1996 partes,
1365 1934 1421 1981 et
1459 1926 2039 1996 reperiuntur-xxxvii.

454 2012 558 2068 Tot
584 2022 711 2069 sunt
738 2016 793 2070 in
820 2016 924 2072 hoc
948 2032 1142 2088 campo
1169 2018 1440 2087 aripenni.

1045 2107 1210 2181 m
1247 2109 1439 2163 xxm.

717 2214 1030 2255 PROPOSI’I'IO
1066 2216 1132 2255 DE
1169 2215 1344 2255 CAIPO
1377 2215 1781 2263 QUADBANGULO.

523 2287 618 2342 Est
642 2305 864 2360 campus
888 2292 1293 2363 quadrangulus
1317 2292 1409 2362 qui
1449 2293 1613 2348 habet
1646 2294 1702 2348 in
1734 2309 1841 2349 uno
1873 2292 2044 2350 latere

448 2381 689 2450 perticas
722 2396 860 2446 xxx,
897 2390 951 2437 et
982 2383 1037 2437 in
1070 2383 1174 2438 alio
1212 2385 1451 2453 perticas
1489 2400 1659 2450 xxxu,
1696 2394 1749 2439 et
1784 2386 1838 2441 in
1867 2384 2043 2441 fronte

450 2473 688 2542 perticas
715 2490 931 2538 xxxun,
949 2483 1003 2530 et
1028 2477 1080 2530 in
1105 2476 1274 2530 altera
1300 2475 1536 2546 perticas
1550 2493 1722 2531 xxxu.
1752 2477 1926 2545 Dicat,
1950 2478 2041 2548 qui

450 2571 649 2633 potest,
677 2573 806 2635 quot
837 2566 1084 2636 aripenni
1116 2567 1170 2621 in
1203 2583 1268 2622 eo
1296 2567 1542 2622 concludi
1568 2568 1800 2623 debent?

829 2631 855 2652 θ
921 2631 937 2636 -
1129 2656 1353 2712 Salutio.

522 2744 655 2799 Duae
678 2746 919 2814 ejusdem
952 2748 1125 2818 campi
1148 2747 1509 2820 longitudines
1535 2749 1741 2806 faciunt
1767 2768 1897 2807 ωιιι.
1927 2754 2042 2811 Duc

450 2834 726 2890 dimidiam
752 2852 884 2902 Lxu,
908 2836 1045 2892 ﬁunt
1071 2855 1221 2894 xxxx.
1245 2838 1326 2896 Ac
1350 2841 1470 2896 duae
1490 2840 1730 2910 ejusdem
1762 2846 1939 2916 campi
1962 2846 2042 2900 la-

451 2923 709 2981 titudines
743 2926 944 2995 juncta:
986 2928 1120 2983 ﬁunt
1166 2945 1310 2985 vat.
1360 2931 1474 2987 Duc
1521 2947 1651 2987 vero
1693 2935 1926 2990 mediam
1974 2938 2040 2993 de

450 3031 596 3081 Lm,
629 3016 764 3071 ﬁunt
788 3033 984 3073 xxxm.
1031 3019 1147 3074 Duc
1191 3036 1323 3077 vero
1370 3024 1560 3079 terties
1597 3023 1776 3096 [Bed.,
1816 3025 2037 3100 trecies]

448 3106 636 3172 semel,
658 3106 797 3163 ﬁunt
819 3108 845 3163 ῑ
867 3125 959 3165 xx.
987 3111 1176 3167 Divide
1196 3127 1294 3182 per
1319 3113 1690 3170 duodecimam
1714 3124 1927 3185 partem
1954 3096 2039 3173 bis
2064 3096 2114 3161 (ἶ

448 3198 590 3253 sicut
613 3201 880 3269 superius,
914 3202 1019 3257 hoc
1049 3211 1153 3269 est,
1184 3203 1253 3259 de
1276 3204 1422 3260 mille
1449 3207 1659 3277 viginti,
1689 3209 1791 3263 duc
1813 3224 1914 3278 per
1935 3226 2036 3277 xu,

451 3288 588 3343 ﬁunt
625 3307 820 3355 Lxxxv,
868 3308 1165 3363 rursusque
1203 3311 1382 3350 Lxxxv
1415 3296 1595 3353 divide
1632 3313 1729 3367 per
1758 3316 1856 3365 xu,
1900 3299 2040 3357 ﬁunt

449 3398 545 3437 vu.
575 3385 713 3440 Sunt
745 3402 874 3457 ergo
901 3389 954 3441 in
986 3388 1090 3443 hoc
1116 3388 1362 3459 ari‘penni
1391 3407 1616 3447 numero
1640 3402 1864 3463 septem.

1142 3481 1333 3536 XXIV.

724 3582 1061 3623 .PROPOSITIO
1097 3585 1164 3623 DE
1200 3584 1383 3625 (IAIII‘O~
1410 3587 1731 3629 TBIANGULO.

517 3657 614 3717 Est
639 3674 859 3730 campus
888 3661 1188 3732 triangulus
1209 3663 1300 3732 qui
1324 3665 1486 3719 habet
1510 3667 1562 3720 in
1592 3682 1698 3722 uno
1719 3667 1887 3723 latere
1912 3681 2036 3738 per-

448 3748 586 3803 ticas
609 3766 737 3814 xxx,
767 3759 823 3805 et
843 3750 895 3806 in
927 3750 1033 3806 alio
1061 3754 1295 3821 perticas
1325 3771 1456 3821 xxx,
1494 3765 1549 3812 et
1578 3758 1632 3812 in
1664 3757 1838 3815 fronte
1861 3760 2035 3829 perti-

447 3855 541 3894 cas
567 3855 720 3893 xvm.
754 3841 938 3908 Dicat,
973 3843 1062 3912 qui
1090 3852 1297 3913 potest,
1339 3855 1470 3915 quot
1507 3848 1794 3917 aripennos
1823 3850 2037 3905 conclu-

355 3909 363 3919 ’
449 3932 578 3986 dere
603 3932 806 3988 debet?

1130 4007 1357 4063 Salutio.

518 4090 690 4163 Junge
719 4093 853 4149 duas
878 4094 1243 4166 longitudines
1279 4099 1438 4155 huius
1463 4101 1659 4172 campi,
1691 4110 1749 4157 et
1771 4101 1907 4157 ﬁunt
1939 4120 2028 4160 1.x.

445 4182 561 4238 Duc
589 4184 820 4239 mediam
848 4186 914 4241 de
936 4202 1025 4252 1.x,
1058 4186 1192 4242 ﬁunt
1221 4207 1355 4256 xxx,
1376 4200 1433 4247 et
1461 4193 1587 4262 quia
1618 4194 1671 4247 in
1699 4193 1878 4249 fronte
1903 4210 2031 4266 per-

445 4276 584 4332 ticas
610 4292 742 4332 xvut
785 4278 978 4345 habet,
1021 4280 1127 4334 duc
1150 4282 1384 4337 mediam
1418 4284 1486 4339 de
1513 4301 1680 4351 xvm,
1721 4284 1857 4340 ﬁunt
1889 4302 2026 4341 vuu.

446 4369 565 4426 Due
590 4386 721 4426 vero
747 4371 935 4427 novies
959 4371 1200 4441 triginta,
1227 4370 1364 4427 ﬁunt
1387 4389 1579 4429 cccxx.
1601 4373 1713 4430 Fac
1731 4373 1926 4431 exinde
1946 4377 2029 4433 bis

443 4476 543 4527 xu,
575 4462 628 4517 id
661 4470 765 4529 est,
793 4463 971 4519 divide
998 4479 1189 4529 ccux,
1215 4479 1315 4533 per
1342 4465 1735 4533 duodecimam,
1760 4468 1897 4523 ﬁunt
1917 4486 2029 4525 xxu
2058 4445 2112 4507 θ

444 4557 500 4604 et
523 4552 715 4619 semis;
743 4560 906 4623 atque
930 4552 1124 4608 iterum
1147 4568 1256 4607 xxu
1278 4562 1332 4609 et
1354 4555 1518 4610 semis
1540 4571 1639 4625 per
1659 4557 2029 4615 duodecimam

447 4641 627 4697 divide
648 4653 974 4714 partem.....
1006 4645 1034 4686 δ
1073 4643 1135 4699 ﬁt
1171 4644 1446 4716 aripennis
1470 4662 1609 4703 unus
1644 4656 1700 4702 et
1725 4649 1945 4718 pertica:
1972 4667 2027 4719 x,

445 4738 503 4785 et
527 4731 769 4787 dimidia.

1154 4804 1322 4861 XXV.

771 4910 1081 4952 PBOPOSI'I'IO
1117 4912 1184 4951 DE
1217 4912 1392 4953 CAIPO
1430 4913 1699 4955 BOTUNDO.

2828 1861 3053 1919 Salutio.

2216 1955 2518 2026 Longitudo
2562 1955 2723 2025 hujus
2764 1957 3016 2013 videlicet
3045 1959 3229 2030 campi
3250 1960 3419 2015 habet
3454 1963 3708 2032 pedesca.

2144 2046 2259 2103 Duc
2288 2048 2517 2103 mediam
2554 2047 2620 2103 de
2647 2065 2732 2112 ει,
2766 2048 2903 2103 ﬁunt
2936 2066 3097 2105 Lxxv.
3134 2050 3299 2108 Canis
3326 2069 3459 2109 vero
3496 2054 3715 2113 faciebat

2145 2138 2199 2192 in
2227 2153 2335 2192 uno
2380 2138 2523 2193 saltu
2564 2139 2732 2209 pedes
2773 2155 2914 2206 vuu,
2941 2141 3139 2213 quippe
3179 2159 3323 2197 Lxxv
3348 2145 3544 2202 novies
3595 2149 3717 2204 ducti

2144 2227 2282 2283 ﬁunt
2316 2245 2542 2294 ncuxv,
2584 2238 2665 2286 tot
2685 2231 2852 2301 pedes
2893 2232 3132 2303 leporem
3164 2240 3553 2309 consequendo
3588 2243 3720 2297 canis

2144 2319 2403 2387 cucurrit,
2449 2321 2798 2392 quoadusque
2845 2337 2968 2378 eum
3001 2327 3412 2397 comprehendit
3462 2332 3629 2389 dente
3656 2343 3720 2390 te-

2142 2413 2286 2467 naci.
2326 2412 2398 2469 At
2421 2427 2571 2479 vero,
2603 2415 2730 2484 quia
2773 2415 2925 2487 lepus
2953 2416 3185 2474 faciebat
3214 2422 3379 2491 pedes
3407 2439 3506 2488 vu,
3541 2425 3603 2479 in
3627 2442 3721 2482 uno

2144 2501 2306 2567 saltu,
2340 2502 2445 2558 duc
2478 2503 2625 2573 ipsos
2656 2522 2796 2560 Lxxv
2830 2508 3048 2579 septies.
3103 2511 3207 2566 Tot
3230 2525 3361 2568 vero
3384 2516 3557 2584 pedes
3587 2516 3724 2589 lepus

2143 2592 2395 2666 fugiendo
2419 2596 2649 2667 peregit,
2672 2597 2849 2655 donec
2880 2611 3201 2660 consecutus
3232 2613 3335 2660 est.

2828 2692 3040 2750 XXVII.

2356 2795 2671 2838 PIOPOSITIO
2706 2800 2772 2838 DE
2806 2801 3060 2844 CIVITATE
3097 2803 3506 2852 QUADRANGULA.

2211 2867 2307 2924 Est
2338 2869 2527 2926 civitas
2561 2872 2933 2947 quadrangul‘a
2962 2893 3081 2948 quae
3114 2880 3280 2937 habet
3319 2884 3374 2939 in
3413 2902 3523 2943 uno
3564 2890 3723 2947 latere

2138 2961 2306 3029 pedes
2339 2961 2485 3017 mille
2524 2973 2770 3033 centum;
2825 2975 2878 3023 ct
2924 2969 2975 3024 in
3008 2971 3114 3026 alio
3140 2973 3310 3030 latere
3348 2980 3515 3048 pedes
3545 2983 3718 3049 mille;

2142 3058 2200 3106 et
2235 3051 2290 3106 in
2340 3051 2521 3110 fronte
2561 3056 2727 3125 pedes
2757 3073 2844 3124 nc,
2890 3069 2945 3114 et
2989 3061 3041 3115 in
3073 3062 3240 3119 altera
3282 3070 3446 3137 pedes
3476 3087 3567 3127 nc.
3603 3075 3723 3130 Volo

2142 3142 2341 3199 ibidem
2373 3153 2512 3199 tecta
2557 3147 2838 3203 domorum
2865 3166 3088 3221 ponere,
3114 3154 3212 3223 sic,
3254 3167 3313 3211 ut
3353 3158 3557 3218 habeat
3605 3182 3723 3220 una-

2140 3247 2366 3304 quaeque
2397 3250 2522 3291 casa
2566 3237 2618 3292 in
2657 3238 2987 3310 longitudine
3021 3246 3187 3313 pedes
3226 3263 3315 3314 xc,
3348 3258 3403 3305 et
3444 3253 3499 3307 in
3544 3255 3723 3311 latitu-

2139 3324 2265 3380 dine
2291 3327 2458 3395 pedes
2487 3342 2613 3383 xxx.
2651 3329 2828 3398 Dicat,
2864 3334 2957 3404 qui
2979 3335 3130 3405 velit,
3161 3350 3294 3411 quot
3326 3357 3487 3402 casas
3530 3362 3723 3420 capere

2812 3515 3042 3573 Salutio.

2208 3595 2267 3652 Si
2295 3595 2500 3654 fuerint
2526 3600 2645 3657 dum
2666 3603 2828 3675 hujus
2851 3606 3088 3662 civitatis
3110 3612 3716 3684 -ongitudinesjuncta,

2138 3686 2341 3744 facient
2360 3689 2401 3746 ἦ
2428 3709 2479 3747 c.
2506 3691 2768 3752 Similiter
2788 3696 2926 3765 dare,
2956 3699 3000 3755 si
3033 3700 3235 3758 fuerint
3264 3704 3592 3765 latitudines
3608 3708 3721 3779 jun-

2137 3791 2260 3849 ctaz,
2286 3781 2491 3840 faciunt
2520 3786 2544 3840 ῐ
2567 3803 2648 3843 cc.
2681 3788 2824 3861 Ergo
2852 3791 2956 3847 duc
2984 3794 3219 3849 mediam
3247 3797 3312 3851 de
3343 3793 3377 3852 Ῐ.
3397 3813 3481 3863 cc,
3517 3798 3721 3856 faciunt

2135 3889 2223 3940 nc,
2249 3890 2549 3946 rursusque
2576 3878 2679 3933 duc
2704 3881 2941 3939 mediam
2964 3884 3032 3939 de
3056 3885 3099 3941 ἦ
3128 3901 3178 3951 c,
3207 3886 3386 3942 ﬁunti
3416 3906 3466 3945 ι.
3497 3891 3575 3945 Et
3604 3892 3716 3963 quia

2134 3979 2473 4036 unaquaeque
2515 3968 2706 4026 domus
2738 3971 2900 4028 habet
2948 3975 3003 4029 in
3049 3975 3382 4049 longitudine
3427 3982 3604 4051 pedes
3634 4001 3717 4049 ιι,

2134 4064 2190 4111 ει
2233 4057 2288 4111 in
2330 4058 2440 4114 I‘ato
2489 4077 2597 4115 xxx
2625 4078 2639 4115 :
2666 4061 2841 4119 deduc
2887 4067 3356 4140 quadragesimam
3401 4082 3621 4141 partem
3658 4076 3718 4131 de

2133 4148 2279 4205 mille
2303 4167 2355 4216 L,
2380 4149 2514 4206 ﬁunt
2540 4169 2691 4209 xxvr.
2715 4154 2893 4226 Atque
2918 4158 3115 4214 iterum
3143 4176 3361 4217 assume
3383 4165 3714 4222 trieesimam

2133 4239 2313 4306 dena,
2342 4240 2479 4297 ﬁunt
2512 4260 2605 4298 xx.
2655 4246 2835 4303 Vicies
2880 4265 3011 4322 ergo
3039 4267 3171 4308 xxvt
3203 4252 3375 4320 ducti,
3407 4255 3544 4312 ﬁunt
3596 4274 3713 4314 axx.

2134 4330 2237 4386 Tot
2266 4332 2458 4389 domus
2490 4336 2764 4406 capiendae
2792 4347 2937 4395 sunt.

2796 4453 3031 4510 XXVIII.

2382 4552 2697 4598 PBOPOBITIO
2733 4558 2799 4597 DE
2836 4559 3090 4601 εινιτΑτε
3130 4564 3456 4605 τιιιΑΝσυιΑ.

2201 4624 2297 4681 Est
2328 4628 2518 4685 civitas
2547 4631 2818 4704 triangula
2843 4650 2964 4705 quae
2991 4636 3046 4691 in
3075 4652 3193 4693 uno:
3211 4639 3380 4695 habet
3422 4641 3598 4701 latere
3622 4660 3707 4715 pe-

2129 4715 2226 4772 des
2261 4734 2315 4783 c,
2344 4719 2481 4776 etin
2518 4721 2625 4776 alio
2662 4723 2832 4779 latere
2865 4726 3034 4795 pedes
3058 4745 3119 4794 ε,
3140 4737 3198 4784 et
3238 4729 3296 4784 in
3340 4730 3530 4790 fronte
3551 4737 3707 4806 pedes

2130 4822 2217 4874 xc,
2240 4809 2362 4865 volo
2391 4812 2563 4900 enim,
2578 4813 2776 4870 ibidem
2801 4817 3029 4874 aadiﬁcia
3055 4820 3340 4876 domorum
3372 4837 3700 4891 construere,

2130 4899 2209 4955 sic
2238 4907 2442 4968 tamen,
2465 4899 2533 4957 ut
2554 4920 2891 4977 unaquazque
2918 4910 3113 4967 domus
3141 4912 3348 4969 habeat
3386 4916 3441 4971 in
3474 4918 3697 4990 longitu-

513 4984 611 5041 Est
648 4998 871 5057 campus
910 4987 1199 5053 rotundus,
1225 4988 1316 5057 qui
1340 4988 1519 5069 habet
1539 4991 1591 5045 in
1630 5008 1763 5064 gyro
1790 4995 2028 5065 perticas
2127 4991 2251 5049 dine
2280 4994 2444 5063 pedes
2469 5013 2564 5063 xx,
2594 5006 2649 5052 et
2686 4998 2741 5053 in
2787 5000 3069 5058 latitudine
3098 5005 3262 5073 pedes
3288 5023 3345 5061 x.
3401 4984 3594 5078 Dicat:
3608 5010 3692 5082 qui

441 5094 587 5136 cccc.
614 5078 711 5135 Dic
738 5088 870 5150 quot
893 5080 1181 5150 aripennos
1212 5095 1405 5150 capere
1433 5082 1628 5139 debet?

1122 5168 1343 5224 Salutio.

513 5261 716 5331 Quarta
750 5262 965 5333 quidem
994 5276 1122 5332 pars
1148 5260 1306 5331 hujus
1333 5264 1538 5334 campi,
1570 5266 1659 5335 qui
1697 5283 1822 5323 cccc
1853 5268 2023 5325 inclu-

513 5422 539 5451 ι
576 5411 732 5479 Bed.,
763 5412 1073 5486 Aripennos.
1116 5413 1250 5469 Vide
1278 5413 1347 5468 du
1379 5412 1580 5487 Cange,
1620 5433 1755 5475 voce
1787 5421 2022 5491 Arapen-

444 5480 544 5633 Σὴθ
561 5491 724 5633 Αἲξὸά
745 5553 943 5633 Bedam
969 5553 1057 5610 hic
1079 5554 1322 5633 defectus
1348 5554 1421 5609 ita
1451 5559 1729 5633 suppletur
1755 5579 1766 5613 :
1800 5561 1865 5616 Et
1886 5562 2018 5633 ﬁunt

442 5613 868 5703 ξηειμῖςιπςιηεηε
909 5624 964 5688 5,
1007 5641 1124 5703 ᾳιιέε
1151 5635 1229 5703 es_t_
1256 5626 1289 5680 5
1309 5642 1434 5703 pars
1462 5613 1711 5703 lifSunt
1748 5613 2015 5703 ergb'h‘hi

442 5688 598 5758 penna“
627 5689 680 5743 in
705 5689 802 5744 hoc
826 5688 1043 5749 numero
1066 5695 1100 5749 2
1124 5705 1170 5749 et
1198 5695 1229 5749 5
1250 5688 1372 5766 pars
1399 5696 1462 5751 de
1486 5698 1756 5769 aripenno.

2125 5093 2324 5155 potest,
2357 5096 2487 5157 quot
2515 5089 2707 5147 domus
2734 5092 2852 5164 capi
2882 5095 3081 5151 debent
3093 5097 3123 5151 ἓν

2796 5192 3024 5249 Salutio.

2194 5279 2310 5336 Duo
2338 5280 2505 5353 igitur
2541 5281 2699 5352 hujus
2744 5284 2991 5343 civitatis
3025 5287 3197 5345 latera
3234 5289 3426 5361 juncta
3452 5296 3585 5351 ﬁunt
3613 5312 3693 5361 cc,

2194 5444 2216 5520 ξ
2249 5432 2560 5520 Legendum
2584 5454 2597 5489 :
2629 5436 2882 5520 Decuma
2910 5444 3057 5520 canis
3086 5462 3148 5520 a_c
3174 5446 3304 5519 fuga
3325 5447 3534 5520 leporis.
3555 5448 3696 5506 Sub-

2120 5503 2393 5582 stituendo
2434 5511 2856 5582 consonantibus
2898 5503 3219 5582 quibusdam
3236 5503 3695 5576 Emistin};

2119 5574 2262 5700 (halt:
2308 5576 2705 5636 antecedentes.
2760 5574 2931 5648 Quod"
2962 5574 3305 5655 frequentius
3351 5574 3587 5648 occurrit
3636 5590 3693 5644 in

2119 5660 2183 5700 co
2262 5661 2439 5700 .mss.

2119 5660 2273 5701 εοαα.
2308 5661 2439 5703 mss.
