3914 6178
298 297 426 351 Illi?

1009 414 1143 470 XLI.

577 523 889 564 Ριιοιιοειτιο
924 523 990 560 DE
1029 521 1160 562 SODE
1189 518 1214 546 ⁸
1251 523 1318 559 ΕΤ
1356 519 1570 558 θριιοιτλ.

345 598 589 666 Quidam
645 597 1033 667 paterfamilias
1089 596 1349 651 stabilivit
1405 601 1612 648 curtcm
1670 603 1863 643 novam

287 686 780 760 [‘quadrangulam],
809 689 861 741 in
890 703 993 756 qua
1017 688 1196 757 posuit
1222 685 1479 749 scrofam,
1513 697 1631 752 qum
1657 679 1865 750 peperit

287 778 553 848 porcellos
574 794 648 831 vn
674 779 726 831 in
750 777 922 830 media
948 776 1093 840 sode,
1123 776 1214 844 qui
1244 791 1349 829 una
1372 790 1494 828 cum
1521 781 1714 837 matre,
1745 785 1864 839 quae

287 874 474 920 octava
507 873 588 920 est
630 865 722 936 [F.
753 865 900 930 add.,
929 874 1052 920 octo
1093 865 1276 937 sunt],
1328 871 1655 935 pepererunt
1703 861 1866 932 igitur

289 957 656 1026 unusquisque
703 957 758 1010 in
792 958 937 1010 omni
973 956 1168 1026 angulo
1201 972 1295 1009 vu.
1327 956 1394 1009 Et
1429 956 1542 1024 ipsa
1579 954 1775 1006 iterum
1809 951 1862 1004 in

288 1045 465 1102 media
494 1045 621 1100 sode
653 1061 776 1100 cum
805 1045 1054 1101 omnibus
1079 1045 1350 1116 generatis
1389 1044 1599 1114 peperit
1632 1059 1726 1096 vu.
1772 1041 1864 1094 Di-

287 1142 395 1191 cat.
419 1135 512 1203 qui
536 1134 668 1199 vult,
699 1150 804 1190 una
832 1150 956 1190 cum
985 1136 1246 1190 matribus
1281 1143 1412 1204 quot
1437 1134 1585 1204 porci
1614 1130 1866 1186 fuerunt?

969 1221 1196 1278 Salutio.

364 1308 423 1364 In
458 1308 631 1378 prima
691 1311 854 1381 igitur
904 1313 1279 1381 parturitione,
1328 1328 1449 1382 qum
1494 1311 1593 1366 fuit
1619 1311 1760 1364 facta
1810 1309 1865 1364 in

287 1401 462 1454 media
498 1401 645 1466 sode,
695 1399 914 1455 fuerunt
954 1403 1173 1470 porcelli
1221 1419 1316 1467 vu,
1368 1410 1423 1456 et
1457 1412 1641 1457 mater.
1678 1411 1864 1453 eorum

286 1499 495 1544 octava.
526 1490 708 1548 Octics
741 1492 902 1563 igitur
931 1503 1052 1547 octo
1075 1493 1219 1548 ducti
1247 1493 1382 1547 fiunt
1405 1507 1576 1547 ωιιιιι.
1606 1491 1707 1546 Tot
1741 1504 1865 1558 por-

285 1579 405 1632 celli
442 1595 549 1633 una
578 1565 700 1634 cum
731 1582 996 1635 matribus
1027 1580 1247 1636 fuerunt
1275 1582 1327 1635 in
1361 1597 1378 1634 1
1411 1581 1623 1651 angulo.
1668 1578 1747 1632 Ac
1771 1578 1866 1632 de-

288 1669 411 1723 inde
449 1672 693 1740 scxagies
720 1681 912 1741 quater
940 1681 1064 1728 octo
1093 1674 1236 1728 ducti
1266 1672 1400 1726 ﬁunt
1429 1688 1558 1726 nxu.
1612 1670 1714 1724 Tot
1736 1685 1859 1725 cum

1189 293 1338 350 OPP.
1375 286 1602 348 DUBIA.
1644 319 1712 330 ——-
1751 281 2297 345 PROPOSITIONES
2335 281 2636 340 ALCUINI.

1884 407 1930 466 Α
1963 415 2132 455 annos
2183 401 2479 471 geminatos
2526 401 2824 471 triplicatos
2855 399 3031 472 [Bed.,
3079 397 3440 471 triplicabis];
3488 413 3547 456 et

3403 286 3538 340 1153

1968 509 2119 548 sume
2148 510 2313 548 unum
2343 495 2408 550 de
2435 494 2592 548 annis
2628 493 2794 558 meis;
2823 501 2876 548 et
2917 491 3141 547 habebis
3169 505 3341 544 annos
3371 507 3420 545 c.
3455 492 3549 546 Di-

1964 596 2070 651 cat,
2123 587 2213 656 qui
2242 595 2439 656 potest,
2494 595 2625 656 quot
2659 601 2925 641 annorum
2973 592 3102 638 tunc
3147 591 3388 654 tempore
3415 597 3550 658 puer

1965 678 2117 730 erat?

2642 764 2867 820 Salutio.

2036 855 2166 908 Erat
2189 855 2333 909 enim
2373 871 2508 925 puer
2533 870 2797 909 annorum
2827 870 2937 921 xvr,
2965 864 3018 910 et
3045 855 3313 909 mensium
3336 871 3410 922 vi,
3435 857 3546 926 ’qui

1967 947 2221 1016 geminati
2267 963 2391 1001 cum
2419 947 2695 1002 mensibus
2719 946 2854 1000 fiunt
2878 948 3003 1000 anni
3035 963 3226 1013 χχχιιι,
3259 948 3350 1017 qui
3380 949 3548 1018 tripli-

1967 1036 2073 1092 ca.i
2103 1033 2236 1089 ﬁunt
2257 1052 2465 1091 xcvuu.
2493 1037 2692 1091 Addito
2715 1052 2821 1090 uno
2841 1037 3011 1106 patris
3039 1051 3180 1092 anno
3208 1053 3238 1092 c
3266 1050 3544 1109 apparent.

2679 1127 2837 1182 XLV.

2591 1228 2922 1272 PROPOSITIO.

2036 1303 2295 1360 Columba
2341 1306 2534 1362 sedens
2563 1307 2617 1362 in
2666 1309 2860 1362 arbore
2911 1308 3045 1362 vidit
3085 1309 3214 1363 alias
3255 1309 3545 1365 volantes:

1967 1395 2102 1449 dixit
2127 1396 2209 1452 eis
2231 1415 2243 1450 :
2265 1396 2484 1454 Utinam
2513 1399 2754 1455 fuissetis
2781 1400 2900 1453 alite
2921 1409 3130 1454 tantum
3155 1413 3207 1455 et
3232 1411 3396 1456 terna:
3425 1411 3545 1457 tan-

1968 1494 2100 1550 tum,
2141 1493 2271 1543 tunc
2297 1504 2405 1542 una
2431 1505 2640 1544 mecum
2669 1490 2906 1544 fuissetis
2935 1507 2983 1545 c.
3026 1493 3193 1557 Dicat,
3227 1494 3316 1562 qui
3347 1503 3544 1563 potest,

1965 1587 2096 1646 quot
2121 1579 2386 1636 columba:
2415 1592 2571 1636 erant
2610 1582 2662 1635 in
2692 1582 2881 1650 primis
2909 1582 3190 1637 volantes?

2635 1671 2858 1726 Salutio.

286 1759 554 1815 matribus
580 1762 692 1816 suis
713 1761 935 1830 porcelli
981 1763 1034 1816 in
1061 1763 1256 1833 angulo
1302 1777 1364 1815 ιι.
1404 1761 1718 1828 Rursusque
1744 1775 1858 1814 Dxn
1896 1778 1938 1836 Β
2035 1759 2276 1831 Triginta
2321 1778 2382 1816 ιιι
2408 1770 2568 1818 erant
2605 1763 2886 1828 columbae,
2920 1779 3054 1833 quas
3084 1763 3235 1832 prius
3265 1764 3547 1833 conspexit

286 1851 456 1906 octies
486 1851 631 1905 ducti
658 1851 794 1905 fiunt
819 1854 906 1908 I._ll
930 1870 1073 1909 χαί.
1108 1854 1208 1908 Tot
1242 1855 1295 1908 in
1325 1854 1485 1908 tertio
1514 1851 1710 1922 angulo
1735 1865 1858 1906 cum

288 1941 550 1996 matribus
579 1944 690 1998 suis
717 1943 955 2000 fuerunt.
1011 1946 1112 2012 Qui
1143 1947 1188 2000 si
1216 1946 1384 2000 octies
1417 1943 1858 2012 multiplicentur,

287 2031 424 2087 fiunt
449 2049 599 2088 χχχιι
623 2050 984 2096 υςειχχιγιιι,
1017 2046 1095 2092 tot
1129 2053 1254 2092 cum
1285 2037 1550 2090 matribus
1583 2035 1638 2088 in
1668 2043 1862 2104 quarto

288 2121 506 2180 fuerunt
563 2127 776 2197 angulo.
840 2127 1130 2197 Multiplica
1198 2143 1410 2198 quoque
1468 2127 1642 2181 octies

287 2233 646 2284 nccuxxvui,
679 2217 816 2273 ﬁunt
837 2216 901 2273 ἓῐῖ
927 2221 1038 2273 Em
1059 2227 1114 2278 et
1134 2234 1334 2274 cccuu.
1365 2217 1466 2272 Tot
1493 2218 1635 2270 enim
1671 2229 1862 2269 creve-

287 2316 432 2374 runt,
457 2325 579 2364 cum
608 2311 662 2365 in
687 2311 862 2365 media
889 2312 1018 2366 sode
1040 2311 1327 2366 novissime
1354 2317 1564 2382 partum
1590 2309 1858 2364 fecerunt.

267 2407 281 2415 ‘
996 2400 1152 2456 XLII.

373 2505 685 2548 PROPOSITIO
721 2508 787 2547 DE
823 2508 983 2548 SCA'LA
1022 2507 1268 2548 HABENTE
1305 2508 1512 2550 GRADUS
1545 2505 1780 2546 CENTUI.

359 2581 455 2636 Est
498 2582 642 2637 scala
678 2598 785 2637 una
825 2584 1032 2640 habens
1076 2584 1276 2658 gradus
1315 2570 1366 2641 ct
1411 2585 1470 2640 In
1494 2584 1670 2655 primo
1691 2583 1864 2654 gradu

285 2672 510 2728 sedebat
554 2673 802 2730 columba
844 2691 995 2729 una:
1036 2677 1091 2730 in
1139 2677 1375 2732 secundo
1419 2676 1568 2742 dum;
1610 2675 1662 2729 in
1705 2676 1864 2730 tertio

288 2776 434 2834 tres;
474 2769 525 2822 in
550 2777 746 2836 quarto
777 2784 888 2834 un;
924 2769 980 2822 in
1006 2770 1194 2839 quinto
1220 2785 1272 2824 v.
1314 2768 1403 2824 Sic
1447 2769 1500 2822 in
1523 2769 1671 2823 omni
1693 2769 1865 2840 gradu

284 2873 461 2928 usque
495 2859 562 2913 ad
590 2860 964 2914 centesimum.
1021 2860 1198 2927 Dicat,
1235 2862 1326 2930 qui
1359 2869 1559 2934 potest,
1602 2869 1731 2930 quot
1773 2875 1867 2916 co-

285 2952 481 3018 lumbae
505 2953 558 3007 in
583 2960 754 3010 totum
776 2952 996 3009 fuerunt
1014 2953 1037 3006 ?

962 3042 1190 3099 Solatia.

1719 2121 1865 2134 ~—

358 3134 735 3192 Numerabitur
767 3144 952 3191 autem
1002 3136 1082 3191 sic
1127 3153 1140 3189 :

283 3241 392 3280 una
420 3227 589 3293 sedet,
627 3226 750 3282 tolle
788 3227 957 3292 illam,
987 3237 1041 3281 et
1061 3227 1226 3298 junge
1257 3229 1323 3282 ad
1356 3227 1472 3283 illas
1503 3245 1710 3295 xcvuu,
1743 3245 1862 3300 quae

281 3315 445 3388 447
474 3318 820 3388 nonagesimo
851 3316 1037 3390 [nono]
1071 3319 1240 3388 gradu
1272 3320 1591 3387 consistunt,
1620 3330 1675 3376 et
1703 3330 1864 3377 erunt

283 3423 335 3461 c.
366 3406 456 3461 Sic
484 3409 776 3462 secundum
813 3407 883 3461 ad
915 3409 1318 3479 nonagesimum
1347 3419 1598 3465 octavum
1628 3422 1680 3466 et
1712 3413 1864 3468 inve—

283 3496 402 3552 nies
425 3497 668 3551 similiter
682 3513 731 3552 c.
760 3496 850 3551 Sic
873 3513 968 3566 per
991 3499 1232 3568 singulos
1260 3501 1477 3571 gradus,
1494 3518 1658 3556 unum
1686 3503 1752 3558 de
1772 3520 1863 3558 su-

281 3589 590 3658 perioribus
626 3589 904 3657 gradibus,
945 3600 999 3643 et
1033 3590 1195 3643 alium
1234 3593 1299 3645 de
1337 3587 1862 3662 inferioribusfhoc

283 3679 475 3735 ordine
507 3677 790 3748 coniunge,
816 3687 871 3732 et
893 3679 1130 3748 reperies
1163 3695 1377 3750 semper
1413 3683 1466 3737 in
1503 3685 1647 3739 binis
1683 3687 1862 3756 gradi-

281 3768 383 3824 bus
413 3783 463 3823 c.
493 3767 980 3838 Quiuquagesimus
1015 3779 1194 3824 autem
1219 3772 1418 3841 gradus
1444 3773 1592 3827 solus
1619 3783 1676 3828 et
1704 3777 1864 3830 abso-

283 3855 428 3913 intus
453 3869 554 3926 est,
584 3876 688 3916 non
712 3861 913 3917 habens
939 3879 1154 3934 parem;
1185 3864 1432 3919 similiter
1456 3873 1511 3919 et
1535 3867 1864 3924 centesimus

285 3952 434 4006 solus
461 3953 778 4008 remanebit.
827 3953 998 4026 Iunge
1026 3969 1153 4026 ergo
1191 3971 1380 4012 omnes
1407 3966 1462 4012 et
1497 3957 1742 4015 invenies
1765 3975 1862 4015 co-

285 4041 499 4096 lumbas
522 4041 607 4098 VL.

975 4135 1151 4192 XLIII.

737 4245 1050 4286 PROPOSITIO
1099 4247 1166 4285 DE
1205 4247 1406 4287 PORCIS.

358 4317 529 4374 Homo
557 4320 776 4389 quidam
811 4321 1000 4380 habuit
1029 4336 1123 4377 ccc
1168 4337 1382 4392 porcos,
1405 4321 1662 4394 etjussit,
1693 4337 1755 4381 ut
1784 4335 1862 4383 tot

284 4411 436 4483 porci
467 4424 690 4467 numero
712 4413 904 4483 impari
932 4413 985 4467 in
1028 4429 1087 4468 ιιι
1111 4415 1226 4470 dies
1254 4416 1428 4472 occidi
1458 4417 1736 4474 deberent.
1779 4421 1862 4475 Si-

1961 1854 2226 1911 volantes.
2271 1856 2405 1911 Item
2447 1857 2565 1910 alia;
2609 1865 2771 1911 tanta:
2798 1857 2933 1910 fiunt
2970 1872 3114 1910 um.
3143 1857 3208 1909 Et
3237 1857 3407 1911 tertia:
3429 1867 3548 1911 tan-

1961 1950 2096 2011 tu’m,
2127 1944 2263 2000 ﬁunt
2289 1961 2495 2000 xcvuu.
2528 1945 2678 2001 Adde
2709 1948 3004 2011 sedentem,
3036 1957 3091 2001 et
3118 1954 3278 2000 erunt
3302 1962 3349 2000 c.

2661 2038 2844 2094 XLVI.

2095 2142 2407 2182 PROI’OSITIO
2446 2144 2510 2180 DE
2549 2143 2778 2182 SACCULO
2813 2144 2875 2181 ΑΒ
2913 2145 3111 2183 ιιοδιικε
3153 2146 3404 2187 ικνεκτο.

2035 2217 2266 2284 Quidam
2311 2220 2469 2271 homo
2498 2217 2780 2273 ambulans
2820 2236 2916 2288 per
2942 2221 3083 2274 viam
3118 2221 3322 2276 invenit
3359 2239 3548 2277 saccu-

1964 2308 2073 2361 lum
2105 2323 2225 2362 cum
2256 2307 2474 2362 talentis
2496 2308 2724 2363 duobus.
2780 2307 2894 2363 Hoc
2926 2324 3138 2379 quoque
3188 2310 3277 2364 alii
3306 2313 3557 2367 videntes-

1962 2395 2285 2453 diaeruntei
2319 2418 2331 2452 :
2363 2399 2573 2464 Frater,
2605 2400 2671 2454 da
2697 2401 2856 2454 nobis
2892 2402 3195 2470 portionem
3227 2402 3549 2470 inventionis

1964 2496 2172 2545 tantum
2227 2489 2406 2562 [Bed.,
2456 2489 2605 2563 tum].
2663 2491 2764 2559 Qui
2797 2507 3031 2548 renuens
3057 2494 3228 2547 noluit
3269 2495 3348 2548 eis
3397 2495 3545 2549 dare.

1962 2579 2068 2650 Ipsi
2107 2596 2238 2636 vero
2285 2582 2552 2636 irruentes
2592 2583 2938 2652 diripuerunt
2987 2585 3283 2648 sacculum,
3333 2594 3389 2639 et
3427 2585 3551 2639 tulit

1964 2671 2066 2726 sibi
2100 2672 2326 2741 quisque
2367 2673 2567 2728 solidos
2589 2674 3000 2746 quinquaginta.
3030 2676 3096 2729 Et
3127 2677 3239 2746 ipse
3261 2686 3548 2746 postquam

1964 2762 2098 2818 vidit
2126 2779 2184 2818 se
2211 2765 2464 2819 resistere
2503 2779 2611 2819 non
2642 2780 2822 2835 posse,
2851 2767 2997 2821 misit
3035 2783 3254 2822 manum
3287 2777 3342 2823 et
3370 2770 3552 2838 rapuit

1965 2854 2166 2912 solidos
2195 2857 2604 2928 quinquaginta.
2645 2857 2800 2913 Dicat
2852 2859 2945 2929 qui
2977 2859 3108 2925 vult,
3133 2869 3264 2929 quot
3304 2860 3551 2916 homines

1964 2946 2220 3003 fuerunt?

2642 3040 2867 3096 Salutio.

1185 3151 1220 3192 ει
1245 3136 1423 3206 primo
1459 3137 1633 3209 gradu
1668 3137 1725 3192 in
1755 3154 1863 3209 quo

2034 3127 2190 3200 Apud
2239 3129 2500 3199 quosdam
2557 3130 2818 3186 talentum
2869 3146 3016 3184 1.xxu
3048 3129 3142 3202 [Γ.
3189 3129 3225 3183 ι.
3257 3131 3421 3203 Lxxv]
3465 3130 3550 3185 vel

1963 3221 2140 3290 pondo
2167 3220 2252 3274 vel
2281 3220 2443 3275 habet
2467 3220 2652 3275 libras.
2684 3220 2846 3275 Libra
2875 3237 3000 3275 vero
3030 3223 3192 3276 habet
3219 3222 3420 3277 solidos
3457 3239 3552 3276 au-

1963 3327 2087 3368 reos
2138 3329 2307 3367 Lxxu.
2365 3311 2626 3383 Sexagies
2666 3313 2955 3382 quinquies
3011 3329 3158 3368 Lxxu
3210 3315 3355 3368 ducti
3416 3315 3553 3370 fiunt

1961 3400 2166 3467 Vcccc,
2194 3404 2283 3472 qui
2305 3419 2564 3457 numerus
2595 3404 2900 3473 duplicatus
2948 3404 3083 3458 ﬁunt
3109 3405 3288 3459 decies
3314 3403 3549 3476 [Supp!.,

1963 3491 2129 3564 mille]
2164 3508 2312 3549 accc.
2365 3493 2420 3547 In
2453 3509 2485 3547 Χ
2528 3493 2762 3550 millibus
2788 3505 2841 3548 et
2883 3496 3204 3566 octingentis
3231 3505 3356 3551 sunt
3386 3498 3548 3566 quin-

1962 3585 2273 3655 quagenarii
2300 3600 2476 3640 ccxvx.
2507 3584 2610 3638 Tot
2633 3586 2881 3639 homines
2906 3585 3110 3640 idcirco
3135 3584 3376 3641 fuerunt.

2653 3675 2858 3731 XLVII.

1963 3779 2276 3821 ηονοδῑτιο
2312 3781 2376 3818 DF.
2416 3780 2666 3820 EPISCOPO
2703 3781 2790 3827 QUI
2831 3780 3002 3819 JUSSIT
3044 3780 3118 3818 XII
3158 3781 3323 3820 ιιΑΝεε
3356 3781 3549 3821 υινιυῐ.

2033 3853 2264 3920 Quidam
2291 3855 2576 3922 episcopus
2595 3854 2760 3922 jussit
2805 3869 2880 3907 xu
2904 3867 3074 3921 panes
3101 3853 3266 3908 dividi
3298 3854 3351 3908 in
3379 3855 3548 3910 clero.

1963 3942 2226 4012 Praecepit
2253 3943 2396 3996 enim
2417 3944 2497 3997 sic
2520 3952 2577 3997 ut
2602 3943 2799 4014 singuli
2825 3943 3130 4012 presbyteri
3156 3943 3314 3999 binos
3338 3945 3551 4015 accipe

1962 4042 2085 4090 rent
2132 4047 2336 4102 panes;
2389 4032 2651 4090 diaconus
2718 4033 3020 4097 dimidium,
3075 4031 3248 4088 lector
3296 4045 3552 4103 quartam

1961 4133 2172 4194 partem
2197 4142 2210 4176 :
2238 4123 2312 4180 ita
2333 4132 2512 4178 tamen
2537 4123 2651 4191 ﬁat,
2682 4132 2742 4178 ut
2762 4123 3090 4178 clericorum
3111 4131 3166 4180 et
3184 4139 3384 4202 panum
3411 4142 3552 4182 unus

1961 4215 2034 4270 sit
2084 4229 2361 4269 numerus.
2411 4214 2586 4280 Dicat,
2614 4215 2707 4284 qui
2736 4214 2870 4280 vult,
2908 4224 3038 4283 quot
3084 4203 3408 4286 presbyteri,
3464 4217 3554 4273 vel

1961 4315 2094 4377 quot
2120 4305 2392 4372 diacones,
2421 4315 2514 4361 aut
2541 4314 2672 4376 quot
2695 4305 2928 4363 lectores
2953 4319 3075 4361 esse
3100 4306 3341 4361 debent?

2639 4393 2866 4451 Salutio,

284 4501 430 4559 milis
475 4509 560 4557 est
596 4511 651 4555 et
697 4502 763 4557 de
807 4519 915 4558 xxx
966 4506 1253 4560 sententia.
1308 4507 1482 4575 Dicat,
1521 4510 1612 4579 qui
1661 4520 1860 4582 west,
1891 4499 1940 4558 D
2033 4487 2332 4558 Ουίιιίιιιίοε
2360 4488 2472 4544 bini
2503 4487 2638 4543 ίίυηι
2666 4504 2720 4582 ξτ
2759 4488 2815 4543 id
2841 4495 2944 4554 es"
2975 4504 3007 4541 ν
3031 4488 3551 4582 ρι’θεξξῖίφξάθοεω

286 4601 418 4664 quot
460 4593 609 4661 porci
641 4593 871 4662 impares
919 4594 1034 4649 sive
1068 4594 1136 4650 de
1161 4611 1254 4651 ccc
1287 4597 1402 4653 sive
1443 4599 1508 4654 de
1536 4616 1666 4664 nx,
1725 4602 1869 4656 inter

286 4693 399 4740 tres
431 4684 547 4739 dies
569 4682 696 4756 [ter]
736 4686 1015 4742 occidendi
1035 4687 1200 4743 sunt?
1231 4686 1356 4744 llmc
1401 4690 1542 4744 ratio
1579 4691 1869 4748 indissolu-

285 4772 409 4832 bilis
438 4773 512 4831 ad
533 4773 914 4844 increpandum
940 4777 1237 4846 composita
1271 4785 1374 4832 est.

971 4863 1198 4920 Salutio.

356 4952 497 5007 Ecce
546 4951 753 5007 fabula!
799 4970 920 5024 quae
953 4971 982 5009 a
1015 4957 1231 5011 nemine
1286 4957 1418 5012 solvi
1448 4965 1645 5028 potest,
1687 4969 1746 5014 ut
1775 4977 1868 5018 ccc

285 5042 459 5112 porci,
493 5043 605 5097 sive
635 5042 849 5112 triginta
885 5044 936 5097 in
963 5045 1132 5100 tribus
1177 5047 1368 5102 diebus
1415 5047 1608 5119 impari
1641 5065 1870 5108 numero

287 5131 623 5186 occidantur.
654 5130 776 5188 Haec
803 5131 981 5187 fabula
1030 5144 1112 5190 est
1141 5145 1352 5191 tantum
1380 5138 1447 5192 ad
1468 5153 1666 5207 pueros
1693 5141 1868 5196 incre-

290 5222 518 5292 pandos.

985 5314 1184 5371 XLIIII.

375 5397 688 5438 PROPOSITIO
726 5400 789 5439 DE
837 5400 1206 5441 SALUTATIONE
1245 5405 1400 5444 PUERI
1443 5407 1510 5444 AD
1549 5408 1782 5446 PATREH.

362 5475 590 5544 Quidam
615 5494 748 5548 puer
766 5480 1017 5534 salutavit
1039 5490 1280 5550 patrem;
1307 5482 1436 5548 Ave,
1460 5485 1651 5554 inquit,
1680 5487 1861 5555 pater!

291 5570 386 5627 Cui
415 5580 604 5641 pater:
633 5571 842 5638 Valeas,
872 5572 974 5626 fili!
1009 5574 1176 5639 vivas,
1210 5584 1469 5643 quantum
1500 5577 1703 5642 vixisti,
1733 5594 1867 5648 quos

1965 4594 2134 4648 panes
2161 4588 2485 4650 receperunt
2534 4595 2549 4632 :
2591 4585 2647 4634 et
2671 4578 2931 4633 diaconus
2971 4594 3112 4636 unus
3149 4577 3430 4633 dimidium
3456 4582 3554 4648 pa-

1966 4688 2092 4728 nem
2116 4691 2129 4725 :
2159 4680 2217 4726 et
2242 4672 2384 4726 inter
2423 4670 2651 4725 lectores
2679 4685 2734 4723 vi
2755 4669 3061 4725 habuerunt
3087 4685 3288 4740 panem
3311 4680 3368 4725 et
3394 4669 3552 4724 dimi-

1966 4764 2136 4818 dium.
2165 4762 2336 4833 Iunge
2365 4778 2396 4815 v
2430 4772 2484 4817 et
2511 4778 2527 4817 ι
2557 4769 2612 4816 et
2649 4777 2703 4816 v1
2724 4762 2778 4816 in
2813 4761 2994 4828 simul,
3021 4770 3079 4818 et
3119 4762 3255 4817 fiunt
3284 4779 3381 4818 xu.
3413 4765 3552 4821 Rur-

1970 4869 2170 4923 susque
2189 4851 2356 4923 junge
2381 4869 2412 4906 κ
2441 4861 2499 4908 et
2531 4854 2696 4909 semis
2721 4862 2778 4909 et
2805 4870 2970 4909 unum
2995 4863 3050 4909 et
3070 4857 3256 4921 semis,
3285 4857 3421 4911 fiunt
3449 4874 3550 4915 xu.

1971 4944 2037 4998 Et
2059 4943 2135 4997 illi
2157 4951 2286 4997 sunt
2315 4959 2390 4998 xu
2417 4959 2617 5014 panes;
2649 4945 2740 5014 qui
2767 4945 2926 5001 simul
2940 4944 3114 5017 juncti
3138 4945 3344 5002 faciunt
3371 4947 3550 5002 homi-

1972 5051 2071 5092 nes
2096 5050 2172 5088 χιι
2198 5042 2255 5089 et
2273 5051 2446 5105 panes
2471 5051 2567 5090 xu.
2602 5036 2752 5092 Unus
2779 5047 2863 5093 est
2891 5053 3019 5109 ergo
3047 5053 3305 5094 numerus
3325 5037 3552 5095 clerico-

1972 5141 2092 5181 rum
2115 5133 2170 5178 et
2199 5139 2419 5194 panum.

2640 5217 2866 5273 XLVIII.

2027 5326 2339 5366 PROPOSITIO
2376 5327 2442 5366 DE
2479 5327 2678 5367 IIOIINE
2715 5329 2805 5375 QUI
2842 5327 3093 5368 OBVIAVIT
3127 5327 3503 5370 SCIIOIJRIBUS.

2043 5401 2272 5467 Quidam
2317 5401 2477 5456 homo
2515 5402 2751 5456 obviavit
2777 5403 3131 5467 scholaribus,
3162 5410 3217 5458 et
3244 5404 3379 5458 dixit
3425 5406 3501 5460 eis
3526 5423 3545 5460 :

1971 5491 2168 5559 Quanti
2215 5493 2347 5547 estis
2405 5493 2458 5547 in
2487 5494 2709 5549 schola?
2741 5495 2888 5552 Unus
2915 5509 2982 5549 cx
3031 5493 3110 5548 eis
3162 5495 3436 5564 respondit
3463 5496 3543 5549 di-

1972 5595 2101 5634 cens
2129 5598 2142 5633 :
2169 5579 2304 5636 Nolo
2333 5582 2436 5637 hoc
2468 5583 2563 5639 tibi
2585 5584 2784 5651 dicere,
2816 5594 2871 5640 tu
2903 5599 3120 5639 numera
3168 5598 3264 5640 nos
3287 5585 3386 5651 bis,
3411 5585 3540 5639 mai-

366 5700 392 5729 ι
430 5687 486 5742 ιιι
508 5678 610 5754 est,
659 5684 802 5742 Sudo
850 5701 941 5741 seu
969 5703 1257 5759 porcorum
1305 5688 1533 5746 stabulo.
1573 5689 1749 5749 Gloss.
1794 5691 1863 5748 du
1895 5691 2095 5762 Gange,
2124 5705 2258 5747 voce
2291 5690 2473 5748 Sudis.
