3914 6178
369 285 504 341 “63

368 399 472 456 llic
496 391 686 451 humill
716 390 932 446 Patrem
960 378 1273 439 Ricuulfum
1301 391 1326 420 ι
1359 391 1490 432 voce
1521 373 1694 429 saluta
1723 387 1737 434 ;

366 489 466 544 Dic
491 503 507 541 :
534 483 651 539 Tua
677 480 796 535 laus
821 490 1038 532 mecum
1068 485 1306 541 semper,
1336 466 1550 528 dilecte,
1582 459 1843 516 manebit.

369 577 510 633 Hinc
537 571 762 630 castella
788 569 818 610 ιι
848 575 1004 638 petes
1031 560 1273 620 currenti
1297 571 1434 612 nave
1465 569 1566 624 per
1593 552 1767 607 undas
1795 590 1811 616 ,

370 670 554 725 Donec
585 665 652 720 ad
683 668 883 733 optatae
910 656 1190 729 pertingas
1217 651 1406 706 flustra
1438 644 1691 701 Mosellm.

369 755 624 828 Remigio
650 760 940 826 postquam
967 745 1200 818 spatium
1225 736 1524 797 sulcaveris
1557 748 1771 790 amnem
1798 771 1813 797 ,

375 851 480 908 Hic
506 855 638 904 tunc
662 846 798 902 siste
824 849 1024 905 ratem,
1062 834 1258 908 puppis
1289 829 1532 902 potiatur
1555 841 1742 890 arena,

372 941 441 999 Et
465 946 589 1013 pete
607 932 907 994 Wilbrordi
939 941 962 971 ο
986 926 1166 984 Patris
1193 924 1311 1013 loca
1347 925 1534 975 sancta
1565 915 1818 1013 pedester
1845 928 1858 975 ;

374 1007 552 1105 Attiue
579 1025 881 1086 sacerdotis
917 1014 1230 1077 Samuhelis
1255 1011 1284 1053 (ι
1309 1019 1454 1066 tecta
1485 1007 1702 1077 require
1728 1046 1743 1072 ,

372 1121 655 1182 Castalido
683 1124 872 1189 portas
896 1111 1104 1184 plectro
1129 1106 1348 1178 pulsare
1369 1105 1641 1155 memento

373 1213 700 1270 Constanter
721 1218 889 1278 puero
913 1201 1098 1273 pithea
1121 1197 1208 1253 dic
1229 1207 1364 1249 voce
1393 1189 1644 1244 ministro
1676 1203 1689 1237 :

373 1298 598 1357 Publius
619 1294 848 1351 Albinus
871 1305 959 1346 me
984 1286 1138 1344 misit
1157 1285 1226 1340 ab
1251 1283 1383 1338 orbe
1404 1278 1667 1332 Britanno
1685 1313 1700 1339 ,

372 1389 639 1449 Praedulci
668 1386 880 1444 dulcem
905 1380 1057 1438 Patri
1084 1376 1329 1450 perferre
1359 1371 1608 1428 salutem.

375 1483 436 1540 Si
465 1480 564 1538 tibi
589 1475 878 1550 praesentis
906 1469 1072 1526 fuerit
1101 1468 1228 1522 data
1258 1462 1413 1533 copia
1440 1457 1592 1514 verbi

372 1571 518 1629 Fusa
555 1571 672 1626 solo
699 1563 925 1638 supplex
945 1561 1162 1632 plantas
1184 1566 1242 1611 tu
1265 1555 1445 1609 lambe
1472 1554 1717 1606 sacratas
1737 1585 1752 1609 ,

374 1633 822 1734 Dicque:Valeto
843 1667 1046 1726 parens
1072 1645 1362 1713 Samuhel;
1391 1641 1660 1734 dic:\iive
1686 1633 1960 1691 sacerdos.

375 1731 578 1823 Detege
598 1749 712 1822 jam
744 1743 1034 1819 gremium,
1063 1747 1250 1812 patres
1276 1743 1334 1790 et
1353 1732 1536 1804 profer
1560 1731 1821 1786 honestos

375 1820 740 1906 Priscianum,
765 1836 971 1892 Focam
997 1844 1045 1899 ο,
1077 1830 1281 1899 talique
1303 1839 1528 1881 munere
1555 1820 1791 1893 gaudet,

376 1936 435 1992 Si
458 1949 567 1990 non
591 1931 873 2002 Neptunus
897 1923 1092 1997 pelago
1119 1916 1444 1977 demerserit
1469 1914 1612 1970 illos.

377 2025 438 2082 Si
474 2033 530 2079 te
565 2000 708 2078 forte
731 2017 864 2073 velit
888 2013 1037 2085 regis
1058 2011 1328 2068 deducere
1349 2007 1420 2062 ad
1448 2004 1630 2058 aulam
1664 2000 1682 2039 ί
1697 2041 1713 2066 ,

377 2111 478 2170 llic
503 2123 779 2184 proceres,
794 2114 1001 2177 patres,
1017 2101 1216 2157 fratres
1241 2109 1520 2169 percurre,
1552 2091 1748 2149 saluta.

375 2205 519 2259 Ante
539 2200 705 2272 pedes
728 2197 876 2269 regis
897 2202 1044 2250 totas
1067 2188 1318 2262 expande
1346 2198 1641 2243 camenas.

378 2291 554 2350 Dicito
576 2287 856 2346 multoties
879 2303 893 2340 :
919 2283 1102 2348 Salve,
1132 2295 1229 2336 rex
1257 2277 1482 2348 optime,
1507 2273 1656 2329 salve
1687 2289 1702 2327 :

376 2385 460 2442 Tu
481 2382 615 2440 mihi
638 2385 938 2454 protector,
967 2382 1131 2440 tutor,
1161 2371 1414 2428 defensor
1436 2367 1644 2430 adesto,

377 2477 558 2533 Invida
581 2487 652 2530 ne
680 2471 861 2528 valeat
888 2483 977 2524 me
1002 2479 1230 2536 carpere
1253 2462 1438 2532 lingua
1461 2455 1710 2514 nocendo
1738 2496 1755 2522 ,

378 2565 610 2631 Paulini,
635 2562 804 2627 Petri,
829 2558 1056 2624 Albrici,
1093 2552 1425 2617 Samuhelis,
1448 2550 1593 2606 Iona:
1623 2551 1672 2614 ⁸,

382 2657 476 2714 Vel
501 2655 814 2728 quicunque
837 2650 974 2708 velit
993 2662 1115 2704 mea
1136 2646 1328 2702 rodere
1353 2643 1565 2699 viscera
1593 2655 1776 2696 morsu
1809 2679 1825 2705 ,

378 2749 457 2806 Te
475 2754 719 2805 terrente
743 2741 935 2816 procul
961 2739 1148 2812 fugiat,
1172 2731 1418 2793 discedat
1447 2733 1644 2789 inanis.

378 2841 648 2898 Murmete
681 2837 770 2894 die
796 2835 967 2892 tacito
995 2851 1010 2888 :
1043 2829 1330 2900 Cathegita
1357 2827 1517 2883 Petre
1554 2825 1764 2890 valeto,

381 2931 648 2989 Herculeo
683 2942 861 2986 saevus
886 2925 1042 2982 clavo
1071 2922 1199 2980 ferit
1221 2921 1332 2987 ille,
1356 2927 1567 2975 caveto.

377 3021 592 3080 Paulini
617 3017 862 3093 gaudens
882 3014 1247 3087 complectere
1274 3013 1412 3068 dona
1437 3009 1682 3082 magistri
1709 3049 1725 3072 ,

368 3114 573 3176 :Oscula
600 3109 894 3183 melligeris
915 3108 1098 3166 decies
1128 3106 1196 3162 da
1220 3104 1417 3161 blanda
1444 3102 1679 3158 labellis.

379 3206 712 3270 Ricuulfum,
737 3202 968 3276 Rtefgot,
1003 3199 1284 3256 Rationem
1308 3197 1412 3253 rite
1438 3195 1612 3252 saluta
1637 3235 1653 3261 ,

383 3297 668 3356 Auriculas
695 3296 890 3351 horum
916 3290 1247 3363 pedetentim
1273 3297 1432 3359 tange
1453 3287 1738 3343 canendo.‘

383 3390 479 3444 Dic
505 3407 519 3443 :
551 3386 720 3452 Socii,
748 3383 948 3438 fratres
981 3382 1089 3436 laeti
1123 3381 1351 3445 salvete,
1380 3378 1575 3433 valete.

385 3477 668 3550 Egregiam
694 3475 882 3529 forsan
908 3471 1096 3527 venies
1135 3469 1404 3540 Magensis
1429 3468 1497 3522 ad
1525 3467 1716 3522 urbem

385 3571 818 3640 Perpetuumque
839 3563 962 3620 vale
985 3562 1193 3618 doctori
1219 3561 1384 3616 dicito
1411 3559 1564 3614 Lullo
1584 3561 1611 3600 ιι
1645 3577 1658 3614 :

385 3658 645 3716 Ecclesiae
673 3655 971 3730 specimen,
997 3653 1202 3726 sophiae
1238 3652 1494 3724 splendor
1521 3650 1753 3706 habetur
1780 3691 1796 3715 ,

387 3750 626 3808 tioribus
654 3760 711 3808 et
735 3749 848 3805 vita
871 3754 1025 3804 tanto
1047 3745 1348 3817 condignus
1374 3745 1600 3800 honore.

384 3843 430 3902 0
466 3842 692 3899 Bassine
725 3841 773 3908 ί,
799 3839 958 3895 bonae
985 3836 1263 3909 Spirensis
1291 3833 1463 3907 gloria
1491 3834 1689 3904 plebis,

455 3969 483 3999 ι
511 3952 836 4024 Ricuulfum.
880 3950 933 4007 Is
977 3948 1223 4024 fortasse
1251 3949 1344 4020 qui
1394 3957 1581 4024 postea
1616 3988 1632 4013 ,
1687 3963 1832 4003 anno
1871 3947 1976 4004 786

383 4025 540 4085 Lullo
562 4025 618 4080 in
645 4040 674 4080 e
706 4019 958 4092 'iscopatu
985 4020 1072 4075 Mo
1109 4019 1301 4077 untino
1331 4019 1614 4074 successit.

457 4098 488 4138 b
515 4039 763 4143 leeﬁa.
795 4093 871 4143 De
899 4038 1135 4143 Casteffo
1161 4091 1266 4143 sito
1295 4106 1459 4143 super
1479 4087 1841 4143 confluentem
1864 4088 1912 4143 Μ

457 4098 488 4138 b
515 4090 763 4152 Castalia.
795 4090 871 4147 De
899 4090 1135 4148 Castello
1161 4091 1266 4146 sito
1295 4106 1459 4160 super
1479 4090 1841 4144 confluentem
1864 4090 1978 4144 Mo-

386 4167 532 4245 sellae
553 4174 634 4245 _ct
674 4161 1099 4245 linem-mentio
1129 4161 1190 4245 fit
1213 4160 1668 4245 aAWandelbenrto
1705 4160 1976 4216 monacho

386 4235 691 4294 Prumiensi
729 4233 797 4288 de
845 4231 1120 4288 Miraculis
1145 4229 1205 4286 8.
1239 4229 1435 4286 Coaris
1461 4229 1608 4285 conf.

460 4318 484 4347 ο
514 4303 807 4361 Wilbrordi
833 4301 950 4357 loca
975 4310 1176 4356 sancta.
1226 4299 1332 4356 Ubi
1376 4300 1635 4355 nimirum
1669 4315 1868 4369 corpus
1913 4300 1979 4354 il-

387 4377 492 4434 lius
513 4373 835 4446 requiescit,
875 4371 928 4446 in
959 4371 1290 4446 monasterio
1332 4385 1533 4446 nempe
1561 4370 1973 4446 Epternacensi.

388 4439 614 4510 Mabillf,
642 4444 736 4499 lib.
768 4458 865 4512 xxt
897 4439 1117 4512 Annal.,
1147 4439 1416 4512 numatﬁ,
1443 4439 1568 4512 pag.

455 4517 484 4558 ά
510 4509 807 4572 Sacerdotis
835 4510 1152 4569 Samuhelia.
1184 4509 1540 4575 Mabillonius,
1564 4510 1658 4565 lib.
1690 4527 1836 4566 xxvn
1862 4509 1972 4565 An-

383 4584 849 4657 nal.,pag._360,
895 4599 1048 4657 num.
1098 4582 1179 4647 l5,
1227 4583 1371 4657 inter
1424 4580 1718 4657 discipulos
1754 4581 1971 4657 Alcuini

390 4660 445 4713 in
471 4651 651 4714 schola
679 4655 980 4711 Turonensi
1008 4662 1257 4709 numerat
1288 4651 1595 4706 Samuelem
1636 4660 1824 4720 postea
1853 4653 1971 4722 epi—

389 4743 611 4802 scopum
626 4725 1098 4783 Wormatiensem.
1125 4722 1234 4778 Sed
1261 4724 1404 4776 hunc
1428 4722 1539 4784 illo,
1569 4735 1677 4790 quo
1707 4722 1972 4791 scriptum

388 4813 510 4858 esse
539 4799 644 4854 hoc
670 4810 890 4852 carmen
929 4809 1234 4858 censemus,
1285 4807 1430 4846 anno
1457 4791 1562 4845 780
1583 4833 1597 4854 ,
1655 4807 1763 4846 non
1796 4794 1971 4846 hono-

390 4832 777 4926 Wsciﬁins
811 4865 1030 4920 nomine
1064 4883 1076 4918 :
1107 4874 1161 4919 et
1201 4832 1378 4918 s’erius
1423 4833 1686 4916 Alcuinus
1730 4863 1973 4917 scholam

391 4937 623 4996 Turonis
672 4934 901 5005 aperuit.
947 4933 1246 4992 Censemus
1299 4949 1430 5002 ergo
1479 4933 1624 5005 hunc
1651 4930 1972 5005 Samuelem

391 5009 559 5065 fuisse
600 5005 682 5063 vel
706 5002 964 5061 abbatem
1004 5005 1481 5074 Epternacensem,
1507 5003 1592 5056 vel
1617 5002 1842 5074 alterius
1869 5002 1972 5057 loci

392 5075 883 5156 Eptemacovicinj
925 5073 1243 5156 antistitem,
1282 5081 1376 5156 a_ut
1404 5073 1582 5155 virum
1623 5073 1858 5156 aliquem
1876 5089 1974 5156 Ee-

392 5095 696 5206 ngternaco
721 5095 883 5132 \‘lCtnl
925 5095 1243 5156 antlsuwm,
1282 5095 1376 5128 aut
1405 5095 1582 5155 Vtrum
1623 5095 1858 5156 aliquem
1885 5095 1974 5128 ce-

391 5151 441 5206 le
480 5164 594 5206 rem
615 5147 826 5218 sibique
850 5144 1176 5217 familiarem
1197 5183 1214 5210 ,
1241 5143 1342 5199 sub
1371 5156 1590 5198 nomine
1611 5143 1849 5199 asottitio
1875 5142 1975 5198 Sa-

390 5218 623 5277 muhelis
649 5217 925 5273 latentem.

465 5302 490 5332 ο
510 5289 769 5360 Phocam
785 5284 1225 5360 grammaticum.

467 5359 676 5432 (Regi;
702 5353 999 5432 adagium.
1044 5354 1316 5432 Fortassis
1355 5353 1715 5432 Aquisgrani,
1750 5353 1835 5408 vel
1883 5354 1971 5432 lin-

390 5424 668 5500 gclheiniii
691 5435 785 5500 aut
826 5425 1144 5500 Wormatige
1183 5424 1634 5500 commorantem.
1668 5424 1783 5481 Hoc
1827 5425 1972 5480 enim

395 5494 538 5556 anno
570 5512 669 5556 rex
693 5497 922 5556 Carolus
949 5497 1017 5552 ad
1048 5497 1297 5552 Rhenum
1327 5494 1448 5551 fuit.

466 5571 494 5609 ⁸
530 5565 772 5634 Paulini,
791 5565 962 5633 Petri,
977 5575 1083 5623 etc.
1102 5565 1212 5622 llos
1239 5581 1430 5622 omnes
1449 5573 1581 5623 tunc
1594 5565 1776 5622 aulam
1790 5564 1972 5622 Caroli

398 5634 573 5706 Magni
602 5645 814 5693 secutos
833 5650 954 5693 esse
982 5636 1110 5718 hinc
1129 5635 1319 5719 .colligi
1346 5643 1544 5703 potest.
1584 5707 1597 5720 .

470 5707 498 5748 ιι
528 5705 699 5761 Lullo.
729 5705 881 5761 Tunc
906 5705 1313 5761 archtentseono
1362 5703 1597 5761 Moauntt

573 5705 699 5760 ulla.
729 5705 881 5763 Tunc
906 5703 1313 5780 archiepiscopo
1362 5703 1648 5776 Moguntina
1676 5746 1691 5774 ,
1721 5722 1815 5765 seu
1833 5749 1848 5776 ,
1881 5723 1973 5780 ap-

1179 267 1239 322 B.
1279 265 1341 320 F.
1379 260 1606 318 ALBlNl
1648 255 1778 313 SEU
1820 253 2096 310 ALCUINI
2147 247 2429 308 OPERUM
2471 245 2650 304 PARS
2690 244 2818 300 \‘lll.

1975 373 2028 432 Α
2056 365 2158 429 Me,
2187 379 2342 434 rogo,
2373 362 2693 418 commenda
2722 358 2915 424 Paulo,
2943 358 3106 412 Pater
3139 356 3302 420 alme,
3336 362 3586 425 patrono,

1637 4440 1722 4494 15.
1882 4509 1885 4510 ν
2004 4450 2054 4510 ι)

3507 243 3646 299 1166

2057 455 2221 524 Cujus
2247 463 2302 510 et
2324 453 2465 508 alma
2491 453 2684 508 domus
2703 450 2902 505 fratres
2925 464 3024 504 nos
3051 449 3254 503 fecerat
3277 446 3485 501 ambos.

2057 548 2212 616 Quis,
2239 545 2506 601 Fulcrade
2535 542 2548 595 i
2589 544 2734 614 pius,
2757 541 2931 613 lyrico
2954 550 3007 597 te
3032 551 3256 610 tangere
3275 539 3485 611 plectro

2059 641 2326 696 Audebit?
2349 639 2563 696 meritis
2583 652 2864 693 musarum
2899 635 3143 691 carmina
3166 635 3360 689 vincis.

2059 733 2224 805 450
2252 732 2406 787 Nunc
2437 738 2614 785 tamen
2639 729 2780 784 hanc
2809 727 3071 782 hederam
3106 727 3334 790 circum,
3369 726 3487 781 sine
3517 735 3659 782 temn

2977 825 3109 890 pera
3135 833 3290 875 serva
3321 817 3439 891 [F.,
3473 821 3651 890 saera]

2063 919 2294 989 Serpere
2322 959 2338 984 ,
2384 930 2592 972 summe
2647 913 2832 980 Pater,
2875 913 3086 968 tibimet
3121 911 3386 966 bonitatis
3417 921 3585 966 sueta:

3183 1002 3450 1074 [bonitate
3473 989 3655 1074 sue-ta]

2066 1099 2162 1155 Vel
2188 1099 2413 1156 demitte
2441 1097 2605 1154 semel
2631 1104 2833 1151 memet
2863 1095 2961 1150 tibi
2988 1095 3172 1150 dicere
3200 1093 3368 1150 salve.

2065 1188 2186 1259 Eia,
2217 1206 2338 1263 age,
2369 1197 2520 1246 casta
2557 1187 2793 1262 [charta]
2834 1187 2944 1244 cito
2994 1201 3188 1242 navem
3231 1185 3541 1240 conscende
3566 1201 3661 1255 pa-

3408 1278 3610 1353 [ratam
3641 1296 3656 1342 ;

2067 1376 2340 1433 Oceanum
2368 1375 2617 1432 Rhenum
2642 1377 2744 1432 sub
2771 1385 2824 1432 te
2853 1384 3006 1432 natet
3032 1391 3170 1431 unca
3195 1375 3399 1430 carina.

2070 1468 2325 1524 Materies
2362 1469 2478 1524 auri
2519 1484 2625 1524 non
2661 1476 2735 1535 te,
2767 1483 2918 1539 rogo,
2946 1467 3090 1522 fulva
3117 1468 3358 1522 retardet
3382 1508 3394 1529 .

2067 1562 2267 1617 Accola
2295 1577 2459 1632 quam
2491 1559 2667 1616 fessus
2698 1559 2907 1630 profert
2932 1559 2998 1614 de
3024 1559 3232 1614 viscere
3261 1567 3422 1614 terra:
3453 1578 3468 1610 :

2068 1653 2185 1709 Non
2215 1653 2462 1719 castella,
2489 1653 2700 1718 domus,
2732 1653 2918 1719 urbes,
2949 1666 3052 1707 nec
3080 1650 3269 1706 florida
3298 1667 3430 1705 rura

1997 1745 2040 1804 Β
2069 1745 2356 1801 Detineant
2380 1745 2651 1815 stupidam
2681 1743 2858 1813 spatio
2884 1758 2985 1798 nec
3014 1742 3174 1797 unius
3201 1743 3382 1806 horae;

2071 1838 2177 1895 Sed
2206 1838 2349 1910 fuge,
2382 1854 2574 1910 rumpe
2601 1853 2804 1903 moras,
2834 1852 3092 1910 propera,
3126 1851 3384 1907 percurre
3403 1835 3658 1898 volando,

2068 1929 2393 1994 Incolumes,
2421 1943 2604 1996 sanos,
2635 1929 2932 2001 gaudentes
2959 1936 3124 1998 atque
3151 1929 3398 1999 vigentes

2068 2021 2316 2077 Invenies
2347 2022 2557 2076 utinam
2586 2029 2805 2078 nostros
2826 2030 3112 2093 gratanter
3144 2023 3368 2078 amicos.

2071 2114 2171 2169 Det
2191 2114 2333 2169 Deus
2357 2114 2701 2184 omnipotens
2724 2113 2829 2169 illis
2857 2129 2958 2183 per
2993 2113 3158 2169 saecla
3189 2113 3442 2178 salutem,

2070 2201 2264 2259 Postea
2295 2203 2578 2260 cmlcstem
2607 2203 2760 2260 laetos
2786 2203 3019 2260 deducat
3049 2204 3103 2260 in
3127 2204 3328 2259 aulam.

2071 2292 2336 2349 Omnibus
2369 2292 2457 2349 his
2487 2294 2625 2349 actis
2651 2293 2886 2364 patriam
2918 2301 2973 2348 tu
3001 2304 3152 2350 certa
3181 2303 3410 2358 reverte,

2074 2384 2138 2439 Et
2167 2392 2301 2454 quot
2333 2385 2564 2454 quisque
2591 2385 2688 2441 tibi
2715 2385 2878 2450 dicat,
2911 2402 3138 2442 narrare
3165 2398 3439 2444 memento
3464 2406 3479 2454 ;

2071 2473 2140 2528 Et
2173 2489 2296 2529 cum
2325 2489 2452 2530 vere
2483 2475 2773 2530 rubrae.....
2805 2476 2872 2531 de
2892 2477 3096 2532 cortice
3118 2493 3344 2549 gemmae

2071 2565 2390 2636 Erumpant,
2426 2566 2631 2621 nostris
2652 2567 2874 2622 videant
2901 2577 2953 2622 te
2981 2567 3167 2625 ludere
3192 2570 3348 2624 tectis
3375 2611 3390 2633 ,

2070 2658 2248 2727 Atque
2277 2673 2446 2712 novas
2473 2657 2671 2712 iterum
2695 2658 2850 2714 nobis
2875 2660 3092 2716 adferre
3115 2677 3409 2716 cammnas.

2073 2750 2212 2805 Tum
2253 2750 2350 2804 tibi
2377 2758 2521 2804 serta
2549 2749 2704 2805 novis
2732 2750 2800 2806 de
2823 2749 3045 2807 floribus
3075 2768 3241 2807 aurea
3271 2751 3467 2825 fingam

2069 2841 2142 2910 Et
2171 2839 2376 2896 sociata
2404 2840 2536 2894 mihi
2565 2841 2740 2912 pratis
2767 2843 3025 2912 pausabis
3053 2843 3303 2899 ammnis.

2827 2952 2916 3009 ΙΙΙ.

2366 3062 2598 3119 ΓΟΕΜΑ
2637 3063 2726 3118 DE
2763 3063 3042 3122 CAROLO
3079 3063 3318 3121 MAGNO
3346 3105 3360 3128 ν

2223 3164 2229 3168 ⁷
2286 3173 2358 3212 ετ
2399 3170 2590 3211 Laoms
2625 3171 2771 3210 eum
2812 3173 2880 3210 an
2917 3171 3135 3212 εωωειι
3173 3171 3440 3212 Αυτεκτυ.

2148 3268 2377 3338 Carmen_
2426 3267 2524 3321 hoc
2559 3265 2747 3322 videtis
2796 3268 2932 3322 inter
2977 3265 3300 3338 Appendiccs
3355 3268 3424 3321 ad
3481 3267 3651 3322 Caroli

2078 3359 2261 3430 Magni
2311 3356 2484 3428 Opera
2515 3397 2529 3422 ,
2573 3356 2792 3428 hujusce
2837 3357 3325 3429 Patrologitetomo
3361 3357 3455 3412 XC
3470 3357 3600 3412 VIII
3639 3402 3650 3421 ,

2075 3449 2177 3504 col.
2210 3450 2365 3504 1455.

2824 3520 2914 3574 1V.

2105 3634 2272 3708 456
2309 3633 2585 3690 vnusus
2626 3634 2715 3689 DE
2753 3633 2978 3690 CELLA
3018 3632 3532 3691 CORMABICENSI
3574 3634 3621 3684 ι.

2075 3746 2120 3802 O
2142 3759 2262 3801 mea
2289 3746 2444 3812 cella,
2475 3745 2609 3800 mihi
2637 3745 2902 3801 habitatio
2929 3745 3104 3801 dulcis
3133 3755 3311 3801 amata
3336 3787 3352 3810 ,

2150 3838 2376 3910 Semper
2400 3839 2454 3894 in
2481 3848 2767 3906 :eternum,
2794 3854 2827 3894 ο
2863 3854 2984 3894 mea
3012 3839 3148 3894 cella
3180 3837 3301 3893 vale
3325 3837 3339 3891 l

2074 3951 2365 4022 pellatione
2391 3950 2760 4022 veteriLurbis
2791 3950 3080 4022 Magensis.

2157 4024 2170 4062 ί
2206 4019 2251 4092 ρ
2283 4020 2524 4074 Bassine.
2578 4021 2808 4092 Hicuest
2855 4019 3090 4092 Basinus
3139 4021 3428 4092 episcopus
3455 4019 3656 4076 Nemeti

2077 4107 2173 4164 seu
2218 4091 2548 4164 Spira_e__cum
2598 4090 2750 4164 Lullo
2796 4090 3204 4164 archiepiscopo
3242 4101 3298 4164 et
3327 4090 3659 4164 'Megingodo

2077 4162 2334 4232 episcopo
2361 4161 2670 4232 Wirzburgi
2702 4161 2995 4232 anno_768’
3025 4178 3055 4216 a
3100 4161 3294 4218 Carolo
3322 4161 3549 4218 missus'
3568 4179 3658 4232 pro

2078 4230 2450 4288 consecranda
2475 4230 2704 4286 ecclesia
2737 4230 2795 4286 S.
2831 4230 3024 4287 Goaris
3075 4233 3144 4288 ab
3191 4232 3432 4287 Assnero
3474 4230 3659 4288 abbate

2079 4309 2412 4426 constt-12mm.
2465 4302 2692 4368 Mabill.,
2735 4301 2829 4357 lib.
2877 4318 3009 4356 xxxv
3055 4303 3252 4357 Annal.

2079 4388 2231 4426 mtm.
2345 4413 2358 4425 .

2079 4388 2231 4427 num.
2269 4388 2358 4426 ΖΙ.

2153 4441 2167 4492 i
2203 4441 2488 4514 Fulginia.
2521 4442 2682 4498 Forte
2710 4443 2977 4499 Fulradus
3005 4443 3172 4498 abbas
3196 4441 3255 4497 S.
3289 4443 3550 4514 Dionysii,
3571 4444 3658 4513 qui

2076 4528 2219 4584 anno
2245 4512 2347 4584 784
2371 4513 2523 4584 obiit,
2555 4521 2610 4567 et
2653 4515 2720 4567 ab
2759 4515 2988 4569 Alcuino
3029 4514 3364 4584 epitaphium
3411 4512 3656 4570 obtinuit.

2076 4583 2219 4655 quod
2247 4583 2378 4655 vide
2396 4582 2541 4655 inter
2561 4585 2802 4655 carmina
2827 4586 3077 4655 genuina,
3097 4582 3280 4654 supra,
3301 4601 3354 4638 η.
3381 4584 3507 4638 266.
3538 4585 3659 4639 Vide

2075 4651 2255 4724 etiam?
2281 4651 2500 4717 Mabill.,
2531 4662 2662 4707 tom.
2695 4654 2737 4708 Il
2763 4651 2955 4708 Annal.
2980 4651 3200 4724 passim.

2147 4724 2174 4763 ιι
2215 4723 2326 4778 Hoc
2351 4738 2571 4794 carmen
2617 4726 2757 4794 apud
2807 4723 3202 4792 Quercctanttm
3237 4739 3550 4779 connexum
3579 4734 3656 4778 est

2073 4794 2234 4866 alteri
2264 4811 2318 4847 n.
2346 4793 2454 4847 222
2476 4792 2788 4866 (nunc‘229)
2811 4811 2840 4849 a
2862 4811 2970 4866 quo
2993 4811 3023 4848 a
3052 4795 3208 4866 nobis
3237 4803 3656 4866 separatumest

2073 4864 2145 4918 ob
2191 4864 2493 4934 argumenti
2554 4864 2943 4920 diversitatem.
2997 4864 3340 4928 Mabillonio,
3386 4865 3509 4921 Act.
3558 4864 3650 4918 SS.

2075 4944 2510 5007 stec._1v,_part.
2553 4951 2570 4988 ι
2599 4976 2613 5000 ,
2655 4950 2777 5007 pag.
2811 4936 2914 4989 176
2939 4977 2952 4996 .
2994 4936 3214 5007 videtur
3238 4935 3367 4990 illud
3382 4953 3508 5007 _non
3542 4950 3653 5007 esse

2073 5004 2285 5076 Alcuini
2309 5004 2379 5059 ob
2400 5005 2500 5060 hos
2527 5003 2751 5070 versus,
2769 5007 2964 5076 quibus
2995 5008 3047 5060 in
3092 5021 3158 5059 co
3201 5005 3322 5060 loco
3381 5003 3494 5060 Vox
3518 5005 3650 5076 alma

2074 5075 2313 5143 magistri
2347 5076 2608 5147 quondam
2635 5075 2869 5147 sonuisse
2899 5087 2954 5131 et
2988 5093 3076 5130 ore
3109 5093 3259 5147 sacro
3291 5078 3532 5147 aoplgiam
3579 5075 3652 5147 di—

2075 5153 2251 5200 ctasse
2297 5145 2629 5212 perhibetur.
2679 5146 2811 5200 illud
2867 5155 3048 5201 tamen
3093 5146 3158 5200 de
3197 5145 3653 5202 cella‘Cormari-

2075 5215 2222 5286 censi
2276 5213 2695 5286 intelligendum,
2738 5232 2859 5272 esse
2914 5217 3056 5271 idem
3124 5225 3330 5281 censet,
3391 5217 3533 5270 sicut
3602 5224 3653 5286 et

2075 5284 2707 5361 alterutn_poema__iQG
2759 5286 2916 5361 (alias
2952 5287 3107 5361 198);
3143 5285 3306 5361 Addit
3358 5295 3542 5340 tamen
3571 5285 3651 5361 vir

2075 5355 2506 5430 celeberrimus,
2556 5355 2778 5430 ibidem'
2807 5373 2931 5430 p_ag_.
2999 5355 3128 5430 μη,
3159 5357 3299 5412 idem
3331 5371 3554 5430 carmen
3582 5355 3654 5430 in-

2075 5425 2240 5496 telligi
2267 5439 2426 5496 posse
2443 5426 2520 5492 de
2547 5426 2679 5481 cella
2727 5427 2784 5482 8.
2808 5423 3036 5483 Ἱιιᾘορί.
3077 5427 3273 5483 Postea
3323 5441 3456 5481 vero
3491 5427 3559 5496 in,
3595 5423 3652 5478 li-

2074 5495 2174 5550 bro
2195 5495 2322 5570 xxv:
2348 5495 2567 5570 Annal.,
2598 5497 2859 5570 pag._546
2883 5539 2922 5570 ,_
2951 5499 3272 5570 hosAversus
3299 5499 3480 5570 potius
3528 5495 3654 5550 Cor-

2073 5565 2397 5648 mariccnsih
2427 5565 2927 5648 quam'gftdocensi
2979 5567 3130 5648 cellae
3168 5565 3484 5648 tribuendos
3530 5579 3653 5647 esse

2072 5635 2424 5701 existimavit,
2448 5635 2594 5701 quod
2636 5638 2689 5693 id
2727 5638 2952 5694 suadeat
2979 5638 3100 5693 cceli
3134 5646 3188 5691 et
3217 5639 3314 5693 soli
3345 5635 3654 5699 ammnitas,

2073 5720 2192 5775 quae
2228 5706 2399 5781 magis
2437 5706 2514 5762 illi
2558 5723 2721 5780 quam
2749 5709 2876 5766 huic
2904 5708 3208 5767 conveniat.

3283 4344 3297 4368 ,
3354 4318 3480 4376 pag.
3521 4303 3623 4358 an;
3643 4345 3657 4367 ,
