3914 6178
297 269 438 328 H65
507 273 511 278 ’

300 387 548 459 Undique
582 395 634 443 te
662 386 830 460 cingit
851 387 1019 443 ramis
1038 387 1424 443 resonantibus
1446 385 1606 440 arbos
1633 425 1646 449 ,

372 480 576 535 Silvula
604 478 870 553 ﬂorigeris
901 494 1117 548 semper
1139 487 1334 534 onusta
1363 477 1553 532 comis.

300 569 462 626 Prata
497 570 792 626 salutiferis
824 569 1093 626 ﬂorebunt
1128 571 1308 624 omnia
1338 577 1393 623 et
1428 568 1610 623 herbis
1638 594 1653 631 -,

372 660 521 728 Quas
547 661 744 715 medici
774 661 968 730 quaerit
992 661 1183 715 dextra
1213 660 1404 714 salutis
1435 673 1534 729 ope
1559 657 1714 730 [Ed.,
1741 654 1882 728 ore].

296 752 548 807 Flumina
576 761 630 807 te
654 753 879 824 cingunt
898 751 1214 808 ﬂorentibus
1234 753 1475 822 undique
1501 752 1634 822 ripis
1658 792 1672 816 ,

373 843 531 899 Retia
553 845 796 913 piscator
823 858 930 912 qua
962 859 1059 898 sua
1095 843 1272 898 tendit
1307 858 1498 898 ovans.

298 935 582 991 Pomiferis
609 934 856 990 redolent
885 935 1053 990 ramis
1084 943 1174 990 tua
1200 935 1437 990 claustra
1460 949 1559 1006 per
1587 935 1773 990 hortos
1803 975 1817 1000 ,

368 1026 504 1080 Lilia
533 1041 660 1082 cum
689 1025 887 1081 rosulis
912 1025 1141 1082 candida
1171 1027 1341 1080 mixta
1380 1026 1581 1080 rubris.

299 1116 472 1173 Omne
500 1131 669 1188 genus
698 1117 981 1173 volucrum
1010 1118 1306 1172 matutinas
1328 1125 1585 1188 personat
1607 1116 1740 1171 odas
1766 1155 1781 1181 ,

373 1208 554 1278 Atque
578 1207 896 1263 Creatorem
922 1208 1108 1264 laudat
1135 1210 1190 1262 in
1217 1224 1312 1264 ore
1338 1209 1529 1263 Deum.

298 1300 357 1356 In
392 1311 442 1355 te
469 1300 754 1369 personuit
790 1300 1067 1369 quondam
1101 1315 1201 1354 vox
1233 1300 1373 1354 alma
1401 1299 1646 1370 magistri

371 1392 502 1458 Quae
526 1405 685 1446 sacro
711 1390 916 1460 sophia:
947 1390 1170 1444 tradidit
1204 1405 1299 1445 ore
1325 1390 1514 1445 libros.

297 1485 356 1539 In
389 1490 442 1536 te
469 1481 803 1551 temporibus
828 1480 994 1536 certis
1030 1480 1149 1536 laus
1186 1490 1372 1536 sancta
1397 1478 1638 1534 tonantis

371 1573 622 1631 Paciﬁcis
665 1571 818 1643 [Εά.
853 1571 1153 1643 paciﬁcos]
1201 1573 1381 1628 sonuit
1425 1571 1649 1627 vocibus
1699 1579 1860 1640 atque

1629 1661 1649 1734 [
1669 1659 1888 1716 animis.

301 1756 378 1812 Te
399 1771 521 1810 mea
552 1756 688 1811 cella
713 1754 873 1810 modo
909 1755 1229 1825 Iacrymosis
1251 1755 1450 1829 plango
1472 1757 1736 1812 cammnis
1763 1797 1778 1822 ,

373 1846 550 1915 Atque
575 1861 800 1917 gemens
839 1861 1000 1902 casus
1027 1856 1249 1915 pectore
1269 1847 1466 1918 plango
1493 1857 1634 1903 tuos.

305 1937 384 1992 Tu
415 1937 594 1993 subito
636 1939 894 2007 quoniam
937 1936 1121 2008 fugisti
1165 1940 1410 1992 carmina
1465 1948 1650 1992 vatum
1693 1937 1886 2002 [Edit.,

1177 2028 1372 2101 [fatum
1396 2046 1410 2094 ;
1442 2029 1675 2095 Habill.,
1715 2030 1849 2103 fato]
1874 2073 1889 2097 ,

373 2121 546 2191 Atque
570 2123 755 2192 ignota
786 2135 980 2176 manus
1014 2128 1067 2175 te
1093 2121 1256 2174 modo
1282 2128 1393 2175 tota
1426 2130 1575 2176 tenet
1597 2133 1645 2174 ο.

304 2215 381 2272 Te
406 2217 566 2272 modo
594 2231 698 2271 nec
717 2214 976 2278 Flaccus,
1017 2228 1118 2269 nec
1140 2213 1280 2269 vatis
1312 2213 1440 2286 [Εά.
1467 2256 1482 2280 ,
1515 2215 1663 2287 fatis]
1689 2215 1892 2270 Home-

1485 2305 1605 2378 [rus
1628 2305 1852 2361 habebit
1876 2345 1891 2372 ,

372 2397 483 2454 Nec
515 2396 666 2470 pueri
703 2412 889 2453 musas
912 2411 1013 2468 per
1038 2405 1129 2452 tua
1161 2406 1301 2454 tecta
1332 2407 1557 2454 canunt.

304 2489 546 2544 Vertitur
569 2503 730 2544 omne
755 2489 923 2545 decus
943 2489 1088 2545 saecli
1117 2491 1196 2544 sic
1222 2506 1456 2561 namque
1484 2499 1708 2561 repente
1731 2533 1747 2556 ,

375 2579 569 2636 Omnia
597 2590 880 2636 mutantur
903 2582 1190 2638 ordinibus
1214 2584 1403 2639 variis.

303 2671 390 2726 Nil
416 2679 601 2727 manet
625 2680 910 2737 aeternum,
952 2674 1089 2728 nihil
1112 2675 1448 2730 immutabile
1472 2691 1600 2732 vere
1628 2687 1714 2732 est
1735 2718 1751 2741 ,

375 2759 643 2814 Obscurat
667 2774 882 2815 sacrum
911 2777 1022 2817 nox
1053 2764 1343 2819 tenebrosa
1369 2765 1535 2820 diem.

302 2851 522 2907 Detulit
551 2858 606 2905 et
635 2849 795 2906 ﬂores
818 2852 998 2909 subito
1029 2854 1204 2909 hiems
1230 2854 1420 2925 frigida
1444 2857 1698 2926 pulchros
1721 2899 1735 2922 ,

376 2941 668 2998 Perturbat
687 2940 959 3012 placidum
981 2951 1038 2997 et
1052 2943 1262 2999 tristior
1287 2961 1418 3000 aura
1446 2961 1617 3001 mare.

303 3034 436 3101 Quae
459 3034 667 3104 campis
690 3049 882 3089 cervos
908 3034 1147 3107 agitabat
1167 3052 1318 3092 sacra
1338 3035 1598 3106 juventus
1615 3079 1631 3107 ,

374 3131 641 3188 Incumbit
664 3128 843 3185 fessus
871 3145 1015 3186 nunc
1040 3130 1234 3187 baculo
1260 3133 1466 3188 senior.

303 3222 415 3279 Nos
439 3222 625 3278 miseri
650 3223 662 3276 !
699 3237 799 3276 cur
833 3229 885 3276 te
921 3220 1228 3293 fugitivum,
1254 3225 1507 3290 mundus,
1532 3228 1823 3282 amamus?

375 3313 456 3369 Tu
482 3313 622 3385 fugis
654 3329 686 3368 a
721 3313 876 3369 nobis
902 3329 1120 3386 semper
1141 3315 1341 3385 ubique
1369 3333 1550 3372 ruens.

304 3405 386 3460 Tu
409 3403 622 3476 fugiens
648 3405 823 3477 fugias
842 3445 859 3472 ,
885 3404 1162 3462 Christum
1187 3422 1288 3462 nos
1315 3422 1534 3478 semper
1566 3424 1812 3468 amemus
1839 3453 1855 3477 ,

377 3495 603 3567 Semper
623 3511 776 3550 amor
795 3503 980 3552 teneat
997 3504 1216 3566 pectora
1247 3506 1434 3553 nostra
1462 3498 1578 3553 Dei.

303 3586 396 3642 Ille
423 3587 543 3657 pius
578 3584 810 3640 famulus
841 3584 958 3657 [F.,
987 3587 1106 3656 pios
1127 3586 1378 3659 famulos]
1404 3590 1524 3646 diro
1547 3591 1802 3650 defendat
1824 3597 1891 3651 ab

1583 3680 1739 3736 hoste

1583 3680 1739 3736 hoste

377 3767 458 3822 Ad
485 3764 682 3822 coelum
707 3763 924 3833 rapiens
950 3771 1169 3834 pectora
1192 3771 1379 3818 nostra
1418 3677 1592 3832 suos[;
1770 3723 1785 3746 ν

306 3857 536 3912 Pectore
567 3869 728 3924 quem
754 3853 960 3924 pariter
984 3861 1096 3909 toto
1123 3852 1418 3918 laudemus,
1446 3869 1689 3911 amemus
1714 3873 1728 3922 ;

381 3947 575 4004 Nostra
600 3952 686 4001 est
716 3943 804 4000 ille
824 3944 946 4015 pius
970 3943 1162 4016 gloria,
1188 3943 1320 4013 vita,
1350 3945 1515 4001 salus.

774 4149 804 4189 ι)
842 4058 1434 4206 VERSUgoALCUINI

311 4242 380 4297 1η
402 4241 582 4312 fronte
609 4240 804 4295 codicis
834 4239 948 4293 ~isti
985 4239 1486 4312 ttersus‘scribentur
1509 4281 1523 4299 .
1580 4240 1667 4293 ubi
1717 4242 1889 4312 imago

426 4312 580 4365 [tristi
603 4320 652 4365 et
687 4320 916 4382 quatuor
949 4307 1385 4382 evangelistarum
1421 4318 1469 4363 et
1505 4320 1732 4381 quatuor
1773 4307 1893 4382 ρίο-

379 4383 653 4454 phetarum
679 4381 932 4451 imagines
966 4381 1317 4434 continentur.

312 4474 518 4532 Ordine
543 4473 810 4544 quadrato
841 4471 1010 4526 variis
1037 4470 1253 4540 depicta
1280 4469 1466 4541 figuris
1484 4502 1497 4512 ι

383 4600 410 4628 δ
441 4585 632 4657 Ignota
657 4595 930 4657 manus__te
959 4583 1112 4657 modo
1142 4591 1248 4657 tota
1274 4593 1430 4657 tenet.
1461 4583 1622 4657 Forte
1648 4584 1746 4641 hos
1770 4601 1890 4641 vcr-

309 4675 406 4714 sus
428 4654 548 4727 post
575 4665 808 4711 mortem
833 4655 1020 4727 Flacci
1046 4669 1147 4727 seu
1180 4654 1393 4727 Alcuini
1417 4696 1432 4718 ,
1470 4663 1524 4727 et
1552 4654 1767 4710 Homeri
1793 4671 1891 4727 seu

307 4725 610 4799 Angilberti
634 4725 914 4799 scripserit
933 4725 1248 4799 Fridugisus
1277 4725 1444 4779 abbas
1461 4725 1800 4799 ‘Turonepsis
1828 4725 1885 4780 S.

312 4794 551 4863 Martini,
579 4794 861 4863 successor
884 4794 1122 4860 Alcuiui,
1149 4795 1240 4863 qui
1268 4809 1392 4848 cum
1423 4794 1630 4848 videret
1662 4794 1887 4852 Corma-

311 4869 488 4923 ricum
522 4860 877 4938 proprio'jarn
923 4860 1402 4938 gaudere—abbate,
1433 4879 1625 4938 nempe
1647 4863 1848 4938 Iacobo
1874 4909 1888 4931 ,

310 4938 454 4994 hanc
483 4934 676 4993 cellam
715 4937 873 5006 quasi
908 4934 1011 5006 sibi
1052 4934 1385 5006 subtractam
1442 4935 1714 5006 queritur.
1758 4936 1893 5006 (Ma-

311 5009 454 5072 blll.,
479 5006 698 5071 Annal.,
734 5003 772 5060 l.
806 5004 926 5077 cit.)
959 5005 1016 5077 Si
1038 5003 1256 5077 verorde
1281 5003 1414 5060 cella
1439 5004 1496 5077 S_.
1519 5004 1702 5061 Jodoci
1729 5003 1894 5063 hocce

310 5079 642 5149 epigramma
667 5075 1237 5149 interpretarimalis,
1294 5075 1526 5149 querelae
1553 5077 1894 5149 occasionem

311 5145 556 5216 p‘nébere
594 5148 772 5218 potuit
814 5145 1140 5218 quodiillius
1176 5145 1447 5218 possessio
1506 5153 1627 5216 post
1681 5147 1894 5202 Alcuini

312 5215 520 5273 ubitam
569 5215 843 5272 translata
865 5218 938 5272 sit
972 5217 1024 5270 in
1069 5215 1416 5270 Ferrariense
1464 5219 1852 5272 monasterium
1878 5259 1892 5282 ,

316 5295 430 5341 tum
462 5290 518 5342 in
549 5303 742 5343 manus
762 5287 936 5342 Odulli
963 5285 1196 5356 comitis.
1221 5285 1337 5352 Qua
1360 5285 1429 5356 de
1454 5301 1513 5356 re
1532 5287 1740 5356 passim
1769 5303 1897 5346 cono

314 5358 564 5438 queritur
588 5358 769 5428 Lupus
798 5357 966 5413 abbas
984 5355 1365 5412 Ferrariensis.
1391 5353 1514 5425 (Id.,
1532 5353 1648 5411 Ἀιι.
1703 5355 1833 5422 SS.,
1857 5357 1891 5411 I.

315 5426 784 5578 fita-)‘Ilosversus
807 5498 1147 5578 sub_nomi_ne
1188 5495 1510 5578 Alcuiniﬁes
1542 5497 1896 5578 codicellm

315 5566 445 5621 bibl.
468 5567 792 5624 Colbertinw
811 5568 982 5623 edidit
1003 5567 1388 5624 celeberrimus
1408 5565 1661 5624 Baluzius
1687 5569 1824 5623 libro
1847 5585 1897 5624 tv

315 5635 566 5711 Alisoell.,
592 5653 713 5711 pag.
744 5639 867 5711 550,
893 5638 988 5711 An
1016 5640 1083 5694 ad
1111 5637 1396 5692 Alcuinum
1423 5638 1768 5711 pertineant,
1795 5640 1897 5694 du-

319 5707 466 5764 bium
497 5707 698 5778 movet,
722 5709 865 5781 quod
890 5709 1052 5765 iidem
1080 5721 1270 5764 versus
1286 5745 1302 5774 ,
1335 5707 1604 5764 nonnullis
1634 5711 1855 5765 mutatis
1881 5750 1896 5778 ,

1239 270 1390 328 OPP.
1433 269 1661 326 DUBlA.
1705 301 1773 309 -
1813 265 2058 328 EPIST.,
2095 262 2428 326 CARMINA,
2472 263 2624 328 ΕΠΖ.

1911 382 1960 441 Α
1989 375 2218 446 Agmina
2240 383 2556 431 sanctorum
2584 374 2782 446 gaudia
2814 389 3010 448 magna
3050 374 3254 431 vident.

1917 3081 1968 3148 C

3441 259 3574 316 Ηῡϐ

1988 467 2066 520 Ex
2093 466 2291 536 quibus
2317 466 2487 522 Isaias
2513 467 2772 538 praecelso
2799 466 3054 539 dogmate
3077 467 3248 523 fretus
3276 509 3289 532 ,

1987 557 2258 615 Jeremias
2287 560 2494 629 pariter
2529 561 2742 616 Domini
2779 560 3040 616 miracula
3071 559 3344 632 psallunt;

1989 649 2260 707 Jezechiel
2290 653 2581 722 sedemque
2610 653 2706 707 Dei
2735 653 2995 710 describit
3017 661 3074 708 et
3102 653 3203 709 ista

1990 743 2060 797 Et
2085 743 2273 798 Daniel
2299 743 2576 798 Christum
2602 753 2790 798 narrat
2814 745 2882 799 de
2909 753 3093 799 monte
3119 744 3372 799 recisum.

1993 831 2013 906 [
2039 845 2061 873 ο
2096 834 2402 889 Humanum
2430 834 2631 890 Christi
2655 835 2913 890 describit
2940 835 3224 890 Matthmus
3248 843 3424 890 ortum
3452 853 3467 900 ς

1994 923 2140 977 More
2167 923 2297 978 boat
2330 923 2542 978 Marcus
2574 923 2876 979 frendentis
2909 939 3044 980 voce
3072 924 3265 980 leonis.

1994 1013 2160 1084 Mugit
2197 1029 2384 1070 amore
2410 1016 2501 1086 pio
2528 1015 2705 1070 Lucas
2733 1016 2790 1070 in
2821 1017 3063 1071 carmine
3091 1016 3312 1072 Christi.

1995 1103 2296 1160 Scribendo
2324 1114 2578 1177 penetras
2602 1106 2800 1161 coelum
2831 1115 2887 1160 tu
2919 1116 3100 1161 mente
3121 1105 3403 1178 Joannes].

1995 1215 2096 1272 Isti
2134 1217 2191 1270 in
2219 1215 2387 1271 altera
2423 1219 2616 1300 pagina
2643 1258 2658 1281 ,
2690 1218 2779 1271 ubi
2830 1233 2998 1286 agnus
3033 1217 3204 1288 pictus
3233 1225 3278 1269 et
3311 1231 3466 1272 xxntt
3501 1233 3578 1285 re.

2444 1297 2615 1342 mores
2640 1298 2688 1342 et
2714 1297 2856 1342 terra
2891 1297 2939 1341 et
2968 1303 3134 1341 mare.

1994 1398 2187 1454 Omnia
2215 1414 2335 1470 qua:
2363 1414 2601 1470 praesens
2629 1399 2786 1455 tellus
2816 1399 3066 1469 producit
3087 1398 3280 1453 alendo
3302 1440 3316 1458 ς

1995 1493 2063 1547 Et
2087 1494 2254 1548 maris
2283 1493 2400 1548 haec
2437 1493 2605 1548 facies
2627 1492 2794 1547 limbo
2825 1491 3183 1547 circumvenit
3205 1491 3402 1560 amplo.

1994 1582 2144 1653 Agne
2183 1583 2351 1636 Deum
2391 1582 2526 1636 solio
2561 1597 2775 1652 semper
2797 1587 3130 1636 venerantur
3159 1579 3211 1633 in
3238 1579 3347 1632 alto
3371 1620 3386 1643 ,

1999 1670 2271 1744 Sanguine
2301 1673 2392 1742 qui
2418 1673 2539 1728 fuso
2561 1673 2764 1728 tersisti
2782 1673 3012 1728 crimina
3038 1671 3180 1728 saecli

1917 1733 1965 1794 Β
1992 1733 2153 1836 45¹5
2190 1764 2248 1818 In
2273 1733 2453 1829 cruce,
2481 1771 2538 1817 tu
2568 1762 2746 1818 Caroli
2771 1763 3022 1835 detergas
3044 1761 3268 1818 vulnera
3298 1762 3460 1833 regis.

1994 1852 2063 1925 [ά
2091 1852 2236 1908 Cana
2262 1861 2483 1909 caterva
2508 1852 2695 1907 cluens
2718 1860 2902 1906 vatum
2930 1861 2985 1907 et
3012 1851 3337 1908 venerabilis
3371 1853 3503 1907 ordo
3529 1891 3543 1915 ,

1993 1942 2178 1998 Cmtus
2211 1942 2541 2013 apostolicus
2565 1941 2729 1998 sertis
2749 1941 3063 1997 caelestibus
3089 1941 3298 1997 instans

1993 2033 2220 2099 Laudat,
2245 2034 2459 2100 adorat,
2491 2043 2659 2098 amat,
2691 2034 2886 2089 devoto
2906 2041 3127 2104 pectore
3155 2033 3329 2088 timet.

1996 2124 2063 2178 Et
2089 2125 2339 2194 princeps
2359 2124 2584 2180 Carolus
2603 2124 2756 2178 vultu
2777 2123 3091 2193 speculatur
3120 2131 3312 2194 aperto
3342 2165 3357 2189 ,

1995 2214 2189 2280 Orans,
2214 2222 2275 2268 ut
2297 2223 2478 2269 tecum
2505 2214 2652 2268 vivat
2678 2213 2952 2284 longaevus
2977 2213 3030 2267 in
3059 2228 3234 2268 aevum
3253 2212 3293 2286 ].

2139 2303 2206 2358 In
2236 2302 2344 2358 alio
2373 2301 2486 2358 loco
2517 2303 2607 2357 ubi
2634 2319 2800 2374 agnus
2828 2302 2974 2358 solus
2997 2303 3168 2372 pictus
3200 2303 3443 2357 habetur.

1996 2395 2150 2450 Hunc
2173 2394 2386 2466 Moyses
2413 2410 2611 2466 agnum
2640 2395 2966 2451 monstravit
2983 2394 3099 2466 lege
3129 2394 3370 2450 futurum
3394 2436 3411 2462 ,

1994 2485 2216 2542 Cunctis
2245 2500 2346 2555 pro
2371 2485 2584 2556 p0pulis
2613 2485 2842 2556 perferri
2868 2484 3094 2540 vulnera
3120 2486 3332 2541 mortis.

2355 2574 2456 2630 Ubi
2489 2577 2705 2631 dextera
2734 2577 2932 2632 Christi
2962 2586 3038 2632 est
3059 2577 3219 2648 picta.

1997 2669 2228 2724 Dextera
2263 2681 2385 2738 quae
2410 2665 2589 2722 Patris
2615 2667 2873 2723 mundum
2903 2667 3108 2724 ditione
3130 2668 3396 2738 gubernat
3422 2710 3438 2735 ,

1996 2770 2064 2824 Et
2090 2777 2277 2824 natum
2311 2767 2482 2824 cmlos
2510 2768 2790 2840 proprium
2817 2769 3117 2824 transvexit
3141 2769 3194 2824 in
3219 2769 3375 2826 altos.

2371 2859 2439 2913 In
2463 2860 2569 2928 ﬁne
2599 2860 2824 2914 Joannis
2850 2861 3200 2932 evangelium.

1996 2953 2064 3007 Et
2086 2954 2337 3024 princeps
2358 2952 2606 3019 Carolus,
2635 2961 2824 3009 sancto
2846 2953 2938 3025 qui
2970 2969 3124 3010 more
3143 2955 3409 3028 benignus
3424 2999 3439 3023 ,

2067 3040 2215 3096 Illius
2239 3041 2329 3097 hic
2357 3040 2525 3096 codex
2558 3042 2728 3096 enitet
2750 3049 2907 3096 actus
2931 3057 3054 3113 ope.

2296 3131 2362 3185 In
2393 3130 2498 3200 ﬁne
2529 3130 2650 3184 libri
2679 3129 2967 3202 loquuntur
2992 3131 3292 3202 scriptores.

1998 3219 2272 3277 Hactenus
2294 3221 2347 3276 in
2374 3231 2620 3277 sanctum
2645 3220 2904 3277 sulcando
2926 3223 3194 3277 movimus
3225 3237 3410 3294 aequor

2067 3314 2289 3370 Littoris
2311 3315 2380 3369 ad
2403 3312 2565 3369 finem
2601 3321 2787 3369 nostra
2826 3313 3012 3370 carina
3049 3313 3218 3371 venit.

2745 3432 2832 3489 VI.

2161 3559 2185 3587 ε
2213 3547 2304 3601 AD
2337 3544 2693 3602 CANDIDUM
2729 3543 2978 3600 ROMAM
3017 3545 3416 3603 ABEUNTEM.

1998 3661 2072 3715 Te
2101 3676 2219 3715 mea
2245 3677 2401 3716 mens
2427 3661 2692 3729 sequitur,
2721 3659 3042 3714 cbarissimc
3066 3659 3327 3724 Candide,
3359 3661 3532 3716 tristis
3561 3679 3575 3729 ;

2072 3750 2153 3804 Me
2177 3759 2267 3803 tua
2297 3765 2450 3804 mens
2475 3765 2660 3804 secum
2690 3757 2873 3817 portet
2895 3749 3094 3817 ubique
3127 3765 3340 3820 precor.

1997 3839 2101 3891 Per
2135 3839 2256 3893 loca
2280 3846 2478 3900 cuncta
2508 3837 2603 3892 Dei
2627 3837 2832 3891 Christi
2859 3837 3152 3891 comitetur
3173 3848 3386 3894 euntem

2065 3925 2254 3981 Gratia
2279 3933 2350 3991 te,
2378 3935 2504 3980 nate
2529 3925 2726 3990 dulcis,
2748 3925 2818 3979 ab
2840 3939 2966 3979 arce
2987 3925 3116 3995 poli.

1995 4019 2062 4074 Et
2091 4019 2185 4074 tibi
2214 4033 2311 4089 per
2329 4026 2524 4085 terras,
2553 4018 2720 4074 silvas
2747 4027 2802 4074 et
2831 4016 3073 4086 ﬂumina,
3105 4029 3340 4090 montes,

2065 4111 2229 4168 Felici
2258 4120 2463 4168 rectum
2489 4113 2711 4168 tramite
2736 4114 2900 4170 donet
2933 4114 3055 4170 iter.

1998 4202 2066 4260 Ut
2092 4214 2144 4258 te
2166 4212 2350 4273 optata
2371 4204 2488 4260 dies
2504 4205 2616 4276 jam
2645 4215 2832 4261 cernat
2853 4207 2907 4263 in
2929 4207 3148 4263 arcibus
3180 4207 3342 4264 Urbis

2064 4292 2307 4363 Egregia
2324 4334 2338 4358 ,
2372 4293 2431 4363 in,
2456 4309 2563 4364 qua
2586 4302 2714 4348 sunt
2739 4293 2925 4350 limina
2949 4303 3138 4352 sancta
3159 4295 3304 4352 Petri
3321 4339 3337 4363 ,

1995 4384 2094 4453 Qui
2122 4393 2211 4439 tua
2244 4394 2370 4440 vota
2401 4385 2544 4442 ferat
2572 4385 2790 4442 Christo
2824 4403 2987 4458 super
3023 4390 3188 4445 ardua
3223 4390 3346 4447 θα)ιί

2062 4475 2330 4541 Culmina,
2363 4475 2664 4532 clementer
2693 4477 2902 4548 primus
2933 4479 2988 4534 in
3018 4479 3149 4534 orbe
3173 4480 3352 4544 Pater,

1991 4594 2205 4660 exstent
2229 4587 2282 4641 in
2310 4587 2496 4660 codice
2510 4586 2698 4660 Aureo
2729 4587 3142 4660 Evangeliorum
3172 4591 3226 4645 in
3254 4590 3483 4648 ecclesia
3518 4596 3576 4650 S.

1992 4659 2323 4713 Emmerami
2351 4657 2661 4713 Ratisbona:
2681 4657 2973 4723 custodito,
3002 4667 3060 4714 et
3101 4662 3301 4723 scripto
3333 4679 3442 4719 non
3480 4669 3581 4720 sub

1992 4727 2183 4804 Carolo
2215 4727 2416 4804 Magna
2443 4728 2539 4804 sed
2571 4729 2670 4783 sub
2691 4724 2895 4804 _C_a_luo:
2932 4731 3179 4804 quamvis
3200 4724 3317 4804 fieri
3339 4738 3577 4804 potuerit

1991 4805 2053 4853 ut
2078 4796 2373 4867 scriptores
2402 4796 2562 4864 hujus
2607 4798 2808 4853 codicis
2845 4796 3036 4855 versus
3062 4800 3274 4857 Alcuini
3300 4796 3367 4860 ei
3399 4816 3583 4862 vetus-

1992 4869 2116 4941 tiori
2163 4868 2460 4941 exemplari
2479 4909 2494 4934 ,
2518 4939 2530 4941 _
2553 4868 2874 4941 quibusdam
2916 4886 3017 4941 pro
3046 4871 3576 4930 circumstantiarum

1993 4940 2203 4994 ratione
2230 4939 2471 5002 mutatis,
2500 4938 2906 5008 descripserint.

2067 5019 2099 5082 ¢_
2143 5008 2386 5082 Quatuor
2454 5023 2645 5082 versus
2705 5020 2995 5082 sequentes
3021 5052 3036 5077 ,
3096 5013 3236 5082 apud
3302 5013 3577 5069 Baluzium

1994 5078 2323 5154 om_is§i,_hic
2348 5094 2415 5133 ex
2440 5078 2666 5149 praefato
2699 5078 2886 5136 codice
2925 5081 3105 5137 Aureo
3128 5078 3469 5154 supplentur.

1984 5172 1993 5180 -
2064 5148 2093 5221 (ξ
2128 5149 2376 5220 Quinque
2429 5148 2720 5221 Sequentes
2770 5165 2963 5207 versus
3001 5148 3482 5210 rursus'addimus
3511 5169 3578 5210 ex

1995 5219 2184 5274 eodem
2205 5219 2324 5275 cod.
2356 5235 2460 5275 ms.
2512 5219 2522 5221 ⁷

2057 5290 2210 5363 {Hoc
2222 5305 2440 5363 carmen
2457 5291 2722 5348 hactenus
2736 5291 2996 5363 ineditum
3011 5291 3270 5363 descripsi
3285 5305 3352 5348 ex
3365 5301 3578 5350 vetusto

1998 5360 2189 5435 codice
2199 5359 2614 5435 ASalisburgensi
2642 5377 2791 5435 num.
2811 5362 2898 5435 7f,
2926 5361 3017 5417 ubi
3040 5359 3384 5435 subiungitur
3409 5363 3579 5435 tribus

2001 5430 2244 5509 epistolis
2268 5430 2752 5509 Angilbérti,_quas
2775 5433 2826 5487 in
2844 5430 3159 5509 Appendice
3186 5430 3450 5509 dabim_us.
3494 5434 3574 5509 An

2000 5500 2161 5587 huius
2187 5500 2379 5587 sit,an
2393 5500 2753 5587 Alcuinimon
2793 5500 3086 5587 admodum
3105 5503 3313 5587 ‘liquet.
3357 5504 3462 5560 Pro

2000 5571 2161 5624 cuiuo
2200 5572 2548 5652 pronuntiare
2590 5571 2760 5639 libet,
2800 5572 2942 5654 quod
2973 5571 3262 5654 Candidus,
3291 5589 3462 5656 quem
3491 5575 3578 5660 hic

2238 5639 2516 5711 ﬁliumque
2554 5650 2738 5709 vocat,
2785 5639 2945 5698 fuerit
2988 5643 3214 5702 dilectus
3255 5659 3373 5717 eius
3413 5645 3578 5707 dum.

1999 5725 2175 5784 putus.
