  <div class='ocr_page' id='page_1' title='image "/cluster/home/n/w/nwhite01/storage/ocr_20150623/101/hvd.32044054759683/589.png"; bbox 0 0 3914 6178; ppageno 0'>
   <div class='ocr_carea' id='block_1_1' title="bbox 399 316 552 371">
    <p class='ocr_par' dir='ltr' id='par_1_1' title="bbox 399 316 552 371">
     <span class='ocr_line' id='line_1_1' title="bbox 399 316 552 371; baseline -0.02 0"><span class='ocrx_word' id='word_1_1' title='bbox 399 320 438 371; x_wconf 71' lang='grc'><strong>«1</strong></span> <span class='ocrx_word' id='word_1_2' title='bbox 459 316 552 371; x_wconf 78' lang='grc'><strong>167</strong></span> 
     </span>
    </p>
   </div>
   <div class='ocr_carea' id='block_1_2' title="bbox 413 411 1891 501">
    <p class='ocr_par' dir='ltr' id='par_1_2' title="bbox 413 411 1891 501">
     <span class='ocr_line' id='line_1_2' title="bbox 413 411 1891 501; baseline -0.013 -16"><span class='ocrx_word' id='word_1_3' title='bbox 413 433 545 501; x_wconf 76' lang='lat' dir='ltr'><strong>Qua:</strong></span> <span class='ocrx_word' id='word_1_4' title='bbox 576 428 672 486; x_wconf 93' lang='lat' dir='ltr'><strong>tibi</strong></span> <span class='ocrx_word' id='word_1_5' title='bbox 699 440 823 484; x_wconf 88' lang='lat' dir='ltr'><strong>cum</strong></span> <span class='ocrx_word' id='word_1_6' title='bbox 853 419 1130 494; x_wconf 74' lang='lat' dir='ltr'><strong>lacrymis,</strong></span> <span class='ocrx_word' id='word_1_7' title='bbox 1169 428 1444 491; x_wconf 89' lang='lat' dir='ltr'><strong>prostrato</strong></span> <span class='ocrx_word' id='word_1_8' title='bbox 1469 429 1696 486; x_wconf 84' lang='lat' dir='ltr'><strong>corpore</strong></span> <span class='ocrx_word' id='word_1_9' title='bbox 1719 411 1891 468; x_wconf 75' lang='lat' dir='ltr'><strong>terris</strong></span> 
     </span>
    </p>
   </div>
   <div class='ocr_carea' id='block_1_3' title="bbox 488 511 1643 583">
    <p class='ocr_par' dir='ltr' id='par_1_3' title="bbox 488 511 1643 583">
     <span class='ocr_line' id='line_1_3' title="bbox 488 511 1643 583; baseline -0.014 -4"><span class='ocrx_word' id='word_1_10' title='bbox 488 525 630 580; x_wconf 77' lang='lat' dir='ltr'><strong>Ante</strong></span> <span class='ocrx_word' id='word_1_11' title='bbox 666 521 836 576; x_wconf 90' lang='lat' dir='ltr'><strong>altare</strong></span> <span class='ocrx_word' id='word_1_12' title='bbox 871 518 992 583; x_wconf 91' lang='lat' dir='ltr'><strong>Dei,</strong></span> <span class='ocrx_word' id='word_1_13' title='bbox 1025 516 1207 572; x_wconf 84' lang='lat' dir='ltr'><strong>cordis</strong></span> <span class='ocrx_word' id='word_1_14' title='bbox 1235 515 1305 570; x_wconf 91' lang='lat' dir='ltr'><strong>ab</strong></span> <span class='ocrx_word' id='word_1_15' title='bbox 1334 511 1643 568; x_wconf 66' lang='lat' dir='ltr'><strong>oreﬂuant.</strong></span> 
     </span>
    </p>
   </div>
   <div class='ocr_carea' id='block_1_4' title="bbox 419 605 1617 685">
    <p class='ocr_par' dir='ltr' id='par_1_4' title="bbox 419 605 1617 685">
     <span class='ocr_line' id='line_1_4' title="bbox 419 605 1617 685; baseline -0.013 -13"><span class='ocrx_word' id='word_1_16' title='bbox 419 617 546 672; x_wconf 89' lang='lat' dir='ltr'><strong>Inde</strong></span> <span class='ocrx_word' id='word_1_17' title='bbox 569 629 666 685; x_wconf 89' lang='lat' dir='ltr'><strong>per</strong></span> <span class='ocrx_word' id='word_1_18' title='bbox 690 625 877 667; x_wconf 88' lang='lat' dir='ltr'><strong>aereas</strong></span> <span class='ocrx_word' id='word_1_19' title='bbox 907 608 1138 664; x_wconf 83' lang='lat' dir='ltr'><strong>ruituris</strong></span> <span class='ocrx_word' id='word_1_20' title='bbox 1169 605 1438 662; x_wconf 75' lang='lat' dir='ltr'><strong>mtenibus</strong></span> <span class='ocrx_word' id='word_1_21' title='bbox 1461 615 1617 658; x_wconf 75' lang='lat' dir='ltr'><strong>arces</strong></span> 
     </span>
    </p>
   </div>
   <div class='ocr_carea' id='block_1_5' title="bbox 492 692 1540 764">
    <p class='ocr_par' dir='ltr' id='par_1_5' title="bbox 492 692 1540 764">
     <span class='ocr_line' id='line_1_5' title="bbox 492 692 1540 764; baseline -0.015 -2"><span class='ocrx_word' id='word_1_22' title='bbox 492 707 576 762; x_wconf 84' lang='lat' dir='ltr'><strong>Ad</strong></span> <span class='ocrx_word' id='word_1_23' title='bbox 602 703 754 760; x_wconf 86' lang='lat' dir='ltr'><strong>Pauli</strong></span> <span class='ocrx_word' id='word_1_24' title='bbox 776 703 1002 759; x_wconf 87' lang='lat' dir='ltr'><strong>veniens</strong></span> <span class='ocrx_word' id='word_1_25' title='bbox 1028 706 1168 755; x_wconf 87' lang='lat' dir='ltr'><strong>tecta</strong></span> <span class='ocrx_word' id='word_1_26' title='bbox 1195 704 1408 752; x_wconf 90' lang='lat' dir='ltr'><strong>sacrata</strong></span> <span class='ocrx_word' id='word_1_27' title='bbox 1439 692 1540 764; x_wconf 86' lang='lat' dir='ltr'><strong>pii,</strong></span> 
     </span>
    </p>
   </div>
   <div class='ocr_carea' id='block_1_6' title="bbox 422 780 1918 862">
    <p class='ocr_par' dir='ltr' id='par_1_6' title="bbox 422 780 1918 862">
     <span class='ocr_line' id='line_1_6' title="bbox 422 780 1918 862; baseline -0.015 -7"><span class='ocrx_word' id='word_1_28' title='bbox 422 800 480 854; x_wconf 93' lang='lat' dir='ltr'><strong>In</strong></span> <span class='ocrx_word' id='word_1_29' title='bbox 505 796 686 855; x_wconf 86' lang='lat' dir='ltr'><strong>crucis</strong></span> <span class='ocrx_word' id='word_1_30' title='bbox 713 804 993 859; x_wconf 79' lang='lat' dir='ltr'><strong>extensus,</strong></span> <span class='ocrx_word' id='word_1_31' title='bbox 1030 787 1629 862; x_wconf 70' lang='lat' dir='ltr'><strong>gemebundopectore,</strong></span> <span class='ocrx_word' id='word_1_32' title='bbox 1667 780 1877 853; x_wconf 88' lang='lat' dir='ltr'><strong>signum</strong></span> <span class='ocrx_word' id='word_1_33' title='bbox 1903 819 1918 844; x_wconf 95' lang='lat'><strong>,</strong></span> 
     </span>
    </p>
   </div>
   <div class='ocr_carea' id='block_1_7' title="bbox 497 873 1730 960">
    <p class='ocr_par' dir='ltr' id='par_1_7' title="bbox 497 873 1730 960">
     <span class='ocr_line' id='line_1_7' title="bbox 497 873 1730 960; baseline -0.017 -13"><span class='ocrx_word' id='word_1_34' title='bbox 497 890 614 959; x_wconf 83' lang='lat' dir='ltr'><strong>Qua</strong></span> <span class='ocrx_word' id='word_1_35' title='bbox 640 888 815 960; x_wconf 89' lang='lat' dir='ltr'><strong>patris</strong></span> <span class='ocrx_word' id='word_1_36' title='bbox 849 894 904 942; x_wconf 90' lang='lat' dir='ltr'><strong>et</strong></span> <span class='ocrx_word' id='word_1_37' title='bbox 926 884 1039 940; x_wconf 91' lang='lat' dir='ltr'><strong>nati</strong></span> <span class='ocrx_word' id='word_1_38' title='bbox 1075 881 1301 938; x_wconf 91' lang='lat' dir='ltr'><strong>crimina</strong></span> <span class='ocrx_word' id='word_1_39' title='bbox 1324 878 1518 949; x_wconf 92' lang='lat' dir='ltr'><strong>plange</strong></span> <span class='ocrx_word' id='word_1_40' title='bbox 1552 873 1730 930; x_wconf 84' lang='lat' dir='ltr'><strong>simul.</strong></span> 
     </span>
    </p>
   </div>
   <div class='ocr_carea' id='block_1_8' title="bbox 431 966 1717 1052">
    <p class='ocr_par' dir='ltr' id='par_1_8' title="bbox 431 966 1717 1052">
     <span class='ocr_line' id='line_1_8' title="bbox 431 966 1717 1052; baseline -0.015 -15"><span class='ocrx_word' id='word_1_41' title='bbox 431 983 659 1052; x_wconf 79' lang='lat' dir='ltr'><strong>Moxque</strong></span> <span class='ocrx_word' id='word_1_42' title='bbox 685 995 782 1051; x_wconf 91' lang='lat' dir='ltr'><strong>per</strong></span> <span class='ocrx_word' id='word_1_43' title='bbox 804 976 1074 1034; x_wconf 75' lang='lat' dir='ltr'><strong>ecciesias</strong></span> <span class='ocrx_word' id='word_1_44' title='bbox 1101 973 1328 1027; x_wconf 90' lang='lat' dir='ltr'><strong>devotus</strong></span> <span class='ocrx_word' id='word_1_45' title='bbox 1357 982 1515 1024; x_wconf 89' lang='lat' dir='ltr'><strong>curre</strong></span> <span class='ocrx_word' id='word_1_46' title='bbox 1538 966 1717 1021; x_wconf 91' lang='lat' dir='ltr'><strong>viator</strong></span> 
     </span>
    </p>
   </div>
   <div class='ocr_carea' id='block_1_9' title="bbox 505 1055 1776 1134">
    <p class='ocr_par' dir='ltr' id='par_1_9' title="bbox 505 1055 1776 1134">
     <span class='ocr_line' id='line_1_9' title="bbox 505 1055 1776 1134; baseline -0.016 -6"><span class='ocrx_word' id='word_1_47' title='bbox 505 1071 847 1134; x_wconf 90' lang='lat' dir='ltr'><strong>Sanctorum,</strong></span> <span class='ocrx_word' id='word_1_48' title='bbox 879 1066 1106 1121; x_wconf 89' lang='lat' dir='ltr'><strong>laudans</strong></span> <span class='ocrx_word' id='word_1_49' title='bbox 1131 1076 1346 1132; x_wconf 88' lang='lat' dir='ltr'><strong>semper</strong></span> <span class='ocrx_word' id='word_1_50' title='bbox 1376 1060 1432 1114; x_wconf 91' lang='lat' dir='ltr'><strong>in</strong></span> <span class='ocrx_word' id='word_1_51' title='bbox 1464 1072 1558 1113; x_wconf 91' lang='lat' dir='ltr'><strong>ore</strong></span> <span class='ocrx_word' id='word_1_52' title='bbox 1587 1055 1776 1119; x_wconf 92' lang='lat' dir='ltr'><strong>Deum,</strong></span> 
     </span>
    </p>
   </div>
   <div class='ocr_carea' id='block_1_10' title="bbox 433 1149 1764 1228">
    <p class='ocr_par' dir='ltr' id='par_1_10' title="bbox 433 1149 1764 1228">
     <span class='ocr_line' id='line_1_10' title="bbox 433 1149 1764 1228; baseline -0.013 -13"><span class='ocrx_word' id='word_1_53' title='bbox 433 1161 536 1228; x_wconf 92' lang='lat' dir='ltr'><strong>Qui</strong></span> <span class='ocrx_word' id='word_1_54' title='bbox 568 1159 770 1214; x_wconf 90' lang='lat' dir='ltr'><strong>mundo</strong></span> <span class='ocrx_word' id='word_1_55' title='bbox 797 1155 930 1210; x_wconf 83' lang='lat' dir='ltr'><strong>tales</strong></span> <span class='ocrx_word' id='word_1_56' title='bbox 957 1151 1226 1208; x_wconf 86' lang='lat' dir='ltr'><strong>concessit</strong></span> <span class='ocrx_word' id='word_1_57' title='bbox 1254 1149 1456 1204; x_wconf 90' lang='lat' dir='ltr'><strong>habere</strong></span> <span class='ocrx_word' id='word_1_58' title='bbox 1485 1156 1764 1217; x_wconf 86' lang='lat' dir='ltr'><strong>patronos,</strong></span> 
     </span>
    </p>
   </div>
   <div class='ocr_carea' id='block_1_11' title="bbox 505 1237 1802 1319">
    <p class='ocr_par' dir='ltr' id='par_1_11' title="bbox 505 1237 1802 1319">
     <span class='ocr_line' id='line_1_11' title="bbox 505 1237 1802 1319; baseline -0.014 -14"><span class='ocrx_word' id='word_1_59' title='bbox 505 1251 644 1305; x_wconf 80' lang='lat' dir='ltr'><strong>Ante</strong></span> <span class='ocrx_word' id='word_1_60' title='bbox 670 1248 777 1319; x_wconf 91' lang='lat' dir='ltr'><strong>poli</strong></span> <span class='ocrx_word' id='word_1_61' title='bbox 815 1252 1022 1300; x_wconf 83' lang='lat' dir='ltr'><strong>stantes</strong></span> <span class='ocrx_word' id='word_1_62' title='bbox 1055 1241 1234 1298; x_wconf 84' lang='lat' dir='ltr'><strong>Patris</strong></span> <span class='ocrx_word' id='word_1_63' title='bbox 1265 1240 1321 1294; x_wconf 90' lang='lat' dir='ltr'><strong>in</strong></span> <span class='ocrx_word' id='word_1_64' title='bbox 1352 1253 1480 1295; x_wconf 85' lang='lat' dir='ltr'><strong>arce</strong></span> <span class='ocrx_word' id='word_1_65' title='bbox 1503 1237 1754 1291; x_wconf 86' lang='lat' dir='ltr'><strong>thronum</strong></span> <span class='ocrx_word' id='word_1_66' title='bbox 1789 1274 1802 1298; x_wconf 93' lang='lat'><strong>,</strong></span> 
     </span>
    </p>
   </div>
   <div class='ocr_carea' id='block_1_12' title="bbox 438 1325 1876 1412">
    <p class='ocr_par' dir='ltr' id='par_1_12' title="bbox 438 1325 1876 1412">
     <span class='ocr_line' id='line_1_12' title="bbox 438 1325 1876 1412; baseline -0.014 -16"><span class='ocrx_word' id='word_1_67' title='bbox 438 1341 712 1412; x_wconf 87' lang='lat' dir='ltr'><strong>Sanguine</strong></span> <span class='ocrx_word' id='word_1_68' title='bbox 739 1337 829 1408; x_wconf 90' lang='lat' dir='ltr'><strong>qui</strong></span> <span class='ocrx_word' id='word_1_69' title='bbox 855 1350 1013 1391; x_wconf 90' lang='lat' dir='ltr'><strong>roseo</strong></span> <span class='ocrx_word' id='word_1_70' title='bbox 1037 1334 1290 1388; x_wconf 87' lang='lat' dir='ltr'><strong>vicerunt</strong></span> <span class='ocrx_word' id='word_1_71' title='bbox 1312 1344 1478 1400; x_wconf 88' lang='lat' dir='ltr'><strong>regna</strong></span> <span class='ocrx_word' id='word_1_72' title='bbox 1512 1343 1610 1397; x_wconf 90' lang='lat' dir='ltr'><strong>per</strong></span> <span class='ocrx_word' id='word_1_73' title='bbox 1645 1325 1830 1378; x_wconf 88' lang='lat' dir='ltr'><strong>orbem</strong></span> <span class='ocrx_word' id='word_1_74' title='bbox 1861 1364 1876 1387; x_wconf 91' lang='lat'><strong>,</strong></span> 
     </span>
    </p>
   </div>
   <div class='ocr_carea' id='block_1_13' title="bbox 509 1421 1711 1496">
    <p class='ocr_par' dir='ltr' id='par_1_13' title="bbox 509 1421 1711 1496">
     <span class='ocr_line' id='line_1_13' title="bbox 509 1421 1711 1496; baseline -0.015 -7"><span class='ocrx_word' id='word_1_75' title='bbox 509 1434 796 1488; x_wconf 87' lang='lat' dir='ltr'><strong>Portantes</strong></span> <span class='ocrx_word' id='word_1_76' title='bbox 827 1427 1028 1484; x_wconf 84' lang='lat' dir='ltr'><strong>Christi</strong></span> <span class='ocrx_word' id='word_1_77' title='bbox 1063 1440 1161 1496; x_wconf 89' lang='lat' dir='ltr'><strong>per</strong></span> <span class='ocrx_word' id='word_1_78' title='bbox 1191 1424 1278 1493; x_wconf 90' lang='lat' dir='ltr'><strong>pia</strong></span> <span class='ocrx_word' id='word_1_79' title='bbox 1311 1421 1446 1478; x_wconf 92' lang='lat' dir='ltr'><strong>colla</strong></span> <span class='ocrx_word' id='word_1_80' title='bbox 1473 1433 1711 1475; x_wconf 85' lang='lat' dir='ltr'><strong>crucem.</strong></span> 
     </span>
    </p>
   </div>
   <div class='ocr_carea' id='block_1_14' title="bbox 437 1515 1894 1591">
    <p class='ocr_par' dir='ltr' id='par_1_14' title="bbox 437 1515 1894 1591">
     <span class='ocr_line' id='line_1_14' title="bbox 437 1515 1894 1591; baseline -0.013 -10"><span class='ocrx_word' id='word_1_81' title='bbox 437 1527 548 1581; x_wconf 87' lang='lat' dir='ltr'><strong>llos</strong></span> <span class='ocrx_word' id='word_1_82' title='bbox 578 1525 773 1580; x_wconf 83' lang='lat' dir='ltr'><strong>iterum</strong></span> <span class='ocrx_word' id='word_1_83' title='bbox 800 1529 964 1591; x_wconf 89' lang='lat' dir='ltr'><strong>atque</strong></span> <span class='ocrx_word' id='word_1_84' title='bbox 996 1518 1190 1573; x_wconf 89' lang='lat' dir='ltr'><strong>iterum</strong></span> <span class='ocrx_word' id='word_1_85' title='bbox 1217 1515 1412 1569; x_wconf 89' lang='lat' dir='ltr'><strong>devoto</strong></span> <span class='ocrx_word' id='word_1_86' title='bbox 1443 1521 1663 1582; x_wconf 88' lang='lat' dir='ltr'><strong>pectore</strong></span> <span class='ocrx_word' id='word_1_87' title='bbox 1689 1523 1852 1578; x_wconf 89' lang='lat' dir='ltr'><strong>posce</strong></span> <span class='ocrx_word' id='word_1_88' title='bbox 1879 1548 1894 1573; x_wconf 94' lang='lat'><strong>,</strong></span> 
     </span>
    </p>
   </div>
   <div class='ocr_carea' id='block_1_15' title="bbox 507 1599 1722 1681">
    <p class='ocr_par' dir='ltr' id='par_1_15' title="bbox 507 1599 1722 1681">
     <span class='ocr_line' id='line_1_15' title="bbox 507 1599 1722 1681; baseline -0.017 -9"><span class='ocrx_word' id='word_1_89' title='bbox 507 1617 817 1672; x_wconf 88' lang='lat' dir='ltr'><strong>Clementer</strong></span> <span class='ocrx_word' id='word_1_90' title='bbox 846 1609 1099 1681; x_wconf 88' lang='lat' dir='ltr'><strong>precibus</strong></span> <span class='ocrx_word' id='word_1_91' title='bbox 1134 1619 1348 1675; x_wconf 88' lang='lat' dir='ltr'><strong>semper</strong></span> <span class='ocrx_word' id='word_1_92' title='bbox 1373 1603 1564 1659; x_wconf 90' lang='lat' dir='ltr'><strong>adesse</strong></span> <span class='ocrx_word' id='word_1_93' title='bbox 1597 1599 1722 1653; x_wconf 88' lang='lat' dir='ltr'><strong>tuis.</strong></span> 
     </span>
    </p>
   </div>
   <div class='ocr_carea' id='block_1_16' title="bbox 441 1693 1812 1776">
    <p class='ocr_par' dir='ltr' id='par_1_16' title="bbox 441 1693 1812 1776">
     <span class='ocr_line' id='line_1_16' title="bbox 441 1693 1812 1776; baseline -0.015 -15"><span class='ocrx_word' id='word_1_94' title='bbox 441 1707 580 1761; x_wconf 78' lang='lat' dir='ltr'><strong>Ante</strong></span> <span class='ocrx_word' id='word_1_95' title='bbox 615 1705 733 1776; x_wconf 91' lang='lat' dir='ltr'><strong>pios</strong></span> <span class='ocrx_word' id='word_1_96' title='bbox 763 1703 976 1757; x_wconf 89' lang='lat' dir='ltr'><strong>cineres</strong></span> <span class='ocrx_word' id='word_1_97' title='bbox 1003 1699 1371 1769; x_wconf 82' lang='lat' dir='ltr'><strong>lacrymarum</strong></span> <span class='ocrx_word' id='word_1_98' title='bbox 1408 1693 1560 1764; x_wconf 89' lang='lat' dir='ltr'><strong>signa</strong></span> <span class='ocrx_word' id='word_1_99' title='bbox 1593 1699 1812 1744; x_wconf 90' lang='lat' dir='ltr'><strong>tuarum</strong></span> 
     </span>
    </p>
   </div>
   <div class='ocr_carea' id='block_1_17' title="bbox 497 1786 1688 1863">
    <p class='ocr_par' dir='ltr' id='par_1_17' title="bbox 497 1786 1688 1863">
     <span class='ocr_line' id='line_1_17' title="bbox 497 1786 1688 1863; baseline -0.016 -6"><span class='ocrx_word' id='word_1_100' title='bbox 497 1803 574 1857; x_wconf 62' lang='grc' dir='ltr'><strong>ειη</strong></span> <span class='ocrx_word' id='word_1_101' title='bbox 598 1799 769 1856; x_wconf 89' lang='lat' dir='ltr'><strong>sacris</strong></span> <span class='ocrx_word' id='word_1_102' title='bbox 795 1798 990 1853; x_wconf 87' lang='lat' dir='ltr'><strong>sistant</strong></span> <span class='ocrx_word' id='word_1_103' title='bbox 1013 1807 1230 1863; x_wconf 89' lang='lat' dir='ltr'><strong>semper</strong></span> <span class='ocrx_word' id='word_1_104' title='bbox 1265 1789 1470 1858; x_wconf 88' lang='lat' dir='ltr'><strong>ubique</strong></span> <span class='ocrx_word' id='word_1_105' title='bbox 1497 1786 1688 1858; x_wconf 86' lang='lat' dir='ltr'><strong>petris.</strong></span> 
     </span>
    </p>
   </div>
   <div class='ocr_carea' id='block_1_18' title="bbox 446 1877 1849 1964">
    <p class='ocr_par' dir='ltr' id='par_1_18' title="bbox 446 1877 1849 1964">
     <span class='ocr_line' id='line_1_18' title="bbox 446 1877 1849 1964; baseline -0.014 -14"><span class='ocrx_word' id='word_1_106' title='bbox 446 1895 523 1955; x_wconf 82' lang='lat' dir='ltr'><strong>&#39;I‘e</strong></span> <span class='ocrx_word' id='word_1_107' title='bbox 548 1905 769 1964; x_wconf 77' lang='lat' dir='ltr'><strong>quoque</strong></span> <span class='ocrx_word' id='word_1_108' title='bbox 797 1889 1025 1946; x_wconf 87' lang='lat' dir='ltr'><strong>sacratis</strong></span> <span class='ocrx_word' id='word_1_109' title='bbox 1057 1885 1299 1944; x_wconf 84' lang='lat' dir='ltr'><strong>studiosa</strong></span> <span class='ocrx_word' id='word_1_110' title='bbox 1333 1890 1514 1936; x_wconf 88' lang='lat' dir='ltr'><strong>mente</strong></span> <span class='ocrx_word' id='word_1_111' title='bbox 1536 1895 1634 1951; x_wconf 90' lang='lat' dir='ltr'><strong>per</strong></span> <span class='ocrx_word' id='word_1_112' title='bbox 1659 1877 1849 1932; x_wconf 87' lang='lat' dir='ltr'><strong>urbem</strong></span> 
     </span>
    </p>
   </div>
   <div class='ocr_carea' id='block_1_19' title="bbox 518 1981 1676 2050">
    <p class='ocr_par' dir='ltr' id='par_1_19' title="bbox 518 1981 1676 2050">
     <span class='ocr_line' id='line_1_19' title="bbox 518 1981 1676 2050; baseline -0.014 -6"><span class='ocrx_word' id='word_1_113' title='bbox 518 1986 831 2050; x_wconf 87' lang='lat' dir='ltr'><strong>Ordinibus,</strong></span> <span class='ocrx_word' id='word_1_114' title='bbox 847 1982 1034 2048; x_wconf 82' lang='lat' dir='ltr'><strong>festis,</strong></span> <span class='ocrx_word' id='word_1_115' title='bbox 1069 1981 1211 2035; x_wconf 91' lang='lat' dir='ltr'><strong>inter</strong></span> <span class='ocrx_word' id='word_1_116' title='bbox 1237 1986 1291 2033; x_wconf 92' lang='lat' dir='ltr'><strong>et</strong></span> <span class='ocrx_word' id='word_1_117' title='bbox 1319 1990 1440 2032; x_wconf 91' lang='lat' dir='ltr'><strong>esse</strong></span> <span class='ocrx_word' id='word_1_118' title='bbox 1464 1988 1676 2046; x_wconf 89' lang='lat' dir='ltr'><strong>precor.</strong></span> 
     </span>
    </p>
   </div>
   <div class='ocr_carea' id='block_1_20' title="bbox 450 2075 1888 2148">
    <p class='ocr_par' dir='ltr' id='par_1_20' title="bbox 450 2075 1888 2148">
     <span class='ocr_line' id='line_1_20' title="bbox 450 2075 1888 2148; baseline -0.012 -13"><span class='ocrx_word' id='word_1_119' title='bbox 450 2080 589 2148; x_wconf 84' lang='lat' dir='ltr'><strong>Quid</strong></span> <span class='ocrx_word' id='word_1_120' title='bbox 624 2079 723 2135; x_wconf 85' lang='lat' dir='ltr'><strong>cui</strong></span> <span class='ocrx_word' id='word_1_121' title='bbox 743 2075 1031 2133; x_wconf 91' lang='lat' dir='ltr'><strong>conveniat</strong></span> <span class='ocrx_word' id='word_1_122' title='bbox 1047 2085 1310 2144; x_wconf 82' lang='lat' dir='ltr'><strong>personae</strong></span> <span class='ocrx_word' id='word_1_123' title='bbox 1338 2077 1395 2125; x_wconf 92' lang='lat' dir='ltr'><strong>et</strong></span> <span class='ocrx_word' id='word_1_124' title='bbox 1425 2077 1667 2138; x_wconf 90' lang='lat' dir='ltr'><strong>tempore</strong></span> <span class='ocrx_word' id='word_1_125' title='bbox 1687 2079 1849 2123; x_wconf 90' lang='lat' dir='ltr'><strong>cerne</strong></span> <span class='ocrx_word' id='word_1_126' title='bbox 1873 2100 1888 2129; x_wconf 88' lang='lat'><strong>,</strong></span> 
     </span>
    </p>
   </div>
   <div class='ocr_carea' id='block_1_21' title="bbox 520 2159 1730 2224">
    <p class='ocr_par' dir='ltr' id='par_1_21' title="bbox 520 2159 1730 2224">
     <span class='ocr_line' id='line_1_21' title="bbox 520 2159 1730 2224; baseline -0.012 0"><span class='ocrx_word' id='word_1_127' title='bbox 520 2167 592 2224; x_wconf 87' lang='lat' dir='ltr'><strong>Ut</strong></span> <span class='ocrx_word' id='word_1_128' title='bbox 625 2167 776 2222; x_wconf 85' lang='lat' dir='ltr'><strong>Patri</strong></span> <span class='ocrx_word' id='word_1_129' title='bbox 813 2164 994 2221; x_wconf 88' lang='lat' dir='ltr'><strong>valeas</strong></span> <span class='ocrx_word' id='word_1_130' title='bbox 1031 2169 1228 2218; x_wconf 85' lang='lat' dir='ltr'><strong>cuncta</strong></span> <span class='ocrx_word' id='word_1_131' title='bbox 1251 2159 1457 2216; x_wconf 82' lang='lat' dir='ltr'><strong>referre</strong></span> <span class='ocrx_word' id='word_1_132' title='bbox 1482 2171 1730 2220; x_wconf 86' lang='lat' dir='ltr'><strong>memor;</strong></span> 
     </span>
    </p>
   </div>
   <div class='ocr_carea' id='block_1_22' title="bbox 431 2247 1746 2331">
    <p class='ocr_par' dir='ltr' id='par_1_22' title="bbox 431 2247 1746 2331">
     <span class='ocr_line' id='line_1_22' title="bbox 431 2247 1746 2331; baseline -0.008 -17"><span class='ocrx_word' id='word_1_133' title='bbox 431 2260 519 2314; x_wconf 63' lang='lat' dir='ltr'><strong>‘Et</strong></span> <span class='ocrx_word' id='word_1_134' title='bbox 543 2259 803 2331; x_wconf 82' lang='lat' dir='ltr'><strong>prodesse</strong></span> <span class='ocrx_word' id='word_1_135' title='bbox 832 2255 940 2313; x_wconf 88' lang='lat' dir='ltr'><strong>tuis</strong></span> <span class='ocrx_word' id='word_1_136' title='bbox 965 2254 1188 2312; x_wconf 88' lang='lat' dir='ltr'><strong>monitis</strong></span> <span class='ocrx_word' id='word_1_137' title='bbox 1212 2263 1268 2308; x_wconf 90' lang='lat' dir='ltr'><strong>et</strong></span> <span class='ocrx_word' id='word_1_138' title='bbox 1296 2250 1544 2307; x_wconf 85' lang='lat' dir='ltr'><strong>moribus</strong></span> <span class='ocrx_word' id='word_1_139' title='bbox 1569 2247 1746 2314; x_wconf 90' lang='lat' dir='ltr'><strong>almis,</strong></span> 
     </span>
    </p>
   </div>
   <div class='ocr_carea' id='block_1_23' title="bbox 519 2342 1680 2408">
    <p class='ocr_par' dir='ltr' id='par_1_23' title="bbox 519 2342 1680 2408">
     <span class='ocr_line' id='line_1_23' title="bbox 519 2342 1680 2408; baseline -0.009 -2"><span class='ocrx_word' id='word_1_140' title='bbox 519 2352 626 2408; x_wconf 86' lang='lat' dir='ltr'><strong>Per</strong></span> <span class='ocrx_word' id='word_1_141' title='bbox 657 2361 710 2408; x_wconf 91' lang='lat' dir='ltr'><strong>te</strong></span> <span class='ocrx_word' id='word_1_142' title='bbox 745 2357 934 2407; x_wconf 89' lang='lat' dir='ltr'><strong>sancta</strong></span> <span class='ocrx_word' id='word_1_143' title='bbox 959 2349 1057 2406; x_wconf 88' lang='lat' dir='ltr'><strong>Dei</strong></span> <span class='ocrx_word' id='word_1_144' title='bbox 1084 2353 1146 2403; x_wconf 85' lang='lat' dir='ltr'><strong>ut</strong></span> <span class='ocrx_word' id='word_1_145' title='bbox 1171 2345 1375 2401; x_wconf 79' lang='lat' dir='ltr'><strong>floreat</strong></span> <span class='ocrx_word' id='word_1_146' title='bbox 1416 2342 1680 2399; x_wconf 82' lang='lat' dir='ltr'><strong>Ecclesia.</strong></span> 
     </span>
    </p>
   </div>
   <div class='ocr_carea' id='block_1_24' title="bbox 434 2434 1648 2514">
    <p class='ocr_par' dir='ltr' id='par_1_24' title="bbox 434 2434 1648 2514">
     <span class='ocr_line' id='line_1_24' title="bbox 434 2434 1648 2514; baseline -0.009 -15"><span class='ocrx_word' id='word_1_147' title='bbox 434 2443 514 2498; x_wconf 70' lang='lat' dir='ltr'><strong>‘Si</strong></span> <span class='ocrx_word' id='word_1_148' title='bbox 541 2442 911 2514; x_wconf 72' lang='lat' dir='ltr'><strong>tepraeveniat</strong></span> <span class='ocrx_word' id='word_1_149' title='bbox 933 2438 1216 2496; x_wconf 84' lang='lat' dir='ltr'><strong>clementis</strong></span> <span class='ocrx_word' id='word_1_150' title='bbox 1245 2437 1419 2509; x_wconf 89' lang='lat' dir='ltr'><strong>gratia</strong></span> <span class='ocrx_word' id='word_1_151' title='bbox 1445 2434 1648 2491; x_wconf 89' lang='lat' dir='ltr'><strong>Christi</strong></span> 
     </span>
    </p>
   </div>
   <div class='ocr_carea' id='block_1_25' title="bbox 527 2524 1620 2596">
    <p class='ocr_par' dir='ltr' id='par_1_25' title="bbox 527 2524 1620 2596">
     <span class='ocr_line' id='line_1_25' title="bbox 527 2524 1620 2596; baseline -0.006 -10"><span class='ocrx_word' id='word_1_152' title='bbox 527 2531 668 2586; x_wconf 76' lang='lat' dir='ltr'><strong>Ante</strong></span> <span class='ocrx_word' id='word_1_153' title='bbox 690 2530 879 2587; x_wconf 90' lang='lat' dir='ltr'><strong>oculos</strong></span> <span class='ocrx_word' id='word_1_154' title='bbox 903 2544 1088 2585; x_wconf 91' lang='lat' dir='ltr'><strong>sacros</strong></span> <span class='ocrx_word' id='word_1_155' title='bbox 1112 2527 1288 2584; x_wconf 90' lang='lat' dir='ltr'><strong>Patris</strong></span> <span class='ocrx_word' id='word_1_156' title='bbox 1319 2524 1620 2596; x_wconf 86' lang='lat' dir='ltr'><strong>apostolici,</strong></span> 
     </span>
    </p>
   </div>
   <div class='ocr_carea' id='block_1_26' title="bbox 458 2611 1920 2684">
    <p class='ocr_par' dir='ltr' id='par_1_26' title="bbox 458 2611 1920 2684">
     <span class='ocr_line' id='line_1_26' title="bbox 458 2611 1920 2684; baseline -0.007 -9"><span class='ocrx_word' id='word_1_157' title='bbox 458 2622 625 2678; x_wconf 90' lang='lat' dir='ltr'><strong>Posce</strong></span> <span class='ocrx_word' id='word_1_158' title='bbox 659 2621 882 2676; x_wconf 90' lang='lat' dir='ltr'><strong>Patrum</strong></span> <span class='ocrx_word' id='word_1_159' title='bbox 917 2620 1148 2683; x_wconf 90' lang='lat' dir='ltr'><strong>cineres,</strong></span> <span class='ocrx_word' id='word_1_160' title='bbox 1178 2625 1380 2683; x_wconf 82' lang='lat' dir='ltr'><strong>vestes,</strong></span> <span class='ocrx_word' id='word_1_161' title='bbox 1411 2615 1497 2670; x_wconf 88' lang='lat' dir='ltr'><strong>vel</strong></span> <span class='ocrx_word' id='word_1_162' title='bbox 1533 2613 1672 2670; x_wconf 89' lang='lat' dir='ltr'><strong>forte</strong></span> <span class='ocrx_word' id='word_1_163' title='bbox 1696 2611 1920 2684; x_wconf 84' lang='lat' dir='ltr'><strong>capillos</strong></span> 
     </span>
    </p>
   </div>
   <div class='ocr_carea' id='block_1_27' title="bbox 533 2704 1885 2780">
    <p class='ocr_par' dir='ltr' id='par_1_27' title="bbox 533 2704 1885 2780">
     <span class='ocr_line' id='line_1_27' title="bbox 533 2704 1885 2780; baseline -0.007 -12"><span class='ocrx_word' id='word_1_164' title='bbox 533 2713 884 2775; x_wconf 90' lang='lat' dir='ltr'><strong>Sanctorum,</strong></span> <span class='ocrx_word' id='word_1_165' title='bbox 921 2723 1089 2765; x_wconf 75' lang='lat' dir='ltr'><strong>sacrae</strong></span> <span class='ocrx_word' id='word_1_166' title='bbox 1118 2716 1212 2763; x_wconf 93' lang='lat' dir='ltr'><strong>aut</strong></span> <span class='ocrx_word' id='word_1_167' title='bbox 1244 2707 1436 2780; x_wconf 86' lang='lat' dir='ltr'><strong>gaudia</strong></span> <span class='ocrx_word' id='word_1_168' title='bbox 1467 2721 1660 2778; x_wconf 87' lang='lat' dir='ltr'><strong>magna</strong></span> <span class='ocrx_word' id='word_1_169' title='bbox 1687 2704 1885 2761; x_wconf 88' lang='lat' dir='ltr'><strong>crucis.</strong></span> 
     </span>
    </p>
   </div>
   <div class='ocr_carea' id='block_1_28' title="bbox 465 2794 1729 2866">
    <p class='ocr_par' dir='ltr' id='par_1_28' title="bbox 465 2794 1729 2866">
     <span class='ocr_line' id='line_1_28' title="bbox 465 2794 1729 2866; baseline -0.008 -8"><span class='ocrx_word' id='word_1_170' title='bbox 465 2802 536 2858; x_wconf 90' lang='lat' dir='ltr'><strong>Ut</strong></span> <span class='ocrx_word' id='word_1_171' title='bbox 560 2801 631 2856; x_wconf 88' lang='lat' dir='ltr'><strong>sit</strong></span> <span class='ocrx_word' id='word_1_172' title='bbox 653 2799 954 2856; x_wconf 89' lang='lat' dir='ltr'><strong>subsidium</strong></span> <span class='ocrx_word' id='word_1_173' title='bbox 987 2805 1186 2852; x_wconf 81' lang='lat' dir='ltr'><strong>nostrae</strong></span> <span class='ocrx_word' id='word_1_174' title='bbox 1214 2812 1313 2866; x_wconf 87' lang='lat' dir='ltr'><strong>per</strong></span> <span class='ocrx_word' id='word_1_175' title='bbox 1344 2795 1541 2851; x_wconf 68' lang='lat' dir='ltr'><strong>saecula</strong></span> <span class='ocrx_word' id='word_1_176' title='bbox 1569 2794 1729 2861; x_wconf 66' lang='lat' dir='ltr'><strong>vitae,</strong></span> 
     </span>
    </p>
   </div>
   <div class='ocr_carea' id='block_1_29' title="bbox 534 2887 1755 2975">
    <p class='ocr_par' dir='ltr' id='par_1_29' title="bbox 534 2887 1755 2975">
     <span class='ocr_line' id='line_1_29' title="bbox 534 2887 1755 2975; baseline -0.007 -28"><span class='ocrx_word' id='word_1_177' title='bbox 534 2893 602 2947; x_wconf 88' lang='lat' dir='ltr'><strong>Et</strong></span> <span class='ocrx_word' id='word_1_178' title='bbox 629 2891 831 2947; x_wconf 88' lang='lat' dir='ltr'><strong>nostris</strong></span> <span class='ocrx_word' id='word_1_179' title='bbox 862 2890 1085 2961; x_wconf 89' lang='lat' dir='ltr'><strong>pariter,</strong></span> <span class='ocrx_word' id='word_1_180' title='bbox 1119 2903 1333 2975; x_wconf 74' lang='lat' dir='ltr'><strong>semper</strong></span> <span class='ocrx_word' id='word_1_181' title='bbox 1361 2888 1560 2958; x_wconf 91' lang='lat' dir='ltr'><strong>ubique</strong></span> <span class='ocrx_word' id='word_1_182' title='bbox 1583 2887 1755 2957; x_wconf 92' lang='lat' dir='ltr'><strong>pium.</strong></span> 
     </span>
    </p>
   </div>
   <div class='ocr_carea' id='block_1_30' title="bbox 463 2978 1890 3050">
    <p class='ocr_par' dir='ltr' id='par_1_30' title="bbox 463 2978 1890 3050">
     <span class='ocr_line' id='line_1_30' title="bbox 463 2978 1890 3050; baseline -0.006 -9"><span class='ocrx_word' id='word_1_183' title='bbox 463 2984 727 3041; x_wconf 89' lang='lat' dir='ltr'><strong>Omnibus</strong></span> <span class='ocrx_word' id='word_1_184' title='bbox 753 2983 839 3039; x_wconf 90' lang='lat' dir='ltr'><strong>his</strong></span> <span class='ocrx_word' id='word_1_185' title='bbox 861 2983 986 3047; x_wconf 91' lang='lat' dir='ltr'><strong>rite,</strong></span> <span class='ocrx_word' id='word_1_186' title='bbox 1016 2981 1233 3038; x_wconf 89' lang='lat' dir='ltr'><strong>Christo</strong></span> <span class='ocrx_word' id='word_1_187' title='bbox 1268 2980 1587 3045; x_wconf 88' lang='lat' dir='ltr'><strong>miserante,</strong></span> <span class='ocrx_word' id='word_1_188' title='bbox 1610 2978 1850 3050; x_wconf 90' lang='lat' dir='ltr'><strong>peractis</strong></span> <span class='ocrx_word' id='word_1_189' title='bbox 1876 3019 1890 3043; x_wconf 92' lang='lat'><strong>,</strong></span> 
     </span>
    </p>
   </div>
   <div class='ocr_carea' id='block_1_31' title="bbox 530 3071 1761 3144">
    <p class='ocr_par' dir='ltr' id='par_1_31' title="bbox 530 3071 1761 3144">
     <span class='ocr_line' id='line_1_31' title="bbox 530 3071 1761 3144; baseline -0.008 -12"><span class='ocrx_word' id='word_1_190' title='bbox 530 3076 613 3132; x_wconf 86' lang='lat' dir='ltr'><strong>Ad</strong></span> <span class='ocrx_word' id='word_1_191' title='bbox 639 3075 855 3130; x_wconf 85' lang='lat' dir='ltr'><strong>Patrem</strong></span> <span class='ocrx_word' id='word_1_192' title='bbox 882 3073 1098 3128; x_wconf 88' lang='lat' dir='ltr'><strong>rediens</strong></span> <span class='ocrx_word' id='word_1_193' title='bbox 1131 3086 1414 3144; x_wconf 90' lang='lat' dir='ltr'><strong>prospere,</strong></span> <span class='ocrx_word' id='word_1_194' title='bbox 1441 3085 1608 3142; x_wconf 88' lang='lat' dir='ltr'><strong>perge</strong></span> <span class='ocrx_word' id='word_1_195' title='bbox 1630 3071 1761 3126; x_wconf 90' lang='lat' dir='ltr'><strong>cito.</strong></span> 
     </span>
    </p>
   </div>
   <div class='ocr_carea' id='block_1_32' title="bbox 465 3161 1886 3238">
    <p class='ocr_par' dir='ltr' id='par_1_32' title="bbox 465 3161 1886 3238">
     <span class='ocr_line' id='line_1_32' title="bbox 465 3161 1886 3238; baseline -0.006 -14"><span class='ocrx_word' id='word_1_196' title='bbox 465 3169 582 3225; x_wconf 88' lang='lat' dir='ltr'><strong>Non</strong></span> <span class='ocrx_word' id='word_1_197' title='bbox 607 3176 660 3224; x_wconf 92' lang='lat' dir='ltr'><strong>te</strong></span> <span class='ocrx_word' id='word_1_198' title='bbox 689 3174 1008 3238; x_wconf 88' lang='lat' dir='ltr'><strong>pausantem</strong></span> <span class='ocrx_word' id='word_1_199' title='bbox 1037 3165 1220 3220; x_wconf 84' lang='lat' dir='ltr'><strong>videat</strong></span> <span class='ocrx_word' id='word_1_200' title='bbox 1240 3163 1354 3235; x_wconf 86' lang='lat' dir='ltr'><strong>jam</strong></span> <span class='ocrx_word' id='word_1_201' title='bbox 1385 3163 1622 3219; x_wconf 68' lang='lat' dir='ltr'><strong>Phaebus</strong></span> <span class='ocrx_word' id='word_1_202' title='bbox 1647 3163 1702 3217; x_wconf 90' lang='lat' dir='ltr'><strong>in</strong></span> <span class='ocrx_word' id='word_1_203' title='bbox 1729 3161 1886 3227; x_wconf 86' lang='lat' dir='ltr'><strong>Aula,</strong></span> 
     </span>
    </p>
   </div>
   <div class='ocr_carea' id='block_1_33' title="bbox 536 3255 1705 3326">
    <p class='ocr_par' dir='ltr' id='par_1_33' title="bbox 536 3255 1705 3326">
     <span class='ocr_line' id='line_1_33' title="bbox 536 3255 1705 3326; baseline -0.006 -10"><span class='ocrx_word' id='word_1_204' title='bbox 536 3260 646 3316; x_wconf 85' lang='lat' dir='ltr'><strong>Sed</strong></span> <span class='ocrx_word' id='word_1_205' title='bbox 671 3275 793 3315; x_wconf 91' lang='lat' dir='ltr'><strong>cum</strong></span> <span class='ocrx_word' id='word_1_206' title='bbox 821 3255 1070 3313; x_wconf 88' lang='lat' dir='ltr'><strong>Lucifero</strong></span> <span class='ocrx_word' id='word_1_207' title='bbox 1098 3271 1280 3326; x_wconf 82' lang='lat' dir='ltr'><strong>surge,</strong></span> <span class='ocrx_word' id='word_1_208' title='bbox 1311 3255 1489 3311; x_wconf 88' lang='lat' dir='ltr'><strong>viator</strong></span> <span class='ocrx_word' id='word_1_209' title='bbox 1518 3269 1705 3311; x_wconf 90' lang='lat' dir='ltr'><strong>ovans.</strong></span> 
     </span>
    </p>
   </div>
   <div class='ocr_carea' id='block_1_34' title="bbox 469 3346 1975 3418">
    <p class='ocr_par' dir='ltr' id='par_1_34' title="bbox 469 3346 1975 3418">
     <span class='ocr_line' id='line_1_34' title="bbox 469 3346 1975 3418; baseline -0.004 -12"><span class='ocrx_word' id='word_1_210' title='bbox 469 3352 585 3408; x_wconf 88' lang='lat' dir='ltr'><strong>Non</strong></span> <span class='ocrx_word' id='word_1_211' title='bbox 617 3352 698 3408; x_wconf 90' lang='lat' dir='ltr'><strong>sul</strong></span> <span class='ocrx_word' id='word_1_212' title='bbox 720 3350 1100 3416; x_wconf 84' lang='lat' dir='ltr'><strong>ﬂammivolus,</strong></span> <span class='ocrx_word' id='word_1_213' title='bbox 1126 3358 1345 3414; x_wconf 85' lang='lat' dir='ltr'><strong>ventus,</strong></span> <span class='ocrx_word' id='word_1_214' title='bbox 1369 3363 1476 3403; x_wconf 92' lang='lat' dir='ltr'><strong>non</strong></span> <span class='ocrx_word' id='word_1_215' title='bbox 1505 3347 1731 3418; x_wconf 79' lang='lat' dir='ltr'><strong>frigora,</strong></span> <span class='ocrx_word' id='word_1_216' title='bbox 1765 3346 1929 3402; x_wconf 90' lang='lat' dir='ltr'><strong>nimbi</strong></span> <span class='ocrx_word' id='word_1_217' title='bbox 1953 3387 1975 3413; x_wconf 87' lang='lat'><strong>,</strong></span> 
     </span>
    </p>
   </div>
   <div class='ocr_carea' id='block_1_35' title="bbox 538 3440 1738 3512">
    <p class='ocr_par' dir='ltr' id='par_1_35' title="bbox 538 3440 1738 3512">
     <span class='ocr_line' id='line_1_35' title="bbox 538 3440 1738 3512; baseline -0.003 -14"><span class='ocrx_word' id='word_1_218' title='bbox 538 3445 619 3499; x_wconf 87' lang='lat' dir='ltr'><strong>Ad</strong></span> <span class='ocrx_word' id='word_1_219' title='bbox 649 3444 864 3498; x_wconf 90' lang='lat' dir='ltr'><strong>Patrem</strong></span> <span class='ocrx_word' id='word_1_220' title='bbox 899 3443 1076 3496; x_wconf 93' lang='lat' dir='ltr'><strong>tardet</strong></span> <span class='ocrx_word' id='word_1_221' title='bbox 1098 3440 1214 3510; x_wconf 88' lang='lat' dir='ltr'><strong>jam</strong></span> <span class='ocrx_word' id='word_1_222' title='bbox 1241 3442 1588 3512; x_wconf 89' lang='lat' dir='ltr'><strong>properantis</strong></span> <span class='ocrx_word' id='word_1_223' title='bbox 1615 3442 1738 3495; x_wconf 86' lang='lat' dir='ltr'><strong>iter.</strong></span> 
     </span>
    </p>
   </div>
   <div class='ocr_carea' id='block_1_36' title="bbox 469 3533 1726 3603">
    <p class='ocr_par' dir='ltr' id='par_1_36' title="bbox 469 3533 1726 3603">
     <span class='ocr_line' id='line_1_36' title="bbox 469 3533 1726 3603; baseline -0.003 -11"><span class='ocrx_word' id='word_1_224' title='bbox 469 3536 662 3593; x_wconf 91' lang='lat' dir='ltr'><strong>Omnia</strong></span> <span class='ocrx_word' id='word_1_225' title='bbox 684 3534 851 3589; x_wconf 89' lang='lat' dir='ltr'><strong>vincit</strong></span> <span class='ocrx_word' id='word_1_226' title='bbox 873 3548 1045 3599; x_wconf 89' lang='lat' dir='ltr'><strong>amor,</strong></span> <span class='ocrx_word' id='word_1_227' title='bbox 1078 3533 1305 3603; x_wconf 90' lang='lat' dir='ltr'><strong>pedibus</strong></span> <span class='ocrx_word' id='word_1_228' title='bbox 1326 3533 1563 3588; x_wconf 77' lang='lat' dir='ltr'><strong>velocior</strong></span> <span class='ocrx_word' id='word_1_229' title='bbox 1583 3533 1726 3588; x_wconf 86' lang='lat' dir='ltr'><strong>Euro</strong></span> 
     </span>
    </p>
   </div>
   <div class='ocr_carea' id='block_1_37' title="bbox 543 3625 1635 3698">
    <p class='ocr_par' dir='ltr' id='par_1_37' title="bbox 543 3625 1635 3698">
     <span class='ocr_line' id='line_1_37' title="bbox 543 3625 1635 3698; baseline -0.003 -15"><span class='ocrx_word' id='word_1_230' title='bbox 543 3627 763 3684; x_wconf 91' lang='lat' dir='ltr'><strong>Festine</strong></span> <span class='ocrx_word' id='word_1_231' title='bbox 788 3642 974 3698; x_wconf 83' lang='lat' dir='ltr'><strong>perge,</strong></span> <span class='ocrx_word' id='word_1_232' title='bbox 1006 3640 1187 3691; x_wconf 91' lang='lat' dir='ltr'><strong>curre,</strong></span> <span class='ocrx_word' id='word_1_233' title='bbox 1213 3625 1356 3690; x_wconf 86' lang='lat' dir='ltr'><strong>vola,</strong></span> <span class='ocrx_word' id='word_1_234' title='bbox 1382 3639 1635 3696; x_wconf 89' lang='lat' dir='ltr'><strong>propera.</strong></span> 
     </span>
    </p>
   </div>
   <div class='ocr_carea' id='block_1_38' title="bbox 473 3715 1712 3788">
    <p class='ocr_par' dir='ltr' id='par_1_38' title="bbox 473 3715 1712 3788">
     <span class='ocr_line' id='line_1_38' title="bbox 473 3715 1712 3788; baseline -0.003 -12"><span class='ocrx_word' id='word_1_235' title='bbox 473 3721 542 3777; x_wconf 88' lang='lat' dir='ltr'><strong>Ut</strong></span> <span class='ocrx_word' id='word_1_236' title='bbox 570 3720 727 3775; x_wconf 69' lang='lat' dir='ltr'><strong>laetus</strong></span> <span class='ocrx_word' id='word_1_237' title='bbox 756 3718 937 3774; x_wconf 88' lang='lat' dir='ltr'><strong>videat</strong></span> <span class='ocrx_word' id='word_1_238' title='bbox 961 3717 1131 3774; x_wconf 76' lang='lat' dir='ltr'><strong>Iacob</strong></span> <span class='ocrx_word' id='word_1_239' title='bbox 1148 3715 1264 3786; x_wconf 85' lang='lat' dir='ltr'><strong>jam</strong></span> <span class='ocrx_word' id='word_1_240' title='bbox 1285 3715 1486 3788; x_wconf 84' lang='lat' dir='ltr'><strong>Joseph</strong></span> <span class='ocrx_word' id='word_1_241' title='bbox 1508 3717 1712 3782; x_wconf 89' lang='lat' dir='ltr'><strong>ocellis,</strong></span> 
     </span>
    </p>
   </div>
   <div class='ocr_carea' id='block_1_39' title="bbox 542 3808 1668 3874">
    <p class='ocr_par' dir='ltr' id='par_1_39' title="bbox 542 3808 1668 3874">
     <span class='ocr_line' id='line_1_39' title="bbox 542 3808 1668 3874; baseline -0.005 -7"><span class='ocrx_word' id='word_1_242' title='bbox 542 3812 684 3867; x_wconf 81' lang='lat' dir='ltr'><strong>Ante</strong></span> <span class='ocrx_word' id='word_1_243' title='bbox 719 3810 863 3866; x_wconf 88' lang='lat' dir='ltr'><strong>diem</strong></span> <span class='ocrx_word' id='word_1_244' title='bbox 894 3809 1025 3865; x_wconf 73' lang='lat' dir='ltr'><strong>dirte</strong></span> <span class='ocrx_word' id='word_1_245' title='bbox 1051 3809 1266 3874; x_wconf 88' lang='lat' dir='ltr'><strong>mortis,</strong></span> <span class='ocrx_word' id='word_1_246' title='bbox 1299 3808 1352 3863; x_wconf 91' lang='lat' dir='ltr'><strong>in</strong></span> <span class='ocrx_word' id='word_1_247' title='bbox 1382 3808 1516 3863; x_wconf 92' lang='lat' dir='ltr'><strong>urbe</strong></span> <span class='ocrx_word' id='word_1_248' title='bbox 1549 3824 1668 3864; x_wconf 90' lang='lat' dir='ltr'><strong>sua.</strong></span> 
     </span>
    </p>
   </div>
   <div class='ocr_carea' id='block_1_40' title="bbox 475 3897 1850 3972">
    <p class='ocr_par' dir='ltr' id='par_1_40' title="bbox 475 3897 1850 3972">
     <span class='ocr_line' id='line_1_40' title="bbox 475 3897 1850 3972; baseline -0.004 -14"><span class='ocrx_word' id='word_1_249' title='bbox 475 3904 615 3972; x_wconf 86' lang='lat' dir='ltr'><strong>Quid</strong></span> <span class='ocrx_word' id='word_1_250' title='bbox 642 3901 740 3957; x_wconf 89' lang='lat' dir='ltr'><strong>tibi</strong></span> <span class='ocrx_word' id='word_1_251' title='bbox 767 3901 920 3972; x_wconf 89' lang='lat' dir='ltr'><strong>plura</strong></span> <span class='ocrx_word' id='word_1_252' title='bbox 941 3915 1134 3956; x_wconf 88' lang='lat' dir='ltr'><strong>canam</strong></span> <span class='ocrx_word' id='word_1_253' title='bbox 1158 3900 1182 3954; x_wconf 87' lang='lat'><strong>?</strong></span> <span class='ocrx_word' id='word_1_254' title='bbox 1212 3897 1339 3954; x_wconf 77' lang='lat' dir='ltr'><strong>felix</strong></span> <span class='ocrx_word' id='word_1_255' title='bbox 1373 3898 1603 3955; x_wconf 80' lang='lat' dir='ltr'><strong>feliciter</strong></span> <span class='ocrx_word' id='word_1_256' title='bbox 1623 3913 1812 3955; x_wconf 90' lang='lat' dir='ltr'><strong>omnes</strong></span> <span class='ocrx_word' id='word_1_257' title='bbox 1835 3939 1850 3964; x_wconf 93' lang='lat'><strong>,</strong></span> 
     </span>
    </p>
   </div>
   <div class='ocr_carea' id='block_1_41' title="bbox 546 3992 1686 4059">
    <p class='ocr_par' dir='ltr' id='par_1_41' title="bbox 546 3992 1686 4059">
     <span class='ocr_line' id='line_1_41' title="bbox 546 3992 1686 4059; baseline -0.004 -10"><span class='ocrx_word' id='word_1_258' title='bbox 546 3993 705 4059; x_wconf 84' lang='lat' dir='ltr'><strong>Nate,</strong></span> <span class='ocrx_word' id='word_1_259' title='bbox 728 3994 845 4049; x_wconf 90' lang='lat' dir='ltr'><strong>vias</strong></span> <span class='ocrx_word' id='word_1_260' title='bbox 868 3993 1003 4048; x_wconf 91' lang='lat' dir='ltr'><strong>vade</strong></span> <span class='ocrx_word' id='word_1_261' title='bbox 1023 4007 1192 4059; x_wconf 91' lang='lat' dir='ltr'><strong>nunc,</strong></span> <span class='ocrx_word' id='word_1_262' title='bbox 1229 3993 1524 4049; x_wconf 79' lang='lat' dir='ltr'><strong>miserante</strong></span> <span class='ocrx_word' id='word_1_263' title='bbox 1556 3992 1686 4048; x_wconf 90' lang='lat' dir='ltr'><strong>Deo.</strong></span> 
     </span>
    </p>
   </div>
   <div class='ocr_carea' id='block_1_42' title="bbox 467 4083 1872 4160">
    <p class='ocr_par' dir='ltr' id='par_1_42' title="bbox 467 4083 1872 4160">
     <span class='ocr_line' id='line_1_42' title="bbox 467 4083 1872 4160; baseline -0.004 -16"><span class='ocrx_word' id='word_1_264' title='bbox 467 4089 743 4160; x_wconf 80' lang='lat' dir='ltr'><strong>Prospera</strong></span> <span class='ocrx_word' id='word_1_265' title='bbox 765 4087 1040 4142; x_wconf 82' lang='lat' dir='ltr'><strong>concedat</strong></span> <span class='ocrx_word' id='word_1_266' title='bbox 1064 4086 1250 4142; x_wconf 91' lang='lat' dir='ltr'><strong>mundi</strong></span> <span class='ocrx_word' id='word_1_267' title='bbox 1276 4086 1372 4142; x_wconf 89' lang='lat' dir='ltr'><strong>tibi</strong></span> <span class='ocrx_word' id='word_1_268' title='bbox 1397 4096 1590 4140; x_wconf 79' lang='lat' dir='ltr'><strong>cuncta</strong></span> <span class='ocrx_word' id='word_1_269' title='bbox 1624 4083 1872 4140; x_wconf 88' lang='lat' dir='ltr'><strong>Creator.</strong></span> 
     </span>
    </p>
   </div>
   <div class='ocr_carea' id='block_1_43' title="bbox 542 4176 1642 4245">
    <p class='ocr_par' dir='ltr' id='par_1_43' title="bbox 542 4176 1642 4245">
     <span class='ocr_line' id='line_1_43' title="bbox 542 4176 1642 4245; baseline -0.005 -9"><span class='ocrx_word' id='word_1_270' title='bbox 542 4181 731 4237; x_wconf 84' lang='lat' dir='ltr'><strong>Dulcis</strong></span> <span class='ocrx_word' id='word_1_271' title='bbox 753 4187 933 4236; x_wconf 88' lang='lat' dir='ltr'><strong>amate</strong></span> <span class='ocrx_word' id='word_1_272' title='bbox 959 4189 1076 4245; x_wconf 92' lang='lat' dir='ltr'><strong>tuo,</strong></span> <span class='ocrx_word' id='word_1_273' title='bbox 1103 4187 1251 4245; x_wconf 92' lang='lat' dir='ltr'><strong>nate,</strong></span> <span class='ocrx_word' id='word_1_274' title='bbox 1275 4177 1452 4234; x_wconf 83' lang='lat' dir='ltr'><strong>valeto</strong></span> <span class='ocrx_word' id='word_1_275' title='bbox 1467 4176 1642 4232; x_wconf 86' lang='lat' dir='ltr'><strong>Patri.</strong></span> 
     </span>
    </p>
   </div>
   <div class='ocr_carea' id='block_1_44' title="bbox 1231 4309 1343 4366">
    <p class='ocr_par' dir='ltr' id='par_1_44' title="bbox 1231 4309 1343 4366">
     <span class='ocr_line' id='line_1_44' title="bbox 1231 4309 1343 4366; baseline -0.018 0"><span class='ocrx_word' id='word_1_276' title='bbox 1231 4309 1343 4366; x_wconf 67' lang='lat' dir='ltr'><strong>VII.</strong></span> 
     </span>
    </p>
   </div>
   <div class='ocr_carea' id='block_1_45' title="bbox 564 4410 1997 4475">
    <p class='ocr_par' dir='ltr' id='par_1_45' title="bbox 564 4410 1997 4475">
     <span class='ocr_line' id='line_1_45' title="bbox 564 4410 1997 4475; baseline -0.005 0"><span class='ocrx_word' id='word_1_277' title='bbox 564 4434 590 4463; x_wconf 79' lang='grc' dir='ltr'>ι</span> <span class='ocrx_word' id='word_1_278' title='bbox 624 4415 853 4475; x_wconf 81' lang='lat' dir='ltr'><strong>ALBINI</strong></span> <span class='ocrx_word' id='word_1_279' title='bbox 891 4410 1284 4473; x_wconf 78' lang='lat' dir='ltr'><strong>ORATIONES</strong></span> <span class='ocrx_word' id='word_1_280' title='bbox 1327 4412 1420 4466; x_wconf 87' lang='lat' dir='ltr'><strong>AD</strong></span> <span class='ocrx_word' id='word_1_281' title='bbox 1470 4412 1663 4470; x_wconf 83' lang='lat' dir='ltr'><strong>DEUM</strong></span> <span class='ocrx_word' id='word_1_282' title='bbox 1714 4410 1802 4468; x_wconf 87' lang='grc' dir='ltr'><strong>ΕΤ</strong></span> <span class='ocrx_word' id='word_1_283' title='bbox 1837 4411 1997 4468; x_wconf 79' lang='lat' dir='ltr'><strong>APO-</strong></span> 
     </span>
    </p>
   </div>
   <div class='ocr_carea' id='block_1_46' title="bbox 1119 4500 1407 4559">
    <p class='ocr_par' dir='ltr' id='par_1_46' title="bbox 1119 4500 1407 4559">
     <span class='ocr_line' id='line_1_46' title="bbox 1119 4500 1407 4559; baseline -0.007 0"><span class='ocrx_word' id='word_1_284' title='bbox 1119 4500 1407 4559; x_wconf 86' lang='lat' dir='ltr'><strong>STOLOS.</strong></span> 
     </span>
    </p>
   </div>
   <div class='ocr_carea' id='block_1_47' title="bbox 483 4632 1951 4704">
    <p class='ocr_par' dir='ltr' id='par_1_47' title="bbox 483 4632 1951 4704">
     <span class='ocr_line' id='line_1_47' title="bbox 483 4632 1951 4704; baseline -0.005 -10"><span class='ocrx_word' id='word_1_285' title='bbox 483 4639 737 4696; x_wconf 82' lang='lat' dir='ltr'><strong>Auctoris</strong></span> <span class='ocrx_word' id='word_1_286' title='bbox 758 4635 946 4694; x_wconf 89' lang='lat' dir='ltr'><strong>mundi</strong></span> <span class='ocrx_word' id='word_1_287' title='bbox 981 4634 1240 4700; x_wconf 77' lang='lat' dir='ltr'><strong>maxima,</strong></span> <span class='ocrx_word' id='word_1_288' title='bbox 1273 4632 1628 4703; x_wconf 89' lang='lat' dir='ltr'><strong>deprecamur</strong></span> <span class='ocrx_word' id='word_1_289' title='bbox 1652 4632 1906 4704; x_wconf 76' lang='lat' dir='ltr'><strong>suffragia</strong></span> <span class='ocrx_word' id='word_1_290' title='bbox 1936 4673 1951 4699; x_wconf 90' lang='lat'><strong>,</strong></span> 
     </span>
    </p>
   </div>
   <div class='ocr_carea' id='block_1_48' title="bbox 485 4722 2066 4800">
    <p class='ocr_par' dir='ltr' id='par_1_48' title="bbox 485 4722 2066 4800">
     <span class='ocr_line' id='line_1_48' title="bbox 485 4722 2066 4800; baseline -0.005 -15"><span class='ocrx_word' id='word_1_291' title='bbox 485 4732 588 4800; x_wconf 87' lang='lat' dir='ltr'><strong>Qui</strong></span> <span class='ocrx_word' id='word_1_292' title='bbox 615 4745 739 4787; x_wconf 90' lang='lat' dir='ltr'><strong>cum</strong></span> <span class='ocrx_word' id='word_1_293' title='bbox 773 4736 922 4785; x_wconf 87' lang='lat' dir='ltr'><strong>esset</strong></span> <span class='ocrx_word' id='word_1_294' title='bbox 957 4728 1013 4783; x_wconf 91' lang='lat' dir='ltr'><strong>in</strong></span> <span class='ocrx_word' id='word_1_295' title='bbox 1045 4726 1214 4799; x_wconf 84' lang='lat' dir='ltr'><strong>gloria</strong></span> <span class='ocrx_word' id='word_1_296' title='bbox 1238 4767 1254 4792; x_wconf 94' lang='lat'><strong>,</strong></span> <span class='ocrx_word' id='word_1_297' title='bbox 1286 4739 1509 4782; x_wconf 91' lang='lat' dir='ltr'><strong>carnem</strong></span> <span class='ocrx_word' id='word_1_298' title='bbox 1539 4724 1768 4796; x_wconf 87' lang='lat' dir='ltr'><strong>sumpsit</strong></span> <span class='ocrx_word' id='word_1_299' title='bbox 1787 4739 1855 4778; x_wconf 82' lang='lat' dir='ltr'><strong>ex</strong></span> <span class='ocrx_word' id='word_1_300' title='bbox 1879 4722 2066 4778; x_wconf 84' lang='lat' dir='ltr'><strong>Maria.</strong></span> 
     </span>
    </p>
   </div>
   <div class='ocr_carea' id='block_1_49' title="bbox 486 4817 1896 4890">
    <p class='ocr_par' dir='ltr' id='par_1_49' title="bbox 486 4817 1896 4890">
     <span class='ocr_line' id='line_1_49' title="bbox 486 4817 1896 4890; baseline -0.002 -14"><span class='ocrx_word' id='word_1_301' title='bbox 486 4824 588 4890; x_wconf 85' lang='lat' dir='ltr'><strong>Qui</strong></span> <span class='ocrx_word' id='word_1_302' title='bbox 612 4821 948 4878; x_wconf 89' lang='lat' dir='ltr'><strong>descendens</strong></span> <span class='ocrx_word' id='word_1_303' title='bbox 967 4819 1202 4885; x_wconf 68' lang='lat' dir='ltr'><strong>coalitus,</strong></span> <span class='ocrx_word' id='word_1_304' title='bbox 1237 4819 1468 4875; x_wconf 91' lang='lat' dir='ltr'><strong>donator</strong></span> <span class='ocrx_word' id='word_1_305' title='bbox 1495 4818 1619 4874; x_wconf 67' lang='lat' dir='ltr'><strong>vitai</strong></span> <span class='ocrx_word' id='word_1_306' title='bbox 1646 4817 1858 4874; x_wconf 90' lang='lat' dir='ltr'><strong>vividus</strong></span> <span class='ocrx_word' id='word_1_307' title='bbox 1882 4857 1896 4884; x_wconf 87' lang='lat'><strong>,</strong></span> 
     </span>
    </p>
   </div>
   <div class='ocr_carea' id='block_1_50' title="bbox 487 4909 2068 4982">
    <p class='ocr_par' dir='ltr' id='par_1_50' title="bbox 487 4909 2068 4982">
     <span class='ocr_line' id='line_1_50' title="bbox 487 4909 2068 4982; baseline -0.002 -15"><span class='ocrx_word' id='word_1_308' title='bbox 487 4913 718 4969; x_wconf 90' lang='lat' dir='ltr'><strong>Crucem</strong></span> <span class='ocrx_word' id='word_1_309' title='bbox 743 4925 935 4982; x_wconf 89' lang='lat' dir='ltr'><strong>passus</strong></span> <span class='ocrx_word' id='word_1_310' title='bbox 955 4925 1054 4981; x_wconf 90' lang='lat' dir='ltr'><strong>pro</strong></span> <span class='ocrx_word' id='word_1_311' title='bbox 1073 4910 1345 4975; x_wconf 88' lang='lat' dir='ltr'><strong>omnibus,</strong></span> <span class='ocrx_word' id='word_1_312' title='bbox 1377 4910 1525 4966; x_wconf 89' lang='lat' dir='ltr'><strong>dedit</strong></span> <span class='ocrx_word' id='word_1_313' title='bbox 1548 4910 1689 4965; x_wconf 90' lang='lat' dir='ltr'><strong>dona</strong></span> <span class='ocrx_word' id='word_1_314' title='bbox 1714 4909 2024 4966; x_wconf 90' lang='lat' dir='ltr'><strong>hominibus</strong></span> <span class='ocrx_word' id='word_1_315' title='bbox 2052 4945 2068 4978; x_wconf 70' lang='grc' dir='ltr'><strong>ς</strong></span> 
     </span>
    </p>
   </div>
   <div class='ocr_carea' id='block_1_51' title="bbox 489 5001 1772 5078">
    <p class='ocr_par' dir='ltr' id='par_1_51' title="bbox 489 5001 1772 5078">
     <span class='ocr_line' id='line_1_51' title="bbox 489 5001 1772 5078; baseline -0.003 -18"><span class='ocrx_word' id='word_1_316' title='bbox 489 5004 790 5078; x_wconf 88' lang='lat' dir='ltr'><strong>Legislator</strong></span> <span class='ocrx_word' id='word_1_317' title='bbox 809 5003 1171 5076; x_wconf 91' lang='lat' dir='ltr'><strong>largissimus,</strong></span> <span class='ocrx_word' id='word_1_318' title='bbox 1199 5002 1342 5058; x_wconf 90' lang='lat' dir='ltr'><strong>Deus</strong></span> <span class='ocrx_word' id='word_1_319' title='bbox 1367 5010 1424 5057; x_wconf 93' lang='lat' dir='ltr'><strong>et</strong></span> <span class='ocrx_word' id='word_1_320' title='bbox 1450 5001 1546 5058; x_wconf 87' lang='lat' dir='ltr'><strong>Dei</strong></span> <span class='ocrx_word' id='word_1_321' title='bbox 1582 5001 1772 5058; x_wconf 89' lang='lat' dir='ltr'><strong>Filius.</strong></span> 
     </span>
    </p>
   </div>
   <div class='ocr_carea' id='block_1_52' title="bbox 492 5093 2076 5176">
    <p class='ocr_par' dir='ltr' id='par_1_52' title="bbox 492 5093 2076 5176">
     <span class='ocr_line' id='line_1_52' title="bbox 492 5093 2076 5176; baseline -0.004 -24"><span class='ocrx_word' id='word_1_322' title='bbox 492 5097 596 5163; x_wconf 90' lang='lat' dir='ltr'><strong>Qui</strong></span> <span class='ocrx_word' id='word_1_323' title='bbox 624 5103 751 5168; x_wconf 90' lang='lat' dir='ltr'><strong>post</strong></span> <span class='ocrx_word' id='word_1_324' title='bbox 775 5103 1029 5167; x_wconf 87' lang='lat' dir='ltr'><strong>peractos</strong></span> <span class='ocrx_word' id='word_1_325' title='bbox 1054 5095 1202 5176; x_wconf 80' lang='lat' dir='ltr'><strong>agios</strong></span> <span class='ocrx_word' id='word_1_326' title='bbox 1228 5094 1404 5150; x_wconf 90' lang='lat' dir='ltr'><strong>victor</strong></span> <span class='ocrx_word' id='word_1_327' title='bbox 1428 5094 1728 5150; x_wconf 88' lang='lat' dir='ltr'><strong>ascendens</strong></span> <span class='ocrx_word' id='word_1_328' title='bbox 1750 5093 2076 5164; x_wconf 90' lang='lat' dir='ltr'><strong>triumphos,</strong></span> 
     </span>
    </p>
   </div>
   <div class='ocr_carea' id='block_1_53' title="bbox 492 5184 2085 5258">
    <p class='ocr_par' dir='ltr' id='par_1_53' title="bbox 492 5184 2085 5258">
     <span class='ocr_line' id='line_1_53' title="bbox 492 5184 2085 5258; baseline -0.003 -16"><span class='ocrx_word' id='word_1_329' title='bbox 492 5188 658 5244; x_wconf 76' lang='lat' dir='ltr'><strong>ltinos</strong></span> <span class='ocrx_word' id='word_1_330' title='bbox 687 5187 966 5258; x_wconf 89' lang='lat' dir='ltr'><strong>bisquinos</strong></span> <span class='ocrx_word' id='word_1_331' title='bbox 990 5185 1268 5251; x_wconf 89' lang='lat' dir='ltr'><strong>candidos,</strong></span> <span class='ocrx_word' id='word_1_332' title='bbox 1315 5186 1517 5242; x_wconf 91' lang='lat' dir='ltr'><strong>mundo</strong></span> <span class='ocrx_word' id='word_1_333' title='bbox 1551 5185 1701 5242; x_wconf 89' lang='lat' dir='ltr'><strong>misit</strong></span> <span class='ocrx_word' id='word_1_334' title='bbox 1719 5184 2004 5256; x_wconf 89' lang='lat' dir='ltr'><strong>Apostolos</strong></span> <span class='ocrx_word' id='word_1_335' title='bbox 2027 5225 2042 5251; x_wconf 95' lang='lat'><strong>,</strong></span> <span class='ocrx_word' id='word_1_336' title='bbox 2077 5223 2085 5230; x_wconf 90' lang='lat'><strong>.</strong></span> 
     </span>
    </p>
   </div>
   <div class='ocr_carea' id='block_1_54' title="bbox 496 5277 1862 5349">
    <p class='ocr_par' dir='ltr' id='par_1_54' title="bbox 496 5277 1862 5349">
     <span class='ocr_line' id='line_1_54' title="bbox 496 5277 1862 5349; baseline -0.003 -14"><span class='ocrx_word' id='word_1_337' title='bbox 496 5279 736 5346; x_wconf 87' lang='lat' dir='ltr'><strong>Quorum</strong></span> <span class='ocrx_word' id='word_1_338' title='bbox 769 5279 1030 5333; x_wconf 89' lang='lat' dir='ltr'><strong>immensa</strong></span> <span class='ocrx_word' id='word_1_339' title='bbox 1061 5277 1230 5349; x_wconf 80' lang='lat' dir='ltr'><strong>gloria</strong></span> <span class='ocrx_word' id='word_1_340' title='bbox 1258 5277 1542 5348; x_wconf 89' lang='lat' dir='ltr'><strong>refulgehit</strong></span> <span class='ocrx_word' id='word_1_341' title='bbox 1562 5278 1618 5332; x_wconf 91' lang='lat' dir='ltr'><strong>in</strong></span> <span class='ocrx_word' id='word_1_342' title='bbox 1647 5277 1862 5332; x_wconf 63' lang='lat' dir='ltr'><strong>saecula.</strong></span> 
     </span>
    </p>
   </div>
   <div class='ocr_carea' id='block_1_55' title="bbox 567 5366 1902 5438">
    <p class='ocr_par' dir='ltr' id='par_1_55' title="bbox 567 5366 1902 5438">
     <span class='ocr_line' id='line_1_55' title="bbox 567 5366 1902 5438; baseline -0.001 -14"><span class='ocrx_word' id='word_1_343' title='bbox 567 5369 892 5425; x_wconf 86' lang='lat' dir='ltr'><strong>Benedictus</strong></span> <span class='ocrx_word' id='word_1_344' title='bbox 925 5367 1178 5438; x_wconf 88' lang='lat' dir='ltr'><strong>primitus</strong></span> <span class='ocrx_word' id='word_1_345' title='bbox 1205 5366 1380 5423; x_wconf 67' lang='lat' dir='ltr'><strong>haeres</strong></span> <span class='ocrx_word' id='word_1_346' title='bbox 1399 5367 1602 5422; x_wconf 87' lang='lat' dir='ltr'><strong>Christi</strong></span> <span class='ocrx_word' id='word_1_347' title='bbox 1630 5368 1868 5424; x_wconf 85' lang='lat' dir='ltr'><strong>vicarius</strong></span> <span class='ocrx_word' id='word_1_348' title='bbox 1888 5410 1902 5434; x_wconf 92' lang='lat'><strong>,</strong></span> 
     </span>
    </p>
   </div>
   <div class='ocr_carea' id='block_1_56' title="bbox 498 5459 2006 5533">
    <p class='ocr_par' dir='ltr' id='par_1_56' title="bbox 498 5459 2006 5533">
     <span class='ocr_line' id='line_1_56' title="bbox 498 5459 2006 5533; baseline 0.001 -17"><span class='ocrx_word' id='word_1_349' title='bbox 498 5459 731 5517; x_wconf 83' lang='lat' dir='ltr'><strong>Sanctus</strong></span> <span class='ocrx_word' id='word_1_350' title='bbox 752 5459 946 5516; x_wconf 90' lang='lat' dir='ltr'><strong>Petrus</strong></span> <span class='ocrx_word' id='word_1_351' title='bbox 976 5459 1251 5531; x_wconf 87' lang='lat' dir='ltr'><strong>apostolus</strong></span> <span class='ocrx_word' id='word_1_352' title='bbox 1285 5460 1460 5516; x_wconf 86' lang='lat' dir='ltr'><strong>sancti</strong></span> <span class='ocrx_word' id='word_1_353' title='bbox 1489 5462 1667 5533; x_wconf 84' lang='lat' dir='ltr'><strong>gregis</strong></span> <span class='ocrx_word' id='word_1_354' title='bbox 1695 5461 2006 5533; x_wconf 89' lang='lat' dir='ltr'><strong>primarius.</strong></span> 
     </span>
    </p>
   </div>
   <div class='ocr_carea' id='block_1_57' title="bbox 573 5592 2081 5663">
    <p class='ocr_par' dir='ltr' id='par_1_57' title="bbox 573 5592 2081 5663">
     <span class='ocr_line' id='line_1_57' title="bbox 573 5592 2081 5663; baseline 0.004 -17"><span class='ocrx_word' id='word_1_355' title='bbox 573 5606 598 5632; x_wconf 76' lang='grc' dir='ltr'>ι</span> <span class='ocrx_word' id='word_1_356' title='bbox 627 5593 704 5646; x_wconf 79' lang='lat' dir='ltr'><strong>Ex</strong></span> <span class='ocrx_word' id='word_1_357' title='bbox 751 5596 870 5649; x_wconf 91' lang='lat' dir='ltr'><strong>cod.</strong></span> <span class='ocrx_word' id='word_1_358' title='bbox 919 5608 1020 5648; x_wconf 91' lang='lat' dir='ltr'><strong>ms.</strong></span> <span class='ocrx_word' id='word_1_359' title='bbox 1079 5592 1340 5650; x_wconf 82' lang='lat' dir='ltr'><strong>Vaticano</strong></span> <span class='ocrx_word' id='word_1_360' title='bbox 1383 5594 1525 5654; x_wconf 80' lang='grc'><strong>5850</strong></span> <span class='ocrx_word' id='word_1_361' title='bbox 1575 5610 1697 5652; x_wconf 70' lang='lat' dir='ltr'><strong>srec.</strong></span> <span class='ocrx_word' id='word_1_362' title='bbox 1755 5611 1846 5663; x_wconf 75' lang='lat' dir='ltr'><strong>x1,</strong></span> <span class='ocrx_word' id='word_1_363' title='bbox 1889 5595 1980 5653; x_wconf 89' lang='lat' dir='ltr'><strong>fol.</strong></span> <span class='ocrx_word' id='word_1_364' title='bbox 2013 5597 2081 5652; x_wconf 71' lang='grc'><strong>43</strong></span> 
     </span>
    </p>
   </div>
   <div class='ocr_carea' id='block_1_58' title="bbox 504 5674 681 5715">
    <p class='ocr_par' dir='ltr' id='par_1_58' title="bbox 504 5674 681 5715">
     <span class='ocr_line' id='line_1_58' title="bbox 504 5674 681 5715; baseline 0.006 -2"><span class='ocrx_word' id='word_1_365' title='bbox 504 5674 681 5715; x_wconf 68' lang='lat' dir='ltr'><strong>VCI&#39;SO.</strong></span> 
     </span>
    </p>
   </div>
   <div class='ocr_carea' id='block_1_59' title="bbox 578 5729 1150 5788">
    <p class='ocr_par' dir='ltr' id='par_1_59' title="bbox 578 5729 1150 5788">
     <span class='ocr_line' id='line_1_59' title="bbox 578 5729 1150 5788; baseline 0.009 -5"><span class='ocrx_word' id='word_1_366' title='bbox 578 5733 605 5774; x_wconf 67' lang='grc' dir='ltr'><strong>υ</strong></span> <span class='ocrx_word' id='word_1_367' title='bbox 645 5729 794 5786; x_wconf 87' lang='lat' dir='ltr'><strong>Finis</strong></span> <span class='ocrx_word' id='word_1_368' title='bbox 815 5731 868 5786; x_wconf 88' lang='lat' dir='ltr'><strong>in</strong></span> <span class='ocrx_word' id='word_1_369' title='bbox 896 5733 1012 5787; x_wconf 91' lang='lat' dir='ltr'><strong>cod.</strong></span> <span class='ocrx_word' id='word_1_370' title='bbox 1048 5747 1150 5788; x_wconf 88' lang='lat' dir='ltr'><strong>ms.</strong></span> 
     </span>
    </p>
   </div>
   <div class='ocr_carea' id='block_1_60' title="bbox 1234 284 2862 360">
    <p class='ocr_par' dir='ltr' id='par_1_60' title="bbox 1234 284 2862 360">
     <span class='ocr_line' id='line_1_60' title="bbox 1234 284 2862 360; baseline -0.014 -1"><span class='ocrx_word' id='word_1_371' title='bbox 1234 305 1292 360; x_wconf 87' lang='grc' dir='ltr'><strong>Β.</strong></span> <span class='ocrx_word' id='word_1_372' title='bbox 1335 304 1398 360; x_wconf 85' lang='lat' dir='ltr'><strong>F.</strong></span> <span class='ocrx_word' id='word_1_373' title='bbox 1440 301 1662 360; x_wconf 79' lang='lat' dir='ltr'><strong>ALBINI</strong></span> <span class='ocrx_word' id='word_1_374' title='bbox 1704 298 1834 356; x_wconf 83' lang='lat' dir='ltr'><strong>SEU</strong></span> <span class='ocrx_word' id='word_1_375' title='bbox 1876 293 2154 354; x_wconf 74' lang='lat' dir='ltr'><strong>ALCUI‘NI</strong></span> <span class='ocrx_word' id='word_1_376' title='bbox 2193 287 2474 350; x_wconf 77' lang='lat' dir='ltr'><strong>OPERUM</strong></span> <span class='ocrx_word' id='word_1_377' title='bbox 2510 285 2689 344; x_wconf 79' lang='lat' dir='ltr'><strong>PARS</strong></span> <span class='ocrx_word' id='word_1_378' title='bbox 2730 284 2862 341; x_wconf 74' lang='lat' dir='ltr'><strong>V&#39;lll.</strong></span> 
     </span>
    </p>
   </div>
   <div class='ocr_carea' id='block_1_61' title="bbox 3527 285 3646 342">
    <p class='ocr_par' dir='ltr' id='par_1_61' title="bbox 3527 285 3646 342">
     <span class='ocr_line' id='line_1_61' title="bbox 3527 285 3646 342; baseline 0.025 -4"><span class='ocrx_word' id='word_1_379' title='bbox 3527 285 3646 342; x_wconf 67' lang='lat'><strong>“68</strong></span> 
     </span>
    </p>
   </div>
   <div class='ocr_carea' id='block_1_62' title="bbox 2026 397 3518 472">
    <p class='ocr_par' dir='ltr' id='par_1_62' title="bbox 2026 397 3518 472">
     <span class='ocr_line' id='line_1_62' title="bbox 2026 397 3518 472; baseline -0.005 -10"><span class='ocrx_word' id='word_1_380' title='bbox 2026 411 2078 472; x_wconf 71' lang='grc' dir='ltr'><strong>Α</strong></span> <span class='ocrx_word' id='word_1_381' title='bbox 2105 405 2372 462; x_wconf 87' lang='lat' dir='ltr'><strong>Bar-Jona</strong></span> <span class='ocrx_word' id='word_1_382' title='bbox 2394 404 2500 460; x_wconf 89' lang='lat' dir='ltr'><strong>alta</strong></span> <span class='ocrx_word' id='word_1_383' title='bbox 2526 402 2801 468; x_wconf 89' lang='lat' dir='ltr'><strong>columna,</strong></span> <span class='ocrx_word' id='word_1_384' title='bbox 2834 397 2944 471; x_wconf 89' lang='lat' dir='ltr'><strong>poli</strong></span> <span class='ocrx_word' id='word_1_385' title='bbox 2969 397 3231 454; x_wconf 85' lang='lat' dir='ltr'><strong>scandens</strong></span> <span class='ocrx_word' id='word_1_386' title='bbox 3257 397 3518 463; x_wconf 75' lang='lat' dir='ltr'><strong>sublimia,</strong></span> 
     </span>
    </p>
   </div>
   <div class='ocr_carea' id='block_1_63' title="bbox 2101 491 3502 570">
    <p class='ocr_par' dir='ltr' id='par_1_63' title="bbox 2101 491 3502 570">
     <span class='ocr_line' id='line_1_63' title="bbox 2101 491 3502 570; baseline -0.007 -14"><span class='ocrx_word' id='word_1_387' title='bbox 2101 500 2295 556; x_wconf 86' lang='lat' dir='ltr'><strong>Petrus</strong></span> <span class='ocrx_word' id='word_1_388' title='bbox 2323 499 2388 554; x_wconf 93' lang='lat' dir='ltr'><strong>de</strong></span> <span class='ocrx_word' id='word_1_389' title='bbox 2407 506 2563 570; x_wconf 90' lang='lat' dir='ltr'><strong>petra</strong></span> <span class='ocrx_word' id='word_1_390' title='bbox 2584 495 2756 551; x_wconf 86' lang='lat' dir='ltr'><strong>solida</strong></span> <span class='ocrx_word' id='word_1_391' title='bbox 2780 506 3015 564; x_wconf 90' lang='lat' dir='ltr'><strong>sequens</strong></span> <span class='ocrx_word' id='word_1_392' title='bbox 3042 491 3240 548; x_wconf 90' lang='lat' dir='ltr'><strong>Christi</strong></span> <span class='ocrx_word' id='word_1_393' title='bbox 3267 493 3502 563; x_wconf 88' lang='lat' dir='ltr'><strong>vestigia.</strong></span> 
     </span>
    </p>
   </div>
   <div class='ocr_carea' id='block_1_64' title="bbox 2086 584 3408 662">
    <p class='ocr_par' dir='ltr' id='par_1_64' title="bbox 2086 584 3408 662">
     <span class='ocr_line' id='line_1_64' title="bbox 2086 584 3408 662; baseline -0.006 -14"><span class='ocrx_word' id='word_1_394' title='bbox 2086 591 2245 648; x_wconf 85' lang='lat' dir='ltr'><strong>Puro</strong></span> <span class='ocrx_word' id='word_1_395' title='bbox 2265 590 2508 662; x_wconf 84' lang='lat' dir='ltr'><strong>perfecto</strong></span> <span class='ocrx_word' id='word_1_396' title='bbox 2531 588 2738 654; x_wconf 83' lang='lat' dir='ltr'><strong>labore,</strong></span> <span class='ocrx_word' id='word_1_397' title='bbox 2759 587 2966 658; x_wconf 87' lang='lat' dir='ltr'><strong>absque</strong></span> <span class='ocrx_word' id='word_1_398' title='bbox 2990 584 3151 640; x_wconf 72' lang='lat' dir='ltr'><strong>laetali</strong></span> <span class='ocrx_word' id='word_1_399' title='bbox 3177 598 3408 640; x_wconf 88' lang='lat' dir='ltr'><strong>merore.</strong></span> 
     </span>
    </p>
   </div>
   <div class='ocr_carea' id='block_1_65' title="bbox 2107 679 3654 754">
    <p class='ocr_par' dir='ltr' id='par_1_65' title="bbox 2107 679 3654 754">
     <span class='ocr_line' id='line_1_65' title="bbox 2107 679 3654 754; baseline 0.001 -16"><span class='ocrx_word' id='word_1_400' title='bbox 2107 684 2292 740; x_wconf 75' lang='lat' dir='ltr'><strong>Roma:</strong></span> <span class='ocrx_word' id='word_1_401' title='bbox 2320 691 2513 754; x_wconf 86' lang='lat' dir='ltr'><strong>pausat</strong></span> <span class='ocrx_word' id='word_1_402' title='bbox 2535 682 2589 736; x_wconf 94' lang='lat' dir='ltr'><strong>in</strong></span> <span class='ocrx_word' id='word_1_403' title='bbox 2621 681 3308 749; x_wconf 83' lang='lat' dir='ltr'><strong>honore,-crucempassus</strong></span> <span class='ocrx_word' id='word_1_404' title='bbox 3338 679 3435 734; x_wconf 89' lang='lat' dir='ltr'><strong>sub</strong></span> <span class='ocrx_word' id='word_1_405' title='bbox 3455 680 3654 738; x_wconf 81' lang='lat' dir='ltr'><strong>Nerone.</strong></span> 
     </span>
    </p>
   </div>
   <div class='ocr_carea' id='block_1_66' title="bbox 2108 769 3379 842">
    <p class='ocr_par' dir='ltr' id='par_1_66' title="bbox 2108 769 3379 842">
     <span class='ocr_line' id='line_1_66' title="bbox 2108 769 3379 842; baseline -0.006 -13"><span class='ocrx_word' id='word_1_406' title='bbox 2108 773 2274 842; x_wconf 86' lang='lat' dir='ltr'><strong>Cujus</strong></span> <span class='ocrx_word' id='word_1_407' title='bbox 2305 775 2566 828; x_wconf 90' lang='lat' dir='ltr'><strong>virtutum</strong></span> <span class='ocrx_word' id='word_1_408' title='bbox 2589 771 2793 842; x_wconf 80' lang='lat' dir='ltr'><strong>fulgida</strong></span> <span class='ocrx_word' id='word_1_409' title='bbox 2814 769 3080 826; x_wconf 85' lang='lat' dir='ltr'><strong>refulsere</strong></span> <span class='ocrx_word' id='word_1_410' title='bbox 3101 769 3379 824; x_wconf 84' lang='lat' dir='ltr'><strong>miracula.</strong></span> 
     </span>
    </p>
   </div>
   <div class='ocr_carea' id='block_1_67' title="bbox 2183 861 3536 934">
    <p class='ocr_par' dir='ltr' id='par_1_67' title="bbox 2183 861 3536 934">
     <span class='ocr_line' id='line_1_67' title="bbox 2183 861 3536 934; baseline -0.004 -13"><span class='ocrx_word' id='word_1_411' title='bbox 2183 865 2404 921; x_wconf 90' lang='lat' dir='ltr'><strong>Cunctis</strong></span> <span class='ocrx_word' id='word_1_412' title='bbox 2427 863 2619 919; x_wconf 90' lang='lat' dir='ltr'><strong>claruit</strong></span> <span class='ocrx_word' id='word_1_413' title='bbox 2640 863 2890 934; x_wconf 81' lang='lat' dir='ltr'><strong>gentibus</strong></span> <span class='ocrx_word' id='word_1_414' title='bbox 2915 861 3237 932; x_wconf 65' lang='lat' dir='ltr'><strong>praedicator</strong></span> <span class='ocrx_word' id='word_1_415' title='bbox 3254 861 3502 932; x_wconf 85' lang='lat' dir='ltr'><strong>egregius</strong></span> <span class='ocrx_word' id='word_1_416' title='bbox 3523 902 3536 926; x_wconf 94' lang='lat'><strong>,</strong></span> 
     </span>
    </p>
   </div>
   <div class='ocr_carea' id='block_1_68' title="bbox 2113 951 3635 1022">
    <p class='ocr_par' dir='ltr' id='par_1_68' title="bbox 2113 951 3635 1022">
     <span class='ocr_line' id='line_1_68' title="bbox 2113 951 3635 1022; baseline -0.005 -8"><span class='ocrx_word' id='word_1_417' title='bbox 2113 958 2350 1016; x_wconf 79' lang='lat' dir='ltr'><strong>Refulsit</strong></span> <span class='ocrx_word' id='word_1_418' title='bbox 2371 973 2479 1013; x_wconf 90' lang='lat' dir='ltr'><strong>non</strong></span> <span class='ocrx_word' id='word_1_419' title='bbox 2503 955 2816 1011; x_wconf 87' lang='lat' dir='ltr'><strong>videntibus</strong></span> <span class='ocrx_word' id='word_1_420' title='bbox 2842 952 3024 1008; x_wconf 84' lang='lat' dir='ltr'><strong>clarus</strong></span> <span class='ocrx_word' id='word_1_421' title='bbox 3055 967 3154 1008; x_wconf 89' lang='lat' dir='ltr'><strong>ceu</strong></span> <span class='ocrx_word' id='word_1_422' title='bbox 3179 951 3357 1022; x_wconf 79' lang='lat' dir='ltr'><strong>fulgor</strong></span> <span class='ocrx_word' id='word_1_423' title='bbox 3386 951 3595 1008; x_wconf 68' lang='lat' dir='ltr'><strong>Phoebus</strong></span> <span class='ocrx_word' id='word_1_424' title='bbox 3621 995 3635 1019; x_wconf 91' lang='lat'><strong>,</strong></span> 
     </span>
    </p>
   </div>
   <div class='ocr_carea' id='block_1_69' title="bbox 2117 1045 3584 1118">
    <p class='ocr_par' dir='ltr' id='par_1_69' title="bbox 2117 1045 3584 1118">
     <span class='ocr_line' id='line_1_69' title="bbox 2117 1045 3584 1118; baseline -0.004 -12"><span class='ocrx_word' id='word_1_425' title='bbox 2117 1050 2349 1106; x_wconf 88' lang='lat' dir='ltr'><strong>Sanctus</strong></span> <span class='ocrx_word' id='word_1_426' title='bbox 2371 1048 2570 1103; x_wconf 87' lang='lat' dir='ltr'><strong>Paulus</strong></span> <span class='ocrx_word' id='word_1_427' title='bbox 2596 1046 2874 1118; x_wconf 90' lang='lat' dir='ltr'><strong>apostolus</strong></span> <span class='ocrx_word' id='word_1_428' title='bbox 2899 1045 3106 1100; x_wconf 76' lang='lat' dir='ltr'><strong>electus</strong></span> <span class='ocrx_word' id='word_1_429' title='bbox 3137 1060 3248 1100; x_wconf 91' lang='lat' dir='ltr'><strong>non</strong></span> <span class='ocrx_word' id='word_1_430' title='bbox 3283 1045 3584 1100; x_wconf 89' lang='lat' dir='ltr'><strong>hominibus.</strong></span> 
     </span>
    </p>
   </div>
   <div class='ocr_carea' id='block_1_70' title="bbox 2121 1138 3516 1213">
    <p class='ocr_par' dir='ltr' id='par_1_70' title="bbox 2121 1138 3516 1213">
     <span class='ocr_line' id='line_1_70' title="bbox 2121 1138 3516 1213; baseline -0.004 -14"><span class='ocrx_word' id='word_1_431' title='bbox 2121 1143 2309 1199; x_wconf 87' lang='lat' dir='ltr'><strong>Sancti</strong></span> <span class='ocrx_word' id='word_1_432' title='bbox 2333 1141 2568 1213; x_wconf 86' lang='lat' dir='ltr'><strong>Spiritus</strong></span> <span class='ocrx_word' id='word_1_433' title='bbox 2590 1139 2854 1196; x_wconf 89' lang='lat' dir='ltr'><strong>fructibus</strong></span> <span class='ocrx_word' id='word_1_434' title='bbox 2881 1140 3120 1209; x_wconf 89' lang='lat' dir='ltr'><strong>repletus</strong></span> <span class='ocrx_word' id='word_1_435' title='bbox 3145 1138 3516 1210; x_wconf 88' lang='lat' dir='ltr'><strong>dignabilibus.</strong></span> 
     </span>
    </p>
   </div>
   <div class='ocr_carea' id='block_1_71' title="bbox 2119 1230 3639 1304">
    <p class='ocr_par' dir='ltr' id='par_1_71' title="bbox 2119 1230 3639 1304">
     <span class='ocr_line' id='line_1_71' title="bbox 2119 1230 3639 1304; baseline -0.001 -16"><span class='ocrx_word' id='word_1_436' title='bbox 2119 1234 2327 1304; x_wconf 82' lang='lat' dir='ltr'><strong>Raptus</strong></span> <span class='ocrx_word' id='word_1_437' title='bbox 2357 1233 2427 1289; x_wconf 92' lang='lat' dir='ltr'><strong>ad</strong></span> <span class='ocrx_word' id='word_1_438' title='bbox 2462 1232 2659 1288; x_wconf 62' lang='lat' dir='ltr'><strong>coelum</strong></span> <span class='ocrx_word' id='word_1_439' title='bbox 2684 1231 2928 1296; x_wconf 90' lang='lat' dir='ltr'><strong>tertium,</strong></span> <span class='ocrx_word' id='word_1_440' title='bbox 2950 1231 3203 1301; x_wconf 86' lang='lat' dir='ltr'><strong>dignatus</strong></span> <span class='ocrx_word' id='word_1_441' title='bbox 3229 1230 3419 1285; x_wconf 93' lang='lat' dir='ltr'><strong>doctor</strong></span> <span class='ocrx_word' id='word_1_442' title='bbox 3437 1231 3639 1302; x_wconf 89' lang='lat' dir='ltr'><strong>gentium</strong></span> 
     </span>
    </p>
   </div>
   <div class='ocr_carea' id='block_1_72' title="bbox 2127 1318 3396 1390">
    <p class='ocr_par' dir='ltr' id='par_1_72' title="bbox 2127 1318 3396 1390">
     <span class='ocr_line' id='line_1_72' title="bbox 2127 1318 3396 1390; baseline -0.005 -12"><span class='ocrx_word' id='word_1_443' title='bbox 2127 1321 2401 1378; x_wconf 89' lang='lat' dir='ltr'><strong>Solidator</strong></span> <span class='ocrx_word' id='word_1_444' title='bbox 2426 1321 2706 1385; x_wconf 90' lang='lat' dir='ltr'><strong>inertium,</strong></span> <span class='ocrx_word' id='word_1_445' title='bbox 2742 1319 3052 1376; x_wconf 86' lang='lat' dir='ltr'><strong>consolator</strong></span> <span class='ocrx_word' id='word_1_446' title='bbox 3074 1318 3396 1390; x_wconf 88' lang='lat' dir='ltr'><strong>lugentium.</strong></span> 
     </span>
    </p>
   </div>
   <div class='ocr_carea' id='block_1_73' title="bbox 2127 1409 3148 1485">
    <p class='ocr_par' dir='ltr' id='par_1_73' title="bbox 2127 1409 3148 1485">
     <span class='ocr_line' id='line_1_73' title="bbox 2127 1409 3148 1485; baseline -0.005 -16"><span class='ocrx_word' id='word_1_447' title='bbox 2127 1415 2253 1485; x_wconf 89' lang='lat' dir='ltr'><strong>Igne</strong></span> <span class='ocrx_word' id='word_1_448' title='bbox 2277 1413 2533 1485; x_wconf 89' lang='lat' dir='ltr'><strong>probatus</strong></span> <span class='ocrx_word' id='word_1_449' title='bbox 2559 1411 2826 1465; x_wconf 88' lang='lat' dir='ltr'><strong>vario.....</strong></span> <span class='ocrx_word' id='word_1_450' title='bbox 2855 1409 3148 1480; x_wconf 91' lang='lat' dir='ltr'><strong>triumpho.</strong></span> 
     </span>
    </p>
   </div>
   <div class='ocr_carea' id='block_1_74' title="bbox 2124 1499 3524 1572">
    <p class='ocr_par' dir='ltr' id='par_1_74' title="bbox 2124 1499 3524 1572">
     <span class='ocr_line' id='line_1_74' title="bbox 2124 1499 3524 1572; baseline -0.002 -13"><span class='ocrx_word' id='word_1_451' title='bbox 2124 1501 2289 1572; x_wconf 90' lang='lat' dir='ltr'><strong>Cujus</strong></span> <span class='ocrx_word' id='word_1_452' title='bbox 2327 1500 2758 1572; x_wconf 83' lang='lat' dir='ltr'><strong>inexplicabilem</strong></span> <span class='ocrx_word' id='word_1_453' title='bbox 2803 1509 3002 1555; x_wconf 91' lang='lat' dir='ltr'><strong>sonant</strong></span> <span class='ocrx_word' id='word_1_454' title='bbox 3037 1499 3240 1556; x_wconf 72' lang='lat' dir='ltr'><strong>saecula</strong></span> <span class='ocrx_word' id='word_1_455' title='bbox 3274 1501 3524 1571; x_wconf 81' lang='lat' dir='ltr'><strong>SOphiam.</strong></span> 
     </span>
    </p>
   </div>
   <div class='ocr_carea' id='block_1_75' title="bbox 2197 1591 3582 1666">
    <p class='ocr_par' dir='ltr' id='par_1_75' title="bbox 2197 1591 3582 1666">
     <span class='ocr_line' id='line_1_75' title="bbox 2197 1591 3582 1666; baseline 0 -16"><span class='ocrx_word' id='word_1_456' title='bbox 2197 1595 2404 1666; x_wconf 85' lang='lat' dir='ltr'><strong>Dignus</strong></span> <span class='ocrx_word' id='word_1_457' title='bbox 2437 1593 2594 1650; x_wconf 87' lang='lat' dir='ltr'><strong>valde</strong></span> <span class='ocrx_word' id='word_1_458' title='bbox 2617 1591 2874 1665; x_wconf 88' lang='lat' dir='ltr'><strong>fulgidus,</strong></span> <span class='ocrx_word' id='word_1_459' title='bbox 2913 1593 3106 1649; x_wconf 85' lang='lat' dir='ltr'><strong>doctor</strong></span> <span class='ocrx_word' id='word_1_460' title='bbox 3129 1594 3315 1650; x_wconf 88' lang='lat' dir='ltr'><strong>docuit</strong></span> <span class='ocrx_word' id='word_1_461' title='bbox 3339 1593 3582 1666; x_wconf 84' lang='lat' dir='ltr'><strong>gentibus,</strong></span> 
     </span>
    </p>
   </div>
   <div class='ocr_carea' id='block_1_76' title="bbox 2133 1683 3637 1758">
    <p class='ocr_par' dir='ltr' id='par_1_76' title="bbox 2133 1683 3637 1758">
     <span class='ocr_line' id='line_1_76' title="bbox 2133 1683 3637 1758; baseline -0.002 -16"><span class='ocrx_word' id='word_1_462' title='bbox 2133 1686 2370 1742; x_wconf 89' lang='lat' dir='ltr'><strong>Sanctus</strong></span> <span class='ocrx_word' id='word_1_463' title='bbox 2407 1685 2653 1744; x_wconf 85' lang='lat' dir='ltr'><strong>Andreas</strong></span> <span class='ocrx_word' id='word_1_464' title='bbox 2679 1685 2936 1754; x_wconf 91' lang='lat' dir='ltr'><strong>optimus,</strong></span> <span class='ocrx_word' id='word_1_465' title='bbox 2975 1683 3183 1740; x_wconf 88' lang='lat' dir='ltr'><strong>Christi</strong></span> <span class='ocrx_word' id='word_1_466' title='bbox 3216 1686 3358 1758; x_wconf 88' lang='lat' dir='ltr'><strong>regis</strong></span> <span class='ocrx_word' id='word_1_467' title='bbox 3388 1687 3637 1758; x_wconf 86' lang='lat' dir='ltr'><strong>apostolus.</strong></span> 
     </span>
    </p>
   </div>
   <div class='ocr_carea' id='block_1_77' title="bbox 2055 1773 3612 1847">
    <p class='ocr_par' dir='ltr' id='par_1_77' title="bbox 2055 1773 3612 1847">
     <span class='ocr_line' id='line_1_77' title="bbox 2055 1773 3612 1847; baseline -0.003 -14"><span class='ocrx_word' id='word_1_468' title='bbox 2055 1773 2104 1833; x_wconf 89' lang='lat' dir='ltr'><strong>B</strong></span> <span class='ocrx_word' id='word_1_469' title='bbox 2134 1776 2411 1847; x_wconf 85' lang='lat' dir='ltr'><strong>Organum</strong></span> <span class='ocrx_word' id='word_1_470' title='bbox 2451 1775 2626 1830; x_wconf 82' lang='lat' dir='ltr'><strong>sancti</strong></span> <span class='ocrx_word' id='word_1_471' title='bbox 2662 1773 2896 1846; x_wconf 90' lang='lat' dir='ltr'><strong>Spiritus</strong></span> <span class='ocrx_word' id='word_1_472' title='bbox 2915 1815 2930 1841; x_wconf 91' lang='lat'><strong>,</strong></span> <span class='ocrx_word' id='word_1_473' title='bbox 2959 1782 3188 1830; x_wconf 73' lang='lat' dir='ltr'><strong>ornatus</strong></span> <span class='ocrx_word' id='word_1_474' title='bbox 3217 1777 3612 1832; x_wconf 84' lang='lat' dir='ltr'><strong>charismatibus.</strong></span> 
     </span>
    </p>
   </div>
   <div class='ocr_carea' id='block_1_78' title="bbox 2135 1865 3475 1938">
    <p class='ocr_par' dir='ltr' id='par_1_78' title="bbox 2135 1865 3475 1938">
     <span class='ocr_line' id='line_1_78' title="bbox 2135 1865 3475 1938; baseline 0 -16"><span class='ocrx_word' id='word_1_475' title='bbox 2135 1867 2329 1922; x_wconf 89' lang='lat' dir='ltr'><strong>Frater</strong></span> <span class='ocrx_word' id='word_1_476' title='bbox 2356 1865 2506 1922; x_wconf 91' lang='lat' dir='ltr'><strong>Petri</strong></span> <span class='ocrx_word' id='word_1_477' title='bbox 2536 1865 2792 1937; x_wconf 84' lang='lat' dir='ltr'><strong>apostoli,</strong></span> <span class='ocrx_word' id='word_1_478' title='bbox 2826 1867 3060 1922; x_wconf 88' lang='lat' dir='ltr'><strong>dictator</strong></span> <span class='ocrx_word' id='word_1_479' title='bbox 3083 1867 3224 1938; x_wconf 87' lang='lat' dir='ltr'><strong>legis</strong></span> <span class='ocrx_word' id='word_1_480' title='bbox 3254 1867 3475 1923; x_wconf 88' lang='lat' dir='ltr'><strong>Domini.</strong></span> 
     </span>
    </p>
   </div>
   <div class='ocr_carea' id='block_1_79' title="bbox 2138 1959 3451 2024">
    <p class='ocr_par' dir='ltr' id='par_1_79' title="bbox 2138 1959 3451 2024">
     <span class='ocr_line' id='line_1_79' title="bbox 2138 1959 3451 2024; baseline 0.001 -11"><span class='ocrx_word' id='word_1_481' title='bbox 2138 1959 2315 2014; x_wconf 86' lang='lat' dir='ltr'><strong>Mente</strong></span> <span class='ocrx_word' id='word_1_482' title='bbox 2349 1967 2406 2014; x_wconf 91' lang='lat' dir='ltr'><strong>et</strong></span> <span class='ocrx_word' id='word_1_483' title='bbox 2432 1959 2581 2014; x_wconf 90' lang='lat' dir='ltr'><strong>vultu</strong></span> <span class='ocrx_word' id='word_1_484' title='bbox 2606 1959 2786 2024; x_wconf 87' lang='lat' dir='ltr'><strong>herili,</strong></span> <span class='ocrx_word' id='word_1_485' title='bbox 2818 1959 2981 2014; x_wconf 86' lang='lat' dir='ltr'><strong>decus</strong></span> <span class='ocrx_word' id='word_1_486' title='bbox 3015 1959 3071 2014; x_wconf 92' lang='lat' dir='ltr'><strong>in</strong></span> <span class='ocrx_word' id='word_1_487' title='bbox 3104 1967 3254 2014; x_wconf 90' lang='lat' dir='ltr'><strong>statu</strong></span> <span class='ocrx_word' id='word_1_488' title='bbox 3277 1961 3413 2016; x_wconf 79' lang='lat' dir='ltr'><strong>virili</strong></span> <span class='ocrx_word' id='word_1_489' title='bbox 3439 1980 3451 2014; x_wconf 92' lang='lat'>:</span> 
     </span>
    </p>
   </div>
   <div class='ocr_carea' id='block_1_80' title="bbox 2139 2047 3530 2122">
    <p class='ocr_par' dir='ltr' id='par_1_80' title="bbox 2139 2047 3530 2122">
     <span class='ocr_line' id='line_1_80' title="bbox 2139 2047 3530 2122; baseline -0.001 -17"><span class='ocrx_word' id='word_1_490' title='bbox 2139 2050 2449 2106; x_wconf 66' lang='lat' dir='ltr'><strong>Prtedicans</strong></span> <span class='ocrx_word' id='word_1_491' title='bbox 2472 2049 2529 2104; x_wconf 89' lang='lat' dir='ltr'><strong>in</strong></span> <span class='ocrx_word' id='word_1_492' title='bbox 2553 2047 2781 2118; x_wconf 66' lang='lat' dir='ltr'><strong>Achaia,</strong></span> <span class='ocrx_word' id='word_1_493' title='bbox 2804 2063 3021 2104; x_wconf 81' lang='lat' dir='ltr'><strong>erucem</strong></span> <span class='ocrx_word' id='word_1_494' title='bbox 3044 2064 3244 2120; x_wconf 88' lang='lat' dir='ltr'><strong>passus</strong></span> <span class='ocrx_word' id='word_1_495' title='bbox 3264 2051 3361 2105; x_wconf 92' lang='lat' dir='ltr'><strong>sub</strong></span> <span class='ocrx_word' id='word_1_496' title='bbox 3385 2051 3530 2122; x_wconf 85' lang='lat' dir='ltr'><strong>Egea.</strong></span> 
     </span>
    </p>
   </div>
   <div class='ocr_carea' id='block_1_81' title="bbox 2140 2139 3430 2213">
    <p class='ocr_par' dir='ltr' id='par_1_81' title="bbox 2140 2139 3430 2213">
     <span class='ocr_line' id='line_1_81' title="bbox 2140 2139 3430 2213; baseline -0.001 -18"><span class='ocrx_word' id='word_1_497' title='bbox 2140 2141 2299 2198; x_wconf 82' lang='lat' dir='ltr'><strong>Modo</strong></span> <span class='ocrx_word' id='word_1_498' title='bbox 2323 2149 2518 2213; x_wconf 88' lang='lat' dir='ltr'><strong>regnat</strong></span> <span class='ocrx_word' id='word_1_499' title='bbox 2539 2141 2593 2196; x_wconf 92' lang='lat' dir='ltr'><strong>in</strong></span> <span class='ocrx_word' id='word_1_500' title='bbox 2623 2139 2792 2211; x_wconf 90' lang='lat' dir='ltr'><strong>gloria</strong></span> <span class='ocrx_word' id='word_1_501' title='bbox 2813 2181 2828 2206; x_wconf 91' lang='lat'><strong>,</strong></span> <span class='ocrx_word' id='word_1_502' title='bbox 2865 2139 3018 2212; x_wconf 88' lang='lat' dir='ltr'><strong>regni</strong></span> <span class='ocrx_word' id='word_1_503' title='bbox 3041 2139 3244 2196; x_wconf 76' lang='lat' dir='ltr'><strong>habilis</strong></span> <span class='ocrx_word' id='word_1_504' title='bbox 3267 2139 3430 2196; x_wconf 85' lang='lat' dir='ltr'><strong>Helia.</strong></span> 
     </span>
    </p>
   </div>
   <div class='ocr_carea' id='block_1_82' title="bbox 2142 2230 3542 2303">
    <p class='ocr_par' dir='ltr' id='par_1_82' title="bbox 2142 2230 3542 2303">
     <span class='ocr_line' id='line_1_82' title="bbox 2142 2230 3542 2303; baseline -0.002 -14"><span class='ocrx_word' id='word_1_505' title='bbox 2142 2234 2315 2303; x_wconf 91' lang='lat' dir='ltr'><strong>Quem</strong></span> <span class='ocrx_word' id='word_1_506' title='bbox 2350 2232 2495 2288; x_wconf 89' lang='lat' dir='ltr'><strong>Deus</strong></span> <span class='ocrx_word' id='word_1_507' title='bbox 2519 2231 2586 2286; x_wconf 91' lang='lat' dir='ltr'><strong>de</strong></span> <span class='ocrx_word' id='word_1_508' title='bbox 2614 2231 2892 2286; x_wconf 89' lang='lat' dir='ltr'><strong>laboribus</strong></span> <span class='ocrx_word' id='word_1_509' title='bbox 2919 2230 3044 2286; x_wconf 67' lang='lat' dir='ltr'><strong>vita:</strong></span> <span class='ocrx_word' id='word_1_510' title='bbox 3078 2231 3319 2286; x_wconf 84' lang='lat' dir='ltr'><strong>reddidit</strong></span> <span class='ocrx_word' id='word_1_511' title='bbox 3339 2230 3542 2288; x_wconf 69' lang='lat' dir='ltr'><strong>floribus</strong></span> 
     </span>
    </p>
   </div>
   <div class='ocr_carea' id='block_1_83' title="bbox 2212 2323 3617 2400">
    <p class='ocr_par' dir='ltr' id='par_1_83' title="bbox 2212 2323 3617 2400">
     <span class='ocr_line' id='line_1_83' title="bbox 2212 2323 3617 2400; baseline 0.002 -22"><span class='ocrx_word' id='word_1_512' title='bbox 2212 2325 2382 2400; x_wconf 65' lang='grc'><strong>458</strong></span> <span class='ocrx_word' id='word_1_513' title='bbox 2413 2323 2633 2380; x_wconf 88' lang='lat' dir='ltr'><strong>Electus</strong></span> <span class='ocrx_word' id='word_1_514' title='bbox 2655 2323 2712 2377; x_wconf 90' lang='lat' dir='ltr'><strong>in</strong></span> <span class='ocrx_word' id='word_1_515' title='bbox 2743 2323 3025 2379; x_wconf 90' lang='lat' dir='ltr'><strong>cacumine</strong></span> <span class='ocrx_word' id='word_1_516' title='bbox 3058 2324 3290 2380; x_wconf 88' lang='lat' dir='ltr'><strong>honoris</strong></span> <span class='ocrx_word' id='word_1_517' title='bbox 3325 2325 3583 2396; x_wconf 86' lang='lat' dir='ltr'><strong>apostolice</strong></span> <span class='ocrx_word' id='word_1_518' title='bbox 3602 2365 3617 2387; x_wconf 83' lang='grc'><em>,</em></span> 
     </span>
    </p>
   </div>
   <div class='ocr_carea' id='block_1_84' title="bbox 2145 2414 3407 2488">
    <p class='ocr_par' dir='ltr' id='par_1_84' title="bbox 2145 2414 3407 2488">
     <span class='ocr_line' id='line_1_84' title="bbox 2145 2414 3407 2488; baseline -0.002 -14"><span class='ocrx_word' id='word_1_519' title='bbox 2145 2419 2307 2476; x_wconf 89' lang='lat' dir='ltr'><strong>Claro</strong></span> <span class='ocrx_word' id='word_1_520' title='bbox 2329 2416 2505 2472; x_wconf 84' lang='lat' dir='ltr'><strong>illuxit</strong></span> <span class='ocrx_word' id='word_1_521' title='bbox 2529 2414 2734 2470; x_wconf 86' lang='lat' dir='ltr'><strong>lumine</strong></span> <span class='ocrx_word' id='word_1_522' title='bbox 2755 2414 3016 2471; x_wconf 69' lang='lat' dir='ltr'><strong>doctrina:</strong></span> <span class='ocrx_word' id='word_1_523' title='bbox 3041 2415 3367 2488; x_wconf 65' lang='lat' dir='ltr'><strong>evangelica:</strong></span> <span class='ocrx_word' id='word_1_524' title='bbox 3388 2454 3407 2480; x_wconf 88' lang='lat'><strong>-,</strong></span> 
     </span>
    </p>
   </div>
   <div class='ocr_carea' id='block_1_85' title="bbox 2073 2508 3520 2583">
    <p class='ocr_par' dir='ltr' id='par_1_85' title="bbox 2073 2508 3520 2583">
     <span class='ocr_line' id='line_1_85' title="bbox 2073 2508 3520 2583; baseline 0 -17"><span class='ocrx_word' id='word_1_525' title='bbox 2073 2552 2084 2566; x_wconf 94' lang='lat'><strong>.</strong></span> <span class='ocrx_word' id='word_1_526' title='bbox 2147 2511 2382 2567; x_wconf 86' lang='lat' dir='ltr'><strong>Jacobus</strong></span> <span class='ocrx_word' id='word_1_527' title='bbox 2408 2509 2792 2566; x_wconf 78' lang='lat' dir='ltr'><strong>excelsissimae</strong></span> <span class='ocrx_word' id='word_1_528' title='bbox 2824 2508 3024 2565; x_wconf 89' lang='lat' dir='ltr'><strong>Christi</strong></span> <span class='ocrx_word' id='word_1_529' title='bbox 3053 2525 3318 2567; x_wconf 88' lang='lat' dir='ltr'><strong>ascensor</strong></span> <span class='ocrx_word' id='word_1_530' title='bbox 3341 2511 3520 2583; x_wconf 66' lang='lat' dir='ltr'><strong>gloriae,</strong></span> 
     </span>
    </p>
   </div>
   <div class='ocr_carea' id='block_1_86' title="bbox 2151 2601 3498 2673">
    <p class='ocr_par' dir='ltr' id='par_1_86' title="bbox 2151 2601 3498 2673">
     <span class='ocr_line' id='line_1_86' title="bbox 2151 2601 3498 2673; baseline -0.002 -14"><span class='ocrx_word' id='word_1_531' title='bbox 2151 2603 2360 2659; x_wconf 90' lang='lat' dir='ltr'><strong>Summi</strong></span> <span class='ocrx_word' id='word_1_532' title='bbox 2383 2602 2550 2673; x_wconf 86' lang='lat' dir='ltr'><strong>Regis</strong></span> <span class='ocrx_word' id='word_1_533' title='bbox 2573 2601 2805 2673; x_wconf 69' lang='lat' dir='ltr'><strong>egregia:</strong></span> <span class='ocrx_word' id='word_1_534' title='bbox 2824 2611 3239 2658; x_wconf 88' lang='lat' dir='ltr'><strong>consummator</strong></span> <span class='ocrx_word' id='word_1_535' title='bbox 3260 2604 3498 2660; x_wconf 72' lang='lat' dir='ltr'><strong>victoriae.</strong></span> 
     </span>
    </p>
   </div>
   <div class='ocr_carea' id='block_1_87' title="bbox 2150 2691 3516 2764">
    <p class='ocr_par' dir='ltr' id='par_1_87' title="bbox 2150 2691 3516 2764">
     <span class='ocr_line' id='line_1_87' title="bbox 2150 2691 3516 2764; baseline -0.001 -14"><span class='ocrx_word' id='word_1_536' title='bbox 2150 2695 2344 2750; x_wconf 90' lang='lat' dir='ltr'><strong>Frater</strong></span> <span class='ocrx_word' id='word_1_537' title='bbox 2364 2691 2589 2749; x_wconf 89' lang='lat' dir='ltr'><strong>Joannis</strong></span> <span class='ocrx_word' id='word_1_538' title='bbox 2622 2693 2792 2764; x_wconf 68' lang='lat' dir='ltr'><strong>Agite,</strong></span> <span class='ocrx_word' id='word_1_539' title='bbox 2825 2693 3214 2764; x_wconf 60' lang='lat' dir='ltr'><strong>praclaraeque</strong></span> <span class='ocrx_word' id='word_1_540' title='bbox 3247 2696 3516 2751; x_wconf 66' lang='lat' dir='ltr'><strong>memoriae.</strong></span> 
     </span>
    </p>
   </div>
   <div class='ocr_carea' id='block_1_88' title="bbox 2152 2783 3405 2857">
    <p class='ocr_par' dir='ltr' id='par_1_88' title="bbox 2152 2783 3405 2857">
     <span class='ocr_line' id='line_1_88' title="bbox 2152 2783 3405 2857; baseline 0.002 -18"><span class='ocrx_word' id='word_1_541' title='bbox 2152 2785 2499 2856; x_wconf 88' lang='lat' dir='ltr'><strong>Dccapitatus</strong></span> <span class='ocrx_word' id='word_1_542' title='bbox 2521 2783 2723 2856; x_wconf 91' lang='lat' dir='ltr'><strong>gladio,</strong></span> <span class='ocrx_word' id='word_1_543' title='bbox 2763 2794 3055 2842; x_wconf 88' lang='lat' dir='ltr'><strong>coronatus</strong></span> <span class='ocrx_word' id='word_1_544' title='bbox 3084 2786 3352 2857; x_wconf 86' lang='lat' dir='ltr'><strong>martyrio</strong></span> <span class='ocrx_word' id='word_1_545' title='bbox 3379 2785 3405 2826; x_wconf 72' lang='grc' dir='ltr'><strong>ιι</strong></span> 
     </span>
    </p>
   </div>
   <div class='ocr_carea' id='block_1_89' title="bbox 2874 2897 3007 2954">
    <p class='ocr_par' dir='ltr' id='par_1_89' title="bbox 2874 2897 3007 2954">
     <span class='ocr_line' id='line_1_89' title="bbox 2874 2897 3007 2954; baseline -0.015 0"><span class='ocrx_word' id='word_1_546' title='bbox 2874 2897 3007 2954; x_wconf 76' lang='lat' dir='ltr'><strong>VIII.</strong></span> 
     </span>
    </p>
   </div>
   <div class='ocr_carea' id='block_1_90' title="bbox 2303 3008 3569 3074">
    <p class='ocr_par' dir='ltr' id='par_1_90' title="bbox 2303 3008 3569 3074">
     <span class='ocr_line' id='line_1_90' title="bbox 2303 3008 3569 3074; baseline -0.003 -6"><span class='ocrx_word' id='word_1_547' title='bbox 2303 3025 2325 3052; x_wconf 76' lang='grc' dir='ltr'><strong><em>ο</em></strong></span> <span class='ocrx_word' id='word_1_548' title='bbox 2368 3012 2793 3070; x_wconf 80' lang='lat' dir='ltr'><strong>EPITAPIIIUM</strong></span> <span class='ocrx_word' id='word_1_549' title='bbox 2834 3011 2892 3069; x_wconf 91' lang='lat' dir='ltr'><strong>S.</strong></span> <span class='ocrx_word' id='word_1_550' title='bbox 2936 3012 3247 3070; x_wconf 80' lang='lat' dir='ltr'><strong>RICHARII</strong></span> <span class='ocrx_word' id='word_1_551' title='bbox 3283 3008 3569 3074; x_wconf 75' lang='lat' dir='ltr'><strong>ABBATIS,</strong></span> 
     </span>
    </p>
   </div>
   <div class='ocr_carea' id='block_1_91' title="bbox 2158 3112 3673 3164">
    <p class='ocr_par' dir='ltr' id='par_1_91' title="bbox 2158 3112 3673 3164">
     <span class='ocr_line' id='line_1_91' title="bbox 2158 3112 3673 3164; baseline -0.006 -3"><span class='ocrx_word' id='word_1_552' title='bbox 2158 3120 2254 3161; x_wconf 74' lang='grc' dir='ltr'><strong>εει]</strong></span> <span class='ocrx_word' id='word_1_553' title='bbox 2301 3119 2500 3160; x_wconf 72' lang='lat' dir='ltr'><strong>VERSUS</strong></span> <span class='ocrx_word' id='word_1_554' title='bbox 2546 3121 2768 3160; x_wconf 73' lang='lat' dir='ltr'><strong>IETBICI</strong></span> <span class='ocrx_word' id='word_1_555' title='bbox 2821 3121 2971 3161; x_wconf 81' lang='lat' dir='ltr'><strong>JUSSU</strong></span> <span class='ocrx_word' id='word_1_556' title='bbox 3016 3121 3219 3163; x_wconf 66' lang='lat' dir='ltr'><strong>CAROLI</strong></span> <span class='ocrx_word' id='word_1_557' title='bbox 3263 3122 3416 3164; x_wconf 71' lang='lat' dir='ltr'><strong>IAGNI</strong></span> <span class='ocrx_word' id='word_1_558' title='bbox 3455 3120 3501 3158; x_wconf 75' lang='lat' dir='ltr'><strong>IN</strong></span> <span class='ocrx_word' id='word_1_559' title='bbox 3543 3112 3673 3157; x_wconf 66' lang='lat' dir='ltr'><strong>EADEI</strong></span> 
     </span>
    </p>
   </div>
   <div class='ocr_carea' id='block_1_92' title="bbox 2082 3155 3675 3239">
    <p class='ocr_par' dir='ltr' id='par_1_92' title="bbox 2082 3155 3675 3239">
     <span class='ocr_line' id='line_1_92' title="bbox 2082 3155 3675 3239; baseline -0.005 -7"><span class='ocrx_word' id='word_1_560' title='bbox 2082 3155 2132 3220; x_wconf 65' lang='grc' dir='ltr'><strong>(ἶ</strong></span> <span class='ocrx_word' id='word_1_561' title='bbox 2228 3191 2391 3231; x_wconf 49' lang='lat' dir='ltr'><strong>cars;</strong></span> <span class='ocrx_word' id='word_1_562' title='bbox 2413 3190 2588 3231; x_wconf 65' lang='lat' dir='ltr'><strong>suam</strong></span> <span class='ocrx_word' id='word_1_563' title='bbox 2612 3192 2667 3230; x_wconf 76' lang='lat' dir='ltr'><strong>IN</strong></span> <span class='ocrx_word' id='word_1_564' title='bbox 2686 3191 2829 3239; x_wconf 75' lang='lat' dir='ltr'><strong>QUAII</strong></span> <span class='ocrx_word' id='word_1_565' title='bbox 2853 3155 3161 3232; x_wconf 62' lang='grc' dir='ltr'><strong>ηεροειτωῖ</strong></span> <span class='ocrx_word' id='word_1_566' title='bbox 3188 3155 3506 3234; x_wconf 43' lang='lat' dir='ltr'><strong>retr-conpita</strong></span> <span class='ocrx_word' id='word_1_567' title='bbox 3534 3155 3675 3228; x_wconf 72' lang='lat' dir='ltr'><strong>smn</strong></span> 
     </span>
    </p>
   </div>
   <div class='ocr_carea' id='block_1_93' title="bbox 2232 3261 3291 3313">
    <p class='ocr_par' dir='ltr' id='par_1_93' title="bbox 2232 3261 3291 3313">
     <span class='ocr_line' id='line_1_93' title="bbox 2232 3261 3291 3313; baseline 0.003 -13"><span class='ocrx_word' id='word_1_568' title='bbox 2232 3261 2495 3313; x_wconf 71' lang='lat' dir='ltr'><strong>BICHARII,</strong></span> <span class='ocrx_word' id='word_1_569' title='bbox 2530 3261 2784 3302; x_wconf 75' lang='lat' dir='ltr'><strong>LITTERIS</strong></span> <span class='ocrx_word' id='word_1_570' title='bbox 2817 3263 3009 3304; x_wconf 75' lang='grc' dir='ltr'><strong>Αυιιειε</strong></span> <span class='ocrx_word' id='word_1_571' title='bbox 3044 3264 3291 3306; x_wconf 68' lang='grc' dir='ltr'><strong>ειῖυιντι.</strong></span> 
     </span>
    </p>
   </div>
   <div class='ocr_carea' id='block_1_94' title="bbox 2677 3360 3231 3436">
    <p class='ocr_par' dir='ltr' id='par_1_94' title="bbox 2677 3360 3231 3436">
     <span class='ocr_line' id='line_1_94' title="bbox 2677 3360 3231 3436; baseline 0.009 -20"><span class='ocrx_word' id='word_1_572' title='bbox 2677 3360 2745 3417; x_wconf 86' lang='lat' dir='ltr'><strong>In</strong></span> <span class='ocrx_word' id='word_1_573' title='bbox 2775 3362 2948 3432; x_wconf 78' lang='lat' dir='ltr'><strong>fronte</strong></span> <span class='ocrx_word' id='word_1_574' title='bbox 2976 3365 3231 3436; x_wconf 76' lang='lat' dir='ltr'><strong>sepulcri.</strong></span> 
     </span>
    </p>
   </div>
   <div class='ocr_carea' id='block_1_95' title="bbox 2161 3455 3445 3533">
    <p class='ocr_par' dir='ltr' id='par_1_95' title="bbox 2161 3455 3445 3533">
     <span class='ocr_line' id='line_1_95' title="bbox 2161 3455 3445 3533; baseline 0.004 -23"><span class='ocrx_word' id='word_1_575' title='bbox 2161 3456 2342 3511; x_wconf 83' lang='lat' dir='ltr'><strong>Aurea</strong></span> <span class='ocrx_word' id='word_1_576' title='bbox 2376 3455 2655 3519; x_wconf 78' lang='lat' dir='ltr'><strong>ctelestem</strong></span> <span class='ocrx_word' id='word_1_577' title='bbox 2681 3457 3003 3512; x_wconf 86' lang='lat' dir='ltr'><strong>thesaurum</strong></span> <span class='ocrx_word' id='word_1_578' title='bbox 3028 3461 3273 3533; x_wconf 83' lang='lat' dir='ltr'><strong>contegit</strong></span> <span class='ocrx_word' id='word_1_579' title='bbox 3291 3475 3412 3515; x_wconf 88' lang='lat' dir='ltr'><strong>urna</strong></span> <span class='ocrx_word' id='word_1_580' title='bbox 3431 3500 3445 3525; x_wconf 92' lang='lat'><strong>,</strong></span> 
     </span>
    </p>
   </div>
   <div class='ocr_carea' id='block_1_96' title="bbox 2233 3544 3362 3612">
    <p class='ocr_par' dir='ltr' id='par_1_96' title="bbox 2233 3544 3362 3612">
     <span class='ocr_line' id='line_1_96' title="bbox 2233 3544 3362 3612; baseline 0.004 -12"><span class='ocrx_word' id='word_1_581' title='bbox 2233 3544 2507 3600; x_wconf 83' lang='lat' dir='ltr'><strong>Cultorem</strong></span> <span class='ocrx_word' id='word_1_582' title='bbox 2533 3545 2772 3612; x_wconf 85' lang='lat' dir='ltr'><strong>Domini,</strong></span> <span class='ocrx_word' id='word_1_583' title='bbox 2796 3547 3014 3603; x_wconf 87' lang='lat' dir='ltr'><strong>nomine</strong></span> <span class='ocrx_word' id='word_1_584' title='bbox 3044 3548 3362 3607; x_wconf 81' lang='lat' dir='ltr'><strong>Rieharium</strong></span> 
     </span>
    </p>
   </div>
   <div class='ocr_carea' id='block_1_97' title="bbox 2166 3637 3565 3714">
    <p class='ocr_par' dir='ltr' id='par_1_97' title="bbox 2166 3637 3565 3714">
     <span class='ocr_line' id='line_1_97' title="bbox 2166 3637 3565 3714; baseline 0.001 -20"><span class='ocrx_word' id='word_1_585' title='bbox 2166 3638 2465 3694; x_wconf 89' lang='lat' dir='ltr'><strong>Stemmate</strong></span> <span class='ocrx_word' id='word_1_586' title='bbox 2491 3637 2934 3708; x_wconf 69' lang='lat' dir='ltr'><strong>prtecelsoquem</strong></span> <span class='ocrx_word' id='word_1_587' title='bbox 2957 3639 3192 3696; x_wconf 84' lang='lat' dir='ltr'><strong>Centula</strong></span> <span class='ocrx_word' id='word_1_588' title='bbox 3215 3640 3424 3714; x_wconf 91' lang='lat' dir='ltr'><strong>protulit</strong></span> <span class='ocrx_word' id='word_1_589' title='bbox 3450 3639 3534 3695; x_wconf 80' lang='lat' dir='ltr'><strong>ista</strong></span> <span class='ocrx_word' id='word_1_590' title='bbox 3550 3675 3565 3702; x_wconf 83' lang='lat'><strong>,</strong></span> 
     </span>
    </p>
   </div>
   <div class='ocr_carea' id='block_1_98' title="bbox 2238 3728 3288 3805">
    <p class='ocr_par' dir='ltr' id='par_1_98' title="bbox 2238 3728 3288 3805">
     <span class='ocr_line' id='line_1_98' title="bbox 2238 3728 3288 3805; baseline 0.005 -21"><span class='ocrx_word' id='word_1_591' title='bbox 2238 3729 2450 3800; x_wconf 87' lang='lat' dir='ltr'><strong>Quique</strong></span> <span class='ocrx_word' id='word_1_592' title='bbox 2471 3728 2576 3784; x_wconf 91' lang='lat' dir='ltr'><strong>loci</strong></span> <span class='ocrx_word' id='word_1_593' title='bbox 2599 3738 2786 3800; x_wconf 84' lang='lat' dir='ltr'><strong>pastor</strong></span> <span class='ocrx_word' id='word_1_594' title='bbox 2806 3728 2989 3785; x_wconf 84' lang='lat' dir='ltr'><strong>floruit</strong></span> <span class='ocrx_word' id='word_1_595' title='bbox 3013 3733 3288 3805; x_wconf 86' lang='lat' dir='ltr'><strong>egregius.</strong></span> 
     </span>
    </p>
   </div>
   <div class='ocr_carea' id='block_1_99' title="bbox 2681 3841 3224 3902">
    <p class='ocr_par' dir='ltr' id='par_1_99' title="bbox 2681 3841 3224 3902">
     <span class='ocr_line' id='line_1_99' title="bbox 2681 3841 3224 3902; baseline 0.011 -6"><span class='ocrx_word' id='word_1_596' title='bbox 2681 3841 2747 3897; x_wconf 83' lang='lat' dir='ltr'><strong>In</strong></span> <span class='ocrx_word' id='word_1_597' title='bbox 2787 3843 2999 3898; x_wconf 78' lang='lat' dir='ltr'><strong>dextero</strong></span> <span class='ocrx_word' id='word_1_598' title='bbox 3035 3844 3224 3902; x_wconf 82' lang='lat' dir='ltr'><strong>latere.</strong></span> 
     </span>
    </p>
   </div>
   <div class='ocr_carea' id='block_1_100' title="bbox 2167 3932 3434 4008">
    <p class='ocr_par' dir='ltr' id='par_1_100' title="bbox 2167 3932 3434 4008">
     <span class='ocr_line' id='line_1_100' title="bbox 2167 3932 3434 4008; baseline 0.003 -20"><span class='ocrx_word' id='word_1_599' title='bbox 2167 3932 2476 4004; x_wconf 90' lang='lat' dir='ltr'><strong>Postposito</strong></span> <span class='ocrx_word' id='word_1_600' title='bbox 2496 3933 2682 3989; x_wconf 89' lang='lat' dir='ltr'><strong>mundi</strong></span> <span class='ocrx_word' id='word_1_601' title='bbox 2706 3949 2814 4004; x_wconf 91' lang='lat' dir='ltr'><strong>quo</strong></span> <span class='ocrx_word' id='word_1_602' title='bbox 2839 3936 3028 4008; x_wconf 86' lang='lat' dir='ltr'><strong>grandi</strong></span> <span class='ocrx_word' id='word_1_603' title='bbox 3052 3937 3210 3994; x_wconf 90' lang='lat' dir='ltr'><strong>fulsit</strong></span> <span class='ocrx_word' id='word_1_604' title='bbox 3239 3939 3434 3995; x_wconf 89' lang='lat' dir='ltr'><strong>honore</strong></span> 
     </span>
    </p>
   </div>
   <div class='ocr_carea' id='block_1_101' title="bbox 2239 4024 3288 4098">
    <p class='ocr_par' dir='ltr' id='par_1_101' title="bbox 2239 4024 3288 4098">
     <span class='ocr_line' id='line_1_101' title="bbox 2239 4024 3288 4098; baseline 0.009 -20"><span class='ocrx_word' id='word_1_605' title='bbox 2239 4024 2460 4096; x_wconf 83' lang='lat' dir='ltr'><strong>Amplas</strong></span> <span class='ocrx_word' id='word_1_606' title='bbox 2480 4025 2700 4082; x_wconf 88' lang='lat' dir='ltr'><strong>divitias</strong></span> <span class='ocrx_word' id='word_1_607' title='bbox 2728 4028 2930 4098; x_wconf 88' lang='lat' dir='ltr'><strong>sprevit</strong></span> <span class='ocrx_word' id='word_1_608' title='bbox 2954 4043 3146 4086; x_wconf 88' lang='lat' dir='ltr'><strong>amore</strong></span> <span class='ocrx_word' id='word_1_609' title='bbox 3174 4031 3288 4087; x_wconf 89' lang='lat' dir='ltr'><strong>Dei.</strong></span> 
     </span>
    </p>
   </div>
   <div class='ocr_carea' id='block_1_102' title="bbox 2170 4111 3560 4189">
    <p class='ocr_par' dir='ltr' id='par_1_102' title="bbox 2170 4111 3560 4189">
     <span class='ocr_line' id='line_1_102' title="bbox 2170 4111 3560 4189; baseline 0.006 -23"><span class='ocrx_word' id='word_1_610' title='bbox 2170 4111 2270 4168; x_wconf 82' lang='lat' dir='ltr'><strong>Hic</strong></span> <span class='ocrx_word' id='word_1_611' title='bbox 2292 4129 2488 4184; x_wconf 84' lang='lat' dir='ltr'><strong>corpus</strong></span> <span class='ocrx_word' id='word_1_612' title='bbox 2508 4115 2786 4186; x_wconf 91' lang='lat' dir='ltr'><strong>proprium</strong></span> <span class='ocrx_word' id='word_1_613' title='bbox 2810 4116 3068 4189; x_wconf 88' lang='lat' dir='ltr'><strong>frangens</strong></span> <span class='ocrx_word' id='word_1_614' title='bbox 3089 4122 3386 4178; x_wconf 88' lang='lat' dir='ltr'><strong>certamine</strong></span> <span class='ocrx_word' id='word_1_615' title='bbox 3411 4123 3528 4177; x_wconf 93' lang='lat' dir='ltr'><strong>duro</strong></span> <span class='ocrx_word' id='word_1_616' title='bbox 3546 4157 3560 4183; x_wconf 85' lang='lat'><strong>,</strong></span> 
     </span>
    </p>
   </div>
   <div class='ocr_carea' id='block_1_103' title="bbox 2245 4203 3462 4280">
    <p class='ocr_par' dir='ltr' id='par_1_103' title="bbox 2245 4203 3462 4280">
     <span class='ocr_line' id='line_1_103' title="bbox 2245 4203 3462 4280; baseline 0.005 -21"><span class='ocrx_word' id='word_1_617' title='bbox 2245 4203 2340 4259; x_wconf 80' lang='lat' dir='ltr'><strong>Vir</strong></span> <span class='ocrx_word' id='word_1_618' title='bbox 2363 4205 2485 4276; x_wconf 90' lang='lat' dir='ltr'><strong>pius</strong></span> <span class='ocrx_word' id='word_1_619' title='bbox 2509 4215 2566 4263; x_wconf 91' lang='lat' dir='ltr'><strong>et</strong></span> <span class='ocrx_word' id='word_1_620' title='bbox 2598 4219 3066 4280; x_wconf 82' lang='lat' dir='ltr'><strong>magnussemper</strong></span> <span class='ocrx_word' id='word_1_621' title='bbox 3084 4214 3146 4266; x_wconf 77' lang='lat' dir='ltr'><strong>in</strong></span> <span class='ocrx_word' id='word_1_622' title='bbox 3174 4214 3305 4268; x_wconf 89' lang='lat' dir='ltr'><strong>orbe</strong></span> <span class='ocrx_word' id='word_1_623' title='bbox 3327 4211 3462 4268; x_wconf 86' lang='lat' dir='ltr'><strong>eluit.</strong></span> 
     </span>
    </p>
   </div>
   <div class='ocr_carea' id='block_1_104' title="bbox 2579 4318 3343 4395">
    <p class='ocr_par' dir='ltr' id='par_1_104' title="bbox 2579 4318 3343 4395">
     <span class='ocr_line' id='line_1_104' title="bbox 2579 4318 3343 4395; baseline 0.008 -22"><span class='ocrx_word' id='word_1_624' title='bbox 2579 4318 2645 4373; x_wconf 86' lang='lat' dir='ltr'><strong>In</strong></span> <span class='ocrx_word' id='word_1_625' title='bbox 2676 4319 2902 4377; x_wconf 68' lang='lat' dir='ltr'><strong>culmine</strong></span> <span class='ocrx_word' id='word_1_626' title='bbox 2931 4339 3072 4378; x_wconf 75' lang='lat' dir='ltr'><strong>arca:</strong></span> <span class='ocrx_word' id='word_1_627' title='bbox 3100 4326 3343 4395; x_wconf 79' lang='lat' dir='ltr'><strong>desuper.</strong></span> 
     </span>
    </p>
   </div>
   <div class='ocr_carea' id='block_1_105' title="bbox 2175 4406 3461 4482">
    <p class='ocr_par' dir='ltr' id='par_1_105' title="bbox 2175 4406 3461 4482">
     <span class='ocr_line' id='line_1_105' title="bbox 2175 4406 3461 4482; baseline 0.004 -20"><span class='ocrx_word' id='word_1_628' title='bbox 2175 4406 2273 4463; x_wconf 83' lang='lat' dir='ltr'><strong>Hic</strong></span> <span class='ocrx_word' id='word_1_629' title='bbox 2302 4407 2469 4463; x_wconf 83' lang='lat' dir='ltr'><strong>vitam</strong></span> <span class='ocrx_word' id='word_1_630' title='bbox 2495 4408 2696 4465; x_wconf 90' lang='lat' dir='ltr'><strong>functis</strong></span> <span class='ocrx_word' id='word_1_631' title='bbox 2733 4414 3007 4482; x_wconf 87' lang='lat' dir='ltr'><strong>reparavit</strong></span> <span class='ocrx_word' id='word_1_632' title='bbox 3031 4455 3047 4480; x_wconf 93' lang='lat'><strong>,</strong></span> <span class='ocrx_word' id='word_1_633' title='bbox 3080 4413 3290 4471; x_wconf 78' lang='lat' dir='ltr'><strong>lumina</strong></span> <span class='ocrx_word' id='word_1_634' title='bbox 3316 4414 3461 4472; x_wconf 66' lang='lat' dir='ltr'><strong>cteris</strong></span> 
     </span>
    </p>
   </div>
   <div class='ocr_carea' id='block_1_106' title="bbox 2099 4497 3404 4584">
    <p class='ocr_par' dir='ltr' id='par_1_106' title="bbox 2099 4497 3404 4584">
     <span class='ocr_line' id='line_1_106' title="bbox 2099 4497 3404 4584; baseline 0.005 -32"><span class='ocrx_word' id='word_1_635' title='bbox 2099 4523 2153 4584; x_wconf 69' lang='grc' dir='ltr'><strong>Β</strong></span> <span class='ocrx_word' id='word_1_636' title='bbox 2244 4497 2606 4569; x_wconf 84' lang='lat' dir='ltr'><strong>Leprosisque</strong></span> <span class='ocrx_word' id='word_1_637' title='bbox 2636 4500 2784 4557; x_wconf 86' lang='lat' dir='ltr'><strong>salus</strong></span> <span class='ocrx_word' id='word_1_638' title='bbox 2811 4503 2915 4557; x_wconf 91' lang='lat' dir='ltr'><strong>hoc</strong></span> <span class='ocrx_word' id='word_1_639' title='bbox 2935 4503 3220 4560; x_wconf 79' lang='lat' dir='ltr'><strong>refovente</strong></span> <span class='ocrx_word' id='word_1_640' title='bbox 3251 4505 3404 4560; x_wconf 82' lang='lat' dir='ltr'><strong>redit.</strong></span> 
     </span>
    </p>
   </div>
   <div class='ocr_carea' id='block_1_107' title="bbox 2174 4588 3478 4666">
    <p class='ocr_par' dir='ltr' id='par_1_107' title="bbox 2174 4588 3478 4666">
     <span class='ocr_line' id='line_1_107' title="bbox 2174 4588 3478 4666; baseline 0.004 -22"><span class='ocrx_word' id='word_1_641' title='bbox 2174 4588 2374 4644; x_wconf 90' lang='lat' dir='ltr'><strong>Plenus</strong></span> <span class='ocrx_word' id='word_1_642' title='bbox 2409 4589 2720 4660; x_wconf 89' lang='lat' dir='ltr'><strong>apostolicis</strong></span> <span class='ocrx_word' id='word_1_643' title='bbox 2749 4592 3041 4650; x_wconf 88' lang='lat' dir='ltr'><strong>virtutibus</strong></span> <span class='ocrx_word' id='word_1_644' title='bbox 3074 4604 3240 4666; x_wconf 87' lang='lat' dir='ltr'><strong>atque</strong></span> <span class='ocrx_word' id='word_1_645' title='bbox 3264 4593 3478 4666; x_wconf 84' lang='lat' dir='ltr'><strong>loquelis</strong></span> 
     </span>
    </p>
   </div>
   <div class='ocr_carea' id='block_1_108' title="bbox 2247 4678 3378 4758">
    <p class='ocr_par' dir='ltr' id='par_1_108' title="bbox 2247 4678 3378 4758">
     <span class='ocr_line' id='line_1_108' title="bbox 2247 4678 3378 4758; baseline 0.003 -22"><span class='ocrx_word' id='word_1_646' title='bbox 2247 4678 2510 4736; x_wconf 76' lang='lat' dir='ltr'><strong>Ctelestes</strong></span> <span class='ocrx_word' id='word_1_647' title='bbox 2540 4681 2714 4736; x_wconf 91' lang='lat' dir='ltr'><strong>tenuit</strong></span> <span class='ocrx_word' id='word_1_648' title='bbox 2745 4697 2960 4753; x_wconf 89' lang='lat' dir='ltr'><strong>semper</strong></span> <span class='ocrx_word' id='word_1_649' title='bbox 2987 4685 3042 4739; x_wconf 88' lang='lat' dir='ltr'><strong>in</strong></span> <span class='ocrx_word' id='word_1_650' title='bbox 3073 4701 3170 4742; x_wconf 91' lang='lat' dir='ltr'><strong>ore</strong></span> <span class='ocrx_word' id='word_1_651' title='bbox 3201 4687 3378 4758; x_wconf 88' lang='lat' dir='ltr'><strong>dapes.</strong></span> 
     </span>
    </p>
   </div>
   <div class='ocr_carea' id='block_1_109' title="bbox 2709 4791 3218 4850">
    <p class='ocr_par' dir='ltr' id='par_1_109' title="bbox 2709 4791 3218 4850">
     <span class='ocr_line' id='line_1_109' title="bbox 2709 4791 3218 4850; baseline 0.008 -4"><span class='ocrx_word' id='word_1_652' title='bbox 2709 4791 2778 4846; x_wconf 86' lang='lat' dir='ltr'><strong>In</strong></span> <span class='ocrx_word' id='word_1_653' title='bbox 2801 4793 3011 4848; x_wconf 77' lang='lat' dir='ltr'><strong>sinistro</strong></span> <span class='ocrx_word' id='word_1_654' title='bbox 3035 4793 3218 4850; x_wconf 85' lang='lat' dir='ltr'><strong>latere.</strong></span> 
     </span>
    </p>
   </div>
   <div class='ocr_carea' id='block_1_110' title="bbox 2176 4880 3614 4956">
    <p class='ocr_par' dir='ltr' id='par_1_110' title="bbox 2176 4880 3614 4956">
     <span class='ocr_line' id='line_1_110' title="bbox 2176 4880 3614 4956; baseline -0.002 -18"><span class='ocrx_word' id='word_1_655' title='bbox 2176 4881 2314 4938; x_wconf 82' lang='lat' dir='ltr'><strong>Huic</strong></span> <span class='ocrx_word' id='word_1_656' title='bbox 2337 4880 2562 4939; x_wconf 88' lang='lat' dir='ltr'><strong>Carolus</strong></span> <span class='ocrx_word' id='word_1_657' title='bbox 2584 4884 2838 4954; x_wconf 82' lang='lat' dir='ltr'><strong>princeps</strong></span> <span class='ocrx_word' id='word_1_658' title='bbox 2872 4885 3202 4956; x_wconf 86' lang='lat' dir='ltr'><strong>condignum</strong></span> <span class='ocrx_word' id='word_1_659' title='bbox 3229 4887 3404 4942; x_wconf 87' lang='lat' dir='ltr'><strong>mente</strong></span> <span class='ocrx_word' id='word_1_660' title='bbox 3426 4880 3614 4950; x_wconf 79' lang='lat' dir='ltr'><strong>benigna</strong></span> 
     </span>
    </p>
   </div>
   <div class='ocr_carea' id='block_1_111' title="bbox 2248 4975 3492 5048">
    <p class='ocr_par' dir='ltr' id='par_1_111' title="bbox 2248 4975 3492 5048">
     <span class='ocr_line' id='line_1_111' title="bbox 2248 4975 3492 5048; baseline -0.003 -16"><span class='ocrx_word' id='word_1_661' title='bbox 2248 4976 2540 5033; x_wconf 87' lang='lat' dir='ltr'><strong>Perflciens</strong></span> <span class='ocrx_word' id='word_1_662' title='bbox 2563 4977 2821 5048; x_wconf 89' lang='lat' dir='ltr'><strong>templum</strong></span> <span class='ocrx_word' id='word_1_663' title='bbox 2851 4978 3093 5034; x_wconf 88' lang='lat' dir='ltr'><strong>condidit</strong></span> <span class='ocrx_word' id='word_1_664' title='bbox 3118 5020 3132 5045; x_wconf 95' lang='lat'><strong>,</strong></span> <span class='ocrx_word' id='word_1_665' title='bbox 3166 4987 3221 5034; x_wconf 91' lang='lat' dir='ltr'><strong>et</strong></span> <span class='ocrx_word' id='word_1_666' title='bbox 3248 4975 3492 5033; x_wconf 85' lang='lat' dir='ltr'><strong>tumulum</strong></span> 
     </span>
    </p>
   </div>
   <div class='ocr_carea' id='block_1_112' title="bbox 2172 5068 3406 5140">
    <p class='ocr_par' dir='ltr' id='par_1_112' title="bbox 2172 5068 3406 5140">
     <span class='ocr_line' id='line_1_112' title="bbox 2172 5068 3406 5140; baseline -0.002 -17"><span class='ocrx_word' id='word_1_667' title='bbox 2172 5068 2303 5124; x_wconf 91' lang='lat' dir='ltr'><strong>Post</strong></span> <span class='ocrx_word' id='word_1_668' title='bbox 2333 5083 2635 5140; x_wconf 80' lang='lat' dir='ltr'><strong>sexagenos</strong></span> <span class='ocrx_word' id='word_1_669' title='bbox 2666 5076 2722 5123; x_wconf 90' lang='lat' dir='ltr'><strong>et</strong></span> <span class='ocrx_word' id='word_1_670' title='bbox 2749 5077 2970 5124; x_wconf 91' lang='lat' dir='ltr'><strong>centum</strong></span> <span class='ocrx_word' id='word_1_671' title='bbox 2995 5070 3217 5125; x_wconf 90' lang='lat' dir='ltr'><strong>circiter</strong></span> <span class='ocrx_word' id='word_1_672' title='bbox 3241 5083 3406 5124; x_wconf 91' lang='lat' dir='ltr'><strong>annos</strong></span> 
     </span>
    </p>
   </div>
   <div class='ocr_carea' id='block_1_113' title="bbox 2244 5158 3503 5232">
    <p class='ocr_par' dir='ltr' id='par_1_113' title="bbox 2244 5158 3503 5232">
     <span class='ocr_line' id='line_1_113' title="bbox 2244 5158 3503 5232; baseline -0.006 -16"><span class='ocrx_word' id='word_1_673' title='bbox 2244 5160 2380 5216; x_wconf 91' lang='lat' dir='ltr'><strong>Cum</strong></span> <span class='ocrx_word' id='word_1_674' title='bbox 2405 5159 2617 5216; x_wconf 89' lang='lat' dir='ltr'><strong>Domini</strong></span> <span class='ocrx_word' id='word_1_675' title='bbox 2642 5159 2875 5216; x_wconf 90' lang='lat' dir='ltr'><strong>famulus</strong></span> <span class='ocrx_word' id='word_1_676' title='bbox 2898 5161 3106 5232; x_wconf 87' lang='lat' dir='ltr'><strong>integer</strong></span> <span class='ocrx_word' id='word_1_677' title='bbox 3128 5168 3306 5216; x_wconf 75' lang='lat' dir='ltr'><strong>exstat</strong></span> <span class='ocrx_word' id='word_1_678' title='bbox 3329 5158 3503 5212; x_wconf 88' lang='lat' dir='ltr'><strong>adhuc.</strong></span> 
     </span>
    </p>
   </div>
   <div class='ocr_carea' id='block_1_114' title="bbox 2725 5270 3226 5343">
    <p class='ocr_par' dir='ltr' id='par_1_114' title="bbox 2725 5270 3226 5343">
     <span class='ocr_line' id='line_1_114' title="bbox 2725 5270 3226 5343; baseline -0.002 -18"><span class='ocrx_word' id='word_1_679' title='bbox 2725 5270 2793 5325; x_wconf 84' lang='lat' dir='ltr'><strong>In</strong></span> <span class='ocrx_word' id='word_1_680' title='bbox 2823 5271 2995 5342; x_wconf 79' lang='lat' dir='ltr'><strong>fronte</strong></span> <span class='ocrx_word' id='word_1_681' title='bbox 3015 5272 3226 5343; x_wconf 84' lang='lat' dir='ltr'><strong>pedum.</strong></span> 
     </span>
    </p>
   </div>
   <div class='ocr_carea' id='block_1_115' title="bbox 2178 5363 3386 5436">
    <p class='ocr_par' dir='ltr' id='par_1_115' title="bbox 2178 5363 3386 5436">
     <span class='ocr_line' id='line_1_115' title="bbox 2178 5363 3386 5436; baseline -0.006 -14"><span class='ocrx_word' id='word_1_682' title='bbox 2178 5364 2353 5436; x_wconf 90' lang='lat' dir='ltr'><strong>Ipsius</strong></span> <span class='ocrx_word' id='word_1_683' title='bbox 2375 5370 2435 5418; x_wconf 91' lang='lat' dir='ltr'><strong>ut</strong></span> <span class='ocrx_word' id='word_1_684' title='bbox 2468 5363 2678 5419; x_wconf 91' lang='lat' dir='ltr'><strong>meritis</strong></span> <span class='ocrx_word' id='word_1_685' title='bbox 2703 5365 2881 5434; x_wconf 87' lang='lat' dir='ltr'><strong>capiat</strong></span> <span class='ocrx_word' id='word_1_686' title='bbox 2914 5364 3154 5421; x_wconf 64' lang='lat' dir='ltr'><strong>caelestia</strong></span> <span class='ocrx_word' id='word_1_687' title='bbox 3183 5377 3344 5434; x_wconf 84' lang='lat' dir='ltr'><strong>regna</strong></span> <span class='ocrx_word' id='word_1_688' title='bbox 3371 5401 3386 5427; x_wconf 92' lang='lat'><strong>,</strong></span> 
     </span>
    </p>
   </div>
   <div class='ocr_carea' id='block_1_116' title="bbox 2253 5455 3460 5529">
    <p class='ocr_par' dir='ltr' id='par_1_116' title="bbox 2253 5455 3460 5529">
     <span class='ocr_line' id='line_1_116' title="bbox 2253 5455 3460 5529; baseline -0.008 -18"><span class='ocrx_word' id='word_1_689' title='bbox 2253 5457 2545 5528; x_wconf 81' lang='lat' dir='ltr'><strong>Regnaque</strong></span> <span class='ocrx_word' id='word_1_690' title='bbox 2571 5455 2903 5511; x_wconf 87' lang='lat' dir='ltr'><strong>Francorum</strong></span> <span class='ocrx_word' id='word_1_691' title='bbox 2928 5471 3065 5529; x_wconf 90' lang='lat' dir='ltr'><strong>pace</strong></span> <span class='ocrx_word' id='word_1_692' title='bbox 3093 5455 3304 5526; x_wconf 89' lang='lat' dir='ltr'><strong>quietus</strong></span> <span class='ocrx_word' id='word_1_693' title='bbox 3330 5459 3460 5523; x_wconf 88' lang='lat' dir='ltr'><strong>agat.</strong></span> 
     </span>
    </p>
   </div>
   <div class='ocr_carea' id='block_1_117' title="bbox 2255 5580 3682 5668">
    <p class='ocr_par' dir='ltr' id='par_1_117' title="bbox 2255 5580 3682 5668">
     <span class='ocr_line' id='line_1_117' title="bbox 2255 5580 3682 5668; baseline 0 0"><span class='ocrx_word' id='word_1_694' title='bbox 2255 5603 2277 5632; x_wconf 76' lang='grc' dir='ltr'><strong><em>ο</em></strong></span> <span class='ocrx_word' id='word_1_695' title='bbox 2313 5589 2450 5668; x_wconf 56' lang='lat' dir='ltr'><strong>Visis</strong></span> <span class='ocrx_word' id='word_1_696' title='bbox 2478 5589 3364 5668; x_wconf 53' lang='grc' dir='ltr'><strong>Μ³9ἒ11·νᾼωὲ.ε³ξιοιοξιὲῐηεεεξίὲ·</strong></span> <span class='ocrx_word' id='word_1_697' title='bbox 3390 5596 3481 5668; x_wconf 65' lang='lat'><strong>1&#39;1-</strong></span> <span class='ocrx_word' id='word_1_698' title='bbox 3495 5580 3682 5668; x_wconf 65' lang='lat' dir='ltr'><strong>Pi&quot;f.&#39;.&#39;</strong></span> 
     </span>
    </p>
   </div>
   <div class='ocr_carea' id='block_1_118' title="bbox 2183 5644 3679 5804">
    <p class='ocr_par' dir='ltr' id='par_1_118' title="bbox 2183 5644 3679 5804">
     <span class='ocr_line' id='line_1_118' title="bbox 2183 5644 3679 5804; baseline -0.07 -12"><span class='ocrx_word' id='word_1_699' title='bbox 2183 5676 2304 5788; x_wconf 62' lang='grc' dir='ltr'><strong>νὲᾗ·</strong></span> <span class='ocrx_word' id='word_1_700' title='bbox 2338 5657 2659 5804; x_wconf 42' lang='lat'><strong>$339233“</strong></span> <span class='ocrx_word' id='word_1_701' title='bbox 2675 5644 2702 5728; x_wconf 70' lang='grc' dir='ltr'><strong>ς’</strong></span> <span class='ocrx_word' id='word_1_702' title='bbox 2718 5644 3070 5734; x_wconf 51' lang='lat' dir='ltr'><strong>Sedetana</strong></span> <span class='ocrx_word' id='word_1_703' title='bbox 3083 5644 3366 5722; x_wconf 75' lang='lat' dir='ltr'><strong>d’Achei-ii,</strong></span> <span class='ocrx_word' id='word_1_704' title='bbox 3389 5644 3506 5707; x_wconf 74' lang='grc' dir='ltr'><strong>ιοως</strong></span> <span class='ocrx_word' id='word_1_705' title='bbox 3521 5644 3555 5699; x_wconf 86' lang='grc' dir='ltr'>ιι</span> <span class='ocrx_word' id='word_1_706' title='bbox 3586 5650 3679 5693; x_wconf 75' lang='lat' dir='ltr'><strong>nov.</strong></span> 
     </span>
     <span class='ocr_line' id='line_1_119' title="bbox 2185 5751 2637 5800; baseline -0.066 -7"><span class='ocrx_word' id='word_1_707' title='bbox 2185 5751 2214 5792; x_wconf 75' lang='grc' dir='ltr'>ε</span> <span class='ocrx_word' id='word_1_708' title='bbox 2301 5773 2338 5800; x_wconf 87' lang='grc'><strong>.,</strong></span> <span class='ocrx_word' id='word_1_709' title='bbox 2475 5773 2485 5783; x_wconf 84' lang='grc'><em>,</em></span> <span class='ocrx_word' id='word_1_710' title='bbox 2625 5772 2637 5785; x_wconf 44' lang='grc' dir='ltr'><strong>ο</strong></span> 
     </span>
    </p>
   </div>
  </div>
