3914 6178
340 343 478 398 1175
1173 342 1231 395 Β.
1272 341 1332 396 Ε.
1375 339 1598 395 ΑιΒιΝι
1639 339 1772 395 εει]
1808 337 1933 395 ALC

2034 338 2084 394 N’l
2137 337 2421 396 OPERUM
2455 337 2636 394 PARS
2673 336 2763 393 IX.
3441 336 3581 394 1176

336 475 548 518 menses
575 474 795 523 novem,
845 467 902 513 et
950 456 1066 511 dies
1112 464 1316 525 septem
1352 470 1521 524 usque
1563 454 1632 509 ad
1659 461 1910 508 octavum
1937 455 1988 516 Α
2015 455 2204 520 noctis,
2242 462 2294 510 et
2327 461 2530 510 canunt
2553 452 2944 516 invitatoriam,
2981 460 3034 506 et
3064 459 3464 521 prosequuntur
3488 468 3582 508 ora

337 552 559 607 Kalend.
609 548 894 606 Ianuarias
919 587 933 613 ,
985 546 1198 614 quando
1219 545 1457 599 creditur
1478 551 1636 597 natus
1680 541 1908 610 Sulpitio
2005 545 2182 600 dinem
2209 543 2585 614 Antiphonarii
2611 561 2624 596 :
2652 542 2794 598 unde
2815 542 2978 596 etiam
3008 542 3168 612 dupla
3194 541 3368 598 oﬁicia
3394 544 3448 598 in
3467 543 3579 600 Ro-

337 655 392 696 et
418 641 702 698 Camerino
728 652 752 679 ε
779 654 926 694 εοιιε.
965 635 1321 713 Aptissimum
1351 648 1581 704 namque
1599 641 1738 698 erat,
1763 641 1824 686 ut
1844 646 1909 685 co
2005 647 2287 686 manorum
2309 631 2711 700 Antiphonariis
2739 631 2842 685 hac
2871 639 3030 687 nocte
3051 631 3448 688 describuntur.

340 740 581 799 tempore
607 737 751 782 esset
783 733 1092 794 conceptus,
1121 739 1228 792 quo
1252 723 1482 814 mundus
1496 738 1605 814 Aper
1630 723 1801 791 ipsum
1825 720 1908 814 fa-
2525 740 2685 814 563
2722 741 2950 798 CAPUT
2988 743 3052 798 ιι,

343 828 464 873 ctus
484 825 586 883 est,
617 817 751 872 etin
781 831 888 885 quo
926 815 1133 868 fructus
1157 824 1314 866 terrae
1342 811 1750 881 signiﬁcantur:
1780 819 1836 863 et
1856 809 1911 862 in
2532 809 3053 869 ne'Eincuucrsroae.

343 909 534 964 eodem
556 916 735 971 natus,
767 921 874 976 quo
912 905 1106 959 crescit
1146 901 1420 972 longitudo
1472 901 1598 966 dici,
1633 907 1689 956 et
1741 899 1913 954 noctis
2081 902 2204 958 limo
2227 903 2566 958 circumcisio
2606 903 2740 959 nihil
2765 904 2910 959 aliud
2958 913 3059 970 est,
3090 905 3194 960 nisi
3225 905 3484 962 abscissio
3531 907 3586 961 in

347 1000 582 1056 tenebrae
607 999 994 1054 diminuuntur.

2034 1007 2174 1047 mne
2217 993 2483 1062 prteputii,
2509 991 2652 1061 quod
2705 993 2834 1048 solis
2871 993 3070 1049 ludatis
3123 995 3441 1063 imperatum
3469 1004 3582 1050 est:

420 1089 527 1147 Sed
545 1090 886 1160 quaerendum
916 1095 1022 1151 est,
1052 1101 1173 1140 cum
1201 1085 1253 1139 in
1285 1092 1441 1139 nocte
1477 1084 1686 1138 dicatur
1724 1089 1912 1146 natus,
2013 1083 2156 1138 unde
2181 1083 2343 1138 etiam
2373 1084 2439 1138 ab
2488 1083 2759 1138 Abraham
2786 1086 3014 1154 sumpsit
3044 1085 3278 1151 initium,
3307 1087 3450 1156 quod
3477 1087 3530 1140 ei
3561 1103 3594 1140 a

348 1195 445 1235 cur
479 1180 700 1251 angelus
747 1177 1051 1248 pastoribus
1099 1174 1522 1245 cvangelizabat,
1550 1173 1736 1227 dicens
1761 1189 1774 1226 :
1803 1169 1919 1225 Na-
2015 1173 2244 1228 Domino
2267 1181 2593 1244 praeceptum
2618 1182 2701 1228 est
2727 1192 2739 1227 :
2775 1173 3187 1230 Circumcidetur
3208 1193 3270 1230 ex
3289 1176 3429 1231 vobis
3443 1193 3595 1231 omne

349 1288 431 1330 tus
459 1285 534 1330 est
559 1274 702 1328 vobis
715 1273 867 1326 hodie
898 1269 1143 1327 Salvator
1166 1268 1316 1338 (Luc.
1347 1284 1406 1333 ιι,
1434 1268 1558 1337 ll)?
1587 1266 1754 1321 Hodie
1775 1264 1919 1319 enim
2018 1261 2386 1328 masculinum,
2412 1272 2459 1317 et
2490 1263 2664 1332 infans
2702 1274 2817 1317 octo
2861 1264 3064 1318 dierum
3095 1267 3499 1322 circumcidetur
3538 1268 3595 1320 in

350 1367 504 1432 dixit,
535 1367 637 1422 hoc
656 1373 757 1428 est,
783 1363 837 1418 in
863 1363 950 1417 die
972 1361 1106 1416 Novi
1128 1360 1476 1423 Testamenti,
1507 1358 1720 1426 quando
1760 1354 1918 1410 ﬁnem
2020 1351 2158 1404 vobis
2197 1349 2348 1421 (Gen.
2403 1368 2539 1419 xvu,
2566 1351 2654 1418 10,
2691 1353 2817 1423 12)ε
2852 1361 2912 1407 ut
2953 1362 3098 1408 esset
3129 1356 3341 1425 signum
3375 1355 3600 1411 fmderis

351 1457 664 1529 ignorantiae
687 1454 922 1511 tenebris
965 1451 1131 1516 dedit,
1167 1459 1221 1504 et
1245 1449 1456 1503 initium
1511 1446 1750 1502 scientia:
1788 1444 1922 1498 lucis
2022 1441 2163 1496 inter
2197 1442 2384 1507 Deum,
2424 1442 2774 1514 hominesque
2799 1443 3000 1498 ﬁdeles.
3041 1445 3111 1501 Ut
3137 1455 3501 1516 purgarentur
3531 1447 3598 1500 ab

351 1547 549 1616 posuit.
573 1545 679 1601 Sed
703 1545 882 1600 ethoc
903 1541 1272 1603 conveniebat,
1304 1547 1363 1592 ut
1393 1538 1536 1592 circa
1568 1536 1710 1591 illam
1736 1534 1923 1588 horam
2023 1533 2169 1588 omni
2194 1532 2600 1603 inquinamento
2629 1535 2812 1590 carnis
2839 1543 2893 1589 et
2925 1535 3166 1604 spiritus,
3186 1535 3333 1604 iussa
3366 1545 3452 1592 est
3471 1554 3603 1593 caro

355 1637 526 1690 noctis
559 1641 872 1690 nasceretur
896 1673 910 1696 ,
963 1646 1068 1700 qua
1098 1644 1129 1683 a
1156 1628 1382 1682 mortuis
1419 1625 1732 1680 resurrexit.
1773 1622 1929 1678 Unde

355 1727 609 1780 Salomon
635 1742 649 1777 :
678 1723 816 1777 Dum
850 1721 1075 1775 medium
1101 1718 1362 1772 silentium
1401 1724 1627 1770 tenerent
1654 1711 1848 1778 omnia,
1871 1719 1942 1778 et,

355 1818 560 1886 reliqua
585 1814 732 1886 (Sap.
761 1829 878 1878 vm,
908 1811 1017 1882 M).

2025 1632 2338 1688 circumcidi
2371 1651 2382 1686 :
2411 1640 2466 1687 et
2494 1633 2637 1702 quod
2673 1632 2832 1686 hodie
2867 1633 3022 1687 nobis
3068 1633 3120 1686 in
3152 1632 3256 1689 ﬁde
3302 1634 3606 1703 baptismus

2027 1722 2252 1786 Christi,
2278 1723 2381 1777 hoc
2407 1723 2698 1792 praestabat
2719 1721 2824 1776 illis
2846 1723 3184 1778 circumcisio
3207 1724 3260 1777 in
3277 1723 3364 1779 die
3385 1732 3603 1786 octava,

1952 1796 2000 1856 Β
2026 1829 2133 1884 qua
2167 1813 2462 1868 resurrexit
2482 1829 2512 1868 a
2534 1813 2760 1868 mortuis
2783 1852 2799 1878 ,
2828 1822 3054 1882 excepto
3101 1813 3243 1882 quod
3268 1813 3612 1867 circumcisis

426 1903 781 1972 Quaerendum
831 1900 996 1955 etiam
1042 1914 1138 1953 cur
1179 1899 1293 1952 haec
1326 1893 1588 1949 festivitas
1613 1905 1715 1945 non
1761 1890 1927 1944 habet

2034 1905 2250 1962 necdum
2271 1905 2419 1975 regni
2444 1904 2680 1960 caelestis
2702 1905 2918 1975 patebat
2947 1905 3242 1973 ingressus.
3265 1903 3373 1960 Sed
3399 1907 3603 1974 quaeri-

354 1995 599 2053 eamdem
640 1994 952 2048 varietatem
977 2029 993 2055 ,
1051 2003 1211 2058 quam
1257 1986 1462 2040 Pascha
1496 1991 1551 2037 et
1570 1981 1919 2035 Pentecoste:

355 2087 582 2153 scilicet,
619 2094 678 2140 ut
702 2083 1089 2138 mandarentur
1126 2079 1240 2134 dies
1283 2076 1614 2146 septimamc,
1639 2085 1774 2141 quas
1817 2083 1929 2123 ma-

355 2179 558 2234 culavit
591 2183 870 2248 peccatum
897 2173 1043 2227 Adae.
1074 2170 1223 2226 Unde
1249 2168 1577 2236 Augustinus
1603 2165 1671 2216 δε
1705 2180 1726 2214 ι
1758 2160 1928 2217 Nosse

355 2277 568 2340 oportet
594 2268 737 2322 diem
785 2264 1020 2320 natalem
1072 2260 1282 2315 Domini
1334 2273 1442 2312 non
1477 2256 1530 2310 in
1589 2257 1930 2309 sacramento

355 2360 641 2424 celebrari,
665 2358 758 2413 sed
782 2363 991 2410 tantum
1023 2353 1091 2408 ad
1138 2351 1453 2406 memoriam
1498 2360 1753 2402 revocare
1785 2342 1929 2414 quod

360 2460 516 2504 natus
543 2449 630 2514 sit,
654 2461 721 2502 ac
756 2460 854 2516 per
875 2444 978 2499 hoc
1015 2441 1150 2497 nihil
1171 2457 1305 2510 opus
1336 2446 1470 2501 erat,
1499 2435 1600 2490 nisi
1629 2433 1930 2489 revolutum

355 2541 498 2594 diem
528 2523 676 2603 anni,
700 2551 807 2606 quo
833 2535 948 2604 ipsa
977 2547 1065 2588 res
1083 2531 1223 2586 facta
1253 2537 1358 2593 est,
1397 2527 1528 2581 festa
1561 2523 1842 2578 devotione
1857 2519 1933 2576 si-

357 2632 530 2700 gnari.
557 2630 766 2685 Pascha
793 2641 920 2681 vero
948 2632 1002 2680 et
1018 2623 1335 2678 Pentecoste
1359 2634 1463 2672 non
1485 2616 1657 2671 solum
1675 2613 1820 2683 quod
1852 2610 1932 2665 fa-

357 2733 503 2778 ctum
525 2729 632 2784 est,
654 2719 720 2773 ad
743 2715 1057 2772 memoriam
1081 2725 1413 2773 revocamus,
1430 2709 1596 2771 idest,
1621 2705 1761 2774 quod
1789 2718 1933 2758 mor-

361 2824 483 2867 tuus
512 2819 595 2865 est
619 2825 684 2864 ae
710 2805 1021 2869 resurrexit,
1052 2801 1144 2857 sed
1175 2801 1286 2865 illa,
1309 2813 1428 2870 quae
1451 2798 1596 2852 circa
1627 2811 1751 2850 eum
1780 2802 1932 2864 gesta

359 2918 479 2958 esse
495 2907 780 2963 testantur,
809 2897 876 2951 ad
902 2900 1361 2951 sacramentorum
1385 2886 1831 2960 signiﬁcationem
1857 2883 1935 2939 in-

359 2993 668 3063 telligimus.
701 3010 720 3044 ι
747 2988 957 3060 νίςίιίω
974 3000 1104 3040 vero
1127 2999 1246 3054 qua:
1273 2999 1301 3036 a
1322 2979 1627 3052 pastoribus
1649 2980 1750 3033 hac
1776 2983 1938 3032 nocte

361 3082 817 3144 custodiebantur,
855 3079 906 3132 in
936 3084 1168 3148 quatuor
1209 3072 1536 3134 dividuntur,
1561 3068 1767 3124 scilicet
1788 3065 1934 3134 leges

359 3184 588 3246 quatuor
612 3144 994 3246 signiﬁcantes,
1026 3167 1254 3240 primam
1289 3162 1609 3226 naturalem,
1638 3158 1928 3216 secundam
1957 3144 2003 3206 C

362 3265 671 3330 Mosaicam,
708 3262 921 3318 tertiam
946 3258 1349 3330 prephetarum,
1377 3259 1627 3324 quartam
1659 3248 1791 3305 Novi
1829 3246 1931 3301 Te—

358 3355 633 3412 stamenti.
684 3354 741 3407 ln
777 3368 882 3422 qua
919 3348 1244 3423 pastoribus,
1275 3347 1330 3400 id
1378 3350 1497 3406 est,
1553 3337 1932 3396 ecclesiasticis

361 3442 672 3500 doctoribus
694 3439 961 3511 apparuit.
994 3437 1063 3490 Et
1087 3451 1188 3490 nos
1215 3449 1337 3489 cum
1365 3431 1671 3502 pastoribus
1715 3428 1933 3498 vigilare

365 3534 643 3593 debemus,
678 3538 736 3582 ut
764 3541 1068 3582 mereamur
1103 3524 1232 3579 illud
1259 3521 1636 3577 suavissimum
1660 3517 1936 3576 harmoni-

364 3636 510 3684 rum,
541 3617 684 3689 quod
710 3617 815 3671 hac
840 3622 1000 3670 nocte
1036 3613 1212 3684 primo
1249 3618 1522 3666 cantatum
1550 3617 1666 3674 est,
1709 3605 1930 3662 audire:

363 3710 544 3764 Gloria
578 3709 634 3762 in
654 3706 869 3762 excelsis
897 3705 1028 3768 Deo,
1059 3712 1116 3758 et
1160 3701 1390 3770 reliqua.
1434 3699 1587 3756 Unde
1619 3699 1782 3754 etiam
1811 3711 1936 3753 san-

361 3812 483 3856 ctus
507 3799 864 3869 Telesphorus
891 3810 1028 3867 papa
1062 3792 1349 3864 pervigiles
1392 3806 1490 3846 nos
1543 3789 1752 3845 malens
1779 3788 1896 3844 fore
1917 3828 1934 3854 ,

364 3892 554 3946 missas
579 3887 762 3961 [Forte
790 3887 918 3958 leg.,
951 3895 1062 3940 tres
1110 3882 1325 3955 missas]
1352 3882 1631 3938 celebrare
1656 3880 1805 3946 fecit,
1833 3878 1938 3936 sci-

365 3984 491 4038 licet
519 3983 571 4036 in
608 3978 1035 4035 recordationem
1064 3973 1362 4030 nativitatis
1392 3972 1596 4028 Christi
1619 4011 1635 4038 ,
1687 3987 1783 4027 seu
1809 3986 1938 4026 cou-

365 4082 553 4128 centus
573 4070 802 4142 angelici
829 4086 842 4134 ;
886 4068 988 4123 alia
1019 4083 1152 4122 vero
1192 4067 1354 4121 missa
1373 4103 1392 4131 ,
1429 4079 1548 4134 qua:
1575 4064 1834 4133 sequitur,
1865 4063 1938 4117 si-

364 4171 733 4233 gnatnovam
782 4159 957 4212 lucem
1011 4154 1323 4226 Evangelii,
1381 4169 1486 4222 qua
1543 4164 1639 4222 per
1674 4149 1938 4205 incarnati

374 4254 526 4308 Verbi
561 4251 876 4322 mysterium
904 4247 1307 4320 perfundimur;
1347 4262 1442 4301 seu
1493 4253 1712 4316 propter
1753 4244 1939 4298 visita—

366 4343 565 4397 tionem
585 4348 862 4412 pastorum
892 4339 960 4393 ad
988 4351 1228 4408 prazsepe
1271 4334 1513 4400 Domini,
1560 4333 1615 4388 in
1644 4347 1752 4402 quo
1792 4332 1939 4385 inve-

365 4440 561 4488 nerunt
597 4446 789 4502 panem
816 4431 1020 4494 vivum,
1045 4427 1136 4498 qui
1171 4426 1410 4496 quotidie
1447 4441 1478 4479 a
1509 4423 1753 4479 ﬁdelibus
1785 4438 1937 4476 man-

365 4525 526 4580 ditur.
553 4489 779 4578 Romani
815 4522 954 4577 hanc
981 4489 1206 4575 noctein
1223 4519 1296 4572 ita
1319 4517 1628 4572 celebrant:
1657 4515 1849 4584 pridie,
1882 4513 1934 4568 id
1963 4489 2010 4548 D

365 4623 470 4680 est,
491 4611 674 4686 vigilia
696 4612 894 4668 natalis
923 4609 1133 4666 Domini
1161 4608 1293 4663 hora
1324 4621 1464 4662 nona
1493 4612 1693 4660 canunt
1713 4603 1932 4657 missam

365 4707 430 4760 ad
452 4705 708 4760 Sanctam
738 4703 980 4758 Mariam.
1015 4700 1130 4768 Qua
1184 4697 1419 4770 expleta,
1449 4702 1652 4752 canunt
1674 4694 1936 4763 vesperti-

366 4797 540 4851 ualem
566 4794 814 4866 synaxin.
846 4792 1052 4847 Dehinc
1077 4789 1279 4844 vadunt
1312 4788 1379 4842 ad
1404 4787 1601 4843 cibum.
1629 4785 1687 4840 ln
1717 4799 1936 4854 crepus-

365 4887 486 4942 culo
512 4886 687 4942 noctis
720 4885 886 4938 intrat
912 4881 1237 4952 apostolicus
1262 4880 1330 4934 ad
1365 4878 1604 4949 vigiliam
1635 4877 1690 4932 in
1742 4876 1935 4947 praefa-

365 4989 474 5034 tam
502 4976 1012 5040 Ecclesiam,tamen
1041 4988 1148 5028 non
1175 4978 1396 5027 cantant
1420 4969 1492 5024 ibi
1524 4967 1821 5032 introitum,
1843 4966 1936 5022 sed

363 5071 592 5141 expletis
605 5068 802 5140 vigiliis
815 5075 871 5122 et
882 5063 1180 5127 matutinis,
1197 5062 1338 5118 sicut
1351 5063 1403 5115 in
1415 5058 1804 5130 Antiphonario
1815 5073 1939 5113 con-

365 5161 622 5226 tinentur,
653 5159 853 5214 ibidem
890 5161 1114 5211 cantant
1143 5153 1371 5222 primam
1403 5151 1620 5206 missam
1653 5149 1706 5202 in
1734 5155 1890 5202 nocte
1918 5164 1932 5200 :

364 5265 471 5317 qua
498 5249 706 5318 expleta
759 5247 961 5302 vadunt
987 5244 1056 5298 ad
1091 5243 1345 5298 Sanctam
1365 5238 1707 5294 Anastasiam
1744 5251 1937 5290 canere

367 5339 528 5393 aliam
564 5338 780 5394 missam
813 5338 878 5393 de
905 5344 1082 5392 nocte.
1112 5332 1313 5388 Dehine
1333 5336 1559 5401 pergunt
1581 5328 1649 5382 ad
1677 5326 1932 5380 Sanctum

371 5430 612 5496 Petrum,
636 5438 697 5485 ut
717 5430 790 5485 ibi
816 5429 1029 5500 vigilias
1056 5425 1362 5488 celebrent,
1412 5420 1480 5475 ab
1505 5435 1570 5474 eo
1594 5419 1712 5474 loco
1738 5417 1828 5472 ubi
1854 5417 1934 5472 in-

368 5524 615 5578 venerint
667 5537 762 5578 eos
799 5519 1027 5593 psallere
1059 5560 1073 5585 ,
1119 5519 1212 5590 qui
1249 5515 1444 5571 ibidem
1497 5513 1802 5568 excubant:
1836 5509 1932 5581 ipsi

371 5610 513 5666 enim
543 5613 747 5666 intrant
775 5613 842 5667 ad
868 5610 1076 5682 vigilias
1126 5609 1283 5665 solito
1310 5615 1552 5676 tempore
1601 5605 1653 5660 in
1683 5617 1935 5675 processu

445 5736 468 5765 ι
512 5725 624 5780 l'id.
654 5726 907 5787 hinnitum
931 5728 1202 5795 precarium.

2023 2003 2134 2060 tur,
2164 2009 2286 2049 cum
2313 1993 2570 2048 Dominus
2616 1993 2670 2047 in
2698 1992 2881 2048 Veteri
2919 1993 3264 2050 Testamento
3301 1994 3465 2065 jussit
3494 1995 3607 2049 cir-

2026 2084 2349 2148 cumcidere,
2372 2091 2427 2139 et
2448 2084 2631 2154 ipsein
2661 2100 2800 2139 novo
2848 2085 3198 2140 circumcisus
3235 2094 3338 2149 est,
3373 2101 3471 2140 cur
3507 2085 3604 2141 de-

2026 2190 2135 2230 nuo
2164 2177 2454 2230 cessaverit
2495 2177 2863 2232 circumcisio?
2888 2177 3006 2246 Ipse
3032 2193 3136 2231 non
3161 2185 3383 2232 venerat
3421 2177 3599 2248 legem

2028 2265 2268 2332 solvere,
2305 2266 2400 2320 sed
2441 2266 2772 2335 adimplere:
2804 2283 2978 2337 neque
3005 2275 3064 2321 ut
3088 2267 3361 2322 dissimilis
3394 2268 3606 2322 videre-

2029 2365 2118 2412 tur
2141 2358 2386 2426 patribus
2434 2359 2634 2413 sanctis
2661 2367 2716 2412 et
2741 2359 3040 2428 pmphetis,
3059 2375 3126 2414 ex
3157 2374 3385 2429 quorum
3415 2374 3600 2427 prosa-

2027 2449 2117 2518 pia
2142 2447 2434 2503 secundum
2463 2463 2680 2504 carnem
2708 2449 2855 2504 nasci
2878 2451 3127 2521 dignatus
3151 2459 3254 2504 est.
3287 2450 3492 2504 Idcirco
3515 2465 3603 2504 vo-

2029 2537 2130 2592 luit
2152 2539 2481 2602 circumcidi,
2521 2540 2635 2594 sive
2663 2547 2722 2594 ut
2767 2541 3169 2596 excusationem
3223 2539 3459 2596 auferret
3503 2539 3600 2594 Ju-

2031 2629 2160 2684 dzeis
2187 2629 2396 2684 dicendi
2427 2645 2441 2682 :
2470 2629 2756 2684 Dissimilis
2784 2645 2842 2685 es
2874 2631 3140 2700 patribus,
3192 2631 3312 2685 ideo
3355 2631 3605 2686 nolumus

2031 2718 2252 2774 credere
2279 2719 2332 2772 in
2357 2726 2430 2772 te.
2464 2718 2570 2773 Sed
2591 2719 2716 2788 quia
2739 2728 2922 2774 vetera
2952 2716 3322 2786 transierunt,
3371 2729 3428 2776 et
3475 2737 3601 2775 ecce

2032 2807 2175 2863 facta
2203 2816 2327 2864 sunt
2347 2809 2523 2864 omnia
2559 2824 2713 2871 nova,
2745 2817 2958 2879 oportet
2989 2825 3088 2864 nos
3132 2811 3468 2876 circumcidi,
3495 2826 3600 2864 non

2033 2915 2232 2966 carne,
2275 2899 2367 2955 sed
2396 2900 2608 2970 spiritu.
2641 2899 2888 2956 Christus
2934 2901 3077 2956 enim
3125 2901 3268 2955 sicut
3307 2917 3404 2972 pro
3451 2902 3602 2956 nobis

2033 3001 2265 3046 mortem
2287 2991 2546 3061 suscepit,
2571 2991 2643 3044 ita
2673 2992 3140 3046 circumcisionem
3168 3007 3274 3046 non
3305 2992 3530 3061 respuit,
3548 3004 3605 3045 ut

2035 3099 2133 3139 nos
2174 3085 2228 3138 in
2277 3084 2468 3153 spiritu
2497 3083 3007 3139 eircumcideremur
3037 3102 3049 3136 :
3081 3084 3336 3153 quoniam
3367 3084 3602 3138 circum-

2031 3173 2234 3228 cisione
2263 3173 2441 3228 cordis
2465 3172 2760 3227 delectatur
2785 3213 2800 3238 ,
2853 3173 3008 3228 sicuti
3032 3173 3299 3241 Propheta
3351 3172 3606 3242 astipula-

2030 3272 2118 3320 tur
2143 3285 2154 3318 :
2184 3265 2240 3319 In
2261 3264 2566 3320 novissimis
2579 3264 2925 3319 circumcidet
2946 3265 3199 3319 Dominus
3218 3265 3379 3319 corda
3404 3271 3600 3326 vestra,

2031 3363 2086 3410 et
2111 3370 2218 3410 non
2243 3369 2488 3424 corpora.
2523 3353 2648 3409 Haec
2685 3362 2770 3409 est
2803 3369 2930 3409 vera
2959 3355 3297 3410 circumcisio
3321 3355 3519 3417 cordis,
3547 3364 3603 3406 ut

2031 3446 2349 3516 deponamus
2383 3453 2598 3498 veterem
2622 3444 2880 3499 hominem
2911 3462 3028 3499 cum
3060 3445 3259 3499 actibus
3285 3446 3414 3509 suis,
3443 3455 3490 3498 et
3529 3445 3606 3497 in-

2031 3533 2254 3587 duamus
2283 3549 2469 3587 novum
2497 3533 2780 3599 hominem,
2800 3534 2886 3606 qui
2907 3534 3190 3588 secundum
3211 3533 3379 3588 Deum
3403 3545 3608 3588 creatus

2031 3633 2106 3678 est
2138 3622 2274 3680 (Col.
2307 3639 2390 3690 ιιι,
2423 3624 2480 3689 9,
2510 3625 2621 3696 10).

2634 3715 2860 3773 CAPUT
2896 3716 2982 3772 Ill.

2548 3826 2612 3863 DE
2653 3824 2857 3865 OCTAVA
2896 3826 3099 3865 υοιιικι.

2103 3898 2158 3952 In
2181 3899 2287 3954 hac
2312 3907 2499 3954 octava
2528 3899 2613 3954 die
2635 3901 3099 3956 circumcisuscst.
3121 3899 3226 3956 [ste
3253 3901 3372 3956 dies
3391 3910 3610 3956 octavus

2033 4001 2246 4040 omnem
2273 3987 2658 4056 plenitudinem
2690 3989 2745 4041 in
2777 4003 2835 4042 se
2856 3989 3100 4053 obtinet,
3149 3996 3204 4044 et
3226 3998 3310 4044 est
3338 3989 3607 4059 perfectus

2035 4092 2306 4131 numerus.
2335 4075 2453 4146 Ipse
2480 4085 2562 4130 est
2592 4077 2732 4131 enim
2762 4077 2876 4131 dies
2911 4078 3218 4133 Dominicus
3243 4119 3257 4143 ,
3299 4087 3356 4133 et
3376 4079 3492 4133 dies
3520 4094 3604 4132 re-

2037 4167 2384 4221 surrectionis
2415 4166 2643 4220 Domini.
2696 4165 2848 4222 Unde
2875 4183 3003 4222 vero
3027 4169 3239 4223 initium
3289 4169 3603 4239 sumpserit,

2037 4257 2172 4312 liber
2192 4257 2463 4313 Leviticus
2491 4258 2709 4328 pandit:
2741 4258 2886 4326 Dies,
2922 4259 3116 4328 inquit,
3147 4269 3359 4314 octavus
3383 4262 3482 4313 erit
3530 4277 3608 4312 ce-

2038 4346 2340 4402 leberrimus
2383 4359 2537 4419 atque
2580 4349 2940 4403 sanctissimus
2994 4348 3138 4422 (ch.
3191 4366 3352 4415 nm,
3387 4351 3497 4421 56).
3547 4351 3610 4405 Et

2036 4436 2478 4508 Paralipomenon
2504 4458 2516 4492 :
2551 4436 2721 4492 Porro
2747 4437 3035 4507 Matatltias
3065 4456 3183 4494 cum
3232 4438 3424 4494 Levitis
3454 4441 3508 4494 in
3544 4442 3614 4494 ci-

2035 4527 2196 4580 tharis
2222 4543 2314 4596 pro
2346 4536 2525 4581 octava
2554 4527 2805 4582 canebant
2826 4529 3083 4599 cpinicion
3104 4528 3156 4602 (Ι
3172 4529 3358 4583 Paral.
3387 4546 3480 4593 xv,
3498 4529 3607 4595 2|),

2034 4616 2176 4685 quod
2205 4616 2469 4685 cpinicion
2514 4617 2780 4688 signiﬁcat
2811 4618 3140 4687 triumphum
3168 4617 3402 4672 Domini.
3435 4619 3500 4672 Et
3553 4619 3615 4671 ti-

2034 4706 2130 4760 tuli
2155 4707 2345 4778 psalmi
2375 4708 2514 4762 scxti
2547 4717 2604 4762 et
2628 4708 2919 4773 undecimi,
2944 4723 3043 4779 pro
3088 4717 3278 4764 octava
3307 4709 3611 4764 inscribun-

2035 4803 2143 4850 tur.
2171 4795 2412 4866 Namquc
2444 4798 2559 4851 haec
2577 4805 2768 4852 octava
2824 4798 2939 4852 dies
2973 4799 3040 4852 ad
3068 4807 3328 4853 aeternam
3379 4799 3613 4868 pertinet

2035 4888 2294 4957 requiem.
2330 4888 2482 4943 Unde
2516 4903 2547 4942 a
2577 4888 2733 4942 nobis
2759 4887 3018 4958 singulari
3045 4902 3272 4942 numero
3309 4887 3574 4956 accipitur
3594 4926 3608 4948 ,

2039 4976 2131 5046 qui
2180 4977 2324 5032 nullo
2378 4977 2700 5033 succedente
2752 4986 3011 5032 mutatur.
3072 4976 3169 5031 llic
3207 4991 3339 5031 vero
3386 4977 3612 5031 mundus

2039 5064 2242 5137 [Forte,
2272 5065 2549 5137 numerus]
2597 5081 2702 5120 non
2735 5066 2925 5135 recipit
2969 5067 3112 5120 hunc
3156 5074 3411 5120 octavum
3438 5068 3609 5128 diem,

2037 5157 2128 5224 qui
2154 5163 2237 5211 est
2262 5156 2570 5226 singularis,
2602 5157 2692 5211 sed
2748 5155 2870 5211 illos
2893 5172 3027 5225 quos
3057 5172 3313 5211 vocamus
3364 5166 3609 5221 octavos,

2035 5261 2100 5301 eo
2121 5247 2264 5315 quod
2285 5246 2437 5300 ﬁnito
2467 5246 2694 5316 septimo
2718 5245 2857 5300 redit
2879 5259 3093 5315 semper
3118 5245 3185 5298 ad
3201 5245 3456 5314 primum.
3482 5245 3614 5299 Non-

2036 5337 2163 5391 nulli
2195 5352 2290 5408 per
2316 5337 2458 5392 hanc
2483 5344 2729 5392 octavam
2774 5338 3060 5391 adventum
3085 5336 3299 5390 Domini
3323 5336 3612 5391 secundum

2035 5433 2224 5497 putant
2246 5425 2558 5495 signiﬁcari.
2598 5425 2753 5481 Unde
2786 5425 2950 5481 Amos
2972 5427 3270 5494 propheta:
3311 5424 3404 5479 Va
3429 5441 3614 5478 conca-

2036 5520 2347 5590 piscentibus
2375 5519 2511 5571 diem
2539 5518 2752 5572 Domini
2774 5531 2792 5568 :
2816 5520 2924 5586 ipse
2952 5519 3090 5571 enim
3132 5527 3210 5572 est
3233 5517 3344 5572 dies
3373 5515 3612 5578 tenebra',

2037 5621 2083 5667 ct
2113 5627 2215 5665 non
2237 5609 2367 5663 luris
2399 5607 2574 5678 (Amos
2600 5623 2631 5660 v
2654 5647 2669 5671 ,
2721 5607 2827 5677 18).
2872 5607 2940 5662 Et
2985 5606 3326 5677 Sophonias:
3370 5604 3483 5659 Vos:
3513 5604 3616 5658 diei

2115 5725 2141 5764 δ
2180 5722 2309 5792 Aug.
2345 5719 2497 5792 epist.
2525 5719 2612 5786 55,
2646 5733 2791 5772 num.
2823 5718 2876 5772 9..
