3914 6178
250 299 388 354 H77

1070 290 1220 350 OPP.
1264 290 1666 350 SUPPOSITA.
1697 325 1767 335 —
1795 295 1922 349 LIB.
1966 295 2054 350 DE
2093 293 2339 350 DIVINIS
2376 293 2672 354 OFFICIIS.

3371 292 3506 350 H78

254 413 466 468 Domini
487 427 671 469 amara
703 417 752 464 et
798 409 951 474 dura,
974 407 1316 463 tribulabitur
1359 408 1427 462 ibi
1460 407 1610 478 {ortis
1638 405 1827 480 (Saph.
1857 414 1906 471 Α
1935 409 2350 464 haecatidelibus
2364 388 2460 479 pro
2474 409 2642 462 nihilo
2657 406 2943 471 habentur,
2961 405 3508 476 licetquantnl:ecun-

256 518 295 566 ι,
324 502 438 574 14).
463 501 543 556 Illi
572 517 701 557 vero
726 499 816 569 qui
841 500 1004 556 istum
1027 498 1167 552 diem
1191 513 1219 551 a
1243 497 1623 552 constitutione
1648 496 1832 551 mundi

256 595 592 648 arbitrantur
633 597 754 661 post
781 605 875 645 sex
908 588 1070 642 millia
1101 603 1366 642 annorum
1389 586 1501 642 fore
1524 595 1863 662 venturum”.
1890 638 1894 642 .

257 699 323 739 eo
348 683 490 753 quod
511 671 740 752 septimo
769 680 854 735 die
880 678 1135 733 Dominus
1180 677 1247 733 ab
1291 691 1455 747 opere
1502 691 1601 731 suo
1640 675 1836 746 legitur

256 786 520 836 cessasse,
551 769 697 825 mille
732 768 938 824 scilicet
957 782 1125 820 annos
1149 782 1246 838 per
1271 767 1386 820 dies
1412 765 1650 836 singulos
1689 781 1837 820 com-

253 872 534 938 putantes,
558 863 684 931 quia
731 859 959 931 legitur:
985 856 1030 912 Α
1058 863 1345 928 conspectu
1395 857 1511 927 ejus
1541 855 1682 910 mille
1710 856 1836 908 anni

255 956 391 1009 sicut
413 953 521 1006 dies
571 967 713 1014 una;
746 964 854 1004 non
899 947 1032 1003 satis
1083 947 1363 1000 attendunt
1391 946 1533 1015 quod
1578 945 1837 999 Dominus

259 1048 312 1101 in
339 1042 628 1115 Evangelio
678 1042 821 1096 hunc
863 1040 1004 1094 diem
1033 1053 1133 1092 nec
1177 1037 1344 1090 filium
1393 1035 1630 1090 hominis
1677 1049 1836 1089 nosse

258 1134 596 1206 astipulatur.
623 1131 778 1188 Unde
819 1129 980 1184 nimis
1007 1129 1395 1197 importunum,
1427 1125 1558 1180 illud
1601 1124 1838 1179 studiose

257 1241 522 1301 quaerere,
555 1223 699 1295 quod
738 1221 893 1276 nobis
920 1219 1100 1274 divina
1129 1218 1464 1289 providentia
1490 1216 1661 1271 noluit
1687 1229 1838 1270 reve-

258 1317 393 1371 lare.
432 1313 576 1368 Sane
612 1311 758 1367 illam
781 1310 923 1364 diem
951 1323 1200 1378 magnam
1223 1315 1278 1363 et
1303 1305 1628 1377 singularem
1654 1318 1837 1359 amare

255 1415 312 1461 et
335 1419 556 1476 sperare
604 1403 880 1466 debemus,
910 1415 1070 1468 quam
1098 1399 1358 1470 propheta
1383 1397 1552 1453 David
1606 1397 1796 1452 sitiens
1819 1436 1836 1462 ,

257 1516 420 1556 unam
450 1498 679 1553 vocabat
733 1496 919 1551 dicens
947 1513 959 1547 :
995 1492 1135 1559 Quia
1168 1491 1353 1548 melior
1377 1502 1452 1548 est
1493 1493 1603 1547 dies
1630 1509 1736 1546 una
1780 1491 1837 1545 in

256 1591 408 1646 atriis
431 1591 535 1644 tuis
565 1605 720 1660 super
744 1588 912 1640 millia
941 1582 1111 1656 (Psal.
1158 1601 1385 1648 Lxxxm,
1425 1583 1534 1654 ll).
1586 1583 1679 1637 Hae
1707 1596 1836 1636 vero

255 1689 483 1745 octavae,
513 1693 650 1749 quas
672 1677 830 1732 hodie
873 1675 1099 1730 colimus
1127 1714 1142 1739 ,
1189 1674 1308 1728 ideo
1350 1681 1660 1728 reverenter
1697 1673 1836 1728 cele-

1934 516 2039 572 que
2068 501 2466 566 similitudines,
2491 501 2634 570 quod
2671 500 2830 565 absit,
2863 500 3039 556 adhuc
3068 500 3271 555 lateant
3300 501 3352 554 in
3382 499 3510 554 feris

1932 591 2257 655 hominibus,
2291 591 2436 646 omni
2487 599 2666 646 tamen
2705 590 2988 646 conamine
3020 591 3364 660 prohibenda:
3387 596 3513 645 sunt

1933 680 2372 750 atque'pellendze
2397 698 2410 733 :
2443 694 2616 749 neque
2644 679 2788 734 enim
2808 679 2952 734 aliud
2981 680 3272 749 quidquam
3303 680 3427 734 novi
3453 680 3508 732 in

1934 767 2239 824 istiusmodi
2266 769 2492 824 Kalend.
2524 770 2959 838 prmsumendum
2998 779 3102 835 est,
3137 772 3239 825 nisi
3292 770 3431 838 quod
3458 777 3513 824 et

1935 863 1989 918 in
2016 860 2137 916 aliis
2164 861 2386 916 Kalend.
2417 863 2701 926 mensium,
2735 872 2958 932 excepto
3005 864 3146 933 quod
3172 872 3375 917 octavae
3398 864 3508 915 Do-

1934 954 2146 1009 minica:
2167 970 2288 1009 cum
2307 956 2505 1008 eximio
2538 956 2683 1009 cultu
2712 955 3070 1020 celebrentur,
3096 963 3155 1008 ut
3186 970 3345 1024 supra
3370 968 3510 1023 pra:-

1936 1043 2102 1098 ﬁxum
2137 1052 2238 1099 est.
2275 1043 2381 1098 Sed
2407 1059 2581 1114 neque
2609 1044 2736 1099 illud
2763 1047 3096 1100 reticendum
3127 1086 3140 1110 ,
3198 1044 3342 1114 quod
3387 1046 3514 1097 dum

1936 1135 2165 1204 quadam
2187 1135 2274 1189 die
2323 1136 2406 1189 ha:
2435 1135 2841 1204 superstitiones
2868 1135 3146 1189 diabolicae
3184 1133 3372 1187 Romae
3392 1148 3518 1202 age-

1937 1232 2148 1290 rentur,
2178 1226 2394 1296 quidam
2426 1232 2642 1280 sanctus
2661 1225 2972 1280 Almachius
2993 1241 3114 1279 cum
3136 1225 3341 1279 diceret
3369 1243 3381 1275 :
3409 1223 3512 1276 Ho-

1936 1315 2024 1370 die
2043 1325 2247 1370 octavae
2276 1315 2383 1371 diei
2404 1316 2696 1371 Dominicze
2719 1324 2863 1381 sunt,
2897 1325 3104 1370 cessate
3126 1316 3194 1369 ab
3217 1315 3300 1369 his
3323 1331 3514 1384 super-

1939 1409 2247 1463 stitionibus
2279 1408 2539 1463 idolorum
2575 1415 2630 1462 et
2675 1406 2956 1462 sacrificiis
2992 1405 3211 1476 pollutis
3240 1423 3253 1470 ;
3292 1404 3517 1473 jubente

1936 1495 2131 1568 Alypio
2162 1496 2310 1552 urbis
2355 1496 2626 1566 prmfecto,
2655 1496 2757 1550 hac
2783 1495 2848 1550 de
2882 1510 3046 1550 causa
3066 1493 3383 1548 interfectus
3411 1503 3512 1548 est.

2151 1693 2215 1730 DE
2257 1691 2588 1732 TIIEOPIIANIA
2627 1692 2728 1730 VEL
2767 1691 3047 1729 EPIPIIANIA
3084 1689 3292 1728 DOMINI.

255 1773 502 1836 brantur,
531 1769 657 1838 quia
687 1767 875 1838 primis
902 1766 1091 1820 diebus
1125 1771 1454 1848 concurrunt
1503 1763 1660 1818 sicuti
1697 1777 1837 1817 unus
1867 1747 1912 1806 Β
2013 1763 2338 1821 Solemnitas
2374 1767 2490 1820 haec
2511 1766 2896 1828 sacratissima,
2919 1779 3039 1835 qua:
3061 1779 3088 1816 a
3113 1762 3317 1818 Grmcis
3339 1761 3517 1815 Theo-

256 1865 374 1919 dies
401 1862 712 1918 Dominicus
738 1861 806 1914 ad
845 1859 1094 1923 alterum,
1125 1857 1215 1926 qui
1243 1856 1431 1911 eodem
1462 1856 1569 1909 ritu
1598 1854 1838 1910 celebra-

257 1962 388 2007 tur:
421 1952 578 2007 hodie
606 1951 749 2006 enim
789 1949 1078 2004 adventum
1129 1947 1406 2001 hominum
1442 1947 1508 2001 ad
1562 1945 1838 2001 Christum

258 2044 611 2108 celebramus,
638 2050 693 2096 et
716 2041 769 2094 in
786 2039 1067 2093 nativitate
1093 2035 1353 2105 ejusdem,
1379 2035 1668 2091 adventum
1693 2035 1839 2091 illius

261 2133 331 2186 ad
370 2132 630 2187 homines.

876 2217 1102 2274 CAPUT
1141 2217 1230 2272 IV.

719 2324 784 2362 DE
822 2321 1078 2362 KALENDIS
1112 2323 1375 2361 JANUARII.

336 2399 426 2454 Ila:
451 2399 702 2453 Kalendae
733 2397 1029 2452 secundum
1056 2396 1386 2473 dementiam
1436 2395 1711 2470 gentilium
1739 2410 1840 2466 po-

265 2495 372 2548 tius
395 2493 632 2549 dicendae
662 2497 785 2546 sunt
810 2489 1078 2555 cavendae,
1116 2505 1276 2559 quam
1299 2489 1554 2544 calendm.
1583 2489 1659 2543 Ea
1681 2488 1844 2557 siqui-

261 2585 385 2638 dem
404 2591 720 2654 tempestatc
745 2581 979 2653 (quando
999 2580 1207 2650 judices
1219 2589 1487 2652 praeerant
1513 2579 1636 2635 ﬁliis
1654 2579 1840 2646 Israel,

261 2677 369 2730 hoc
397 2682 499 2739 est,
529 2683 655 2727 ante
677 2672 1016 2744 Samsonem)
1057 2671 1156 2726 fuit
1178 2674 1395 2742 quidam
1435 2674 1682 2745 princeps
1720 2689 1840 2744 gen-

260 2765 444 2818 tilium
471 2765 524 2818 in
553 2763 726 2832 Italia,
745 2763 960 2821 noniiue
983 2761 1173 2832 Janus,
1197 2778 1226 2819 a
1255 2777 1362 2837 quo
1389 2762 1676 2818 Januarius
1692 2778 1846 2820 men-

260 2863 344 2916 sis
369 2868 550 2930 postea
580 2867 918 2929 nuncupatus
958 2867 1060 2914 est.
1114 2859 1268 2914 Hunc
1301 2875 1431 2916 vero
1449 2859 1644 2915 Janum
1683 2857 1846 2931 impe-

265 2953 361 3008 riti
389 2952 654 3017 homines,
681 2951 773 3021 qui
799 2951 965 3005 Deum
989 2965 1095 3004 non
1126 2953 1551 3020 cognoscebant,
1582 2953 1734 3021 quasi
1761 2968 1847 3007 re-

265 3057 389 3113 gem
419 3040 746 3106 metuebant,
775 3047 830 3096 et
866 3055 964 3110 pro
993 3039 1104 3094 Deo
1127 3039 1276 3094 illum
1306 3040 1484 3095 colere
1527 3049 1807 3111 cmperunt
1828 3081 1843 3105 ,

266 3131 508 3200 duasque
526 3129 690 3185 facies
704 3131 778 3185 illi
796 3133 1118 3200 figuravere,
1134 3139 1353 3201 propter
1366 3131 1632 3186 orientem
1644 3140 1697 3186 et
1712 3133 1850 3187 occi-

270 3224 517 3277 dentem:
542 3238 642 3277 nee
668 3239 772 3278 non
789 3233 842 3278 et
881 3223 1309 3293 quadrifrontem
1346 3225 1769 3294 appellaverunt,
1796 3225 1850 3280 id

269 3326 374 3382 est,
396 3315 590 3371 Janum
616 3319 905 3388 geminum,
931 3325 1154 3388 propter
1174 3326 1405 3387 quatuor
1425 3327 1624 3387 partes,
1641 3335 1735 3374 seu
1748 3318 1852 3373 ele-

270 3416 454 3462 menta
483 3415 731 3479 quatuor,
750 3416 908 3478 atque
933 3417 1172 3478 tempora
1193 3417 1443 3478 quatuor.
1475 3405 1579 3462 Sed
1601 3423 1725 3463 cum
1746 3408 1852 3462 hoc

269 3497 533 3562 facerent,
570 3497 874 3552 formabant
907 3497 1084 3566 potius
1122 3507 1443 3562 monstrum,
1474 3513 1634 3567 quam
1657 3497 1846 3552 Deum.

271 3586 426 3642 Unde
439 3586 607 3640 Numa
621 3595 741 3656 post
757 3586 1043 3640 Romulum
1064 3587 1208 3640 hunc
1221 3602 1338 3641 esse
1354 3587 1586 3655 primum
1611 3601 1852 3641 mensem

273 3679 402 3732 anni
429 3678 616 3742 voluit,
644 3686 898 3746 tanquam
915 3679 1150 3748 bicipitis
1172 3677 1267 3731 Dei
1283 3692 1543 3740 mensem,
1561 3679 1854 3747 respicien-

275 3782 384 3825 tem
399 3786 461 3824 ac
474 3769 889 3840 prospicientem
915 3768 1172 3823 transactl
1211 3767 1335 3821 anni
1366 3766 1548 3830 linem,
1580 3766 1855 3836 futurique

276 3861 491 3914 initium
517 3878 529 3913 :
561 3869 614 3914 et
637 3859 949 3914 Januarium
973 3865 1322 3924 vocatum,eo
1358 3856 1501 3927 quod
1523 3855 1594 3909 sit
1628 3855 1782 3909 limes
1803 3863 1857 3908 et

273 3949 442 4022 janua
465 3953 591 4006 anni
607 3965 654 4004 ει.
673 3951 822 4007 Unde
850 3950 1086 4019 imperiti
1115 3949 1359 4005 homines
1382 3947 1545 4003 veluti
1569 3947 1740 4003 Deum
1767 3961 1857 4000 eo-

276 4044 471 4107 lentes,
487 4045 627 4098 diem
652 4044 826 4114 ipsum
842 4041 1024 4096 multis
1045 4040 1318 4110 spurcitiis
1335 4045 1704 4094 sacraverant.
1730 4035 1858 4104 Qui-

278 4135 402 4188 dant
416 4133 695 4187 mutabant
717 4147 777 4186 se
799 4133 852 4186 in
878 4131 1085 4201 species
1107 4138 1494 4194 monstruosas,
1514 4130 1567 4182 in
1594 4127 1859 4183 ferarum-

279 4239 384 4292 que
401 4223 614 4277 habitus
631 4221 1108 4276 transformabant.
1125 4219 1228 4274 Alii
1247 4221 1300 4274 in
1324 4219 1555 4274 femineo
1572 4227 1726 4289 gestu
1744 4234 1860 4271 mu-

280 4315 403 4378 tati,
421 4313 629 4368 virilem
653 4313 859 4368 vultum
885 4310 1292 4367 eﬁ'eminabant:
1319 4325 1420 4365 nec
1443 4310 1710 4364 immerito
1731 4308 1861 4363 viri-

1934 1856 2133 1926 phania
2161 1855 2245 1909 vel
2267 1855 2564 1925 Epiphania
2598 1861 2962 1924 nuncupatur,
2994 1853 3190 1907 Latine
3210 1867 3340 1907 vero
3361 1867 3520 1922 appa-

1937 1944 2062 1999 ritio
2111 1960 2206 1999 seu
2242 1946 2509 2008 ostensio,
2542 1944 2626 1998 vel
2673 1942 3041 1998 manifestatio
3091 1943 3516 2010 interpretatur,

1936 2036 2251 2091 multimoda
2277 2037 2332 2090 in
2359 2051 2416 2090 se
2439 2037 2677 2090 continet
2710 2037 2989 2106 mysteria.
3018 2035 3151 2090 Cum
3176 2037 3318 2090 enim
3360 2033 3519 2088 Chri-

1936 2133 2054 2180 stus
2088 2140 2258 2194 nuper
2275 2141 2340 2179 ex
2364 2126 2483 2180 alvo
2506 2126 2744 2196 Virginis
2789 2128 3161 2196 egrederetur,
3193 2125 3329 2196 Magi
3361 2124 3523 2179 Chan

1939 2218 2038 2272 dmi
2078 2217 2133 2270 in
2155 2216 2370 2271 Oriente
2397 2217 2605 2270 stellam
2651 2217 2896 2271 videntes
2935 2217 3100 2270 nimia
3128 2217 3373 2270 claritate
3421 2215 3524 2268 ful-

1940 2312 2155 2374 gentem
2183 2304 2256 2358 ita
2284 2313 2344 2358 ut
2371 2304 2540 2359 solem
2567 2304 2686 2359 luce
2718 2311 3019 2373 superaret,
3049 2313 3103 2358 ut
3145 2310 3300 2358 erant
3348 2302 3525 2357 edocti

1940 2395 1996 2449 in
2016 2410 2177 2449 cursu
2213 2403 2485 2449 astrorum
2503 2435 2517 2458 ,
2564 2394 3059 2449 animadverterunt
3081 2394 3222 2448 hanc
3251 2407 3370 2447 esse
3391 2391 3524 2447 stel-

1942 2484 2252 2554 Ia'm,quam
2287 2486 2412 2540 olim
2451 2484 2671 2540 Balaam
2706 2484 2993 2540 Madianita
3024 2526 3038 2550 ,
3093 2483 3246 2552 cujus
3278 2484 3524 2538 traditio-

1942 2593 2065 2632 nem
2093 2581 2474 2648 sequebantur,
2506 2581 2830 2650 pnedixerat
2871 2581 2942 2634 ita
2992 2581 3339 2634 adfuturam:
3375 2578 3528 2632 Orie-

1943 2678 2031 2723 tur
2056 2669 2206 2724 stella
2234 2687 2299 2724 ex
2325 2669 2491 2725 Iacob
2517 2671 2705 2743 (Num.
2743 2687 2853 2737 xw,
2893 2670 3004 2743 l7),
3027 2679 3081 2724 et
3104 2670 3329 2738 reliqua.
3373 2669 3529 2724 Vide-

1943 2755 2107 2819 batur
2132 2763 2275 2817 enim
2305 2762 2454 2817 sidus
2471 2778 2568 2833 per
2593 2763 2756 2818 diem.
2800 2764 3026 2819 Istorum
3063 2763 3205 2817 enim
3248 2761 3524 2835 Magorum

1933 2857 2172 2932 ‘primus,
2195 2855 2515 2910 Zoroastres
2543 2869 2639 2910 rex
2684 2855 2912 2920 exstitit,
2942 2870 2972 2908 a
2994 2869 3100 2925 quo
3129 2852 3391 2926 originem
3445 2853 3528 2907 fe—

1947 2965 2140 3009 runtur
2189 2951 2436 3008 traxisse.
2487 2947 2553 3006 Ili
2600 2948 2863 3008 elementa
2901 2949 3318 3012 concutiebant,
3350 2948 3532 2999 turba-

1949 3045 2183 3114 bantquc
2205 3053 2413 3098 mentes
2437 3043 2736 3097 hominum.
2783 3043 2862 3097 Ex
2890 3044 3115 3096 istorum
3138 3052 3332 3110 genere
3359 3050 3532 3105 quon-

1951 3137 2075 3191 dam
2103 3135 2155 3188 in
2196 3134 2431 3207 IEgypto
2486 3135 2801 3190 restiterunt
2824 3133 3311 3205 Moysi,vertentes
3355 3129 3533 3198 virgas

1952 3227 2008 3280 in
2033 3230 2298 3283 dracones
2326 3241 2602 3295 aquasque
2623 3225 2676 3278 in
2707 3225 3041 3295 sanguinem.
3067 3222 3134 3276 Ili
3164 3218 3418 3287 astrologi
3447 3218 3532 3272 di-

1951 3317 2047 3382 cti,
2083 3331 2312 3370 necnon
2342 3315 2666 3387 genethliaci
2717 3322 2939 3385 propter
2984 3313 3242 3368 natalium
3290 3310 3535 3366 conside~

1951 3409 2208 3464 rationes.
2247 3408 2484 3465 Gencses
2512 3409 2656 3464 enim
2676 3409 2887 3464 dierum
2912 3408 3191 3463 hominum
3214 3423 3311 3477 per
3334 3407 3535 3461 duode-

1951 3501 2057 3556 cim
2081 3500 2258 3555 sidera
2286 3501 2406 3556 coeli
2441 3501 2836 3557 describebant.
2865 3498 3112 3555 Siderum
3135 3513 3348 3568 quoque
3374 3513 3534 3552 cursu

1953 3595 2290 3649 nascentium
2312 3609 2509 3658 mores,
2541 3601 2870 3663 eventusque
2892 3591 3333 3663 pronuntiabant,
3360 3589 3414 3644 id
3431 3599 3537 3654 est,

1954 3685 2075 3753 quis
2111 3683 2256 3753 quali
2279 3683 2430 3754 signo
2451 3682 2643 3738 fuisset
2681 3691 2858 3746 natus,
2879 3692 2970 3737 aut
2992 3697 3150 3752 quem
3175 3681 3422 3736 effectum
3447 3681 3541 3732 ha-

1955 3775 2107 3828 beret
2153 3775 2298 3838 vitm,
2329 3775 2419 3843 qui
2451 3773 2794 3828 nascebatur.
2850 3773 2912 3826 Hi
2963 3774 3121 3842 vulgo
3171 3770 3539 3826 mathematici

1956 3862 2382 3932 appellabantur,
2416 3859 2570 3928 cujus
2597 3860 2999 3930 superstitionis
3043 3875 3210 3931 genus
3251 3859 3540 3916 constella-

1958 3953 2131 4008 tiones
2156 3952 2348 4006 Latine
2382 3951 2667 4016 vocabant,
2696 3952 2749 4006 id
2783 3959 2886 4016 est,
2928 3951 3232 4006 notationes
3279 3951 3536 4016 siderum,

1957 4044 2226 4115 quomodo
2271 4059 2329 4098 se
2359 4043 2640 4108 haberent,
2673 4059 2798 4098 cum
2840 4044 2962 4113 quis
3001 4051 3332 4098 nasceretur.
3364 4041 3532 4097 Iidem

1959 4143 2136 4192 autem
2166 4132 2442 4188 stellarum
2473 4133 2795 4202 interpretes
2824 4133 3294 4202 nuncupabantur,
3319 4131 3459 4187 sicut
3485 4143 3541 4187 et

1959 4229 2025 4284 de
2057 4227 2141 4281 his
2159 4224 2377 4295 legitur,
2409 4224 2499 4294 qui
2527 4225 2579 4278 in
2604 4223 2895 4293 Evangelio
2924 4231 3108 4278 natum
3143 4223 3418 4279 Christum
3447 4237 3542 4277 an-

1960 4317 2364 4380 nuntiaverunt,
2395 4324 2579 4384 postea
2620 4323 2800 4369 autem
2835 4315 2951 4370 solo
3002 4314 3219 4370 nomine
3245 4315 3544 4369 mathema-

279 4407 386 4461 Icm
402 4405 772 4461 fortitudinem
795 4420 900 4459 non
933 4404 1149 4469 habent,
1173 4402 1262 4472 qui
1290 4402 1343 4456 in
1362 4401 1600 4457 mulieris
1613 4400 1858 4455 habitum
1888 4427 1942 4486 Β
1965 4409 2078 4464 ﬁci,
2109 4404 2272 4476 Cujus
2291 4407 2425 4460 artis
2462 4405 2688 4460 scientia
2734 4420 2904 4474 usque
2956 4405 3021 4460 ad
3051 4404 3402 4474 Evangelium
3445 4402 3547 4458 fuit

280 4496 634 4549 transierunt.
658 4493 839 4564 Aliqui
866 4493 1116 4548 fanaticis
1152 4492 1392 4564 auguriis
1411 4490 1857 4562 profanabantur,

279 4587 698 4659 perstrepebant
743 4585 987 4642 saltando
1012 4585 1257 4657 pedibus,
1285 4585 1625 4656 tripudiando
1661 4583 1863 4654 plausi-

281 4679 416 4744 bus;
456 4678 698 4732 nonnulli
731 4678 803 4732 ita
831 4678 1054 4748 auguria
1084 4676 1466 4740 observabant,
1496 4685 1555 4729 ut
1594 4675 1774 4729 focum
1795 4672 1861 4727 de

280 4770 445 4824 domo
500 4784 627 4834 sua,
659 4768 743 4824 vel
768 4768 910 4823 aliud
955 4769 1311 4838 quodcunque
1350 4765 1668 4822 beneﬁcium
1692 4805 1708 4831 ,
1754 4765 1863 4820 cui-

281 4877 446 4930 quam
471 4860 674 4930 petenti
701 4861 921 4914 minime
965 4860 1284 4914 tribuerent.
1340 4855 1644 4911 Diabolicas
1693 4856 1859 4911 etiam

284 4960 500 5005 strenas
516 4958 569 5005 et
592 4951 660 5005 ab
673 4949 793 5003 aliis
809 4947 972 5020 464.
993 4948 1346 5018 accipiebant,
1364 4954 1418 5001 et
1431 4946 1532 5016 ipsi
1551 4946 1670 5000 aliis
1693 4945 1866 5002 trade-

283 5041 554 5098 bant.Nec
567 5057 670 5097 non
687 5041 849 5097 etiam
863 5040 1134 5096 mensulas
1150 5039 1338 5112 plenas
1352 5040 1418 5094 ad
1435 5038 1865 5093 manducandum

286 5141 401 5187 tota
423 5140 580 5188 nocte
616 5142 838 5203 paratas
864 5132 1152 5197 habebant,
1175 5131 1458 5186 credentes
1479 5130 1622 5199 quod
1642 5129 1864 5184 Kalend.

285 5223 531 5279 Januarii
560 5239 657 5295 per
681 5233 850 5281 totum
877 5240 1076 5279 annum
1095 5232 1353 5297 prmstare
1389 5221 1712 5296 possent.Et
1740 5222 1866 5292 quia

287 5317 375 5372 his
405 5323 567 5388 atque
595 5317 716 5372 aliis
773 5317 1007 5373 miseriis
1035 5314 1262 5370 mundus
1300 5314 1585 5368 universus
1633 5313 1868 5382 repletus

287 5416 430 5472 erat,
463 5410 653 5464 statuit
683 5409 1002 5464 universalis
1029 5405 1270 5462 Ecclesia
1301 5403 1563 5474 jejunium
1593 5404 1862 5474 publicum

290 5498 343 5554 in
370 5497 475 5552 isto
520 5499 606 5554 die
640 5498 776 5563 fieri,
800 5505 1067 5568 quatenus
1117 5495 1202 5550 his
1234 5493 1634 5550 calamitatibus
1677 5502 1866 5547 auctor

295 5592 414 5642 vita:
441 5588 600 5643 linem
621 5589 936 5659 imponeret.
993 5585 1097 5640 Sed
1127 5585 1251 5655 quia
1295 5583 1523 5639 Domino
1559 5583 1819 5655 largiente
1845 5623 1857 5647 ,

1966 4515 2241 4566 concessa,
2272 4509 2332 4554 ut
2361 4498 2577 4554 Christo
2626 4499 2772 4554 edito
2796 4515 2955 4554 nemo
2991 4498 3183 4552 exinde
3209 4497 3544 4552 nativitatem

1966 4593 2192 4662 alicujus
2221 4593 2286 4647 de
2325 4590 2466 4647 eualo
2495 4591 2966 4659 interpretaretur.
2996 4589 3147 4644 Unde
3177 4603 3298 4642 mox
3328 4596 3545 4657 pertur—

1963 4685 2074 4741 bati
2099 4693 2260 4753 atque
2287 4681 2569 4737 conterriti
2597 4695 2663 4735 ex
2691 4679 2897 4735 visione
2938 4678 3152 4742 sideris,
3175 4679 3408 4748 acceptis
3431 4693 3549 4732 mu-

1963 4777 2204 4842 neribus,
2231 4782 2506 4846 prateunte
2534 4788 2628 4829 eos
2658 4773 2811 4828 stella
2833 4772 2897 4827 ad
2921 4771 3124 4828 Christi
3147 4771 3405 4827 cunabula
3437 4779 3548 4826 ter-

1967 4869 2253 4924 tiodecimo
2275 4867 2381 4933 die,
2404 4866 2545 4936 quod
2566 4874 2649 4922 est
2692 4866 2851 4921 hodie
2876 4906 2890 4931 ,
2936 4866 2990 4920 in
3042 4864 3316 4920 Bethleem
3362 4877 3547 4932 perve-

1969 4959 2143 5014 niunt.
2173 4956 2341 5023 Quem
2369 4956 2576 5010 tiaratis
2605 4955 2841 5010 vultibus
2870 4954 3158 5009 adorantes
3183 4994 3197 5018 ,
3247 4953 3422 5006 laetata
3467 4958 3552 5007 est

1971 5062 2136 5118 sagax
2159 5045 2446 5101 curiositas
2466 5043 2859 5110 Chaldaeorum,
2883 5045 3007 5114 quia
3036 5044 3185 5098 illum
3215 5041 3468 5096 videbant
3493 5041 3547 5094 in

1972 5134 2133 5190 terris
2157 5134 2358 5189 editum
2385 5175 2399 5198 ,
2444 5149 2604 5203 quem
2629 5134 2682 5188 in
2705 5134 2856 5189 cmlis
2876 5139 3237 5203 cognoverant
3276 5140 3550 5186 astrorum

1976 5225 2184 5281 lacibus
2210 5241 2329 5281 esse
2357 5225 2720 5295 prazsagitum.
2746 5225 2843 5280 Cui
2868 5225 3028 5280 etiam
3054 5238 3276 5278 munera
3297 5221 3549 5286 otl'erunt,

1977 5321 2078 5373 hoc
2102 5324 2204 5381 est,
2226 5332 2437 5379 aurum,
2467 5316 2589 5370 thus
2616 5323 2670 5369 et
2699 5316 2994 5387 myrrham.
3031 5313 3165 5381 Quia
3192 5329 3220 5366 a
3261 5312 3418 5382 longe
3455 5328 3549 5366 vc-

1971 5405 2144 5469 niunt,
2175 5405 2411 5476 gentium
2444 5405 2668 5474 populos
2698 5405 2869 5460 lucem
2901 5403 3022 5459 ﬁdei
3075 5403 3388 5474 cognituros
3418 5419 3550 5472 pra:-

1970 5497 2202 5567 sagiunt.
2239 5495 2344 5550 Per
2370 5511 2561 5550 aurum
2612 5513 2704 5550 rex
2749 5496 3069 5551 ostenditur.
3112 5496 3170 5550 ln
3211 5497 3367 5550 thure
3411 5495 3551 5549 Dens

1969 5584 2318 5656 dignoscitur.
2350 5585 2454 5637 Per
2489 5586 2782 5654 myrrham,
2804 5586 2961 5640 homo
2976 5601 3165 5654 passus
3195 5594 3352 5655 atque
3377 5585 3552 5656 sepul-

367 5719 388 5746 α
437 5705 550 5760 \‘irl.
590 5703 825 5759 Martcnc
849 5702 911 5757 de
938 5700 1168 5770 Antiqua
1192 5699 1393 5754 Eecles.
1422 5697 1856 5770 disciplina,cap.
1902 5697 1984 5762 l3,
2014 5712 2160 5749 num.
2199 5695 2280 5762 lii,
2315 5709 2436 5766 pag.
2492 5695 2608 5750 “)5.
