3914 6178
402 253 536 309 H79

1233 245 1289 298 Β.
1332 241 1390 295 F.
1435 235 1658 292 ALBINI
1703 233 1836 289 SEL'
1872 231 2150 288 ALCUlNl
2189 230 2473 288 OPERUM
2512 229 2692 286 PARS
2732 230 2817 286 IX.

3535 225 3674 280 H80

398 381 508 428 tus.
535 371 661 432 Ihec
689 371 829 424 dona
855 331 1125 420 Iuvencus
1153 363 1432 434 presbyter
1460 358 1595 414 mire
1615 355 1836 429 [metro]
1855 369 1981 411 con-
2006 357 2058 413 Α
2083 356 2228 412 sunt,
2259 345 2477 403 inchoat
2503 345 2702 400 facere.
2737 344 2890 400 Unde
2915 343 3152 414 primum
3179 350 3298 398 erat
3325 342 3668 412 miraculum,

398 464 563 521 clusit
587 482 600 516 :

403 579 610 638 Aurum,
654 575 785 636 thus,
824 571 1088 635 myrrham,
1127 569 1357 630 regique,
1397 564 1622 628 Deoque,
1667 563 1975 625 hominique,

403 637 541 689 Dona
562 637 744 687 ferunt.

465 741 524 795 In
544 741 646 794 hac
671 739 758 794 die
777 753 944 792 unum
984 735 1281 790 amittimus
1306 746 1375 787 ex
1403 731 1510 797 his,
1543 745 1662 801 qua:
1688 730 1743 784 in
1788 728 1978 784 nativi-

396 840 507 886 tate
532 830 746 886 Domini
794 830 1130 884 celebramus
1157 865 1172 891 ,
1215 825 1318 878 hoc
1342 829 1461 886 est,
1514 819 1884 874 invitatorium
1923 828 1974 871 ⁸.

395 923 677 978 Institutor
702 930 879 977 autem
898 919 1219 981 ofﬁciorum,
1245 916 1300 970 in
1326 921 1584 984 quantum
1605 911 1801 981 potuit,
1816 910 1980 965 actio-

395 1031 519 1070 nem
551 1014 695 1069 illius
717 1011 992 1080 temporis,
1015 1007 1230 1079 quando
1261 1006 1350 1059 illa
1395 1005 1694 1075 agebantur
1729 1016 1850 1071 quae
1890 1015 1978 1054 re-

396 1108 644 1172 colimus,
675 1106 728 1158 in
755 1105 955 1158 usitato
983 1100 1165 1156 ofﬁcio
1191 1099 1361 1154 voluit
1387 1099 1455 1153 ad
1479 1095 1796 1152 memoriam
1821 1093 1977 1150 nobis

393 1197 654 1252 reducere
681 1215 695 1249 :
727 1195 951 1255 scilicet,
977 1192 1102 1261 quia
1135 1189 1305 1244 voluit
1325 1189 1381 1243 in
1405 1188 1508 1242 isto
1537 1185 1867 1255 distinguere
1880 1198 1978 1237 no-

397 1299 568 1343 stram
597 1287 794 1343 bonam
839 1283 1237 1347 invitationem,
1290 1294 1396 1351 qua
1432 1277 1729 1333 invitantur
1754 1284 1810 1330 et
1834 1274 1978 1330 exci-

395 1388 584 1434 tantur
605 1377 789 1432 ﬁdeles
813 1378 882 1432 ad
909 1376 1080 1430 Deum
1118 1373 1533 1443 deprecandum,
1560 1369 1628 1425 ab
1662 1368 1979 1423 invitatione

394 1471 644 1535 Herodis,
676 1469 766 1539 qui
795 1475 1081 1539 propterea
1112 1463 1460 1535 congregavit
1489 1462 1695 1517 scribas
1741 1468 1795 1516 et
1823 1458 1966 1528 prino

393 1563 543 1631 cipes
564 1559 891 1623 Judreorum,
926 1565 986 1610 ut
1041 1557 1207 1611 sciret
1234 1554 1326 1609 ubi
1351 1552 1600 1608 Christus
1644 1555 1974 1613 nasceretur,

393 1666 554 1720 quem
586 1649 856 1718 cogitabat
902 1646 1233 1711 interﬁcere,
1283 1643 1652 1699 invitatorium
1697 1639 1978 1710 prasentis

2077 440 2221 509 quod
2248 447 2370 510 post
2401 437 2787 492 revelationem
2817 435 2963 499 anni,
2993 435 3209 504 quando
3238 441 3464 489 vocatus
3490 443 3573 488 est
3600 436 3666 489 ad

2075 535 2310 603 nuptias,
2361 546 2533 602 aquas
2562 529 2615 584 in
2644 529 2829 583 vinum
2873 527 3162 592 convertit,
3204 526 3347 596 quod
3394 535 3479 581 est
3507 527 3666 582 tertio

2078 624 2164 679 die
2210 632 2332 693 post
2359 622 2701 677 vocationem
2743 617 3150 688 discipulorum.
3199 617 3397 672 Vinum
3427 618 3566 672 istud
3601 631 3665 671 ex

2077 729 2219 784 aqua
2250 712 2475 777 factum,
2505 711 2687 767 divina
2709 718 2979 781 praecepta
3005 723 3099 764 seu
3120 707 3430 778 Scripturas
3455 717 3666 764 sanctas

2077 805 2500 868 meracissimas,
2532 805 2776 874 vigorem
2805 803 3042 858 caelestis
3069 803 3349 873 sapientia:
3380 804 3663 867 continen-

2079 905 2185 962 tes,
2217 894 2588 972 intelligimus.
2635 893 2729 948 Ha:
2753 893 2952 963 nuptiae
2981 894 3177 964 gaudia
3203 892 3395 948 salutis
3419 893 3667 948 humana:

2078 991 2419 1062 signiﬁcant:
2449 1005 2544 1047 sex
2563 991 2793 1062 hydrixe,
2818 1006 2912 1046 sex
2939 990 3126 1045 mundi
3152 998 3342 1046 aetates
3361 990 3662 1061 designant,

2078 1099 2176 1153 per
2205 1099 2340 1154 quas
2362 1080 2495 1151 justi
2526 1082 2758 1152 ﬁguram
2784 1082 2996 1138 Domini
3033 1081 3554 1152 praztulerunt..Per
3587 1099 3667 1138 ar-

2079 1175 2466 1240 chitriclinum,
2498 1173 2853 1229 fortissimum
2880 1174 3294 1243 praedicatorem
3330 1172 3561 1228 Paulum
3590 1175 3667 1230 in-

2080 1265 2389 1336 telligimus.
2440 1265 2593 1320 Fecit
2620 1266 2786 1320 etiam
2834 1264 2994 1320 hodie
3023 1280 3279 1335 magnum
3323 1265 3663 1330 miraculum,

2081 1357 2296 1426 quando
2317 1358 2382 1413 de
2408 1358 2647 1427 quinque
2676 1357 2904 1428 panibus
2931 1365 2987 1412 et
3015 1357 3226 1412 duobus
3249 1358 3496 1428 piscibus
3525 1360 3664 1430 pavit

2081 1449 2324 1519 quinque
2351 1447 2520 1503 millia
2551 1449 2852 1502 hominum.
2885 1446 3132 1517 Quinque
3158 1446 3328 1502 millia
3359 1449 3665 1516 hominum,

2080 1541 2170 1610 qui
2200 1541 2439 1610 quinque
2470 1539 2704 1610 panibus
2731 1547 2786 1595 et
2831 1538 3039 1594 duobus
3074 1539 3313 1609 piscibus
3350 1540 3494 1610 pasti
3523 1551 3665 1606 sunt,

2081 1630 2336 1686 Ecclesia:
2364 1638 2491 1686 sunt
2513 1629 2722 1699 populi,
2745 1629 2835 1700 qui
2861 1638 2983 1700 post
3007 1629 3244 1699 quinque
3265 1646 3461 1685 sensus
3487 1631 3668 1697 carpo-

393 1705 559 1794 ofﬁcii
585 1705 788 1794 omisit.
814 1736 1062 1791 Psalmus
1100 1705 1314 1790 autem:
1351 1733 1492 1787 Deus
1521 1705 1979 1800 noster-refugium
2013 1705 2054 1764 Β
2083 1722 2178 1786 ris,
2211 1722 2468 1776 alimento
2493 1720 2628 1790 legis
2657 1719 2886 1790 spiritali
2925 1735 2955 1774 a
2995 1718 3212 1776 Christo
3233 1721 3577 1785 reﬁciuntur,
3621 1731 3671 1778 et

393 1839 441 1884 et
468 1831 630 1884 virtus
655 1825 826 1898 (Psal.
859 1842 986 1891 xcv,
1015 1825 1070 1896 Ξ)
1099 1865 1114 1890 ,
1167 1832 1496 1896 ρι’ωιιοειθτο
1526 1822 1715 1877 ordine
1740 1861 1755 1883 ,
1801 1827 1981 1876 canta-

396 1930 507 1984 tur,
531 1919 658 1989 quia
685 1919 838 1989 prins
858 1918 1113 1972 adoratus
1137 1923 1221 1972 est
1241 1932 1272 1970 a
1296 1916 1465 1986 Magis
1509 1913 1789 1978 Dominus,
1817 1928 1981 1982 quam

396 2027 426 2063 ει
455 2010 663 2066 Joanne
698 2010 1023 2080 baptizatus.
1062 2009 1130 2063 Et
1154 2008 1385 2064 fortasse
1411 2008 1687 2062 institutor
1714 2007 1868 2061 istius
1893 2005 1978 2060 of-

395 2103 500 2157 ﬁcii
537 2103 712 2174 magis
738 2101 905 2156 voluit
947 2100 1147 2155 imitari
1173 2100 1416 2156 ordinem
1469 2097 1793 2153 venientium
1851 2096 1982 2151 ﬁde-

393 2195 524 2247 lium
551 2193 618 2247 ad
662 2193 1012 2262 baptismum,
1043 2205 1205 2260 quam
1253 2190 1407 2259 sequi
1455 2188 1703 2243 ordinem
1747 2185 1983 2258 psalmo-

395 2299 536 2338 rum.
563 2282 714 2337 Tunc
731 2297 861 2352 ergo
876 2281 1016 2336 bene
1043 2280 1112 2334 ad
1137 2279 1454 2334 memoriam
1485 2278 1818 2333 reducuntur
1835 2275 1979 2333 facta

391 2373 686 2441 praeterita,
711 2387 833 2428 cum
860 2372 1100 2427 rationes
1119 2371 1318 2426 rationi
1344 2368 1695 2424 conveniunt.

1024 2500 1254 2557 CAPUT
1292 2500 1381 2556 Vl.

898 2634 964 2672 DE
993 2633 1252 2672 BAPTISHO
1279 2633 1484 2673 DOIIINI.

465 2731 708 2800 Expletis
731 2729 934 2785 Christi
963 2729 1119 2800 quasi
1161 2729 1381 2800 triginta
1419 2744 1687 2785 annorum
1730 2729 1979 2785 curricu-

394 2825 482 2890 lis,
513 2824 663 2880 venit
691 2824 744 2878 in
770 2822 1062 2878 Iordanem
1089 2823 1157 2876 ad
1184 2821 1447 2878 Joannem
1464 2864 1480 2890 ,
1527 2832 1588 2877 ut
1614 2823 1992 2893 baptizaretur.

394 2917 464 2969 ab
489 2930 587 2980 eo,
632 2930 774 2970 anno
813 2914 1064 2969 videlicet
1091 2914 1494 2983 deeimoquinto
1537 2915 1748 2984 imperii
1780 2915 1980 2969 Tiberii

392 3003 646 3067 Cresaris,
675 3001 775 3057 sub
805 3002 1088 3058 Valeriano
1110 3011 1166 3058 et
1193 3002 1432 3058 Asiatico
1461 3003 1770 3058 consulibus
1797 3004 1848 3069 ι),
1881 3019 1981 3058 nec

395 3110 503 3148 non
551 3093 606 3147 in
647 3091 830 3148 Judaca
861 3101 1093 3162 quatuor
1131 3094 1422 3148 tetrarchis
1457 3093 1880 3158 dominantibus,
1928 3093 1981 3148 id

391 3193 500 3249 est,
533 3184 766 3250 Herode,
797 3185 1042 3255 Philippo
1077 3193 1130 3238 et
1156 3183 1409 3255 Lysania,
1449 3184 1573 3239 ﬁliis
1601 3184 1829 3240 Herodis
1863 3200 1980 3238 ma-

387 3271 561 3340 joris:
596 3289 692 3328 seu
717 3273 892 3329 Pilato
918 3274 1150 3344 praeside
1181 3275 1447 3341 Romano,
1488 3277 1771 3346 agentibus
1800 3277 1980 3347 ponti-

399 3366 616 3418 ﬁcatum
647 3363 801 3417 Anna
826 3372 881 3417 et
905 3364 1128 3433 Caipha.
1178 3365 1391 3418 Peracti
1421 3366 1566 3418 enim
1595 3373 1752 3420 erant
1777 3367 1844 3419 ab
1873 3366 1979 3420 ini-

396 3456 471 3508 tio
497 3455 683 3509 mundi
709 3455 1001 3510 secundum
1024 3455 1348 3510 Hebraicam
1381 3457 1668 3512 veritatem
1695 3458 1821 3512 anni
1848 3473 1982 3527 qua-

397 3555 481 3600 ter
500 3545 647 3600 mille
673 3544 848 3617 [Leg.,
876 3552 960 3600 ter
985 3545 1150 3610 mille,
1181 3556 1236 3600 ut
1266 3564 1425 3617 supra
1447 3565 1562 3618 cap.
1598 3547 1671 3620 η,
1704 3550 1978 3619 nongenti,

395 3635 668 3706 octoginta
712 3636 842 3702 duo,
887 3637 1168 3702 adnotato,
1218 3639 1361 3707 quod
1406 3639 1614 3693 decimo
1651 3648 1804 3695 sexto
1841 3655 1980 3694 anno

397 3726 598 3781 Tiberii
633 3726 956 3797 principium
1005 3726 1167 3782 fuerit
1215 3730 1528 3800 octogesimi
1557 3729 1716 3800 primi
1753 3729 1976 3798 jubilzei.

393 3817 555 3874 Juxta
583 3818 934 3890 Septuaginta
966 3821 1321 3892 interpretum
1351 3839 1482 3879 vero
1509 3824 1826 3890 editionem,
1855 3823 1981 3878 anni

395 3921 520 3967 sunt
553 3915 839 3984 quinquies
869 3915 1015 3970 mille
1051 3916 1267 3971 ducenti
1289 3917 1481 3987 viginti
1510 3932 1722 3971 novem.
1752 3916 1857 3972 Pro
1889 3918 1985 3970 tri-

396 4003 495 4057 bus
519 4003 662 4058 enim
688 4005 867 4060 causis
902 4007 1204 4076 baptizatus
1239 4016 1323 4062 est
1366 4007 1661 4063 Dominus:
1700 4009 1897 4079 primo,
1926 4017 1986 4063 ut

396 4092 523 4162 quia
566 4093 727 4149 homo
765 4103 921 4160 erat,
964 4112 1178 4151 omnem
1214 4096 1482 4166 justitiam
1525 4099 1656 4168 legis
1697 4101 1978 4170 impleret;

395 4183 647 4248 secundo,
678 4192 739 4238 ut
775 4183 937 4256 465
966 4186 1238 4257 baptismo
1269 4204 1365 4242 suo
1391 4187 1618 4243 Joannis
1655 4189 1982 4260 baptismum

395 4277 802 4346 comprobaret;
829 4279 1011 4345 tertio,
1041 4280 1119 4333 uti
1143 4279 1396 4334 Iordanis
1419 4297 1589 4350 aquas
1613 4281 1979 4347 sanctiﬁcans,

395 4382 494 4436 per
518 4365 922 4424 descensionem
951 4368 1213 4425 columbae
1239 4369 1475 4439 Spiritus
1491 4372 1663 4426 sancti
1689 4373 1743 4426 in
1764 4372 1981 4428 lavacro
2011 4405 2061 4466 υ

396 4459 731 4513 credentium
779 4468 1104 4516 monstraret
1133 4463 1442 4517 adventum.
1495 4463 1625 4519 Post
1651 4464 1980 4534 baptismum

399 4550 542 4606 illico
565 4551 756 4607 ductus
790 4560 872 4608 cst
897 4553 952 4608 in
983 4554 1253 4609 desertum
1284 4569 1314 4608 a
1337 4553 1560 4624 Spiritu,
1596 4564 1655 4610 ut
1684 4565 1980 4612 tentaretur

399 4657 430 4694 a
469 4641 703 4706 diabolo,
751 4651 806 4696 ct
836 4643 999 4714 erepit
1034 4642 1279 4714 jejunare
1307 4659 1406 4715 pro
1438 4646 1594 4701 nobis
1622 4647 1979 4718 quadraginta

399 4729 589 4785 diebus
617 4743 671 4786 et
697 4733 1054 4804 quadraginta
1081 4736 1348 4790 noctibus.
1383 4736 1689 4794 Secundum
1728 4738 1867 4794 hanc
1893 4754 1981 4794 ra-

399 4823 602 4879 tionem
630 4834 868 4896 emptum
895 4835 978 4881 est
997 4825 1260 4896 jejunium
1291 4845 1321 4882 a
1363 4829 1632 4900 baptismo
1662 4830 1894 4895 Domini,
1923 4839 1978 4886 et

399 4917 634 4973 solutum
668 4925 750 4972 est
777 4917 1177 4989 decimoqu'into
1204 4918 1426 4975 Kalend.
1466 4921 1718 4988 Martias,
1763 4923 1978 4992 quando

399 5008 646 5063 diabolus
673 5007 928 5065 confusus
957 5009 1025 5063 ab
1055 5025 1120 5065 eo
1151 5011 1393 5065 recessit.
1440 5010 1652 5066 Abhinc
1678 5027 1893 5082 quoque
1924 5013 1978 5067 in

397 5101 625 5171 populos
653 5099 809 5156 Iesus
851 5099 1100 5156 Christus
1145 5101 1437 5156 salutarem
1481 5103 1623 5156 viam
1670 5103 1975 5167 annuntiat,

398 5193 570 5264 signis
594 5200 758 5264 atque
789 5193 1078 5250 virtutibus
1101 5210 1230 5249 vera
1273 5192 1634 5264 comprobans
1659 5208 1808 5258 esse,
1859 5209 1981 5263 quae

400 5285 625 5341 diceret.
680 5285 936 5342 Miracula
966 5287 1163 5353 etiam,
1211 5302 1330 5356 quae
1371 5286 1423 5340 in
1454 5285 1743 5357 Evangelio
1781 5285 1981 5356 scripta

474 5448 499 5511 ξι
538 5439 658 5511 Vid.
687 5439 926 5496 Martene
950 5440 1052 5497 loc.
1085 5441 1178 5495 cit.
1202 5457 1320 5511 cap,
1346 5439 1433 5506 14,
1460 5457 1607 5495 num.
1629 5440 1680 5506 6,
1709 5455 1830 5511 pag.
1859 5441 1978 5494 110.

475 5507 502 5586 ξ’
541 5509 690 5586 ᾼηηο
718 5525 794 5586 x_v_
813 5511 1016 5586 imperii
1065 5512 1255 5586 Tiberii
1270 5507 1527 5586 'Crrsart's.
1555 5507 1740 5565 Potius
1768 5507 1983 5586 Valerio

403 5573 640 5632 Asiatico
664 5589 718 5633 et
746 5573 970 5635 Messala
1007 5581 1334 5647 consulibus,
1361 5582 1450 5651 qui
1505 5592 1682 5636 tamen
1735 5581 1984 5637 consules

408 5659 512 5699 non
550 5659 704 5703 erant
731 5665 871 5704 anno
906 5651 1107 5708 Tiberii
1138 5667 1204 5706 xv
1227 5691 1240 5718 ,
1302 5662 1359 5707 ut
1388 5667 1548 5720 supra
1596 5653 1897 5707 notavimus
1929 5653 1980 5707 in

2077 1811 2280 1882 duplici
2310 1818 2636 1866 testamento
2679 1810 2833 1879 quasi
2878 1809 3121 1881 gemellis
3145 1809 3386 1882 piscibus
3414 1822 3669 1866 saturan-

2080 1909 2188 1954 tur.
2237 1899 2424 1970 Neque
2458 1901 2562 1954 hoc
2608 1899 3042 1970 praetereundum
3089 1908 3195 1966 est,
3242 1900 3386 1970 quod
3440 1901 3561 1956 haec
3593 1917 3671 1956 se-

2081 1995 2255 2051 cunda
2283 1996 2540 2051 nativitas
2568 1994 2767 2050 Christi
2794 2003 2874 2050 tot
2899 1993 3167 2071 illustrata
3195 1995 3470 2066 mysteriis
3506 1996 3672 2051 hono-

2081 2087 2252 2142 ratior
2281 2093 2388 2152 est,
2435 2101 2600 2156 quam
2643 2085 2839 2155 prima.
2898 2085 3050 2140 Tunc
3093 2087 3466 2144 tantummodo
3517 2097 3671 2144 natus

2079 2185 2184 2242 cst,
2233 2184 2289 2231 et
2329 2176 2553 2248 angelus
2590 2185 2839 2246 pastores
2881 2175 3072 2236 affatus
3095 2183 3214 2232 est:
3253 2177 3416 2233 hodie
3463 2194 3594 2234 vero
3641 2195 3667 2232 a

2083 2268 2253 2342 Magis
2299 2282 2422 2323 cum
2462 2267 2778 2322 muneribus
2809 2267 3064 2323 adoratus
3093 2276 3214 2335 est;
3265 2269 3431 2324 hodie
3458 2285 3583 2324 cum
3619 2271 3668 2324 in

2081 2358 2388 2414 Jordanicis
2429 2359 2586 2428 aquis
2625 2359 2946 2430 tingeretur,
2998 2358 3166 2414 Filius
3196 2358 3425 2414 dilectus
3449 2375 3481 2414 a
3517 2359 3669 2416 Patre

2081 2459 2305 2507 vocatus
2331 2461 2415 2506 est
2441 2450 2509 2507 de
2550 2452 2712 2518 cmlo,
2745 2460 2800 2508 et
2845 2451 3084 2522 Spiritus
3127 2459 3350 2508 sanctus
3391 2453 3452 2508 in
3494 2453 3671 2523 specie

2083 2544 2345 2599 columbae
2373 2560 2536 2616 super
2555 2560 2681 2601 eum
2711 2545 2859 2600 visus
2884 2553 2987 2611 est,
3019 2561 3121 2601 nec
3145 2561 3252 2601 non
3271 2554 3398 2616 post
3416 2547 3668 2617 baptismi

2083 2643 2485 2690 sacramentum
2533 2643 2696 2706 caput
2725 2636 2979 2692 draconis
3005 2635 3299 2692 contritum
3344 2644 3466 2702 est;
3516 2636 3672 2692 hodie

2083 2742 2150 2781 ex
2180 2741 2322 2797 aqua
2349 2727 2535 2782 vinum
2566 2725 2768 2784 factum
2789 2735 2896 2794 est,
2923 2727 3210 2799 eidemque
3237 2727 3450 2784 caelesti
3477 2742 3672 2798 sponso

2084 2820 2328 2875 Ecclesia
2356 2818 2547 2889 juncta
2593 2827 2699 2887 est,
2748 2821 2969 2890 insuper
3011 2827 3066 2876 et
3116 2820 3352 2891 quinque
3392 2819 3671 2876 hominum

2082 2913 2251 2967 millia
2275 2913 2343 2968 ab
2372 2927 2438 2968 eo
2463 2912 2662 2968 refecta
2688 2920 2849 2979 sunt;
2881 2921 2936 2969 et
2963 2912 3164 2969 idcirm
3194 2913 3562 2969 manifestatio
3594 2915 3671 2969 in-

2084 3010 2437 3073 terpretatur,
2484 3005 2614 3074 quia
2659 3005 2713 3059 in
2742 3005 2826 3060 his
2868 3003 3218 3060 manifestare
3262 3020 3322 3060 se
3365 3005 3671 3059 hominibus

2085 3093 2339 3162 dignatus
2367 3102 2468 3148 est.
2519 3094 2676 3162 Quod
2723 3104 2904 3150 autem
2945 3094 3002 3149 in
3046 3095 3148 3149 hac
3177 3093 3472 3150 festivitate
3514 3110 3670 3150 nemo

2079 3193 2377 3255 praesumat
2417 3186 2720 3254 baptizare,
2763 3193 2983 3240 sanctus
3019 3184 3128 3240 Leo
3163 3201 3298 3256 papa
3331 3185 3385 3239 in
3418 3184 3670 3240 Decreta-

2081 3276 2221 3331 libus
2253 3288 2274 3315 ο
2306 3276 2557 3346 prohibet
2585 3277 2660 3330 ita
2690 3294 2704 3330 :
2749 3295 2766 3327 ‹
2800 3275 2858 3331 Si
2888 3277 3009 3346 quis
3036 3286 3215 3332 autem
3251 3275 3566 3347 Epiphania:
3594 3275 3670 3332 fe-

2081 3367 2396 3432 stivitatem,
2427 3383 2547 3436 qua:
2576 3367 2631 3422 in
2657 3383 2755 3423 suo
2782 3367 2962 3424 debito
2987 3367 3193 3423 honore
3224 3368 3535 3423 veneranda
3567 3377 3667 3435 est,

2080 3457 2151 3511 ob
2197 3456 2300 3510 hoc
2343 3456 2622 3511 existimat
2665 3457 2866 3512 habere
2911 3457 3254 3529 privilegium
3303 3456 3667 3526 baptismatis,

2081 3547 2219 3602 sciat
2247 3545 2390 3602 illius
2419 3546 2673 3617 baptismi
2699 3547 2861 3604 aliam
2890 3547 3146 3620 gratiam,
3194 3546 3357 3601 aliam
3387 3545 3556 3602 fuisse
3584 3563 3671 3600 ra-

2081 3638 2307 3702 tionein,
2351 3653 2453 3694 nec
2483 3639 2553 3693 ad
2593 3653 2714 3693 eam
2744 3639 3070 3708 pertinuisse
3098 3638 3355 3693 virtutem
3374 3678 3392 3704 ,
3438 3653 3545 3706 qua
3573 3652 3672 3708 per

2082 3727 2347 3800 Spiritum
2387 3738 2634 3786 sanctum
2661 3739 3037 3786 renascuntur.
3090 3730 3350 3786 Dominus
3379 3747 3490 3787 non
3532 3731 3676 3787 indi-

2082 3836 2217 3890 gens
2268 3821 2588 3877 remissione
2630 3822 2860 3892 peccati,
2909 3837 3010 3895 nec
3040 3821 3282 3876 remedio
3327 3825 3674 3886 renascendi,

2083 3911 2161 3967 sic
2208 3911 2378 3968 voluit
2414 3912 2716 3983 baptizari,
2769 3915 3038 3983 quomodo
3074 3920 3130 3969 et
3173 3913 3516 3970 circumcidi.
3570 3916 3677 3971 Sed

2083 4010 2212 4057 tunc
2241 4003 2668 4074 regenerationis
2694 4005 2992 4073 potentiam
3017 4003 3216 4068 sanxit,
3256 4005 3480 4074 quando
3507 4007 3572 4062 de
3596 4006 3680 4060 la-

2085 4102 2199 4148 tere
2244 4093 2390 4148 illius
2436 4092 2806 4162 proﬂuxerunt
2853 4093 3072 4164 sanguis
3136 4093 3573 4163 redemptionis,
3622 4104 3681 4149 et

2083 4199 2224 4254 aqua
2252 4185 2635 4253 baptismatis:
2678 4185 2820 4240 unde
2861 4185 2917 4238 in
2958 4185 3297 4256 baptizandis
3320 4187 3516 4243 electis
3537 4228 3552 4253 ,
3585 4187 3678 4258 qui

2085 4278 2379 4332 secundum
2406 4277 2757 4348 apostolicam
2789 4276 3031 4348 regulam
3074 4285 3130 4334 et
3164 4281 3497 4336 exorcismis
3526 4296 3678 4336 scru-

2086 4367 2260 4432 tandi,
2285 4376 2339 4421 et
2361 4364 2582 4435 jejuniis
2607 4366 3004 4433 sanctiﬁcandi,
3037 4375 3096 4423 et
3131 4366 3512 4439 frequentibus
3541 4388 3676 4443 prte-

2084 4457 2446 4513 dicationibus
2471 4458 2768 4526 imbuendi,
2800 4458 2907 4514 duo
2937 4466 3148 4514 tantum
3173 4469 3446 4531 tempora,
3493 4463 3549 4518 id
3573 4472 3675 4522 est.

2083 4549 2291 4605 Pascha
2320 4557 2376 4603 et
2394 4548 2771 4616 Pentecosten,
2813 4565 2935 4606 esse
2978 4550 3277 4620 servanda,
3324 4565 3556 4624 excepto
3584 4570 3677 4625 pro

2082 4641 2310 4697 mortuis
2337 4642 2598 4712 periculo,
2624 4652 2680 4698 et
2703 4643 2758 4698 in
2785 4645 3181 4714 persecutionis
3212 4648 3504 4718 angustiis,
3534 4658 3588 4702 et
3621 4648 3674 4701 in

2082 4735 2278 4790 timore
2300 4734 2642 4807 naufragiid.
2690 4735 3046 4807 Aptissimum
3073 4753 3318 4809 namque
3364 4749 3471 4805 est,
3520 4748 3582 4794 ut
3621 4739 3672 4793 in

2083 4833 2259 4882 morte
2286 4826 2556 4893 cruciﬁxi,
2606 4827 2744 4882 etin
2791 4827 3198 4884 resurrectione
3242 4830 3470 4894 mortui,
3500 4828 3671 4900 ι)φηί-

2085 4917 2253 4971 teutia
2277 4916 2532 4986 baptismi
2563 4931 2757 4972 novam
2784 4924 3033 4972 naturam
3055 4919 3264 4975 condat
3288 4935 3355 4975 ex
3380 4928 3588 4982 vetere,
3616 4926 3672 4972 ut

2085 5009 2139 5063 in
2183 5009 2590 5064 renascentibus
2636 5019 2894 5080 operetur
2935 5020 2990 5066 et
3035 5014 3376 5070 resurrectio
3427 5023 3484 5070 et
3532 5027 3674 5069 mors

2087 5101 2314 5166 Christi,
2360 5102 2571 5157 dicente
2599 5099 2896 5172 Apostolo:
2946 5105 3027 5158 An
3063 5106 3326 5177 ignoratis
3348 5148 3363 5173 ,
3400 5109 3526 5179 quia
3558 5107 3675 5178 qui-

2087 5210 2291 5264 cunque
2329 5193 2575 5259 baptizati
2623 5212 2804 5251 sumus
2849 5198 2904 5251 in
2943 5196 3157 5254 Christo
3193 5200 3322 5254 Iesu
3347 5240 3364 5266 ,
3412 5202 3467 5254 in
3513 5207 3678 5253 morte

2084 5285 2251 5374 ipsius
2290 5286 2539 5358 baptismi
2573 5303 2755 5343 sumus
2779 5287 2953 5360 (Rom,
2993 5305 3076 5357 vr,
3105 5292 3206 5364 δη
3236 5291 3341 5347 Per
3370 5292 3677 5348 triduauam

2087 5437 2288 5494 Monito
2316 5441 2532 5509 praevio.

2158 5508 2453 5596 {Sanctus
2472 5511 2581 5566 Leo
2605 5525 2763 5596 papa,
2813 5514 2970 5585 epist.
3014 5515 3103 5583 16,
3137 5515 3202 5572 ad
3249 5517 3535 5573 universos
3570 5513 3685 5582 ep:—

2087 5594 2280 5648 scopos
2309 5580 2525 5646 Siciliae,
2557 5580 2692 5650 cap:
2712 5583 2766 5636 6.

2156 5651 2181 5690 ά
2211 5651 2432 5718 Ibidem,
2465 5667 2581 5722 cap.
2614 5655 2646 5708 5
2674 5661 2726 5709 et
2753 5655 2803 5708 5.
