3914 6178
266 343 396 402 I18!

1083 349 1228 406 OPP.
1274 348 1678 406 SUPPOSITA.
1720 379 1787 388 ——
1825 348 1951 402 LIB.
1995 349 2082 404 DE
2121 350 2371 410 DIVINIS
2407 353 2711 412 OFFICIIS.

3378 363 3514 420 H82

260 468 409 520 (nim
455 465 790 536 sepulturam
837 466 1079 521 imitatur
1118 465 1260 520 trina
1303 464 1571 520 demersio
1597 504 1612 531 ,
1667 473 1720 519 et
1767 466 1836 520 ab
1866 461 1913 518 A
1942 460 2208 530 virginum
2235 465 2598 533 prudentium,
2624 481 2813 522 omnes
2838 466 2994 525 electi
3021 469 3325 526 lucentibus
3349 473 3517 530 bono—

257 557 417 628 aquis
441 558 658 624 levatio,
686 559 1017 630 resurgentis
1043 559 1216 613 instar
1234 567 1320 613 est
1345 560 1410 613 de
1437 557 1704 629 sepulcro.
1741 578 1759 610 ›

854 648 1082 705 CAPUT
1136 649 1245 704 VII.

557 753 623 792 DE
648 753 1058 795 IUBIFICATIONE
1084 753 1302 794 SANCTE
1334 755 1539 794 IARIE.

327 827 402 883 De
441 830 544 885 hac
592 830 880 885 festivitate
927 839 984 886 et
1031 831 1152 886 aliis
1196 831 1580 888 festivitatibus
1632 840 1835 888 sanctae

252 921 457 989 Mariae,
507 923 563 976 in
605 923 774 992 gestis
803 921 1207 977 Pontiﬁcalibus
1238 924 1436 994 legitur
1459 937 1510 990 ιι,
1537 924 1683 992 quod
1709 923 1834 978 Ser-

253 1013 374 1082 gius
398 1027 535 1082 papa
560 1013 878 1083 praeceperit
917 1013 1131 1069 litanias
1168 1013 1286 1068 fieri
1317 1013 1372 1068 in
1413 1015 1501 1069 die
1530 1024 1830 1084 praesenta-

253 1105 417 1159 tionis
440 1104 653 1159 Domini
681 1105 736 1158 in
763 1103 982 1173 templo.
1007 1104 1084 1158 Ita
1107 1106 1252 1160 enim
1273 1105 1536 1175 scriptum
1558 1115 1644 1160 est
1665 1125 1678 1160 :
1716 1125 1736 1157 ‹
1762 1106 1833 1160 Ut

251 1196 308 1249 ln
339 1195 527 1252 diebus
557 1196 982 1253 annuntiationis
1003 1196 1236 1260 Domini,
1274 1196 1616 1252 dormitionis
1643 1212 1707 1252 ac
1732 1212 1831 1251 na-

250 1286 480 1342 tivitatis
505 1295 707 1343 sancta:
742 1288 838 1342 Dei
884 1287 1176 1344 Genitricis
1202 1286 1406 1354 Marine,
1451 1295 1506 1342 et
1536 1287 1708 1343 sancti
1743 1287 1829 1342 Si-

248 1377 480 1442 meonis,
510 1379 654 1448 quod
677 1383 955 1438 ὐπαπαντῆ
980 1377 1177 1434 dicitur
1213 1377 1422 1443 Graece,
1459 1393 1583 1434 cum
1623 1377 1829 1432 litaniis

247 1476 444 1523 exeant
485 1485 517 1522 a
565 1469 767 1526 Sancto
794 1470 1055 1535 Adriano,
1105 1479 1159 1526 et
1197 1472 1266 1527 ad
1295 1470 1552 1527 Sanctam
1600 1471 1825 1525 Mariam

245 1559 475 1628 populus
501 1570 771 1616 occurrat.
804 1582 824 1614 ι
861 1561 979 1630 Ipsa
1002 1577 1132 1632 ergo
1161 1562 1246 1618 die
1277 1578 1473 1618 aurora
1503 1563 1827 1618 ascendente

245 1651 491 1719 procedit
535 1652 712 1708 omnis
740 1651 917 1708 clerus
962 1667 1057 1707 seu
1096 1653 1326 1722 pepulus
1369 1669 1493 1708 cum
1539 1653 1743 1708 litaniis
1769 1661 1825 1707 et

239 1742 552 1812 antiphonis
580 1745 649 1799 ad
678 1743 962 1800 ecclesiam
998 1743 1182 1799 Sancti
1217 1745 1473 1811 Adriani,
1505 1754 1824 1815 exspectan-

243 1841 326 1887 tes
354 1835 687 1904 pontilicem.
722 1835 998 1906 Ingressus
1032 1836 1268 1906 pontifex
1298 1837 1352 1891 in
1383 1840 1704 1905 sacrarium,
1739 1840 1822 1894 in-

241 1924 358 1978 duit
380 1941 438 1981 se
465 1927 707 1982 vestibus
728 1927 898 1997 nigris
915 1968 930 1991 ,
960 1936 1013 1982 et
1044 1928 1219 1984 clerus
1247 1929 1516 1985 similiter.
1564 1933 1695 1989 Post
1716 1933 1822 1989 hoc

241 2013 512 2083 accipiunt
535 2030 724 2076 omnes
749 2017 987 2088 singulos
1015 2019 1080 2073 de
1105 2035 1268 2074 manu
1310 2019 1580 2090 pontiﬁcis
1610 2039 1817 2080 cereos.

241 2105 443 2162 Deinde
471 2122 539 2162 ex
577 2106 732 2176 jussu
777 2109 1047 2177 pontificis
1082 2111 1303 2165 inchoat
1343 2111 1526 2166 schola
1565 2115 1820 2182 antipho-

240 2211 407 2251 nam:
456 2195 717 2268 Exsurge,
760 2197 998 2263 Domine,
1042 2197 1241 2253 Psalm.
1291 2199 1436 2253 Deus
1479 2203 1696 2256 auribus
1728 2219 1824 2257 no-

238 2289 379 2342 stris.
425 2288 493 2342 Et
532 2289 810 2360 egreditur
847 2289 1086 2358 pontifex
1120 2291 1187 2345 de
1231 2291 1472 2347 sacrario
1505 2310 1626 2348 eum
1663 2295 1820 2350 mini-

238 2380 384 2443 stris,
416 2389 686 2436 annuente
715 2396 781 2435 eo
805 2381 1003 2436 schola:
1023 2383 1219 2452 primo,
1254 2391 1313 2438 ut
1334 2384 1516 2440 dicant
1540 2383 1775 2441 Gloriam
1800 2405 1821 2453 ,-

236 2473 492 2543 deineeps
517 2473 667 2528 vadit
691 2475 760 2530 ad
785 2475 989 2542 altare,
1023 2484 1080 2532 et
1122 2485 1242 2531 orat
1268 2493 1439 2549 usque
1467 2477 1533 2533 ad
1560 2480 1823 2551 expletio—

236 2580 362 2619 nem
397 2561 610 2619 Gloriae.
643 2563 774 2622 Post
796 2567 1100 2623 orationem
1125 2569 1368 2625 osculato
1393 2569 1572 2637 altari,
1616 2580 1674 2627 et
1708 2573 1822 2628 dia-

233 2669 372 2711 cono
415 2655 667 2711 similiter
713 2657 841 2712 hine
888 2658 1033 2725 inde,
1085 2660 1215 2716 dicit
1255 2661 1440 2718 schola
1475 2678 1636 2718 vers:
1675 2662 1819 2734 Opus

230 2745 373 2815 quod
400 2754 645 2815 aperatus
691 2763 768 2813 es,
815 2748 1020 2818 absque
1065 2749 1226 2822 Kyrie
1253 2753 1466 2808 eleison.
1515 2755 1820 2826 Antiphona

229 2833 466 2902 expleta,
500 2841 648 2888 stans
674 2835 914 2904 pontifex
951 2847 1078 2893 ante
1119 2839 1311 2907 altare,
1345 2841 1515 2899 dicit:
1563 2844 1820 2900 Dominus

227 2915 519 2992 uobiscum,
551 2935 625 2991 et,
654 2924 918 2996 Oremus;
950 2941 1006 2986 et
1037 2934 1294 2990 diaconus
1314 2937 1480 2992 dicit:
1515 2935 1820 2994 Flectamus

227 3032 425 3086 genua,
471 3016 516 3070 si
546 3025 728 3072 tamen
754 3018 897 3075 infra
932 3021 1392 3096 Septuagesimam
1428 3031 1686 3086 evenerit.
1722 3029 1821 3085 Se-

1940 571 2059 609 rum
2087 565 2302 612 actuum
2338 558 2672 630 lampadibus
2712 561 2927 616 obviam
2957 577 3154 632 sponso
3190 579 3254 618 ac
3278 565 3388 635 regi
3419 580 3517 620 suo

1935 647 2232 713 venientes,
2277 663 2403 704 mox
2431 665 2551 705 cum
2574 665 2637 706 eo
2667 654 2736 708 ad
2762 654 2978 724 nuptias
3005 669 3252 722 supernae
3281 658 3517 713 civitatis

1937 736 2232 792 intrabunt.
2271 759 2291 792 ι

2523 834 2750 892 CAPUT
2789 838 2919 893 VIII.

1935 929 1959 956 θ
1999 935 2061 972 οε
2110 934 2533 988 δερτυΑῦεεωΑ,
2579 942 2932 996 SEXAGESIHA,
2985 947 3404 997 QUINQUAGESIHA
3445 953 3515 992 ΕΤ

2507 1011 2930 1060 QUADRAGESIMA.

2007 1100 2412 1176 Septuagesima
2446 1118 2788 1178 computatur
2816 1115 3109 1169 secundum
3151 1115 3514 1171 titulationem

1931 1191 2349 1250 Sacramentarii
2383 1204 2438 1252 et
2463 1197 2841 1268 Antiphonarii
2867 1217 3060 1258 novem
3087 1205 3517 1264 hebdomadibus

1929 1294 2054 1340 ante
2081 1285 2290 1342 Pascha
2336 1288 2394 1343 in
2424 1292 2709 1360 septimam
2754 1293 2984 1348 sabbati.
3025 1295 3266 1366 Populus
3311 1297 3407 1353 Dei
3459 1300 3516 1353 in

1927 1369 2200 1446 Babylone
2248 1377 2498 1434 detentus
2542 1388 2626 1435 est
2669 1383 2912 1451 captivus
2958 1388 3301 1455 septuaginta
3334 1391 3513 1446 annis.

1929 1463 2136 1531 Quibus
2160 1468 2411 1538 expletis,
2444 1486 2692 1527 reversus
2717 1482 2800 1528 est
2823 1473 3179 1532 Hierusalem.
3221 1477 3520 1550 Septuage-

1927 1557 2097 1614 simus
2143 1575 2401 1616 numerus
2445 1563 2602 1618 nobis
2637 1565 2706 1620 ad
2748 1568 3065 1623 memoriam
3099 1571 3310 1627 reducit
3355 1589 3517 1627 omne

1928 1656 2140 1718 tempus
2161 1653 2443 1720 praesentis
2477 1655 2679 1721 szeculi,
2706 1672 2814 1726 quo
2835 1657 2997 1713 alieni
3034 1675 3222 1716 sumus
3244 1678 3274 1715 a
3303 1663 3515 1718 caelesti

1930 1737 2284 1796 Hierusalem.
2336 1729 2460 1797 Ideo
2516 1753 2709 1800 auctor
2757 1745 2918 1803 officii
2954 1750 3125 1805 nostri
3168 1750 3517 1820 Septuagesi-

1927 1844 2070 1883 mam
2100 1832 2281 1899 posuit
2313 1830 2367 1884 in
2395 1830 2591 1888 officiis
2613 1836 2836 1902 nostris,
2867 1845 2928 1892 ut
2963 1839 3066 1894 hoc
3097 1848 3340 1909 tempore
3365 1857 3395 1895 a
3425 1841 3521 1896 de-
3609 1873 3619 1881 -

1922 1921 2062 1978 liciis
2086 1923 2427 1990 abstinendo,
2474 1929 2887 1986 ostenderemus
2913 1930 2967 1986 in
3011 1942 3200 1990 nostra
3227 1951 3517 1990 conversa-

1922 2013 2070 2068 tione
2107 2013 2347 2082 qualiter
2375 2030 2471 2084 per
2505 2032 2665 2073 omne
2707 2028 2918 2090 tempus
2963 2023 3148 2078 saeculi
3197 2025 3379 2080 vivere
3424 2027 3519 2081 de-

1920 2104 2103 2170 beant,
2152 2106 2242 2174 qui
2291 2114 2414 2174 post
2455 2106 2783 2176 baptismum
2827 2114 3066 2180 peccatis
3111 2130 3170 2170 se
3209 2116 3448 2173 alienant
3487 2134 3516 2172 a

1920 2194 2127 2248 caelesti
2160 2194 2515 2250 Hierusalem.
2553 2197 2690 2252 Nam
2734 2203 2879 2270 quod
2909 2212 3030 2271 post
3052 2209 3392 2276 septuaginta
3418 2225 3519 2263 an-

1921 2301 2020 2341 nos
2045 2285 2275 2356 populus
2320 2288 2386 2342 de
2432 2290 2749 2358 captivitate
2790 2297 3103 2363 revertitur,
3150 2301 3273 2369 quis
3299 2318 3408 2357 non
3435 2305 3517 2358 vi-

1921 2378 2044 2432 deat
2089 2384 2209 2446 post
2235 2377 2448 2433 evoluta
2480 2389 2743 2451 tempora,
2797 2400 2916 2454 qua:
2961 2392 3271 2458 septenario
3301 2391 3515 2450 dierum

1920 2487 2146 2526 numero
2182 2480 2580 2540 transcurrunt,
2612 2477 2777 2532 etiam
2807 2480 2984 2546 nobis,
3021 2481 3073 2536 id
3099 2491 3205 2550 est,
3254 2484 3514 2543 Ecclesiae

1918 2563 2034 2627 Dei,
2068 2563 2136 2618 ad
2169 2563 2314 2618 illam
2347 2565 2622 2622 caelestem
2655 2568 2993 2626 Hierusalem
3023 2589 3088 2628 ex
3134 2575 3296 2646 hujus
3331 2579 3512 2634 saeculi

1917 2656 2350 2726 peregrinatione
2377 2661 2755 2718 redeundum?
2794 2663 3133 2736 Quapropter
3167 2668 3395 2724 Alleluia
3421 2672 3513 2728 illo

1920 2752 2161 2816 tempore
2189 2763 2298 2802 non
2321 2759 2572 2805 cantatur
2596 2756 2736 2824 apud
2762 2770 2880 2821 nos,
2923 2771 3024 2812 nec
3049 2755 3232 2814 Gloria
3258 2760 3313 2814 in
3348 2764 3514 2818 excel-

1916 2836 1988 2891 sis
2011 2836 2144 2905 Deo,
2175 2855 2296 2909 qua:
2327 2850 2452 2896 sunt
2475 2845 2688 2899 cantica
2718 2847 2981 2903 caelestia.
3017 2849 3160 2906 Dicit
3186 2853 3333 2908 enim
3361 2853 3513 2910 Psal-

1916 2945 2039 2984 mus
2066 2948 2079 2983 :
2111 2929 2386 2995 Quomodo
2412 2936 2742 2991 cantabimus
2764 2939 3026 2994 canticum
3049 2941 3264 2998 Domini
3293 2946 3347 2998 in
3369 2954 3511 3000 terra

1916 3020 2094 3075 aliena
2123 3021 2296 3094 (Psal.
2343 3041 2563 3093 cxxxvt,
2591 3027 2646 3101 4)
2671 3030 2694 3082 ?
2743 3030 2881 3084 Sunt
2910 3032 3002 3101 qui
3029 3035 3262 3103 primam
3303 3037 3511 3093 hebdo-

227 3108 418 3177 quuur
447 3109 659 3164 oratio;
699 3109 937 3178 Exaudi,
974 3131 1296 3185 ηαωεαηιαε,
1332 3117 1574 3186 nomine,
1617 3122 1814 3193 plebem
1840 3149 1888 3213 ο
1921 3113 2134 3168 madam
2165 3112 2614 3188 Septuagesimze,
2665 3121 2780 3175 sine
2807 3121 2986 3191 aliquo
3022 3124 3252 3181 articulo
3285 3129 3511 3184 novella:

229 3209 400 3252 ruant.
429 3200 541 3256 Hac
558 3202 792 3272 expleta,
816 3204 1036 3261 inchoat
1057 3209 1240 3263 schola
1267 3225 1364 3280 per
1382 3228 1547 3267 unam
1565 3215 1816 3285 antipho-

228 3306 398 3344 nam:
447 3291 665 3349 Adorna
691 3295 1003 3352 thalamum.
1045 3298 1210 3355 Item:
1262 3300 1368 3356 Ave
1399 3305 1591 3373 gratia.
1639 3306 1814 3363 Item:

229 3377 552 3450 Responsum
568 3387 763 3457 accepit
777 3385 1006 3443 Simeon.
1021 3389 1154 3444 Cum
1167 3400 1343 3467 autem
1357 3397 1819 3467 appropinquave-

229 3469 339 3522 rint
361 3470 498 3526 atrio
518 3473 759 3529 ecclesia:
792 3475 1006 3533 Sancta:
1035 3464 1235 3546 Mariae,
1259 3464 1669 3542 faciendaeisnn't
1691 3489 1816 3544 lita-

229 3559 352 3613 uize.
388 3559 481 3615 His
501 3564 731 3633 expletis
752 3576 877 3621 ante
907 3569 1098 3635 altare,
1125 3580 1180 3625 et
1210 3572 1452 3644 ingresso
1482 3578 1735 3646 pontifice
1757 3582 1813 3636 in

229 3653 551 3718 sacrarium,
587 3657 804 3712 inchoat
826 3661 1010 3715 schola
1025 3663 1092 3716 ad
1114 3665 1394 3721 introitum
1418 3671 1768 3738 antiphonam
1795 3691 1808 3727 :

229 3740 582 3812 Suscepimus,
614 3746 777 3801 Deus.
817 3749 935 3818 Ipsa
977 3752 1065 3807 die
1092 3769 1198 3808 non
1225 3767 1512 3812 cantatur:
1545 3757 1726 3816 Gloria
1756 3765 1812 3819 in

226 3833 444 3889 excelsis
468 3833 600 3901 Deo,
628 3837 672 3890 si
701 3837 841 3893 intra
869 3839 1332 3913 Septuagesimam
1360 3849 1621 3903 evenerit.
1652 3851 1814 3906 Dein-

227 3939 356 3993 ceps
383 3925 546 3980 missa
574 3929 851 3998 peragitur
895 3932 1086 3988 ordine
1113 3949 1228 3989 suo.
1281 3936 1355 3991 De
1383 3938 1485 3994 hac
1520 3938 1813 3998 festivitate

227 4016 362 4072 dicit
382 4026 437 4071 et
462 4017 602 4074 Beda
642 4021 670 4060 b
700 4024 953 4078 sacerdos
997 4033 1053 4079 et
1096 4025 1285 4082 doctor
1317 4031 1549 4086 eximius
1591 4035 1642 4087 in
1672 4033 1812 4090 libro

227 4105 305 4160 De
335 4105 692 4178 Temporibus
717 4131 729 4164 ε
767 4131 786 4164 ‹
821 4111 1127 4170 Secundum
1149 4132 1388 4174 mensem
1415 4121 1615 4177 dicavit
1638 4123 1810 4180 Numa

226 4196 462 4266 Februo,
494 4200 549 4255 id
573 4211 677 4270 est,
705 4203 939 4271 Plutoni,
964 4207 1057 4276 qui
1079 4207 1457 4266 lustrationum
1483 4224 1675 4283 potens
1697 4232 1814 4272 cre-

228 4289 495 4346 debatur:
548 4292 880 4365 lustrarique
925 4312 991 4351 eo
1043 4314 1230 4354 mense
1271 4300 1548 4359 civitatem
1587 4323 1810 4365 necesse

226 4389 366 4445 erat,
389 4397 496 4452 quo
521 4385 716 4439 statuit
739 4395 798 4440 ut
831 4387 1097 4443 sacrificia
1123 4390 1236 4445 Diis
1271 4391 1514 4449 Manibus
1536 4398 1809 4455 solveren-

1922 3207 2352 3263 conversationis
2400 3210 2626 3278 ducunt,
2676 3223 2898 3282 excepta
2933 3216 3234 3273 mutatione
3256 3219 3508 3288 Alleluia,

1919 3308 1974 3355 et
2024 3301 2438 3370 inquibusdam
2475 3304 2609 3360 locis
2645 3305 3086 3375 Dalmaticarum,
3135 3319 3190 3366 et
3236 3312 3512 3371 intermis-

1918 3390 2072 3446 sione
2105 3389 2287 3446 Gloria
2332 3394 2386 3447 in
2411 3395 2628 3450 excelsis
2661 3397 2792 3452 Deo.
2843 3397 3018 3455 Graeci
3049 3404 3348 3470 proximam
3380 3405 3510 3460 heb-

1917 3483 2228 3552 domadam,
2269 3487 2322 3540 id
2348 3497 2450 3553 est,
2491 3489 2916 3558 Sexagesimam,
2943 3495 3282 3552 sanetilicant
3303 3513 3403 3552 suo
3427 3499 3509 3569 je-

1909 3575 2082 3644 junio.
2130 3575 2321 3632 Clerici
2353 3580 2547 3644 nostri,
2602 3590 2826 3638 auctore
2857 3584 3184 3657 TeleSphoro
3210 3606 3370 3660 papa,
3422 3607 3509 3648 se-

1915 3676 2192 3735 quentem,
2241 3669 2295 3724 id
2350 3678 2452 3736 est,
2503 3671 3037 3744 Quin’quagesimam,
3087 3680 3179 3748 qui
3226 3683 3509 3740 constituit

1915 3767 2120 3828 septem
2149 3759 2613 3816 hebdomadarum
2646 3763 2914 3833 jejunium
2945 3776 3073 3823 ante
3095 3768 3327 3825 Pascha.
3358 3773 3502 3830 Prae-

1914 3859 2097 3918 ceptor
2144 3858 2325 3904 tamen
2368 3849 2535 3906 ofﬁcii
2574 3853 2747 3907 nostri
2788 3855 3107 3923 ampliorem
3148 3862 3502 3920 mutationem

1914 3939 2162 4007 requirit,
2199 3955 2360 4008 quam
2384 3956 2482 3995 nos
2510 3957 2752 4012 agamus,
2789 3946 3170 4007 constitutione
3197 3952 3363 4010 officii
3395 3959 3500 4015 sui.

1911 4030 2092 4100 Ipsum
2139 4032 2284 4086 enim
2312 4032 2578 4102 jejunium
2627 4037 2900 4096 intimavit
2946 4043 3002 4098 in
3046 4047 3219 4115 prima
3253 4053 3502 4109 oratione

1913 4122 2114 4188 missae,
2146 4123 2331 4179 dicens
2357 4142 2370 4178 :
2420 4122 2491 4178 Ut
2517 4127 2608 4196 qui
2629 4127 2776 4197 juste
2813 4149 2910 4202 pro
2935 4137 3160 4203 peccatis
3189 4142 3380 4196 nostris
3412 4145 3500 4213 af-

1909 4214 2184 4284 ﬂigimur:
2228 4214 2318 4271 hic
2363 4216 2510 4270 enim
2552 4217 2900 4278 alllietioncm
2940 4234 3118 4281 sonat.
3164 4228 3223 4283 In
3269 4229 3497 4288 lntroitu

1911 4321 2128 4376 quoque
2148 4307 2282 4362 dicit
2305 4326 2318 4361 :
2348 4307 2814 4368 Circumdederunt
2845 4333 2928 4370 me
2953 4320 3176 4388 gemitus
3198 4325 3381 4378 mortis
3403 4326 3500 4380 do-

1911 4395 2048 4449 lares
2087 4397 2303 4467 inferni.
2337 4398 2566 4469 Propter
2592 4401 2692 4457 bos
2723 4404 2936 4461 dolores
2961 4423 3068 4463 non
3095 4425 3381 4478 possumus
3405 4415 3498 4470 la:-

230 4483 335 4527 tur.
370 4473 476 4530 Sed
497 4477 638 4533 hanc
658 4478 922 4535 lustrandi
947 4482 1389 4538 consuetudinem
1416 4486 1553 4542 bene
1581 4492 1806 4547 mutavit
1832 4493 1883 4553 D
1912 4493 2014 4546 tari
2044 4500 2099 4547 et
2137 4495 2312 4549 securi
2341 4507 2480 4562 esse,
2529 4496 2624 4551 sed
2648 4512 2956 4567 praeparare
2999 4517 3100 4557 nos
3125 4504 3384 4564 debemus
3428 4511 3494 4566 ad

225 4564 532 4622 Christiana
561 4569 772 4641 religio,
820 4587 946 4627 cum
980 4573 1035 4627 in
1064 4589 1251 4629 mense
1280 4577 1468 4633 eodem
1495 4580 1580 4635 die
1603 4593 1804 4640 sanetae

226 4655 411 4714 Maria:
433 4698 448 4722 ,
495 4657 648 4729 plebs
674 4662 924 4717 universa
957 4677 1079 4719 cum
1114 4667 1488 4724 sacerdotibus
1532 4687 1596 4726 ac
1646 4676 1805 4730 mini-

199 4749 201 4751 ’
225 4750 376 4816 stris,
411 4751 642 4822 hymnos
666 4755 1013 4822 modulando,
1057 4755 1250 4814 devOta
1281 4775 1379 4830 per
1401 4764 1656 4821 ecclesias
1683 4784 1806 4838 per-

225 4853 332 4907 que
359 4855 595 4912 eongrua
639 4841 804 4915 466
848 4845 996 4900 urbis
1034 4846 1152 4903 loca
1181 4850 1439 4919 procedit,
1484 4853 1745 4926 datosque
1773 4874 1804 4914 a

223 4933 480 5003 pontifice
505 4949 692 4990 cereos
723 4936 778 4990 in
804 4938 1053 4995 manibus
1081 4949 1293 5010 gestant
1331 4944 1600 5012 ardentes,
1627 4957 1683 5002 et
1710 4965 1806 5006 au-

222 5035 480 5097 gescente
506 5027 645 5082 bona
672 5031 1080 5099 consuetudine,
1106 5031 1336 5102 idipsum
1367 5035 1420 5089 in
1444 5040 1653 5094 exteris
1678 5057 1810 5110 quo-

224 5131 332 5186 que
358 5114 596 5184 ejusdem
616 5119 788 5173 beatae
817 5119 999 5176 Matris
1026 5131 1080 5176 et
1105 5132 1376 5194 perpetuae
1403 5127 1638 5198 Virginis
1661 5130 1808 5188 festi-

224 5207 488 5262 vitatibus
529 5224 690 5278 agere
720 5209 906 5265 didicit
929 5252 944 5277 ,
993 5228 1100 5266 nou
1131 5215 1315 5284 utique
1347 5217 1398 5270 in
1432 5217 1803 5278 lustrationem

226 5300 506 5356 terrestris
555 5301 764 5371 imperii
807 5305 1239 5374 quinquennem,
1286 5309 1379 5362 sed
1425 5309 1478 5364 in
1513 5325 1803 5381 perennem

227 5393 466 5450 caelestis
506 5395 655 5468 regni
679 5398 1012 5464 memoriam,
1058 5401 1272 5470 quando
1309 5400 1462 5470 juxta
1492 5408 1804 5474 parabolam

301 5545 516 5622 {Liber
542 5548 897 5622 fontiﬁcalis,
947 5553 1000 5606 in
1037 5552 1155 5607 Vita
1183 5552 1376 5622 Sergii.
1413 5555 1532 5611 Vid.
1570 5558 1806 5618 Martene

227 5617 746 5695 de_Aptiq._Ecu_2_les.
775 5621 988 5678 Ritibus
1008 5623 1132 5695 libr.
1157 5640 1198 5688 ι,
1378 5626 1464 5680 I5.

298 5685 327 5724 ιι
361 5685 497 5765 {Beda
525 5688 607 5765 De
627 5689 947 5765 Temporum
977 5685 1193 5765 ratione.
1213 5685 1330 5765 cap.
1362 5697 1446 5750 10.

301 5767 322 5793 ε
359 5754 506 5824 Idem
536 5754 892 5833 initiumapud
911 5754 1413 5832 Amalariumflibr.
1439 5785 1476 5824 ι.
1505 5769 1568 5826 de
1593 5769 1798 5830 Ecclus.

1905 4582 2130 4651 bellum,
2160 4592 2218 4638 ut
2238 4585 2528 4655 Apostolus
2549 4587 2626 4642 ait
2651 4606 2664 4642 :
2701 4586 2884 4644 Omnis
2905 4593 2995 4662 qui
3020 4593 3076 4646 in
3099 4610 3265 4664 agone
3288 4610 3497 4656 conten-

1905 4678 2004 4744 dit,
2049 4679 2116 4732 ab
2165 4679 2403 4734 omnibus
2440 4697 2496 4734 se
2546 4681 2770 4735 abstinet
2821 4682 2869 4753 (Ι
2910 4683 3032 4738 Cor.
3071 4701 3151 4752 ιχ,
3196 4687 3306 4761 25).
3353 4692 3493 4750 Dicit

1905 4770 2049 4824 enim
2076 4768 2435 4830 Ambrosius:
2475 4773 2560 4828 Ab
2587 4775 2862 4842 omnibus,
2896 4793 3019 4850 qua:
3054 4781 3273 4838 vitanda
3301 4787 3490 4845 eadem

1905 4860 2072 4915 tradit
2120 4861 2404 4932 disciplina
2431 4903 2446 4928 ,
2501 4879 2624 4919 eum
2670 4866 2844 4922 sciant
2887 4885 3054 4926 unum
3096 4880 3484 4947 coronanduru,

1903 4962 2106 5024 quanto
2140 4955 2310 5024 magis
2355 4955 2752 5012 observandum
2791 4969 2896 5027 est,
2933 4964 3130 5032 quibus
3162 4969 3340 5026 omnis
3363 4985 3490 5040 pro-

1905 5047 2071 5102 missa
2097 5055 2180 5102 est
2210 5048 2400 5104 salus?
2447 5047 2600 5107 Unde
2643 5064 2823 5109 autem
2852 5059 3125 5116 abstinere
3169 5064 3479 5134 debeamus,

1905 5139 1997 5208 qui
2023 5139 2272 5196 bellaturi
2298 5157 2505 5209 sumus,
2556 5145 2714 5201 docet
2738 5148 3047 5219 Apostolus,
3095 5156 3278 5213 dicens
3307 5178 3318 5190 ’
3349 5160 3483 5217 For-

1906 5231 2100 5284 nicatio
2123 5239 2172 5284 et
2204 5233 2372 5286 omnis
2401 5234 2758 5302 immunditia,
2795 5252 2889 5294 aut
2923 5245 3172 5311 avaritia,
3202 5265 3293 5303 nec
3318 5254 3486 5307 nauti-

1906 5329 2057 5375 netur
2100 5321 2155 5376 in
2190 5323 2328 5377 vobis
2365 5321 2582 5394 (Ephes.
2628 5343 2684 5393 v,
2730 5330 2807 5402 '5).
2898 5331 3262 5404 Telesphorus
3288 5338 3315 5378 ἀ
3344 5356 3482 5411 papa

1905 5430 2078 5469 nonus
2099 5424 2222 5483 post
2238 5415 2454 5471 beatum
2479 5419 2798 5486 apostolum.
2842 5423 2896 5477 in
2932 5426 3060 5482 sede
3088 5427 3328 5486 Romana
3355 5447 3484 5488 con-

1905 5561 2106 5688 Ollietiis
2134 5582 2254 5638 cap.
2296 5568 2346 5635 I,
2377 5586 2500 5628 cum
2530 5588 2637 5642 quo
2664 5583 2719 5630 et
2753 5575 2807 5631 in
2853 5577 2971 5634 aliis
2999 5583 3320 5651 quibusdam
3353 5602 3481 5644 con-

1905 5650 2026 5688 νθηι
2059 5676 2072 5688 .

1905 5650 2072 5689 νθιιη.

1974 5705 1997 5744 d
2037 5707 2153 5765 Vid.
2181 5710 2336 5779 epist.
2365 5712 2432 5769 66
2457 5711 2633 5770 Caroli
2664 5717 2728 5772 ad
2757 5719 3056 5778 Alcuinum.
