3914 6178
384 375 522 436 1183

1244 370 1304 427 Β.
1343 370 1407 426 F.
1447 368 1675 424 ALBlNl
1715 367 1847 425 SEU
1888 360 2165 422 ALCUINI
2201 357 2488 420 OPEBUM
2525 356 2706 413 PARS
2744 356 2835 412 ix.

3534 350 3688 407 ιιει

381 488 582 556 stituit,
617 495 678 541 ut
706 499 804 557 per
827 490 1032 555 septem
1072 480 1440 539 hebdomadas
1465 481 1849 538 abstinentiam
1871 480 1971 536 ob-
1995 480 2050 538 Δ
2072 474 2463 546 ptuagesimam
2489 482 2617 528 ante
2638 471 2934 529 celebrant.
2968 467 3131 542 E87
3152 466 3310 536 Quod
3330 466 3477 524 enim
3503 477 3692 539 septe-

383 587 618 643 servent,
671 575 816 648 quod
863 575 1040 631 adhuc
1079 573 1235 629 multi
1283 572 1507 629 faciunt.
1558 572 1712 641 Quod
1761 581 1975 642 tempus
2074 571 2260 626 uarius
2293 582 2553 624 numerus
2586 582 2689 636 per
2726 581 2806 633 se,
2842 564 2947 620 hoc
2976 562 3120 618 idem
3146 560 3417 634 signiﬁcat
3456 574 3547 632 pet
3587 561 3693 618 de.

385 683 514 729 tunc
542 671 679 727 duas
709 669 779 725 ob
801 682 997 723 causas
1027 665 1538 736 Quinquagesimam
1570 664 1773 736 placuit
1796 662 1978 734 appel-

384 762 523 827 lari,
571 760 658 815 vel
702 760 830 830 quia
880 759 933 813 in
968 758 1172 831 _ordine
1202 757 1679 828 quinquagesimus
1722 769 1979 810 numerus

380 866 506 931 post
532 857 1008 927 quadragesimum
1040 861 1289 917 constat;
1327 851 1414 905 vel
1444 853 1571 922 quia
1599 851 1798 906 exinde
1823 849 1982 919 quin-

386 949 642 1021 quaginta
671 946 787 1002 dies
812 952 937 1002 sunt
966 945 1018 998 in
1046 950 1287 998 sanctam
1318 943 1792 997 resurrectionem.
1825 940 1984 995 Post-

387 1039 609 1093 modum
644 1036 972 1092 Melchiadcs
1021 1048 1158 1103 papa
1206 1032 1427 1087 natione
1472 1032 1623 1097 Afer,
1670 1031 1983 1104 trigesimus

389 1136 616 1199 quartus
661 1133 783 1196 post
833 1134 1080 1180 sanctum
1116 1122 1358 1187 Petrum,
1409 1123 1689 1178 constituit
1730 1131 1791 1177 ut
1822 1137 1984 1178 nemo

389 1224 743 1288 praesumeret
773 1216 828 1269 in
877 1215 1051 1286 prima
1100 1214 1187 1269 vel
1227 1215 1416 1286 quinta
1460 1213 1596 1269 feria
1620 1212 1888 1283 jejunare.
1925 1213 1986 1267 In

387 1312 583 1382 prima,
626 1317 848 1380 propter
890 1306 1104 1362 Domini
1142 1308 1633 1371 resurrectionem;
1674 1306 1729 1359 in
1773 1304 1986 1376 quinta,

390 1404 517 1473 quia
551 1402 605 1455 in
649 1416 712 1456 ea
741 1399 977 1455 cmnavit
1005 1398 1266 1453 Dominus
1292 1415 1415 1454 cum
1445 1396 1720 1468 discipulis
1753 1396 1887 1461 suis,
1934 1402 1990 1451 et

391 1497 447 1550 in
477 1509 538 1549 ea
571 1492 814 1547 ascendit
856 1491 910 1546 in
935 1490 1154 1547 cmlum.
1209 1490 1363 1544 Tunc
1387 1489 1589 1560 placuit
1631 1487 1900 1553 fidelibus,
1929 1495 1991 1542 ut

389 1590 515 1640 octo
560 1581 926 1639 hebdomadas
973 1588 1356 1637 consecrarent
1379 1577 1606 1648 jejunio,
1657 1587 1713 1634 et
1758 1578 1992 1648 primam

390 1673 730 1731 Dominicam
771 1670 1178 1743 Sexagesimam
1224 1668 1593 1734 nominarent,
1639 1684 1745 1723 non
1772 1678 1994 1738 propter

391 1764 812 1836 sexagenarium
843 1762 1054 1818 dierum
1100 1775 1409 1825 numerum,
1457 1761 1552 1816 sed
1580 1767 1801 1830 propter
1833 1773 1993 1813 usum

2077 662 2295 716 narium
2334 656 2763 730 multiplicatus:
2816 653 3166 726 Sexagesima
3214 650 3384 706 tendit
3408 665 3583 721 usque
3616 649 3692 704 ad

2077 751 2315 807 medium
2340 747 2581 814 Pascha,
2606 746 2661 803 id
2687 755 2793 812 est,
2827 752 3082 817 quartam
3107 740 3301 797 feriam
3329 740 3693 797 hebdomadas

2078 842 2401 908 Paschalis;
2450 839 2909 911 Quinquagesima
2963 836 3138 892 tendit
3188 835 3258 890 ad
3303 834 3482 904 ipsum
3539 831 3693 888 diem

2080 934 2336 1000 Paschte;
2365 932 2787 1005 Quadragesima
2809 931 2877 986 ad
2899 930 3043 986 diem
3064 928 3249 984 Coena:
3260 924 3502 981 Domini.
3530 922 3692 979 Com-

2082 1034 2211 1097 puta
2237 1041 2367 1097 ergo
2393 1025 2604 1080 dierum
2632 1036 2942 1084 numerum,
2972 1020 3071 1090 qui
3110 1026 3236 1074 sunt
3265 1018 3322 1072 in
3353 1014 3691 1072 abstinentia

2085 1135 2116 1174 a
2143 1114 2550 1188 Septuagesima
2576 1128 2749 1183 usque
2790 1112 2858 1168 ad
2884 1109 3385 1179 Quad'ragesimam,
3440 1106 3690 1162 invenies

2086 1220 2171 1266 ter
2198 1225 2382 1276 senos,
2418 1209 2472 1263 id
2501 1214 2605 1274 est,
2635 1208 2823 1263 decem
2848 1212 2972 1260 octo
3001 1204 3139 1269 dies,
3168 1201 3415 1273 exceptis
3440 1197 3691 1254 Domini-

2088 1303 2169 1359 cis
2192 1303 2404 1358 diebus.
2439 1298 2611 1368 Quem
2642 1312 2931 1354 numerum
2960 1297 3006 1351 si
3035 1310 3135 1366 per
3160 1294 3442 1365 duplarem
3464 1305 3695 1363 propor-

2089 1394 2294 1449 tionem
2325 1391 2555 1456 dividas,
2601 1388 2844 1445 invenies
2874 1389 2927 1443 in
2954 1403 3061 1442 una
3088 1394 3243 1457 parte
3281 1400 3401 1447 sex,
3434 1384 3494 1438 in
3522 1382 3691 1437 altera

2092 1484 2373 1540 duodecim
2404 1498 2420 1537 :
2458 1498 2553 1538 sex
2580 1489 2761 1537 autem
2784 1481 2853 1535 ad
2881 1478 3186 1545 duodecim,
3220 1479 3417 1550 simpla
3443 1494 3459 1544 ;
3496 1477 3696 1532 duode-

2092 1574 2201 1629 cim
2230 1572 2295 1628 ad
2323 1588 2439 1638 sex,
2487 1571 2647 1643 dupla
2672 1570 2952 1642 proportio
2975 1579 3079 1625 est.
3119 1570 3253 1625 Item
3293 1569 3440 1624 inter
3466 1567 3693 1624 Crenas!

2093 1663 2311 1719 Domini
2333 1672 2389 1718 et
2413 1663 2559 1718 diem
2586 1662 2828 1727 Paschae,
2862 1661 2968 1717 duo
2997 1668 3124 1716 sunt
3151 1660 3289 1726 dies,
3328 1668 3388 1715 et
3410 1660 3560 1715 inter
3592 1658 3695 1714 Pa-

2097 1755 2228 1810 scha
2254 1761 2309 1809 et
2333 1753 2571 1809 medium
2608 1752 2855 1818 Paschze,
2884 1750 3029 1822 quod
3055 1758 3140 1806 est
3166 1758 3362 1821 quarta
3399 1748 3564 1815 feria,
3594 1749 3696 1805 duo

292 1858 301 1868 ’
392 1825 681 1913 locutionis
708 1861 926 1919 nostrae,
964 1869 1071 1924 quo
1100 1854 1241 1909 sicut
1267 1825 1700 1924 quadragenarto
1730 1852 1995 1922 quinqua-
2023 1825 2068 1886 Β
2098 1854 2224 1902 sunt
2252 1845 2401 1912 dies,
2449 1859 2557 1915 quo
2594 1843 2767 1899 tendit
2811 1843 3200 1915 Sexagesima;
3244 1849 3301 1897 et
3338 1842 3410 1897 ab
3450 1842 3578 1911 ipso
3617 1840 3701 1896 die

395 1946 669 2019 genarius,
708 1945 781 2000 ita
812 1945 1277 2016 quinquagenario
1305 1945 1707 2015 sexagenarius,
1755 1952 1810 1998 et
1839 1958 1997 1999 sexa-

396 2037 651 2109 genarius
679 2036 1092 2107 septuagenario
1127 2043 1430 2106 coaptatur.
1461 2035 1507 2089 Α
1534 2035 1886 2107 Sexagesima
1908 2048 1997 2088 us-

400 2141 508 2197 que
530 2126 759 2189 Pascha,
790 2132 915 2180 octo
939 2134 1064 2179 sunt
1088 2123 1458 2189 hebdomadas,
1488 2141 1519 2181 e
1545 2124 1741 2194 quibus
1769 2123 1997 2194 singulis

399 2219 443 2273 si
476 2218 707 2287 primam
733 2222 787 2271 et
814 2215 1062 2286 quintam
1094 2213 1286 2271 feriam
1323 2215 1390 2270 de
1425 2215 1753 2270 abstinentia
1783 2212 1998 2268 subtra-

401 2311 523 2375 has,
554 2316 615 2364 ut
650 2306 976 2364 Melchiades
1000 2306 1254 2373 instituit,
1285 2315 1341 2361 et
1369 2308 1545 2377 ipsum
1575 2307 1717 2362 diem
1749 2313 1998 2362 sanctum

398 2400 643 2465 Paschae,
693 2398 1051 2470 quadraginta
1098 2406 1308 2453 tantum
1355 2396 1472 2453 dies
1506 2404 1788 2453 remanent
1832 2395 2001 2450 absti-

403 2491 624 2555 nentiae,
675 2490 741 2545 ad
767 2488 1127 2545 imitationem
1171 2487 1387 2543 Domini
1413 2488 1584 2542 nostri
1612 2485 1741 2542 Jesu
1771 2485 1995 2542 Christi.

403 2579 813 2653 Scptuagesima
840 2579 961 2635 ideo
989 2594 1020 2633 a
1053 2577 1301 2634 ﬁdelibus
1332 2577 1505 2632 fertur
1532 2575 1816 2640 celebrari,
1865 2582 1926 2629 ut
1948 2582 2003 2630 ct

404 2672 644 2729 decimas
664 2670 875 2725 dierum
899 2670 1011 2725 Deo
1034 2668 1259 2724 reddere
1307 2675 1364 2723 et
1389 2667 1741 2723 nihilominus
1767 2666 2002 2736 primam

404 2773 461 2819 et
495 2764 741 2835 quintam
778 2760 995 2828 feriam,
1046 2767 1102 2816 et
1145 2761 1432 2816 sabbatum
1479 2758 1693 2831 possint
1728 2773 1759 2814 a
1794 2756 2004 2827 jejunio

406 2855 676 2910 relaxare.
703 2852 750 2907 A
775 2850 1186 2924 Septuagesima
1210 2866 1443 2922 namque
1472 2851 1528 2905 in
1549 2848 1780 2916 Pascha,
1810 2863 2004 2904 novem

406 2952 535 3002 sunt
582 2943 956 3009 hebdomadas,
1018 2957 1139 3013 quae
1182 2940 1391 2997 faciunt
1444 2940 1725 3011 sexaginta
1770 2946 2006 3010 quatuor

408 3038 562 3092 dies:
612 3052 681 3092 ex
725 3034 921 3106 quibus
967 3034 1015 3088 si
1053 3033 1120 3088 de
1148 3046 1472 3104 unaquaque
1512 3029 1852 3088 hebdomada
1895 3037 2005 3084 tres

410 3126 666 3198 prtel‘atos
712 3127 829 3181 dies
858 3125 1213 3192 subtraxeris,
1260 3134 1314 3179 et
1341 3138 1558 3179 sacrum
1600 3123 1743 3179 diem
1767 3121 2005 3177 Pascha-

411 3220 540 3287 lem,
591 3219 813 3291 triginta
842 3233 937 3274 sex
978 3218 1094 3275 dies
1128 3218 1183 3273 in
1212 3216 1574 3273 decimatioue
1600 3214 1729 3271 anni
1768 3213 2002 3287 jejunus.

408 3413 633 3476 propter
660 3403 853 3473 legalia
876 3403 1128 3458 mandata
1153 3403 1257 3457 hoc
1280 3401 1427 3467 fecit,
1456 3401 1552 3456 sed
1588 3402 1716 3472 quia
1743 3400 2010 3471 requievit

411 3495 505 3551 illa
549 3496 636 3550 die
681 3494 942 3549 Dominus
969 3492 1027 3546 in
1066 3492 1336 3562 sepulcro.
1386 3493 1616 3557 August.
1659 3491 1801 3546 libro
1833 3505 1905 3546 xv
1941 3491 2009 3546 de

411 3586 647 3643 Civitate
675 3584 771 3640 Dei
799 3595 827 3625 ι
851 3601 865 3638 :
900 3601 920 3636 ί
954 3582 1072 3638 Non
1099 3582 1302 3649 omnia,
1333 3582 1527 3653 inquit,
1554 3597 1675 3652 qua:
1706 3588 1855 3653 gesta
1884 3597 2012 3637 nar-

413 3682 624 3741 rantur,
662 3673 866 3744 aliquid
890 3674 1054 3729 etiam
1090 3660 1398 3746 signiﬁcare
1437 3672 1677 3743 putanda
1717 3680 1863 3739 sunt,
1915 3672 2010 3729 sed

413 3774 639 3839 propter
671 3766 761 3822 illa
803 3779 925 3835 quae
959 3764 1164 3835 aliquid
1192 3764 1521 3837 signiﬁcant,
1559 3765 1723 3821 etiam
1754 3754 1844 3820 illa
1891 3780 2012 3835 qua:

415 3858 551 3916 nihil
578 3856 907 3931 signiﬁcant,
951 3864 1301 3912 attexuntur:
1350 3871 1457 3913 non
1489 3857 1605 3914 solo
1648 3873 1866 3914 vomere
1890 3873 2013 3913 ara-

416 3959 543 4017 tur,
585 3949 682 4006 sed
723 3957 783 4003 ut
827 3948 932 4004 hoc
978 3947 1150 4018 possit
1195 3947 1335 4015 ﬁeri,
1383 3949 1551 4004 etiam
1599 3948 1768 4002 aratri
1818 3955 2012 4004 cetera

416 4041 658 4098 membra
690 4045 818 4096 sunt
847 4038 1195 4105 necessaria;
1234 4052 1334 4093 nec
1367 4036 1468 4093 soli
1509 4037 1659 4092 nervi
1706 4037 1761 4091 in
1789 4036 2013 4093 citharis

419 4142 678 4206 aptantur
699 4131 766 4187 ad
792 4139 1031 4201 cantum,
1069 4130 1166 4186 sed
1201 4138 1262 4185 ut
1287 4131 1459 4201 aptari
1487 4130 1716 4201 possint,
1755 4130 1937 4186 insunt
1961 4137 2016 4185 et

420 4233 637 4281 caetera.
672 4243 690 4276 ι
738 4222 875 4277 Item
900 4221 1099 4276 aliter:
1136 4221 1316 4289 Quare
1341 4220 1542 4277 dicitur
1585 4219 2012 4294 Scptuagesima,

423 4332 548 4374 cum
576 4314 646 4370 ab
675 4328 741 4369 ea
783 4313 870 4369 die
895 4327 1066 4383 usque
1102 4313 1158 4367 in
1184 4313 1392 4368 Pascha
1436 4327 1544 4368 non
1568 4312 1678 4368 sint
1699 4312 1820 4382 plus
1854 4327 2014 4384 quam

421 4408 706 4480 sexaginta
749 4413 982 4477 quatuor
1009 4405 1169 4462 dies?
1212 4404 1562 4461 Consuetudo
1598 4415 1684 4461 est
1711 4404 2020 4476 Scriptura-

2032 3180 2079 3244 C

408 3313 505 3370 llle
530 3324 711 3369 autem
745 3313 838 3384 qui
863 3311 1148 3368 sabbatum
1170 3311 1451 3367 constituit
1477 3310 1873 3376 honorandum,
1899 3324 2007 3364 non
2104 3315 2108 3319 ‘

2095 1951 2271 2007 usque
2292 1937 2600 2001 sabbatum,
2632 1951 2739 2005 quo
2763 1934 3172 2005 Septuagesima
3199 1932 3470 2003 pervenit,
3516 1931 3703 1987 simili-

2097 2039 2182 2085 ter
2209 2029 2315 2085 duo
2345 2035 2498 2094 sunt,
2543 2028 2634 2097 qui
2663 2034 2794 2082 sunt
2815 2025 2979 2082 simul
3010 2041 3126 2081 sex.
3156 2024 3419 2093 Quatuor
3455 2025 3612 2080 enim
3638 2022 3702 2078 ad

2098 2121 2228 2186 duo,
2260 2118 2483 2189 duplum
2509 2126 2594 2174 est
2619 2116 2689 2172 ad
2711 2117 2985 2188 simplum.
3032 2116 3410 2172 Prawedentes
3437 2130 3581 2187 ergo
3612 2129 3705 2169 nu-

2097 2212 2255 2277 meri,
2307 2212 2402 2281 qui
2434 2209 2645 2265 suntin
2689 2210 3043 2274 abstinentia,
3094 2207 3437 2280 signiﬁcant,
3484 2205 3703 2275 duplam

2098 2312 2331 2358 mortem
2372 2310 2618 2358 nostram
2647 2302 2843 2372 simpla
2886 2300 3088 2357 Christi
3127 2309 3304 2357 morte
3337 2315 3468 2356 esse
3493 2300 3706 2356 destru-

2098 2401 2264 2450 ctam.
2323 2391 2434 2449 Nos
2460 2392 2606 2448 enim
2646 2393 2703 2447 in
2744 2392 2924 2446 anima
2953 2400 3007 2447 et
3035 2405 3261 2463 corpore
3287 2392 3457 2446 morti
3484 2405 3706 2446 eramus

2099 2484 2360 2551 obnoxii,
2403 2483 2654 2540 Christus
2697 2493 2879 2539 autem
2921 2499 3020 2539 sua
3065 2483 3343 2554 corporali
3384 2491 3568 2538 morte
3592 2524 3607 2547 ,
3649 2497 3702 2546 et

2102 2574 2298 2630 anima:
2327 2582 2384 2629 et
2407 2574 2654 2644 corporis
2681 2584 2913 2629 mortem
2943 2574 3191 2630 exclusit.
3236 2574 3329 2629 Isti
3360 2584 3549 2628 autem
3570 2572 3701 2631 dieS.

2101 2680 2239 2736 quos
2283 2666 2338 2720 in
2374 2665 2588 2720 Domini
2615 2665 3015 2721 resurrectione
3044 2682 3165 2721 cum
3197 2664 3395 2737 gaudio
3437 2672 3495 2720 et
3523 2663 3706 2719 laetitia

2103 2758 2462 2826 celebramus,
2489 2758 2798 2830 signiﬁcant
2827 2758 3306 2823 resurrectionem,
3353 2772 3524 2828 quam
3551 2756 3707 2811 Chri-

2104 2858 2221 2906 stus
2259 2849 2477 2920 duplam
2523 2865 2619 2906 sua
2666 2850 2858 2920 simpla
2901 2850 3151 2907 contulit.
3198 2850 3316 2920 Ipse
3362 2850 3515 2904 enim
3564 2856 3705 2904 Sicut

2104 2944 2220 3000 solo
2242 2959 2471 3014 corpore
2494 2951 2739 2998 mortuus
2755 2950 2861 3010 est,
2888 2944 2961 2997 ita
2985 2943 3099 2999 solo
3125 2957 3349 3012 corpore
3370 2938 3703 3002 resurrexit;

2106 3050 2207 3091 nos
2254 3042 2436 3090 autem
2483 3041 2540 3088 et
2583 3033 2637 3088 in
2672 3034 2852 3088 anima
2889 3033 3125 3104 primum
3155 3032 3446 3088 resuscitat
3486 3038 3706 3099 peccata

2107 3126 2452 3193 dimittenda,
2488 3133 2544 3182 et
2585 3125 2641 3180 in
2671 3124 2854 3183 futuro
2880 3126 3045 3181 etiam
3079 3139 3307 3197 corpora
3354 3124 3709 3180 resuscitatu-

2112 3232 2204 3273 I'IIS
2230 3226 2335 3273 est.

2731 3309 2960 3368 CAPUT
2999 3309 3088 3366 IX.

2528 3401 2558 3443 δ
2598 3416 2730 3459 irent
2768 3418 2834 3457 ne
2874 3405 3289 3460 serrtrxcesmx.

2183 3491 2286 3562 Qui
2317 3507 2491 3548 sacra:
2514 3490 2673 3564 legis,
2704 3494 2906 3550 veteris
2934 3494 3149 3551 scilicet
3172 3493 3420 3550 historiae
3441 3493 3613 3549 libros
3639 3491 3713 3549 ie-

2111 3593 2268 3659 gunt,
2296 3584 2431 3639 satis
2457 3584 2512 3639 in
2538 3592 2790 3655 promptu
2817 3584 3019 3641 habent
3062 3585 3423 3641 lsraeliticum
3452 3584 3711 3655 populum

2112 3675 2313 3746 saepius
2342 3684 2537 3731 contra
2561 3675 2730 3731 Deum
2756 3675 3070 3747 deliquisse.
3100 3676 3255 3733 Unde
3275 3675 3595 3746 frequenter
3620 3674 3713 3729 ad-

2112 3766 2305 3822 moniti
2334 3780 2435 3836 per
2462 3767 2779 3836 prophetas,
2808 3767 3187 3837 ptenitentiam
3216 3781 3375 3838 agere
3404 3765 3711 3821 noluerunt.

2114 3859 2458 3930 Quapropter
2494 3858 2637 3915 sicut
2678 3858 2877 3931 legitur
2921 3859 2977 3914 in
3005 3859 3144 3915 libro
3174 3859 3383 3930 Regum
3410 3900 3427 3924 ,
3475 3866 3533 3913 et
3569 3856 3713 3912 beati

2114 3949 2415 4007 Ezechielis
2436 3950 2740 4022 prophetia,
2780 3958 2907 4022 post
2929 3951 3131 4008 multas
3156 3952 3548 4015 correctiones,
3577 3950 3719 4006 sicut

2116 4043 2373 4109 diximus,
2402 4043 2458 4097 in
2487 4042 2821 4113 impudentia
2852 4042 2960 4099 illis
2983 4043 3454 4114 permanentibus,
3490 4040 3718 4097 tradidit

2115 4137 2239 4193 illos
2276 4138 2420 4193 Deus
2450 4136 2504 4191 in
2548 4151 2744 4191 manus
2775 4134 3168 4207 diripientium.
3220 4135 3289 4190 Et
3330 4135 3574 4205 primum
3616 4134 3714 4189 de-

2117 4245 2240 4287 cem
2287 4228 2538 4284 tribubus
2575 4227 2631 4282 in
2673 4226 3047 4297 captivitatem
3089 4227 3266 4283 ductis
3296 4226 3638 4297 abAssyriis
3663 4234 3719 4280 et

2117 4333 2246 4388 rege
2278 4319 2544 4391 ipsorum,
2570 4317 2746 4373 tribus
2768 4316 2909 4373 Juda
2935 4326 2991 4373 et
3017 4315 3319 4386 Benjamin,
3350 4332 3473 4387 qua:
3498 4332 3715 4389 reman-

2119 4419 2305 4467 serant
2332 4410 2388 4465 in
2415 4408 2778 4475 Hierusalem,
2826 4409 3024 4480 smpius
3052 4425 3083 4464 a
3126 4409 3288 4466 beato
3326 4406 3609 4465 Hieremia
3658 4415 3712 4464 et

421 4518 547 4561 rum
576 4501 904 4566 divinarum,
937 4507 997 4553 ut
1023 4499 1200 4554 omnis
1224 4513 1501 4565 numerus,
1533 4513 1602 4553 ex
1643 4513 1751 4568 quo
1781 4499 2015 4569 quamli-
2050 4539 2100 4598 ο
2121 4503 2337 4563 emeris
2370 4503 2653 4575 prophetis
2699 4504 3011 4569 admonita,
3055 4511 3117 4559 ut
3160 4502 3559 4573 resipiscean
3606 4510 3659 4557 et
3685 4516 3714 4555 ε

422 4596 519 4652 bet
541 4593 799 4651 decadem
843 4592 1142 4658 transierit,
1172 4599 1233 4646 ut
1269 4591 1443 4645 tertiis
1488 4589 1725 4664 [tertius]
1755 4591 2021 4646 mouadiis

2121 4598 2305 4671 pravis
2327 4597 2585 4668 operibus
2609 4604 2909 4662 cessarent,
2939 4611 3008 4653 ne
3035 4597 3237 4652 similia
3262 4603 3606 4667 paterentur,
3634 4608 3718 4648 ve-

425 4688 690 4754 incurrat,
743 4701 854 4742 non
883 4686 1168 4757 deputetur
1214 4682 1357 4738 idem
1386 4698 1647 4739 numerus
1690 4684 2025 4753 prmcedenti

426 4780 636 4842 decedi,
662 4779 759 4835 sed
780 4780 830 4835 ei
866 4780 933 4834 ad
957 4794 1122 4849 quam
1155 4776 1346 4833 tendit.
1401 4775 1542 4848 Lege
1570 4775 1767 4831 librum
1798 4774 2026 4832 Genesis

427 4869 483 4926 in
510 4868 820 4942 genealogia
854 4869 1086 4923 ﬁliorum
1131 4866 1265 4922 Noe.
1301 4867 1433 4922 Item
1458 4866 1656 4921 aliter:
1695 4867 1806 4922 Cur
1826 4867 2026 4924 dicitur

428 4958 861 5032 Scptuagesima,
908 4975 1030 5015 cum
1062 4960 1130 5014 ab
1157 4958 1246 5013 illa
1273 4959 1360 5013 die
1404 4973 1577 5029 usque
1602 4959 1654 5013 in
1680 4957 1887 5014 Pascha
1913 4973 2021 5015 non

428 5052 541 5109 sint
566 5049 908 5122 septuaginta
947 5049 1109 5105 dies?
1151 5047 1562 5119 Septuagesima
1595 5048 1766 5103 tendit
1794 5049 1861 5105 ad
1902 5050 2025 5105 sab-

428 5144 617 5202 batum
640 5151 766 5198 ante
787 5150 1006 5198 octavas
1028 5141 1253 5198 Pascha:
1277 5158 1290 5195 :
1322 5140 1687 5211 baptizantur,
1712 5140 1833 5195 alba
1864 5142 2027 5196 vesti-

428 5243 612 5292 menta
643 5234 940 5304 deponunt,
980 5243 1035 5289 et
1076 5241 1208 5288 tunc
1236 5231 1547 5288 conﬁrmari
1589 5246 1685 5286 eos
1712 5239 1923 5301 oportet
1957 5232 2026 5288 ab

429 5328 708 5399 episcopo,
734 5334 791 5381 et
810 5340 910 5395 per
935 5325 1335 5395 imposittonem
1363 5337 1558 5379 manus
1584 5323 1829 5392 accipere
1856 5320 2028 5392 Spiri-

430 5427 550 5473 tum
575 5424 867 5480 sanctum;
902 5423 958 5470 et
979 5415 1107 5485 quia
1136 5422 1344 5484 septem
1388 5413 1529 5467 dona
1568 5411 1804 5482 Spiritus
1847 5412 2022 5467 sancti

434 5503 833 5571 describuntur,
870 5514 1019 5561 recte
1061 5504 1153 5575 qui
1201 5505 1345 5560 hunc
1388 5503 1663 5575 accepturi
1715 5510 1878 5567 sunt,
1926 5502 2025 5557 Se-

508 5653 532 5681 ιι
564 5642 753 5699 Potius
773 5644 899 5699 libr.
928 5659 1041 5708 xvi,
1070 5659 1219 5697 num.
1245 5644 1300 5698 5.

511 5712 547 5783 hi
571 5712 701 5778 Qua!
726 5723 1025 5783 sequuntur
1051 5714 1285 5782 capitula
1306 5714 1373 5768 dc
1402 5713 1828 5783 Scptuagesima,
1859 5711 2028 5767 Sexa-

442 5782 666 5853 gesima,
717 5782 1169 5854 Quinquagcsima
1217 5791 1265 5837 et
1316 5782 1758 5856 Quadragcsima,
1808 5784 2028 5854 quidam

2124 4669 2222 4745 luti
2253 4690 2354 4756 illi,
2389 4689 2481 4759 qui
2504 4688 2616 4759 jam
2659 4688 2960 4745 transducti
3003 4689 3058 4744 in
3099 4688 3437 4763 Babylonem
3482 4669 3733 4751 fuerant;

2125 4782 2313 4839 audire
2340 4782 2651 4847 noluerunt,
2683 4781 2778 4837 sed
2806 4783 2861 4836 in
2894 4797 2993 4837 sua
3022 4780 3204 4837 cordis
3230 4780 3433 4836 duritia
3458 4788 3517 4837 et
3547 4779 3715 4852 pravi-

2123 4882 2236 4930 tate
2265 4881 2427 4944 atque
2451 4872 2758 4929 idololatria
2786 4873 3109 4944 ueterisque
3139 4870 3537 4927 oﬁ'ensiouibus
3560 4868 3715 4942 perti—

2126 4965 2339 5021 naciter
2366 4971 2800 5036 permanserunt.
2838 4962 2993 5019 Unde
3032 4977 3315 5035 regressus
3346 4977 3447 5017 rex
3475 4960 3714 5032 Assyrio-

2128 5072 2249 5112 rum
2270 5055 2770 5113 Nabuchodonosor
2795 5070 2917 5111 cum
2940 5054 3205 5117 exercitu,
3232 5054 3490 5125 regiones
3512 5053 3713 5109 illorum

2128 5147 2384 5212 vastavit,
2422 5156 2479 5203 et
2501 5147 2778 5203 civitatem
2820 5144 3162 5201 Hierusalem
3189 5144 3589 5199 munitionibus
3616 5143 3716 5197 cir-

2131 5239 2427 5305 cumdedit,
2457 5247 2513 5294 et
2550 5238 2736 5293 tandiu
2761 5236 2994 5302 obsedit,
3026 5249 3313 5306 quousque
3349 5233 3721 5291 deﬁcientibus

2130 5332 2423 5398 alimentis,
2455 5331 2587 5386 victi
2616 5345 2806 5387 omnes
2857 5329 3138 5395 cederent,
3183 5336 3240 5385 et
3264 5327 3456 5384 relicta
3485 5327 3722 5391 civitate,

2129 5436 2225 5477 rex
2253 5419 2547 5476 Sedechias
2573 5434 2697 5475 cum
2734 5417 2861 5474 ﬁliis
2882 5426 2939 5474 et
2962 5418 3151 5488 paucis
3177 5419 3269 5488 qui
3296 5432 3485 5474 secum
3514 5431 3725 5472 reman-

2131 5519 2341 5578 serant,
2381 5509 2611 5582 fugeret.
2656 5508 2826 5577 Quem
2852 5548 2870 5576 ,
2904 5517 3066 5579 capta
3113 5509 3360 5574 civitate,
3394 5519 3728 5579 persequens

2134 5660 2236 5700 ms.
2278 5644 2399 5699 cod.
2436 5644 2640 5700 habent
2681 5644 2736 5699 in
2781 5642 2928 5700 calce
2975 5643 3133 5711 libri.
3156 5642 3263 5698 Sed
3297 5658 3399 5699 nos
3434 5643 3492 5698 in
3516 5642 3730 5705 eodem,

2135 5731 2242 5785 quo
2268 5715 2419 5854 pgus
2447 5729 2641 5769 excusa
2671 5723 2828 5770 erant
2869 5714 3081 5780 ordine,
3133 5713 3491 5783 relinquenda
3518 5711 3733 5771 censui-

2136 5802 2273 5842 mus.
2359 5799 2582 5840 renum.

2136 5802 2273 5842 IDUS.
2308 5799 2582 5842 'JleRCET.
