3914 6178
291 267 433 337 ιὶεὸ

1117 265 1264 324 OPP.
1309 262 1712 321 SUPPOSITA.
1755 293 1824 302 —
1858 260 1991 315 LIB.
2028 260 2115 314 DE
2154 258 2403 314 DlVlNlS
2437 259 2744 315 OFFICIIS.

289 386 522 458 populus
559 383 905 456 Assyriorum
946 380 1316 451 apprehendit,
1365 387 1420 434 et
1442 380 1497 433 in
1522 386 1870 448 conspectum
1899 378 1947 432 A
1975 373 2242 429 dicimus:
2275 371 2462 428 Preces
2491 375 2667 444 populi
2694 383 2792 440 tur,
2836 391 3160 446 quwsumus,
3183 376 3422 444 Domine,
3455 379 3554 432 cle-

291 479 438 548 regis
465 475 548 530 sui
588 473 1086 529 Nabuchodonosor
1125 485 1247 524 cum
1277 469 1402 524 ﬁliis
1444 477 1500 523 et
1545 467 1879 538 principibus

290 567 476 636 pepuli
516 566 748 620 ﬁliorum
776 563 1084 620 Iudaeorum
1105 604 1120 627 ,
1142 563 1243 631 ‘qui
1274 561 1476 616 residui
1512 559 1748 624 fuerant,
1787 559 1882 613 ad-

291 657 450 711 duxit
477 673 492 720 ;
522 657 841 725 locutusque
865 666 949 710 est
978 669 1070 708 rex
1096 652 1586 708 Nabuchodonosor
1609 665 1733 706 cum
1755 665 1882 719 rege

294 745 582 810 Sedechia,
633 746 773 800 sicut
801 745 1000 815 legitur
1041 746 1095 798 in
1141 745 1278 798 libro
1317 743 1588 806 Jeremiae,
1637 741 1878 812 judicia;

290 835 653 906 praecepitque
679 835 732 888 in
779 843 1066 904 conspectu
1093 833 1240 903 regis
1267 833 1546 888 Sedechia:
1573 830 1882 885 interﬁcere

291 927 432 981 ﬁlios
460 926 599 995 ejus,
636 934 690 980 et
731 941 919 980 omnes
962 925 1235 996 principes
1279 926 1590 980 Judaeornm
1615 965 1628 988 ,
1669 923 1763 992 qui
1793 937 1881 978 re-

290 1029 626 1076 manserant.
664 1018 862 1075 Oculos
888 1026 1068 1072 autem
1095 1016 1373 1072 Sedechizc
1390 1017 1550 1087 jussit
1578 1030 1793 1078 eruere,
1823 1019 1881 1067 ct

288 1118 529 1172 vinctum
565 1115 775 1170 catenis
811 1115 965 1169 duxit
1004 1113 1060 1166 in
1103 1111 1451 1182 Babylonem.
1502 1108 1881 1164 Nabuzardam

286 1214 470 1260 autem
499 1205 798 1274 principem
825 1201 1030 1256 militiae
1058 1200 1262 1255 dimisit
1288 1200 1354 1254 ad
1379 1196 1740 1252 destruendos
1762 1211 1881 1249 mu-

288 1315 381 1355 ros
411 1297 768 1353 Hierusalem.
812 1295 965 1350 Unde
991 1295 1130 1348 sicut
1154 1292 1263 1347 illic
1292 1290 1567 1354 scribitur,
1599 1287 1878 1365 Nabuzar-

287 1391 438 1456 dam,
466 1391 720 1461 princeps
747 1401 1060 1457 coquorum,
1093 1383 1365 1440 destruxit
1408 1396 1592 1436 muros
1617 1380 1880 1434 Hierusa-

286 1480 413 1535 lem.
460 1479 528 1533 Et
549 1479 625 1533 ita
651 1493 842 1534 omnes
869 1475 1016 1532 ducti
1047 1482 1173 1530 sunt
1202 1473 1257 1528 in
1297 1472 1664 1543 captivitatem
1695 1471 1750 1524 in
1776 1469 1879 1523 Ba-

286 1573 585 1644 byloniam,
616 1571 803 1641 paucis
832 1578 1043 1624 tantum
1065 1567 1131 1622 de
1155 1567 1481 1636 pauperibus
1510 1562 1691 1635 populi
1723 1562 1877 1616 dere-

1982 471 2182 516 menter
2201 463 2425 529 exaudi,
2465 473 2569 519 etc.
2622 464 2882 519 Hortatur
2906 467 3068 520 etiam
3097 481 3196 521 nos
3236 467 3349 536 ipsa
3375 469 3460 522 die
3488 469 3558 524 ad

1980 566 2199 606 cursum
2244 553 2398 607 home
2443 554 2774 623 operationis
2819 554 2985 627 468
3030 557 3219 611 beatus
3245 555 3560 626 Apostolus,

1981 639 2205 695 dicens:
2241 640 2328 695 Sic
2373 644 2584 709 currite,
2636 653 2694 697 ut
2741 646 3187 716 comprehendalis
3234 647 3286 714 (Ι
3326 647 3448 702 Cor.
3478 665 3559 716 ιι,

1980 738 2094 810 24).
2125 739 2544 808 Responsorium
2575 742 2736 796 etiam
2770 743 2906 798 bene
2945 745 3214 814 congruit,
3261 747 3401 816 quod
3442 747 3558 818 ipsa

1981 828 2068 883 die
2093 837 2377 883 cantatur:
2406 830 2656 900 Adjutor.
2704 830 2812 887 Nec
2837 849 2940 887 non
2971 842 3025 887 et
3050 842 3252 890 tractus
3277 854 3288 889 ε
3335 836 3413 890 De
3435 853 3558 907 pro-

1981 917 2182 986 fundis.
2210 917 2346 973 Nam
2373 920 2426 974 in
2455 920 2575 974 istis
2600 921 2790 976 diebus
2814 931 3033 991 propter
3061 924 3418 980 humilitatem
3447 942 3552 980 non

1981 1017 2261 1068 cantamus
2286 1011 2544 1082 hymnum
2573 1014 2895 1083 angelicum,
2923 1014 3146 1081 scilicet,
3179 1014 3358 1070 Gloria
3381 1019 3436 1071 in
3464 1035 3556 1072 ea:-

1981 1098 2130 1154 celsis
2149 1099 2293 1165 Deo;
2317 1117 2488 1171 neque
2513 1101 2761 1170 Alleluia,
2789 1106 2931 1174 quod
2955 1115 3038 1160 cst
3060 1108 3329 1163 canticum
3355 1108 3556 1164 laetitia:

1979 1197 2034 1244 et
2057 1192 2428 1247 exsultationis
2452 1211 2463 1247 :
2495 1195 2589 1248 sed
2616 1210 2714 1264 pro
2739 1193 2967 1250 Alleluia
2993 1207 3272 1252 cantamus
3301 1200 3552 1254 humilem

1980 1290 2220 1346 cantum,
2249 1283 2455 1338 scilicet
2480 1291 2733 1348 tractum,
2763 1287 2907 1356 quia
2937 1288 3195 1343 trahendo
3232 1291 3447 1356 dicitur,
3489 1307 3554 1346 eo

1978 1373 2118 1440 quod
2146 1375 2358 1428 tractim
2387 1384 2656 1442 cantetur,
2690 1385 2745 1431 et
2773 1379 3038 1448 signiﬁcat
3058 1383 3318 1451 gemitum
3351 1393 3552 1440 sancta:

1977 1463 2164 1517 matris
2196 1464 2469 1520 Ecclesim.
2522 1467 2580 1520 In
2631 1468 2918 1538 Evangelio
2961 1471 3124 1525 etiam
3174 1472 3386 1542 (Matth.
3434 1475 3548 1546 xx),

1975 1555 2117 1625 quod
2153 1556 2267 1626 ipsa
2299 1559 2384 1613 die
2420 1557 2647 1629 legitur,
2696 1561 2886 1615 invitat
2927 1578 3024 1617 nos
3069 1565 3456 1632 paterfamilias
3485 1570 3551 1622 ad

286 1664 451 1729 lictis,
481 1663 574 1734 qui
597 1670 754 1718 erant
780 1660 1030 1730 agricola:
1057 1666 1112 1712 et
1149 1658 1430 1711 vinitores.
1476 1656 1532 1709 In
1561 1670 1665 1724 qua
1703 1653 1875 1722 capti-
1900 1731 1931 1734 _
1973 1650 2344 1718 operationem
2390 1653 2580 1716 vinem,
2625 1660 2683 1704 ut
2717 1651 2943 1708 ﬁdeliter
2972 1655 3178 1710 scilicet
3223 1657 3548 1724 laborantes,

285 1755 452 1809 vitate
478 1731 675 1810 morati
706 1761 831 1807 sunt
873 1753 928 1806 in
958 1765 1148 1821 magna
1176 1747 1463 1803 afﬂictione
1487 1756 1542 1802 et
1566 1747 1792 1817 penuria
1813 1753 1868 1799 et
1899 1731 1941 1790 Β
1970 1741 2248 1795 denarium
2277 1743 2728 1798 remunerationis
2764 1737 3041 1814 percipere
3070 1761 3392 1802 mereamur.
3423 1750 3552 1808 Post

285 1848 548 1900 servitute
576 1859 672 1915 per
701 1857 871 1898 annos
897 1839 1255 1910 septuaginta.
1307 1838 1501 1894 Postea
1529 1852 1680 1902 vero,
1707 1836 1870 1891 mise-

285 1941 440 1988 rante
484 1932 664 1988 divina
710 1929 1031 1994 clementia,
1078 1929 1179 1984 sub
1207 1927 1350 1998 Cyro
1380 1941 1506 1998 rege
1553 1926 1865 1991 Persarum,

283 2040 478 2096 magna
505 2023 717 2078 illorum
744 2039 872 2094 pars
899 2037 1115 2102 reversa
1160 2028 1247 2076 est
1271 2019 1631 2083 Hierusalem,
1681 2019 1736 2073 id
1759 2025 1865 2083 est,

284 2115 675 2186 quinquaginta
725 2111 838 2169 fere
872 2112 1039 2166 millia
1086 2111 1388 2166 hominum.
1440 2110 1706 2180 Tempore
1735 2123 1866 2164 vero

285 2206 434 2261 Darii
460 2206 622 2276 regis,
671 2204 848 2260 omnis
890 2202 1168 2274 plenitudo
1209 2202 1392 2273 populi
1423 2199 1733 2257 Iudaeorum
1766 2201 1866 2256 sub

283 2299 420 2354 duce
473 2297 770 2357 Zorobabel
791 2337 806 2362 ,
858 2304 914 2351 et
957 2294 1090 2350 Jesu
1145 2294 1257 2350 ﬁlio
1305 2293 1530 2350 Josedec
1587 2292 1867 2348 sacerdote

282 2403 502 2458 magno,
526 2397 579 2444 et
609 2387 779 2444 Esdra
805 2385 1005 2451 scriba,
1034 2385 1240 2441 reversi
1266 2392 1392 2440 sunt
1425 2383 1783 2450 Hierusalem,
1812 2391 1869 2438 et

281 2478 684 2534 mdiﬁcaverunt
729 2492 916 2533 muros
941 2477 1059 2548 ejus
1087 2483 1143 2532 et
1170 2474 1449 2546 templum,
1499 2483 1554 2530 et
1580 2473 1864 2530 habitave-

283 2576 411 2622 runt
439 2568 494 2622 in
523 2584 605 2622 ea.
647 2568 816 2622 Erant
837 2577 1017 2623 autem
1048 2573 1176 2622 tunc
1202 2568 1478 2637 prophetae
1505 2565 1738 2624 illorum.
1771 2565 1863 2635 qui

279 2660 352 2714 ad
379 2659 748 2714 aediﬁcandum
778 2661 1034 2729 templum
1061 2668 1115 2716 et
1133 2660 1430 2725 civitatem,
1457 2657 1748 2729 plurimum
1771 2672 1864 2712 eos

279 2749 662 2806 confortabant
680 2750 906 2820 Aggaeus
933 2757 988 2804 et
1018 2750 1326 2806 Zacharias.

353 2841 507 2897 Hanc
541 2856 672 2912 ergo
704 2842 1073 2911 captivitatem
1118 2840 1328 2896 Iudaici
1362 2840 1568 2911 populi,
1617 2855 1738 2910 qua:
1764 2855 1864 2894 no-

277 2943 452 2992 stram
482 2934 846 3005 praeliguravit
871 2934 1376 3005 peregrinationem,
1409 2933 1687 2987 annuatim
1712 2947 1864 2989 reco-

1967 1830 2318 1902 Evangelium
2347 1833 2562 1888 canitur
2601 1833 2873 1889 offerenda
2901 1854 2912 1889 :
2955 1836 3160 1892 Bonum
3189 1849 3263 1892 est
3290 1842 3548 1910 conﬁteri,

1967 1932 2022 1978 et
2046 1921 2336 1994 antiphona
2361 1924 2428 1978 ad
2453 1926 2828 1994 complendam
2853 1944 2866 1979 :
2900 1926 3154 1982 Illumina
3183 1929 3392 1998 faciem.
3421 1930 3552 1998 Qum

1965 2015 2145 2070 omnia
2174 2017 2460 2088 diligenter
2489 2018 2755 2088 inspecta,
2805 2021 3015 2092 magnis
3053 2025 3434 2094 mysteriorum
3460 2043 3548 2082 re—

1966 2109 2149 2166 dolent
2189 2113 2566 2179 sacramentis,
2597 2123 2652 2168 et
2673 2114 2927 2169 Ecclesia:
2953 2117 3184 2186 gemitus
3206 2119 3372 2174 Deum
3400 2120 3550 2175 invo-

1965 2202 2138 2257 cantis
2164 2204 2233 2257 ob
2273 2204 2537 2258 auxilium
2570 2205 2634 2259 de
2682 2205 3066 2273 tribulatione,
3098 2209 3357 2277 indicant,
3400 2222 3455 2267 et
3482 2213 3548 2266 ad

1964 2291 2260 2360 spiritualis
2304 2293 2671 2361 intelligentiae
2724 2293 3028 2349 doctrinam
3087 2300 3219 2353 satis
3275 2301 3550 2355 instruunt

1965 2383 2288 2439 auditorem.
2319 2383 2379 2438 In
2415 2385 2499 2438 his
2521 2385 2684 2438 etiam
2715 2386 2922 2451 diebus,
2960 2395 3019 2441 ut
3037 2387 3150 2458 jam
3178 2389 3431 2457 diximus,
3469 2394 3552 2446 in-

1964 2474 2319 2530 termittimus
2357 2475 2615 2544 hymnum
2642 2476 2944 2547 angelicum
2967 2519 2982 2545 ,
3013 2487 3070 2534 et
3106 2478 3352 2546 Alleluia,
3404 2485 3546 2552 quod

1965 2571 2049 2618 est
2090 2563 2418 2630 Hebraeum;
2463 2573 2520 2619 et
2561 2579 2660 2634 pro
2706 2565 2971 2632 Alleluia,
3019 2570 3293 2626 humiliori
3327 2572 3402 2643 (id
3444 2585 3546 2638 est,

1963 2655 2174 2729 Latina)
2208 2657 2416 2712 utimur
2455 2658 2658 2729 lingua,
2689 2659 2931 2716 dicentes
2958 2662 3012 2715 in
3061 2663 3306 2731 psalmis,
3334 2666 3549 2736 hymnis

1961 2754 2018 2802 et
2048 2746 2294 2810 ‘canticis,
2336 2746 2476 2802 Laus
2521 2748 2641 2812 tibi,
2676 2748 2920 2815 Domine,
2972 2767 3064 2805 rex
3090 2762 3298 2808 a’ternre
3342 2754 3544 2824 gloria'.

1962 2835 2098 2891 Nam
2122 2844 2177 2892 et
2208 2837 2262 2892 in
2289 2853 2518 2908 persona
2539 2853 2744 2904 eorum,
2771 2840 2862 2908 qui
2890 2841 2942 2894 in
2964 2842 3279 2912 captivitate
3307 2844 3548 2900 detinen-

1964 2935 2074 2992 tur,
2122 2927 2320 2982 dicitur
2350 2929 2403 2981 in
2440 2929 2682 2998 psalmo:
2737 2928 3008 2995 Quomodo
3049 2934 3374 2989 cantabimus
3417 2953 3546 2990 can-

277 3023 399 3079 lens
428 3031 613 3078 sancta
641 3023 904 3089 Ecclesia,
935 3031 991 3078 et
1025 3023 1079 3077 in
1117 3023 1437 3079 memoriam
1475 3024 1741 3078 reducens
1775 3038 1862 3078 ee—
1892 3085 1933 3099 _
1963 3020 2125 3074 ticum
2153 3019 2366 3075 Domini
2391 3021 2446 3074 in
2479 3029 2622 3074 terra
2650 3020 2824 3076 aliena
2867 3020 3038 3093 (Psal.
3076 3040 3296 3093 cxxxvt,
3335 3026 3436 3099 4)?
3483 3030 3548 3084 Et

279 3115 458 3171 lebrat
487 3085 946 3186 Septuagesimam
977 3133 990 3169 :
1024 3124 1083 3170 ut
1111 3115 1254 3172 sicut
1279 3115 1368 3169 ille
1391 3116 1618 3186 populus
1644 3124 1862 3184 septua-
1885 3085 1933 3149 ο
1965 3109 2163 3163 iterum
2195 3110 2327 3164 dicit
2360 3108 2678 3180 Scriptura:
2726 3085 2996 3177 Quia‘non
3045 3126 3121 3168 est
3163 3085 3395 3186 speciosa
3430 3119 3548 3175 laus

279 3207 431 3275 ginta
458 3221 648 3273 annos,
679 3207 926 3276 quamvis
956 3207 1178 3273 invitus,
1209 3207 1264 3262 in
1294 3207 1606 3276 captivitate
1629 3213 1684 3262 et
1707 3222 1863 3277 pere-

280 3297 586 3367 grinatione
613 3305 700 3352 est
722 3297 991 3363 detentus,
1026 3298 1103 3353 ita
1135 3313 1256 3364 nos,
1301 3298 1355 3353 id
1393 3305 1495 3363 est,
1523 3296 1863 3354 Christianus

280 3387 528 3456 populus,
570 3388 907 3458 septuaginta
939 3387 1056 3444 dies
1084 3395 1326 3443 nostram
1366 3387 1860 3457 peregrinationem

281 3485 338 3532 et
379 3478 659 3546 prtesentis
701 3478 826 3532 vitae
853 3493 1150 3532 aerumnam
1190 3477 1495 3532 voluntarie
1541 3479 1858 3544 recolentes,

281 3565 350 3620 ad
377 3565 626 3634 patriam,
654 3580 773 3634 qua:
792 3574 874 3620 est
900 3581 1131 3636 superna
1151 3565 1507 3633 Hierusalem,
1537 3568 1716 3625 redire
1738 3584 1859 3624 cum

280 3653 429 3708 omni
454 3654 732 3718 aviditate,
761 3654 918 3708 bonis
940 3655 1107 3709 dediti
1129 3657 1406 3724 operibus,
1435 3657 1634 3726 vigiliis
1655 3659 1861 3713 scilicet

281 3754 336 3798 et
354 3743 577 3815 jejuniis
600 3751 656 3797 et
678 3743 1030 3807 orationibus,
1062 3744 1264 3799 intente
1291 3747 1622 3801 studeamus.
1669 3748 1861 3817 Incipit

281 3842 464 3888 autem
494 3831 897 3904 Septuagesima
934 3833 1002 3888 ab
1033 3832 1126 3886 illo
1155 3833 1261 3898 die,
1287 3849 1396 3904 quo
1420 3838 1860 3891 consuetudinem

284 3923 524 3979 Ecclesia
542 3924 706 3979 habet
721 3939 912 3979 canere
929 3943 941 3978 :
958 3922 1423 3979 Circumdederunt
1447 3942 1547 3990 me,
1564 3934 1620 3980 et
1641 3935 1858 3996 perten-

284 4013 361 4068 dit
380 4029 550 4084 usque
573 4014 640 4070 ad
651 4014 937 4069 sabbatum
952 4013 1230 4070 Paschalis
1254 4015 1620 4081 hebdomadze,
1647 4015 1858 4086 quando

285 4105 564 4160 canimus:
618 4104 818 4159 Eduxit
848 4105 1124 4160 Dominus.
1174 4104 1309 4160 Nam
1339 4115 1418 4161 tot
1456 4107 1596 4175 dies,
1635 4109 1680 4164 si
1713 4123 1860 4164 com-

285 4197 457 4267 putati
502 4195 722 4265 fuerint,
777 4197 831 4253 id
863 4206 966 4264 est,
1010 4199 1351 4269 septuaginta
1382 4199 1453 4253 ibi
1496 4200 1853 4255 inveniuntur.

288 4288 728 4360 Septuagesimus
766 4296 946 4344 autem
985 4304 1242 4345 numerus
1269 4291 1339 4346 ad
1367 4292 1680 4346 memoriam
1705 4291 1858 4346 nobis

289 4380 499 4435 reducit
527 4396 688 4436 omne
726 4388 939 4450 tempus
975 4381 1262 4449 przesentis
1301 4381 1500 4445 saeculi,
1547 4397 1654 4450 quo
1696 4382 1856 4436 alieni

285 4487 475 4526 sumus
499 4487 530 4525 a
559 4471 764 4526 cmlesti
786 4469 1120 4526 Hierusalem
1146 4486 1161 4525 :
1193 4471 1336 4540 quia,
1359 4479 1418 4526 ut
1444 4471 1517 4526 ait
1541 4471 1853 4542 Apostolus:

284 4561 425 4615 Dum
458 4577 639 4615 sumus
663 4564 718 4616 in
744 4578 978 4632 corpore,
1005 4563 1451 4633 peregrinamura
1481 4561 1589 4617 Deo
1622 4561 1707 4635 (II
1733 4560 1857 4616 Cor.

284 4668 338 4718 ν,
365 4652 441 4723 6).
476 4652 624 4708 Hanc
653 4654 1160 4724 peregrinationem,
1187 4654 1388 4724 Spiritu
1415 4666 1602 4710 sancto
1627 4671 1864 4725 praeven-

285 4753 399 4808 tus,
438 4743 773 4814 intelligebat
811 4743 980 4798 David
1007 4746 1290 4814 propheta,
1335 4743 1427 4814 qui
1458 4744 1510 4798 in
1538 4744 1744 4812 psalmo
1781 4745 1862 4799 di-

285 4835 445 4892 cebat
473 4848 488 4887 :
521 4832 605 4887 Ne
631 4833 809 4899 sileas,
861 4835 1106 4905 quoniam
1135 4835 1338 4890 advena
1363 4853 1455 4906 ego
1480 4852 1596 4889 sum
1622 4837 1761 4908 apud
1792 4846 1858 4904 le,

282 4931 392 4977 etc.
430 4921 602 4993 (Psal.
649 4938 878 4989 xxxvm,
907 4923 1018 4995 15).
1067 4923 1134 4979 Et
1161 4925 1357 4979 iterum
1386 4925 1441 4979 in
1481 4927 1586 4983 alio
1609 4929 1857 4997 psalmo:

286 5011 408 5065 Heu
436 5011 594 5076 mihi,
627 5011 751 5081 quia
778 5011 1035 5067 incolalus
1078 5030 1221 5068 meus
1264 5014 1602 5087 prolongatus
1626 5028 1722 5084 est,
1753 5029 1858 5074 etc.

285 5098 461 5169 (Psal.
489 5113 636 5163 cxtx,
665 5099 741 5170 5).
771 5099 921 5154 Hanc
940 5101 1101 5155 etiam
1123 5103 1611 5173 peregrinationem
1638 5120 1863 5175 perpen-

283 5192 419 5246 dens
445 5199 631 5245 sancta
657 5189 895 5245 Ecclesia
915 5193 1088 5262 prima
1111 5193 1196 5248 die
1222 5193 1664 5265 Septuagesimze,
1695 5213 1863 5268 angu-

285 5287 407 5342 stiis
426 5294 481 5342 et
506 5285 884 5342 afﬂictionibus
912 5286 1241 5341 circumdata
1270 5285 1505 5340 clamat:
1557 5284 1863 5342 Circumde—

284 5378 474 5433 derunt
502 5395 583 5435 me
604 5381 847 5450 gemitus.
897 5378 1024 5446 Qua:
1060 5393 1164 5433 vox
1207 5377 1553 5432 afﬁictionem
1579 5382 1862 5449 praesentis

285 5470 470 5525 saeculi
503 5477 557 5526 et
587 5471 987 5526 tribulationem
1029 5478 1212 5541 aperte
1240 5470 1592 5526 demonstrat.
1629 5471 1864 5529 Concor-

287 5560 379 5615 dat
403 5562 570 5616 etiam
601 5563 728 5619 huic
754 5561 1033 5618 afllictioni
1079 5561 1254 5616 oratio
1302 5561 1471 5630 ipsius
1498 5563 1622 5630 diei,
1668 5565 1721 5618 in
1758 5581 1862 5635 qua

1962 3199 2019 3252 in
2045 3215 2131 3253 ore
2157 3200 2445 3270 peccatoris
2472 3199 2664 3270 (Eccli.
2714 3217 2801 3268 xv,
2834 3201 2910 3275 9).
2959 3204 3100 3275 Ergo
3143 3207 3449 3279 quicunque
3492 3212 3546 3266 in

1963 3289 2049 3346 his
2079 3289 2268 3346 diebus
2299 3288 2719 3363 Septaagesimaz
2745 3293 3097 3352 saluberrime
3123 3298 3406 3368 institutis,
3428 3317 3549 3358 cur-

1963 3397 2082 3437 sum
2113 3397 2290 3449 suum,
2323 3383 2376 3438 id
2403 3392 2509 3450 est,
2539 3384 2663 3439 vitae
2685 3384 2845 3454 hujus
2872 3389 3154 3456 przesentis
3181 3398 3382 3446 statum
3411 3394 3548 3449 bene

1962 3473 2236 3536 direxerit,
2263 3480 2324 3528 ut
2349 3474 2593 3544 deposita
2620 3476 2768 3530 omni
2796 3476 2976 3546 inepta
3002 3477 3186 3534 laetitia
3210 3488 3266 3535 et
3284 3482 3544 3548 vanitate,

1961 3563 2015 3618 in
2035 3561 2254 3631 jejuniis
2280 3570 2334 3618 et
2367 3563 2567 3634 vigiliis
2592 3571 2646 3619 et
2685 3565 3042 3633 orationibus,
3085 3567 3546 3642 eleemosynisque

1961 3671 2024 3712 ac
2049 3657 2261 3712 caeteris
2287 3657 2444 3712 bonis
2470 3657 2728 3727 operibus
2763 3658 2980 3713 assidue
3025 3659 3258 3727 insistat,
3301 3671 3354 3718 et
3386 3678 3543 3732 pere-

1961 3747 2278 3816 grinationis
2305 3761 2417 3800 sua:
2455 3747 2669 3801 assidue
2700 3749 3016 3804 recordatus
3050 3748 3246 3815 fuerit,
3296 3752 3383 3807 hic
3421 3769 3544 3806 san-

1961 3841 2107 3887 ctum
2143 3834 2355 3889 Pascha
2392 3834 2623 3904 feliciter
2669 3837 3006 3892 celebrabit:
3059 3842 3330 3896 canticum
3375 3844 3538 3898 etiam

1961 3921 2180 3988 lmtitim,
2213 3923 2268 3977 id
2294 3931 2399 3986 est,
2442 3923 2688 3989 Alleluia,
2721 3926 2865 3994 quod
2894 3934 2978 3981 est
2999 3926 3118 3984 laus
3161 3929 3395 3998 Domini,
3427 3934 3543 3988 sine

1961 4014 2068 4068 ﬁne
2093 4015 2354 4069 cantabit.
2370 4014 2575 4070 Pascha
2598 4031 2830 4087 namque
2851 4018 3038 4076 G‘raace
3056 4033 3106 4087 α,
3129 4021 3321 4080 Latine
3345 4025 3544 4082 dicitur

1963 4106 2257 4160 transitus:
2297 4114 2353 4161 et
2380 4122 2478 4163 nos
2506 4109 2550 4163 si
2573 4108 2780 4166 Pascha
2809 4121 3058 4168 sanctum
3087 4115 3358 4174 celebrare
3383 4119 3537 4174 voln-

1959 4210 2102 4262 mus,
2137 4197 2427 4252 transitum
2454 4197 2716 4255 faciamus
2741 4217 2772 4257 a
2805 4203 2949 4259 vitiis
2991 4205 3063 4261 ad
3105 4206 3352 4274 virtutes,
3380 4217 3434 4264 et
3475 4212 3542 4266 de

1960 4285 2192 4340 terrenis
2218 4286 2288 4342 ad
2330 4287 2593 4354 coelestia,
2646 4299 2700 4346 et
2744 4292 2812 4348 de
2841 4294 3172 4352 transitoriis
3213 4297 3281 4352 ad
3328 4313 3543 4368 semper

1961 4377 2236 4457 manentia
2265 4386 2322 4434 et
2339 4387 2541 4434 aeterna
2559 4383 2946 4454 transmigrare
2975 4386 3302 4441 studeamus.
3333 4385 3541 4444 Pascha

1959 4471 2099 4523 enim
2123 4480 2359 4526 nostrum
2385 4472 2684 4528 immolatus
2707 4473 2963 4540 Christus,
3011 4484 3116 4532 etc.
3147 4476 3198 4545 (I
3227 4475 3349 4531 Cor.
3381 4495 3432 4543 v,
3464 4480 3538 4550 7).

1961 4561 2174 4616 Finitur
2229 4571 2410 4618 autem
2475 4563 2894 4635 Septuagesima:
2952 4567 3258 4622 observatio
3317 4570 3540 4625 sabbato

1961 4660 2089 4707 ante
2118 4665 2364 4710 octavam
2396 4655 2639 4720 Pascbze,
2667 4657 2884 4724 quando
2909 4657 3096 4722 etiam,
3141 4657 3280 4712 sicut
3302 4658 3418 4729 jam
3442 4675 3536 4714 su-

1961 4757 2059 4811 pra
2088 4742 2342 4810 diximus,
2371 4743 2610 4798 Ecclesia
2648 4753 2832 4799 sancta
2861 4759 3056 4800 canere
3083 4747 3239 4802 solita
3264 4756 3368 4814 est,
3392 4749 3538 4804 Edu-

1961 4833 2039 4887 xit
2069 4832 2344 4888 Dominus.
2389 4833 2532 4888 Bene
2559 4843 2742 4889 autem
2769 4837 3017 4905 congruit
3048 4838 3322 4909 mysteriis
3356 4840 3542 4897 Eccle-

1960 4925 2085 4988 siae,
2133 4923 2276 4992 quod
2321 4921 2727 4993 Septuagesima
2775 4927 3000 4982 sabbato
3040 4928 3246 4984 ﬁnitur.
3295 4930 3542 4987 Peccatis

1960 5015 2107 5071 enim
2133 5013 2333 5070 nostris
2359 5015 2713 5084 exigentibus,
2746 5017 2802 5071 in
2829 5019 3196 5088 captivitatem
3226 5030 3283 5078 et
3306 5027 3532 5096 peregri-

1963 5106 2238 5161 nationem
2283 5106 2628 5162 devenimus:
2679 5108 2772 5166 sed
2815 5123 2914 5177 per
2956 5109 3165 5165 Domini
3208 5113 3437 5182 gratiam
3487 5124 3544 5170 et

1964 5198 2366 5253 miserationem
2393 5199 2458 5252 ad
2482 5199 2740 5267 requiem,
2774 5215 2893 5271 qua:
2926 5216 3025 5270 per
3063 5203 3349 5258 sabbatum
3376 5205 3543 5276 signi-

1965 5292 2162 5347 ﬁcatur
2188 5332 2204 5356 ,
2262 5291 2591 5347 reducimur.
2665 5291 2961 5349 Sabbatum
2998 5295 3143 5350 enim
3198 5295 3411 5366 requies
3460 5297 3542 5352 in-

1966 5390 2313 5453 terpretatur.
2370 5380 2669 5439 Cantantur
2717 5385 2882 5440 etiam
2955 5384 3046 5440 illo
3109 5385 3196 5441 die
3241 5386 3346 5441 duo
3401 5387 3543 5442 Alle-

1967 5473 2077 5527 luia
2101 5512 2118 5538 ,
2155 5486 2276 5541 quae
2309 5472 2577 5541 geminam
2619 5483 2928 5530 sanctorum
2963 5475 3202 5530 lzetitiam
3239 5475 3540 5547 designant.

1968 5565 2104 5619 Nam
2135 5563 2264 5618 illud
2303 5562 2554 5630 Alleluia,
2595 5565 2739 5635 quod
2764 5566 2986 5623 sabbato
3015 5565 3252 5634 canitur,
3299 5565 3540 5623 scilicet:

357 5687 382 5715 ι
420 5673 629 5731 Pascha
663 5673 860 5733 (ἔπινε-ρ.
891 5674 1162 5741 lmperite,
1195 5673 1296 5729 nisi
1322 5675 1391 5728 sit
1425 5688 1577 5729 error
1605 5676 1832 5733 librarii.
1873 5677 2004 5733 Vide
2030 5674 2290 5730 Monitum
2317 5673 2597 5746 prtevium.

3421 259 3558 315 uso
3661 340 3663 342 η
