3914 6178
381 281 520 343 H87

1226 272 1286 326 Β.
1326 271 1390 324 F.’
1429 268 1654 324 ALBINI
1694 265 1827 322 SEU
1868 262 2146 320 ALCUINI
2186 258 2469 318 OPERUM
2507 254 2688 312 PARS
2727 252 2818 311 IX.

3514 257 3673 313 “88

379 393 710 467 Conﬁtemini
743 391 960 446 Domino
991 388 1237 460 quoniam
1266 387 1446 447 bonus,
1492 383 1740 454 quoniam
1771 382 1825 433 in
1851 395 1953 433 sw-
1983 381 2032 440 Α
2057 387 2323 431 vocatam.
2353 373 2522 467 Terra
2552 372 2752 467 quippe
2776 376 3168 467 commovetur,
3215 371 3434 467 quando
3457 387 3668 442 pecca—

381 489 559 543 culum
597 482 954 539 misericordia
1000 480 1132 550 ejus,
1174 477 1414 530 laetitiam
1460 480 1774 528 sanctorum
1811 470 1958 525 desi-

386 587 534 650 gnat,
580 591 739 645 quam
769 573 946 635 modo,
986 571 1293 641 quicunque
1320 564 1550 620 ﬁdeliter
1577 563 1854 625 ﬁniuntur,
1906 561 1960 615 in

381 667 663 722 animabus
709 664 1013 733 accipiunt,
1055 667 1110 714 et
1147 673 1251 728 qua
1281 655 1453 710 sancti
1500 669 1691 708 omnes
1715 693 1730 719 ,
1777 651 1871 722 qui
1905 650 1961 706 in

383 762 590 822 calesti
616 761 782 832 gloria
807 766 950 822 sunt,
980 763 1238 826 perpetuo
1263 748 1626 822 perfruentur.
1657 745 1752 799 Illa
1780 752 1962 798 autem

382 854 509 920 duo,
555 868 674 923 qua:
716 851 770 905 in
802 855 1045 916 sequenti
1083 843 1328 907 sabbato,
1369 841 1424 895 id
1450 849 1555 904 est,
1589 837 1695 891 ﬁne
1735 836 1964 906 Septua-

381 942 599 1013 gesimae
625 946 910 1001 canuntur,
953 933 1220 1004 geminam
1250 936 1559 984 sanctorum
1587 925 1826 981 omnium
1868 938 1964 977 ex-

382 1033 725 1089 sultationem
755 1029 1053 1098 designant,
1098 1023 1312 1094 quando
1340 1021 1480 1076 sicut
1515 1018 1716 1088 legitur
1742 1016 1798 1071 in
1819 1014 1963 1084 Apo-

384 1123 610 1193 calypsi,
649 1119 858 1189 expleto
895 1115 1094 1184 judicio
1124 1115 1394 1168 dabuntur
1433 1112 1512 1166 eis
1548 1108 1771 1180 singulis
1811 1106 1964 1161 stolae

381 1213 543 1279 bime,
575 1213 626 1266 id
665 1218 766 1275 est,
798 1207 1175 1263 immortalitas
1200 1213 1255 1261 et
1277 1203 1552 1259 beatitudo
1581 1203 1883 1256 animarum
1909 1207 1964 1254 et

382 1317 698 1371 corporum,
746 1301 979 1363 scilicet,
1028 1306 1082 1352 et
1124 1304 1182 1350 ut
1228 1296 1321 1365 qui
1366 1310 1508 1349 nunc
1542 1294 1765 1364 singulis
1811 1291 1963 1347 stolis

382 1396 687 1450 animarum
725 1390 1061 1446 solummodo
1091 1386 1494 1441 immortalitate
1537 1385 1793 1456 gaudent,
1835 1392 1966 1436 tunc

383 1486 540 1541 beata
580 1491 636 1538 et
675 1483 976 1537 animarum
1010 1487 1065 1534 et
1106 1495 1393 1548 corporum
1450 1477 1855 1532 immortalitate
1901 1490 1963 1529 ac

381 1579 657 1645 perpetua:
683 1569 1032 1626 beatitudinis
1060 1567 1227 1639 gloria
1264 1566 1650 1636 perfruantur:
1692 1564 1762 1618 ad
1803 1577 1964 1633 quam

383 1662 735 1719 beatitudinis
773 1662 996 1732 gloriam
1026 1677 1126 1715 nos
1153 1661 1387 1728 optimus
1427 1660 1686 1714 Dominus
1713 1673 1807 1713 sua
1843 1673 1965 1727 gra-

2063 467 2198 522 toris
2224 481 2317 521 cor
2341 465 2408 519 ad
2427 463 2806 533 paenitentiam
2826 469 2881 518 et
2906 461 3174 533 lacrymas
3193 465 3463 519 excitatur
3488 483 3503 519 :
3531 478 3666 539 post

2063 565 2266 612 motam
2308 563 2493 609 autem
2532 561 2734 607 terram
2758 552 2927 626 5,69
2962 567 3148 608 semen
3187 553 3481 622 inducitur,
3524 559 3663 627 quia

2059 655 2185 718 post
2222 653 2491 702 commota
2535 645 2694 700 corda
2724 644 3103 715 poenitentium
3149 645 3215 700 ad
3242 644 3531 716 lacrymas,
3571 665 3664 704 se-

2063 752 2191 794 men
2213 737 2441 793 verbum
2469 734 2567 788 Dei
2595 734 2805 789 avidius
2847 735 3163 804 suscipitur,
3204 743 3260 790 et
3293 736 3514 792 uberius
3537 738 3664 794 fru-

2061 834 2206 884 ctum
2247 825 2472 891 faciens,
2504 825 2702 880 crescit
2723 833 2778 879 et
2819 825 3227 894 multiplicatur.
3275 825 3428 882 Unde
3455 843 3662 884 convc-

2061 916 2274 972 nienter
2295 915 2642 986 Evangelium
2667 915 2932 984 sequitur,
2955 915 3010 970 in
3043 929 3151 984 quo
3175 917 3240 971 de
3265 925 3410 972 terra
3435 927 3659 988 petrosa

2062 1017 2118 1063 et
2150 1007 2383 1076 spinosa,
2417 1013 2580 1076 atque
2612 1007 2680 1062 de
2703 1007 2866 1072 bona,
2898 1023 3018 1077 qua
3053 1006 3291 1063 fructum
3318 1025 3417 1079 per
3442 1013 3662 1082 patien-

2061 1098 2194 1154 tiam
2241 1099 2436 1164 reddit,
2485 1098 2656 1154 multa
2683 1107 2994 1154 narrantur.
3043 1100 3100 1154 ln
3132 1100 3538 1172 Septuagesima
3574 1106 3660 1160 in-

2064 1190 2269 1260 crepati
2303 1204 2506 1253 sumus,
2553 1190 2696 1259 quod
2719 1190 2885 1244 otiosi
2924 1191 3193 1257 stetimus,
3238 1199 3294 1246 et
3331 1195 3401 1248 ad
3438 1196 3656 1250 vineam

2063 1279 2343 1334 colendam
2387 1279 2599 1333 invitati
2645 1293 2869 1334 sumus:
2919 1295 3062 1334 nunc
3090 1279 3143 1334 in
3192 1279 3540 1351 Sexagesima
3576 1301 3659 1341 se-

2066 1386 2191 1426 men
2217 1372 2444 1426 verbum
2470 1370 2567 1424 Dei
2590 1371 2645 1424 in
2673 1371 2926 1426 cordibus
2947 1371 3148 1426 nostris
3172 1371 3334 1427 veluti
3367 1373 3424 1427 in
3454 1376 3656 1431 bonam

2065 1469 2268 1517 terram
2283 1460 2508 1530 iacitur,
2520 1470 2825 1529 utcrescat,
2849 1472 2903 1518 et
2919 1461 3226 1531 fructiﬁcet,
3250 1474 3306 1519 et
3329 1481 3426 1536 per
3442 1483 3511 1537 pa
3520 1469 3658 1522 tien-

2063 1552 2195 1606 tiam
2247 1551 2483 1608 fructum
2525 1553 2816 1624 plurimum
2870 1552 3177 1610 atl‘eramus.
3228 1555 3489 1625 Sequitur
3523 1558 3658 1613 olfe-

2064 1645 2270 1699 renda:
2319 1642 2526 1714 Perﬁce
2561 1662 2771 1716 gressus
2801 1660 2982 1700 meos:
3026 1647 3346 1716 deprecatur
3387 1651 3654 1716 Ecclesia,

383 1754 520 1808 tuita
545 1753 746 1822 pietate
772 1719 1023 1822 dignetur
1045 1719 1359 1820 perducere,
1384 1749 1470 1805 cui
1503 1759 1588 1804 est
1626 1751 1817 1811 honor,
1844 1719 1965 1802 laus
1996 1719 2042 1777 Β
2069 1745 2132 1790 ιη
2169 1736 2520 1806 Pandam“?
2547 1753 2766 1810 gressus
2811 1739 2978 1806 illius,
3028 1741 3081 1794 id
3117 1751 3222 1808 εει,
3273 1752 3335 1798 Ut
3361 1759 3391 1797 3
3421 1745 3659 1802 Domino

383 1852 438 1898 et
467 1843 634 1913 gloria
660 1857 758 1912 per
776 1841 953 1896 omnia
984 1841 1178 1896 saecula
1203 1840 1543 1895 saeculorum.
1577 1840 1767 1895 Amen.

1015 1951 1240 2011 CAPUT
1277 1952 1346 2007 Χ.

919 2034 945 2063 ⁸
984 2039 1050 2076 DE
1088 2037 1432 2078 SEXAGESHIA.

456 2113 804 2184 Sexagesima
835 2113 1046 2167 initium
1079 2113 1243 2168 sumit
1268 2113 1512 2183 sequenti
1539 2114 1816 2170 Dominica
1846 2122 1968 2184 post

385 2205 870 2276 Septuagesimam,
910 2211 965 2258 et
1000 2202 1186 2258 ﬁnitur
1219 2211 1413 2274 quarta
1459 2203 1592 2259 feria
1619 2205 1969 2260 hebdomadas

383 2294 670 2365 paschalis.
713 2292 846 2347 Nam
870 2291 922 2346 in
949 2292 1217 2362 superiori
1247 2292 1597 2356 hebdomada,
1638 2293 1844 2348 scilicet
1872 2291 1968 2347 Se-

383 2385 755 2456 ptuagesimm,
787 2384 1174 2441 circumdatam
1206 2398 1266 2439 se
1291 2382 1567 2438 doloribus
1591 2391 1646 2438 et
1668 2381 1970 2438 tribulatio-

383 2474 544 2528 uibus
576 2473 774 2528 clamat
803 2473 1060 2535 Ecclesia,
1097 2478 1153 2527 et
1180 2471 1255 2525 ita
1279 2470 1631 2525 constrictam
1663 2467 1968 2525 afflictioni-

382 2562 486 2619 bus
507 2572 561 2618 et
587 2563 1044 2627 tribulationibus,
1075 2569 1135 2616 ut
1155 2561 1247 2617 vix
1267 2561 1477 2630 spirare
1497 2565 1678 2630 queat,
1709 2567 1764 2614 et
1790 2559 1966 2614 nullus

383 2653 642 2709 evadendi
684 2660 869 2723 pateat
893 2652 1062 2707 locus.
1111 2651 1266 2707 Unde
1292 2649 1459 2705 dicit:
1500 2648 1967 2704 Circumdederunt

385 2759 484 2797 me.
515 2745 574 2798 ln
597 2744 702 2798 hoc
727 2752 927 2808 autem,
952 2742 1004 2797 id
1033 2748 1133 2809 est,
1161 2740 1526 2812 Sexagesima,
1548 2738 1660 2807 jam
1694 2740 1852 2809 quasi
1882 2755 1968 2794 re-

388 2839 603 2902 sumpta
644 2831 835 2888 ﬁducia
873 2832 1105 2897 invocat,
1152 2838 1207 2886 et
1249 2832 1404 2902 quasi
1445 2830 1832 2901 omnipotentis
1864 2829 1962 2885 Dei

389 2921 726 2977 clementiam
758 2922 1006 2993 implorat
1033 2922 1255 2979 dicens:
1283 2921 1543 2993 Exsurge,
1575 2938 1737 2995 quare
1771 2921 1964 2975 obdor-

2069 1827 2371 1898 dirigautur
2395 1828 2588 1884 itinera
2617 1829 2735 1898 ejus
2763 1830 2818 1886 in
2848 1831 3058 1886 semitis
3083 1833 3290 1888 viarum
3321 1835 3438 1902 Dei,
3466 1837 3599 1906 quia
3629 1854 3657 1892 a

2070 1921 2181 1976 Deo
2206 1920 2506 1993 diriguntur
2531 1937 2749 1993 gressus
2787 1921 3040 1989 hominis,
3071 1940 3179 1979 non
3207 1939 3238 1979 a
3276 1927 3481 1997 seipso,
3509 1931 3658 1999 quod

2068 2027 2228 2068 nemo
2251 2027 2350 2082 per
2374 2027 2432 2068 se
2454 2013 2558 2068 nisi
2584 2028 2615 2067 a
2654 2015 2764 2069 Deo
2793 2013 3028 2084 adjutus,
3069 2023 3247 2084 potest
3287 2032 3410 2073 esse
3446 2027 3657 2081 rectus,

2067 2102 2209 2157 sicut
2241 2104 2358 2173 ipse
2381 2103 2640 2158 Dominus
2681 2105 2754 2158 ait
2779 2104 3056 2174 discipulis
3084 2106 3197 2161 suis
3221 2125 3233 2159 :
3264 2104 3389 2162 Sine
3411 2125 3501 2162 me
3529 2109 3658 2163 nihil

2067 2194 2280 2264 potestis
2305 2194 2496 2264 facere.
2527 2194 2595 2249 Et
2616 2193 2735 2250 ideo
2759 2197 2902 2265 quod
2934 2210 2964 2249 a
2989 2196 3167 2266 seipsa
3191 2197 3443 2270 intelligit
3469 2199 3658 2255 Eccle-

2068 2284 2149 2339 sia
2195 2297 2300 2339 non
2327 2299 2488 2354 posse
2519 2285 2804 2355 perﬁcere,
2835 2300 2866 2340 a
2895 2287 3124 2342 Domino
3169 2288 3302 2344 totis
3349 2290 3492 2345 votis
3521 2292 3657 2360 petit

2069 2378 2300 2448 impleri.
2355 2379 2496 2435 Dicit
2543 2380 2709 2435 etiam
2753 2381 2812 2435 in
2857 2381 3270 2437 communione:
3314 2381 3554 2438 Introibo
3583 2386 3655 2438 ad

2069 2469 2235 2524 altare
2279 2468 2398 2524 Dei.
2446 2469 2564 2524 Jam
2615 2470 2819 2526 conﬁsa
2862 2477 3047 2527 sancta
3099 2480 3276 2528 mater
3302 2473 3545 2530 Ecclesia
3589 2475 3656 2529 de

2068 2560 2438 2616 misericordia
2482 2563 2867 2634 omnipotentis
2899 2563 3015 2631 Dei,
3060 2565 3338 2634 praesumit
3387 2580 3441 2622 et
3477 2567 3652 2622 dicit:

2067 2649 2306 2707 Introibo
2337 2650 2406 2706 ad
2445 2651 2616 2708 altare
2659 2652 2776 2718 Dei,
2817 2653 2870 2708 id
2896 2662 3000 2719 est,
3049 2655 3104 2710 in
3149 2664 3442 2726 conspectu
3485 2658 3654 2728 ipsius

2068 2744 2339 2813 apparebo
2365 2783 2381 2808 ,
2426 2751 2483 2798 et
2533 2745 2600 2798 de
2646 2743 3034 2802 misericordia
3069 2746 3237 2816 ipsius
3283 2747 3650 2818 gloriﬁcabor.

2068 2831 2346 2887 Pertendit
2391 2839 2595 2899 autem,
2644 2835 2899 2902 diximus,
2937 2837 3053 2893 haec
3098 2837 3446 2910 Sexagesima
3482 2857 3653 2911 usque

2067 2923 2137 2979 ad
2157 2924 2432 2979 Paschalis
2458 2925 2808 2982 hebdomadxe
2836 2936 3089 2996 quartam
3113 2927 3327 2996 feriam,
3355 2931 3482 3002 quia
3505 2947 3653 2986 sexa-

388 3013 508 3078 mis,
532 3012 794 3068 Domine?
831 3012 995 3082 Quasi
1027 3014 1192 3080 dicat,
1239 3014 1488 3084 quamvis
1528 3030 1638 3070 non
1680 3013 1961 3078 dormites,
1991 3067 2037 3129 c
2069 3016 2214 3088 ginta
2254 3016 2370 3072 dies
2396 3025 2779 3087 computantur
2807 3018 2877 3073 ab
2919 3020 3179 3076 hodierno
3212 3021 3321 3088 die,
3365 3039 3472 3093 quo
3498 3025 3649 3080 cani-

388 3118 558 3129 ...ιιι-...Α
587 3105 820 3129 Αλκμξ--
895 3106 980 3129 ..ηε
1015 3106 1245 3129 ----ι-..12-
1277 3105 1439 3129 1----1
1497 3114 1674 3129 ιΑ-.-.α
1709 3106 1825 3129 ---2-
1857 3121 1961 3129 _....
2070 3121 2188 3129 μ..-
2241 3107 2303 3129 -.1
2339 3106 2614 3129 ε.....-ε.--...
2643 3125 2655 3129 -
2717 3107 2950 3129 ﬂ_--____
3033 3128 3067 3129 ,,
3263 3113 3276 3129 ι
3311 3113 3326 3129 ι
3450 3117 3463 3128 ο
3551 3114 3592 3129 -ι

386 3118 560 3173 neque
585 3105 844 3172 dormias,
890 3106 982 3176 qui
1009 3106 1248 3162 custodis
1277 3105 1464 3174 Israel,
1497 3114 1678 3164 tamen
1706 3106 1831 3177 quia
1857 3121 1964 3162 non

389 3196 502 3251 cito
552 3196 857 3252 auxiliando
899 3198 1172 3255 succurris
1226 3198 1403 3264 nobis,
1459 3198 1694 3253 dormire
1740 3197 1962 3254 videris.

388 3285 566 3352 Quare
591 3286 779 3358 facient
805 3298 946 3342 tuam
971 3289 1200 3344 avertis?
1241 3270 1497 3354 Quamvig
1523 3297 1745 3361 peccata
1776 3297 1964 3345 nostra

388 3375 532 3429 inter
561 3391 661 3431 nos
701 3386 757 3431 et
796 3385 850 3432 te
876 3385 1142 3446 separent,
1196 3377 1305 3432 noli
1352 3378 1595 3434 oblivisci
1638 3379 1964 3435 conditionis

388 3477 609 3534 nostrae,
655 3471 748 3524 sed
791 3471 998 3539 respice
1040 3471 1302 3542 propitius
1327 3485 1461 3540 opus
1494 3471 1787 3527 creationis
1816 3479 1960 3527 tuas:

388 3559 648 3630 Exsurge,
677 3570 810 3614 etne
836 3561 1052 3631 repellas
1077 3562 1132 3615 in
1159 3561 1335 3630 ﬁnem,
1379 3561 1469 3615 sed
1510 3562 1625 3616 vide
1671 3561 1967 3616 tribulatio-

388 3668 504 3708 nem
528 3661 778 3706 nostram.
813 3651 1045 3706 Adltcesit
1068 3652 1204 3706 enim
1227 3652 1283 3705 in
1312 3662 1452 3706 terra
1479 3662 1652 3707 venter
1685 3664 1878 3720 noster,
1911 3653 1966 3709 id

390 3751 492 3808 est,
522 3743 797 3799 consensit
822 3743 1089 3812 impietati
1117 3742 1354 3814 pulveris
1394 3742 1554 3813 hujus
1581 3751 1637 3797 et
1659 3742 1966 3814 fragilitatis

388 3850 580 3891 sensus
607 3835 830 3890 interior
856 3835 1032 3890 cordis
1057 3836 1247 3890 nostri.
1294 3836 1361 3890 Et
1390 3835 1585 3890 iterum
1612 3835 1886 3902 inclamat,
1913 3845 1968 3893 et

388 3929 543 3997 quasi
602 3928 904 3997 importune
949 3927 1206 3982 auxilium
1252 3927 1389 3998 petit
1432 3927 1656 3983 dicens:
1700 3928 1962 3999 Exsurge,

387 4017 632 4083 Domine,
675 4018 868 4088 adjuva
912 4033 1004 4072 nos
1047 4027 1094 4071 et
1122 4017 1282 4071 libera
1313 4033 1429 4083 nos,
1477 4017 1528 4072 id
1567 4027 1670 4083 est,
1701 4025 1966 4089 quatenus

387 4124 486 4164 nos
514 4109 658 4180 digni
683 4124 790 4164 non
819 4123 1004 4164 sumus
1040 4108 1280 4172 liberari,
1313 4108 1483 4163 libera
1511 4124 1610 4163 nos
1636 4117 1858 4179 propter
1878 4125 1969 4164 no-

386 4215 510 4254 men
535 4207 708 4263 tuum,
741 4199 795 4253 id
829 4206 926 4260 est,
956 4198 1143 4269 gratis,
1171 4209 1226 4253 et
1251 4213 1357 4252 non
1379 4198 1674 4253 secundum
1712 4200 1962 4254 meritum

357 4299 650 4345 \nostrum.
675 4288 789 4344 Hoc
813 4288 954 4342 idem
976 4304 1208 4358 namque
1231 4299 1386 4344 sonat
1407 4290 1581 4345 oratio
1600 4291 1773 4360 prima
1798 4292 1964 4361 ipsius

385 4380 512 4446 diei,
541 4379 596 4433 in
630 4393 738 4448 qua
769 4377 1000 4432 dicitur:
1043 4377 1282 4442 Domine,
1327 4381 1417 4450 qui
1467 4382 1723 4452 conspicis
1752 4383 1875 4452 quia
1899 4399 1964 4436 ex

385 4469 532 4525 nulla
558 4478 738 4522 nostra
765 4467 967 4521 actione
995 4466 1323 4536 conﬁdimus,
1355 4469 1408 4522 id
1428 4477 1529 4532 est,
1559 4483 1625 4523 ex
1653 4471 1800 4525 nullo
1820 4473 1961 4527 bono

383 4565 570 4615 nostro
589 4571 750 4628 opere
777 4555 1026 4610 ﬁduciam
1046 4556 1324 4622 habemus,
1355 4559 1448 4612 sed
1479 4559 1592 4613 sola
1615 4561 1960 4616 miseratione

383 4647 582 4705 salvari
610 4661 909 4718 speramus.
941 4645 1007 4700 Et
1034 4646 1088 4700 in
1127 4645 1365 4715 Epistola
1391 4648 1563 4704 bonus
1586 4649 1789 4704 athleta
1815 4651 1958 4705 Pau-

384 4739 468 4794 lus
496 4746 550 4792 et
592 4737 784 4792 doctor
825 4735 1062 4807 gentium
1105 4735 1260 4790 nobis
1304 4736 1639 4806 proponitur,
1689 4739 1840 4809 cujus
1868 4757 1958 4796 sa-

384 4829 642 4898 pientiam
678 4834 734 4882 et
772 4825 1138 4880 fortitudinem
1183 4825 1472 4880 imitemur.
1514 4825 1954 4896 Responsorium,

388 4919 568 4976 Sciant
593 4928 784 4990 gentes,
833 4917 1077 4988 quoniam
1124 4932 1309 4971 nomen
1334 4917 1429 4971 tibi
1455 4916 1731 4984 Dominus,
1772 4919 1956 4986 idest,

384 5018 731 5084 cognoscant,
771 5010 862 5080 qui
887 5023 986 5063 nos
1012 5008 1271 5064 tribulant
1306 5017 1361 5063 et
1387 5018 1801 5080 persequuntur,
1832 5014 1959 5082 quia

385 5119 492 5158 non
518 5108 646 5158 sunt
686 5101 799 5156 veri
830 5099 1056 5163 domini,
1104 5112 1205 5152 nec
1246 5113 1441 5154 nomen
1485 5101 1820 5156 dominorum
1856 5105 1960 5161 illis

383 5193 662 5264 competit,
689 5192 783 5246 sed
813 5190 909 5245 tibi
945 5189 1067 5254 soli,
1095 5189 1189 5260 qui
1226 5205 1326 5246 nos
1363 5191 1673 5259 condidisti,
1717 5201 1772 5248 et
1813 5195 1961 5252 solus

378 5283 523 5354 juste
569 5281 881 5345 dominaris,
931 5280 1238 5336 Altissimus
1281 5296 1443 5352 super
1486 5297 1704 5338 omnem
1737 5293 1955 5339 terram.

386 5372 646 5444 Sequitur
669 5380 900 5426 tractus:
926 5371 1278 5438 Commovisti,
1301 5372 1542 5436 Domine,
1571 5383 1765 5428 terram
1791 5384 1956 5443 tuam,

383 5472 432 5513 et
456 5461 776 5516 conturbasti
804 5478 940 5516 eam.
973 5461 1196 5518 Terram
1219 5464 1580 5530 commovisti,
1616 5466 1748 5521 dicit
1771 5481 1961 5536 pecea-

389 5557 566 5604 tornm
591 5551 974 5606 conscientiam
1017 5553 1296 5609 hominum
1333 5553 1400 5608 ad
1430 5555 1802 5625 pmnitentiam
1829 5573 1959 5627 pro-

461 5675 485 5701 a
518 5660 679 5716 Muta
705 5678 890 5718 rursus
917 5665 1054 5736 apud
1077 5666 1406 5723 Amalarium
1431 5668 1553 5725 libr.
1591 5687 1628 5736 ι,
1661 5685 1775 5743 cap.
1806 5670 1859 5724 2.

2070 3121 2190 3162 mus
2239 3107 2307 3161 ad
2339 3106 2655 3163 introitum:
2709 3107 2974 3180 Exsurge,
3019 3128 3181 3182 quare
3225 3113 3509 3179 obdormis,
3541 3114 3653 3169 Do-

2069 3198 2258 3252 mine?
2285 3211 2454 3268 usque
2480 3199 2548 3253 ad
2585 3196 2869 3269 praefatum
2900 3199 3062 3270 diem,
3107 3201 3162 3257 in
3208 3216 3316 3271 quo
3361 3205 3650 3260 canimus:

2077 3287 2281 3356 Venite,
2305 3289 2553 3344 benedicti
2577 3289 2755 3344 Patris
2779 3291 2898 3345 mei.
2929 3291 3080 3360 Quod
3105 3307 3135 3348 a
3163 3309 3359 3365 magno
3387 3298 3652 3364 mysterio

2069 3393 2178 3433 non
2199 3388 2374 3433 vacat.
2417 3377 2554 3434 Nam
2593 3380 2839 3435 senarius
2867 3397 3128 3438 numerus
3151 3384 3426 3454 perfectus
3451 3396 3557 3450 est,
3592 3397 3651 3441 et

2069 3470 2183 3524 suis
2209 3469 2506 3539 completur
2532 3471 2796 3539 partibus.
2846 3471 2943 3526 Est
2985 3473 3130 3528 enim
3158 3482 3310 3528 sexta
3332 3489 3464 3543 pars
3509 3476 3648 3545 ejus.

2068 3573 2273 3619 unum;
2304 3559 2559 3625 secunda,
2589 3561 2692 3615 tria
2719 3577 2734 3625 ;
2787 3563 2946 3616 tertia
2973 3577 3124 3629 vero,
3153 3563 3276 3618 duo.
3310 3563 3489 3619 Unum
3519 3580 3648 3636 ergo

2067 3658 2124 3704 et
2151 3649 2256 3704 duo
2285 3657 2339 3705 et
2361 3651 2485 3717 tria,
2513 3650 2648 3706 ﬁunt
2674 3667 2787 3708 sex.
2835 3653 2903 3707 Et
2924 3668 3024 3710 nec
3067 3655 3294 3710 inferius
3323 3666 3506 3712 manet
3548 3674 3652 3712 nu-

2069 3755 2273 3806 merus,
2297 3757 2398 3797 nec
2419 3743 2835 3812 Superabundat.
2859 3743 3012 3810 Quod
3037 3761 3160 3801 raro
3183 3746 3237 3800 in
3263 3747 3383 3802 aliis
3411 3764 3646 3818 unquam

2070 3835 2309 3891 numeris
2337 3837 2622 3906 reperitur.
2673 3837 2864 3892 Decies
2907 3846 3090 3893 autem
3136 3839 3273 3905 seni,
3309 3840 3425 3894 sive
3469 3843 3650 3896 sexies

2068 3925 2212 3990 deni,
2237 3926 2518 3996 sexaginta
2544 3927 2696 3981 ﬁunt.
2739 3927 2807 3982 Et
2832 3927 2950 3984 ideo
2980 3931 3340 4000 sexagesimus
3366 3947 3647 3994 numems,

2069 4016 2209 4071 sicut
2236 4024 2291 4071 et
2324 4017 2592 4078 senarius,
2635 4015 3021 4088 perfectionem
3065 4020 3189 4074 boni
3233 4021 3413 4090 operis
3444 4023 3642 4093 signat.

2069 4104 2179 4160 Sex
2203 4106 2348 4160 enim
2378 4113 2503 4160 sunt
2528 4107 2662 4170 dies,
2687 4105 2743 4159 in
2772 4108 2968 4177 quibus
2991 4117 3206 4179 oportet
3230 4112 3465 4179 operari.
3499 4112 3564 4165 Et
3593 4114 3647 4166 in

2068 4215 2159 4254 sex
2190 4199 2378 4254 diebus
2403 4215 2615 4254 omnem
2651 4216 2869 4256 cursum
2913 4210 3113 4256 nostrae
3135 4202 3291 4257 bonae
3315 4205 3649 4273 operationis

2067 4286 2409 4358 perfecimus.
2459 4288 2519 4342 ln
2553 4303 2648 4344 sex
2674 4291 2818 4344 enim
2847 4291 3035 4346 diebus
3074 4306 3238 4360 opera
3281 4308 3375 4347 sua
3420 4294 3651 4363 perfecit

2067 4377 2230 4444 Deus,
2260 4387 2314 4432 et
2342 4380 2397 4433 in
2438 4388 2591 4435 sexta
2619 4388 2778 4436 aetate
2805 4396 2902 4454 per
2930 4383 3164 4453 seipsum
3190 4384 3416 4441 visitare
3456 4387 3651 4459 digna-

2063 4474 2152 4524 tus
2195 4476 2278 4524 est
2319 4471 2600 4536 mundum,
2648 4480 2704 4527 et
2744 4473 3016 4528 hominem
3071 4473 3278 4543 lapsum
3326 4491 3356 4529 a
3406 4478 3648 4547 paradisi

2066 4560 2406 4627 ammnitate,
2463 4571 2517 4617 et
2565 4562 2762 4619 diaboli
2810 4563 2996 4619 fraude
3045 4565 3326 4634 deceptum
3354 4608 3368 4632 ,
3426 4571 3648 4640 preprio

2063 4665 2258 4707 cruore
2302 4653 2585 4710 redimere.
2635 4655 2712 4710 De
2756 4657 2857 4710 hoc
2896 4657 3108 4711 senario
3143 4673 3370 4714 numero
3417 4658 3644 4728 loquens

2061 4743 2252 4799 beatus
2274 4744 2620 4816 Augustinus,
2654 4754 2709 4800 et
2737 4747 2801 4801 de
2830 4746 2948 4816 ejus
2973 4747 3302 4817 perfectione
3324 4749 3377 4804 in
3407 4752 3640 4820 quodam

2061 4836 2182 4891 loco
2209 4837 2362 4902 dicit,
2399 4855 2416 4887 ‹
2452 4838 2480 4877 b
2509 4837 2650 4907 quod
2693 4853 2799 4893 non
2823 4837 2945 4893 ideo
2974 4839 3218 4894 senarius
3237 4849 3322 4894 est
3347 4841 3637 4911 perfectus.

2059 4927 2185 4994 quia
2212 4927 2268 4981 in
2294 4941 2360 4981 eo
2385 4926 2609 4996 perfecit
2643 4927 2784 4982 Deus
2821 4929 3001 4983 omnia
3027 4944 3190 4999 opera
3216 4945 3334 4994 sua,
3390 4933 3484 4987 sed
3516 4933 3640 5002 quia

2059 5016 2306 5070 senarius
2349 5031 2607 5071 numerus
2649 5024 2767 5072 erat
2793 5019 3095 5089 perfectus,
3133 5021 3251 5076 ideo
3298 5023 3354 5076 in
3401 5038 3467 5078 eo
3498 5023 3638 5078 Deus

2059 5120 2223 5175 opera
2253 5121 2347 5160 sua
2375 5105 2636 5174 perﬁcere
2681 5107 3058 5179 dignatus’est.
3098 5131 3116 5164 ι
3168 5110 3512 5182 Quapropter
3547 5131 3641 5168 ne-

2061 5211 2212 5251 cesse
2234 5205 2317 5251 est
2345 5205 2406 5252 ut
2434 5199 2489 5252 in
2513 5199 2613 5252 hac
2645 5199 2988 5270 Sexagesima
3016 5201 3170 5255 bonis
3193 5203 3447 5271 operibus
3472 5203 3639 5257 dediti

2061 5286 2254 5353 simus,
2301 5296 2356 5342 et
2397 5303 2519 5342 cum
2548 5289 2644 5343 Dei
2673 5291 2938 5360 adjutorio
2979 5280 3033 5345 in
3077 5290 3293 5363 vigiliis,
3339 5291 3560 5360 jejuniis
3586 5301 3641 5346 et

2060 5377 2414 5444 orationibus,
2461 5380 2778 5450 ueterisque
2814 5383 2970 5438 bonis
2995 5385 3247 5454 operibus
3280 5393 3521 5439 nostram
3553 5398 3638 5438 sa—

2058 5469 2222 5526 lutem
2267 5473 2480 5542 operari
2522 5473 2870 5532 studeamus:
2903 5477 3061 5548 quia,
3109 5478 3201 5548 qui
3246 5492 3344 5547 per
3388 5492 3484 5531 sex
3520 5475 3636 5529 dies

2060 5558 2214 5614 bona:
2237 5561 2587 5631 operationis,
2606 5565 2888 5632 praesentis
2903 5566 3029 5622 vitae
3053 5581 3266 5620 cursum
3296 5564 3626 5626 transierint,

2134 5672 2161 5711 δ
2201 5671 2257 5727 S.
2289 5672 2423 5746 Aug.
2458 5675 2524 5732 de
2553 5675 2688 5733 Gen.
2718 5678 2786 5734 ad
2814 5677 2922 5750 lit.,
2950 5678 3044 5734 lib.
3079 5694 3154 5747 tv,
3178 5693 3279 5749 cap
3335 5677 3388 5738 7,
3417 5691 3471 5728 η.
3511 5674 3591 5728 14.
