3914 6178
287 263 422 321 H89

1132 261 1277 318 OPP.
1324 261 1725 318 SUPPOSITA.
1768 295 1834 306 ——
1872 262 1998 316 LIB.
2041 263 2126 318 DE
2161 263 2410 321 DIVINIS
2445 266 2749 324 OFFICIIS.

3399 276 3536 332 “90

282 384 342 430 et
365 374 593 430 ﬁdeliter
632 373 686 429 in
711 388 874 444 opere
902 382 1049 430 recto
1077 374 1464 440 laboraverint,
1514 384 1569 430 et
1592 389 1765 444 usque
1800 374 1854 428 in
1882 377 1931 434 Δ
1960 388 2155 429 manna
2183 379 2527 433 manducavit
2556 380 2608 434 in
2635 381 2882 451 deserto,
2912 394 2968 442 et
2999 403 3108 445 non
3142 396 3226 445 est
3261 389 3542 448 fraudatus

286 463 448 521 ﬁnem
505 466 558 520 in
612 469 803 535 emptis
854 465 1010 520 bonis
1057 466 1310 534 operibus
1366 463 1859 534 perseveraverint,

283 558 678 627 sexagesimum
705 557 937 612 fructum
972 557 1172 612 laboris
1197 557 1280 612 sui
1312 564 1370 613 et
1389 563 1606 612 aeterna;
1629 557 1863 610 beatitu-

283 645 426 700 dinis
469 647 750 716 praemium
792 647 1112 716 percipient,
1166 647 1447 704 audientes
1477 647 1625 702 illam
1651 647 1862 702 deside-

283 732 509 788 rabilem
532 749 720 789 vocem
746 735 933 804 ipsius,
957 750 1076 803 quae
1099 736 1214 805 ipsa
1229 736 1316 791 die
1339 737 1393 792 in
1415 746 1599 792 sancta
1614 745 1862 793 cantatur

283 819 546 888 Ecclesia,
576 823 781 878 scilicet
809 841 822 876 :
860 823 1059 888 Venite,
1096 825 1350 879 benedicti
1390 823 1572 880 Patris
1595 828 1720 892 mei,
1742 843 1861 898 per-

281 910 436 979 cipite
475 927 690 982 regnum
721 910 936 980 (Matth.
973 927 1100 977 xxv,
1127 913 1240 984 54).
1288 914 1459 980 Quam
1489 932 1677 972 vocem
1704 917 1861 972 nobis

281 998 490 1064 audire,
536 1005 590 1052 et
631 999 774 1067 quod
817 1015 1040 1070 regnum
1079 1001 1234 1056 nobis
1276 1002 1556 1073 percipere
1599 1006 1860 1060 concedat

281 1089 622 1158 omnipotens
649 1089 810 1154 Deus,
850 1091 945 1160 qui
973 1091 1105 1146 vivit
1135 1099 1189 1147 et
1213 1101 1402 1162 regnat
1428 1108 1528 1163 per
1553 1095 1733 1149 omnia
1763 1110 1862 1151 sac-

281 1178 398 1231 cula
426 1179 763 1234 saeculorum.
788 1179 983 1234 Amen.

891 1268 1116 1326 CAPUT
1152 1271 1242 1326 XI.

765 1374 831 1412 DE
859 1373 1278 1422 QUINQUAGESIIIA
1307 1373 1357 1414 ⁸.

351 1467 803 1540 Quinquagesima
838 1471 1052 1525 initium
1089 1473 1254 1528 sumit
1287 1489 1319 1528 a
1369 1475 1614 1543 sequenti
1657 1476 1858 1532 hebdo-

280 1558 438 1614 mada
461 1569 587 1629 post
609 1557 1007 1630 Sexagesimam
1025 1600 1040 1626 ,
1069 1562 1286 1631 quando
1307 1563 1548 1617 canitur:
1578 1562 1706 1618 Esto
1728 1565 1857 1618 mihi

279 1649 336 1702 in
361 1647 530 1702 Deum
561 1657 898 1719 protectorem
917 1690 932 1716 ,
960 1659 1016 1705 et
1041 1649 1225 1704 ﬁnitur
1251 1651 1338 1705 die
1364 1661 1552 1707 sancto
1577 1654 1856 1708 Dominica

1962 464 2230 522 desiderio
2253 483 2374 524 suo.
2395 468 2512 524 Hoc
2539 471 2624 525 his
2648 472 2828 528 verbis
2847 474 3096 543 innuens,
3118 479 3260 548 quod
3290 479 3336 533 si
3364 495 3463 534 nos
3486 480 3539 536 in

1962 553 2105 608 bono
2133 563 2186 608 et
2216 565 2404 610 sancto
2428 557 2699 614 desiderio
2727 563 3088 620 manserimus
3105 606 3120 628 ,
3151 583 3260 622 non
3295 581 3362 620 eo
3389 566 3543 622 frau-

1961 641 2233 708 dabimur,
2269 646 2362 698 sed
2397 654 2598 700 autem
2637 649 2887 706 satietate
2933 652 3276 721 donabimur,
3327 657 3542 726 quando

1962 731 2066 786 hoc
2099 733 2478 803 adimplebitur
2512 736 2566 790 in
2603 739 2788 804 nobis,
2815 744 2958 811 quod
2987 744 3114 798 alibi
3143 745 3428 802 Psalmista
3453 748 3538 804 di—

1961 821 2037 875 cit
2063 839 2076 874 :
2119 821 2368 877 Satiabor
2401 826 2528 880 dum
2559 830 2982 899 manifestabitur
3015 833 3185 904 gloria
3221 845 3314 890 tua
3344 838 3362 908 (
3388 835 3536 892 Psal.

1959 925 2084 976 xvr,
2118 910 2185 964 15
2205 911 2246 982 ).
2285 912 2552 983 Pertingit
2584 928 2764 973 autem
2790 921 2952 992 47o
2979 922 3432 996 Quinquagcsima
3472 931 3539 982 ad

1959 1003 2380 1058 resurrectionis
2411 1005 2700 1062 Dominica:
2731 1011 2890 1065 diem.
2931 1014 3064 1068 Nam
3091 1031 3121 1068 a
3150 1017 3236 1071 die
3263 1033 3367 1086 qua
3393 1021 3539 1073 cani-

1960 1102 2082 1142 mus
2107 1105 2120 1142 :
2148 1088 2278 1143 Esto
2303 1092 2431 1146 mihi
2454 1095 2510 1147 in
2539 1094 2705 1150 Deum
2726 1109 3064 1168 protectorem
3081 1144 3095 1170 ,
3122 1120 3292 1176 usque
3315 1108 3368 1162 in
3397 1108 3538 1162 diem

1959 1186 2204 1232 sanctum
2239 1179 2459 1237 Paschaa
2480 1223 2495 1247 ,
2534 1186 2923 1259 quinquaginta
2959 1193 3074 1249 dies
3110 1204 3252 1250 sunt.
3299 1199 3399 1265 Q‘ui
3434 1216 3536 1254 nu-

1958 1279 2141 1320 merus
2161 1268 2396 1336 pertinet
2421 1273 2488 1327 ad
2513 1275 2751 1346 quinque
2775 1284 3018 1349 corporis
3043 1300 3263 1352 sensus,
3289 1289 3381 1357 qui
3412 1300 3538 1344 sunt

1956 1355 2228 1424 videlicet,
2256 1361 2489 1428 auditus,
2517 1366 2684 1433 visus,
2716 1379 2936 1439 gustus,
2965 1375 3222 1431 odoratus
3251 1355 3319 1432 οι-
3333 1388 3532 1437 tactus.

1959 1443 2118 1502 Sicut.
2142 1448 2286 1502 enim
2321 1453 2566 1508 senarius
2598 1455 2984 1524 perfectionem
3029 1478 3254 1532 operum
3309 1467 3533 1523 demon-

1958 1543 2131 1604 strat,
2157 1539 2234 1594 ita
2258 1542 2538 1611 quinarius
2561 1548 2739 1602 omnia
2765 1547 2899 1603 bona
2923 1565 3087 1622 opera
3115 1569 3234 1623 qua:
3258 1557 3542 1624 perﬁciun-

1959 1635 2050 1682 tur
2089 1645 2188 1697 per
2228 1634 2466 1703 quinque
2507 1640 2750 1707 corporis
2795 1657 3005 1697 sensus.
3055 1644 3352 1716 Quinquies
3394 1651 3539 1704 enim

278 1738 523 1794 Pasclue.
549 1715 606 1792 in
631 1737 1038 1810 Septuagesima
1061 1739 1499 1797 tribulationibus
1521 1750 1577 1797 et
1599 1744 1857 1813 angustiis

1961 1715 2118 1784 deni,
2151 1720 2542 1813 quinquaginta
2575 1725 2736 1782 ﬁunt.
2766 1728 2824 1784 Si
2859 1731 2980 1800 quis
3014 1748 3144 1803 ergo
3177 1715 3276 1803 per
3302 1738 3542 1809 quinque

279 1829 599 1884 circumdati
627 1844 829 1892 sumus,
861 1829 916 1884 in
949 1827 1295 1900 Sexagesima
1325 1831 1610 1887 Dominum
1640 1834 1857 1890 invoca-

278 1921 489 1987 vimus,
517 1929 572 1976 et
595 1921 749 1991 quasi
781 1921 1135 1978 dormientem
1173 1923 1547 1978 cxcitavimus.
1588 1924 1646 1979 In
1691 1925 1857 1994 Quin-

279 2011 591 2084 quagesima
643 2011 797 2082 quasi
843 2010 958 2080 jam
1007 2012 1452 2083 propinquiorem
1501 2015 1756 2070 audacius
1801 2025 1857 2070 et

275 2103 576 2174 promptius
603 2103 913 2159 invocamus
932 2144 946 2169 ,
978 2104 1224 2160 dicentes
1251 2123 1264 2159 :
1297 2105 1427 2159 Esto
1452 2107 1581 2160 mihi
1604 2109 1661 2161 in
1686 2107 1854 2162 Deum

275 2201 615 2262 protectorem
643 2206 661 2244 :
697 2200 753 2246 et
786 2193 840 2246 in
873 2193 1046 2262 prima
1084 2194 1330 2248 oratione
1362 2195 1542 2249 missae
1579 2195 1809 2251 dicimus
1837 2215 1849 2249 :

278 2279 468 2336 Preces
496 2290 722 2347 nostras,
748 2298 1069 2352 quantumue,
1087 2281 1329 2348 Domine,
1344 2283 1618 2339 clementer
1639 2286 1850 2350 exaudi,

275 2378 430 2440 atque
463 2388 497 2425 a
532 2380 861 2442 peccatorum
895 2370 1114 2426 vinculis
1158 2372 1422 2428 absolutos
1470 2373 1534 2428 ab
1583 2373 1724 2427 omni
1760 2391 1852 2428 nos

277 2459 590 2514 cdversitate
611 2460 838 2514 custodi.
869 2460 1113 2532 Magnam
1135 2461 1248 2531 jam
1276 2464 1393 2520 hzec
1415 2463 1578 2520 verba
1601 2464 1854 2519 videntur

276 2549 477 2604 habere
513 2550 886 2617 securitatem,
926 2552 983 2606 in
1020 2553 1214 2623 quibus
1251 2555 1478 2610 dicimus
1519 2571 1617 2610 nos
1647 2555 1716 2611 ab
1739 2571 1853 2610 om-

274 2639 434 2696 nibus
473 2640 707 2696 inimicis
744 2641 1022 2698 absolutos
1061 2651 1118 2698 et
1159 2645 1434 2713 peccatis;
1475 2653 1530 2700 et
1567 2660 1852 2715 precamur

273 2729 489 2784 Domini
515 2729 814 2786 munitione
841 2748 940 2787 nos
967 2733 1198 2788 defendi.
1239 2734 1380 2790 Dicit
1420 2736 1582 2791 etiam
1622 2736 1676 2789 in
1720 2735 1848 2805 Epi-

270 2820 412 2876 stola
436 2820 628 2876 beatus
655 2819 854 2876 Paulus
881 2825 1156 2892 apostolus
1175 2864 1190 2890 ,
1221 2827 1513 2882 ostendens
1543 2825 1697 2882 nobis
1723 2829 1852 2882 cha-

269 2914 496 2968 rismata
525 2912 787 2969 meliora:
820 2915 882 2971 Si
913 2915 1106 2986 linguis
1145 2917 1411 2972 hominum
1449 2918 1634 2991 loquar
1669 2928 1718 2974 et
1755 2935 1851 2974 an-

269 3002 543 3072 gelorum,
584 3011 691 3059 etc.
715 3045 730 3070 ,
771 2994 975 3074 usque',
1018 3006 1313 3076 cymbalum
1358 3009 1582 3063 tinniens
1625 3008 1695 3082 (Ι
1719 3009 1842 3064 Cor.

1957 1805 2205 1874 corporis
2234 1822 2458 1876 sensus,
2492 1812 2544 1866 id
2576 1823 2690 1878 est,
2719 1830 2817 1884 per
2846 1821 3173 1875 exteriorem
3201 1805 3542 1881 administra-

1958 1896 2162 1952 tionem
2191 1897 2378 1955 decem
2407 1904 2569 1958 verba
2598 1904 2732 1977 legis
2757 1907 3094 1978 impleverit,
3124 1914 3214 1968 hic
3240 1915 3355 1970 sine
3379 1916 3543 1972 dubio

1956 1983 2023 2037 ad
2049 1989 2383 2044 consortium
2419 1991 2594 2048 beata:
2619 2000 3035 2055 resurrectionis
3053 2041 3067 2066 ,
3103 2019 3223 2072 qum
3253 2005 3305 2058 in
3335 2005 3540 2062 Pascha

1953 2074 2280 2144 celebratur,
2307 2090 2393 2135 est
2421 2094 2797 2152 perventurus.
2839 2090 2936 2146 Est
2967 2102 3021 2147 et
3052 2094 3196 2150 aliud
3223 2099 3537 2166 mysterium

1954 2167 2007 2221 in
2041 2169 2144 2223 hoc
2173 2171 2637 2245 quinquagenaria
2667 2195 2892 2235 numero
2923 2183 3154 2238 dierum.
3183 2186 3316 2241 Nam
3353 2189 3404 2242 in
3435 2188 3539 2242 Vc-

1955 2257 2055 2311 teri
2092 2257 2436 2316 Testamento
2465 2265 2944 2336 quinquagesimus
2975 2289 3170 2339 annus,
3197 2276 3448 2345 jubilzeus
3481 2287 3537 2332 et

1954 2362 2127 2403 annus
2153 2351 2487 2408 remissionis
2516 2357 2814 2413 vocabatur
2839 2379 2852 2414 :
2887 2362 2942 2415 in
2975 2379 3083 2433 quo
3109 2367 3362 2422 videlicet
3391 2384 3532 2423 anno

1950 2451 2284 2508 unaquaeque
2315 2443 2589 2509 possessio
2619 2446 2687 2501 ad
2718 2451 2996 2518 proprium
3027 2457 3404 2510 revertebatur
3431 2457 3529 2513 do-

1950 2524 2177 2581 minum.
2209 2529 2276 2583 Et
2305 2533 2674 2603 unusquisque
2705 2535 2989 2605 dominus,
3019 2557 3340 2614 quocunque
3374 2546 3538 2601 modo

1950 2621 2094 2668 esset
2115 2616 2184 2670 ab
2209 2631 2272 2671 ea
2297 2618 2568 2676 alienatus
2585 2662 2600 2686 ,
2632 2623 2698 2677 ad
2723 2627 3000 2696 propriam
3029 2633 3199 2701 gratis
3227 2635 3540 2691 reverteba-

1951 2708 2040 2756 tur
2062 2707 2483 2794 possessionem.
2511 2709 2578 2765 Et
2605 2727 2705 2768 nos
2733 2713 2825 2783 qui
2855 2719 3130 2786 prepriam
3157 2719 3211 2774 in
3238 2722 3417 2792 primo
3438 2737 3537 2794 pa-

1949 2800 2106 2847 rente
2129 2793 2554 2880 immortalitatis
2579 2801 2862 2860 amisimus
2885 2805 3258 2864 haereditatem
3275 2849 3292 2876 ,
3323 2811 3370 2867 si
3399 2793 3539 2870 béne

1949 2889 2004 2936 et
2021 2880 2166 2951 juste
2192 2885 2246 2940 in
2269 2887 2374 2942 hoc
2395 2896 2638 2959 tempore
2666 2893 2966 2952 vixerimus
2985 2938 3000 2963 ,
3029 2900 3178 2969 quod
3199 2899 3537 2972 signiﬁcatur

1948 2985 2049 3040 per
2077 2989 2364 3031 numerum
2415 2979 2806 3053 quinquaginta
2852 2986 3064 3043 dierum
3088 3029 3102 3054 ,
3134 3006 3419 3060 possumus
3466 2995 3536 3050 ad

269 3057 405 3156 ζιιη,
437 3057 625 3162 “(Et
653 3057 1338 3164 .u'ibu‘s‘mttainigu;in
1358 3057 1846 3168 ’ὗέῖᾞιῖοίεὲιῖεξιὲὲ
1873 3057 1918 3118 C
1949 3071 2194 3168 υοειΐείω
2221 3070 2420 3168 te"???
2443 3069 2848 3142 θκτθάίίθιθων
2879 3077 2932 3132 id
2959 3086 3072 3145 θειν
3102 3096 3388 3151 mmmam
3413 3083 3538 3139 Ηίθ-

269 3181 566 3238 suhsistere
593 3190 648 3238 et
675 3184 875 3239 muniri
906 3184 1227 3251 debeamus,
1259 3186 1313 3240 in
1343 3185 1450 3242 ﬁne
1475 3187 1634 3257 hujus
1659 3187 1849 3243 lectio-

266 3273 353 3327 nis
379 3273 645 3341 ostendit,
675 3275 858 3332 dicens
884 3295 896 3332 :
935 3276 1094 3332 Nunc
1117 3287 1329 3332 manent
1361 3278 1494 3350 ﬁdes
1512 3321 1526 3346 ,
1552 3296 1694 3351 spes,
1727 3282 1849 3336 cha-

267 3363 430 3428 ritas,
459 3363 563 3416 tria
587 3364 727 3431 lucc,
755 3367 930 3436 major
953 3375 1128 3420 autem
1154 3366 1238 3422 his
1265 3378 1340 3423 est
1363 3371 1593 3425 charitas
1622 3371 1643 3442 (
1661 3371 1692 3425 1
1717 3368 1840 3426 Cor.

266 3466 363 3514 ιιι,
411 3450 539 3524 15).
574 3449 831 3524 Sequitur
874 3457 1316 3526 responsorium:
1356 3457 1434 3514 Tu
1483 3476 1537 3514 es
1587 3459 1844 3518 Dominus

263 3543 356 3614 qui
385 3543 517 3612 facis
545 3545 811 3600 mirabilia
841 3545 1004 3601 solus.
1035 3548 1203 3614 Quasi
1229 3549 1467 3617 diceret,
1499 3567 1607 3608 non
1631 3561 1711 3608 est
1740 3553 1844 3610 Do-

267 3631 448 3687 minus
477 3633 612 3688 alius
637 3643 834 3704 praeter
862 3645 944 3700 te,
983 3637 1229 3692 Domine.
1268 3639 1567 3697 Simulacra
1603 3645 1842 3714 gentium

266 3739 378 3780 non
408 3734 535 3780 sunt
560 3724 666 3791 dii,
693 3725 787 3780 sed
813 3742 976 3796 opera
1000 3743 1257 3782 manuum
1284 3730 1560 3785 hominum
1590 3751 1603 3786 :
1638 3733 1717 3788 Tu
1749 3751 1844 3789 au—

265 3825 377 3872 tem
406 3831 536 3871 vere
561 3831 621 3872 es
649 3815 818 3884 Deus,
848 3819 939 3888 qui
965 3818 1140 3874 salvas
1167 3829 1444 3888 sperantes
1467 3823 1523 3875 in
1549 3831 1621 3877 te.
1650 3825 1842 3880 Notam

267 3909 441 3965 fecisti
473 3909 526 3962 in
555 3908 804 3979 gentibus
833 3909 1084 3964 virtutem
1116 3916 1260 3964 tuam
1280 3951 1295 3976 ,
1339 3909 1652 3968 redimendo
1687 3922 1742 3968 et
1781 3914 1845 3968 li-

265 3999 504 4056 beranda
531 4013 632 4054 nos
659 3999 726 4054 de
751 3999 999 4054 manibus
1039 4015 1247 4055 eorum.
1290 3999 1356 4055 Et
1394 4001 1590 4057 iterum
1629 4003 1758 4058 dicit
1787 4003 1842 4059 in

265 4105 464 4144 versu:
505 4087 760 4144 Liberasti
787 4091 842 4144 in
868 4090 1076 4144 brachio
1110 4099 1199 4144 tuo
1231 4091 1480 4163 populum
1514 4102 1680 4148 tuum.
1713 4094 1845 4150 Tra-

265 4194 387 4240 ctus
411 4184 576 4239 etiam
611 4183 840 4240 Domino
877 4183 1032 4239 nobis
1066 4185 1311 4254 prmcipit
1347 4185 1584 4252 servire,
1620 4188 1713 4257 qui
1745 4204 1842 4244 nos

265 4274 428 4340 fecit,
490 4290 597 4330 non
657 4275 707 4330 ei
769 4275 855 4330 cui
911 4274 1226 4345 nosmetipsi
1281 4278 1554 4346 peccando
1612 4279 1842 4336 vivimus

267 4364 286 4436 [
310 4365 482 4420 Amal.
503 4407 518 4433 ,
545 4365 886 4421 vendidimus
902 4363 946 4437 ].
974 4365 1030 4420 ln
1061 4363 1462 4436 Septuagesima
1489 4375 1632 4423 terra
1660 4372 1840 4426 cordis

264 4541 607 4614 Sexagesima
635 4544 842 4598 semina
871 4544 1018 4599 verbi
1042 4543 1140 4600 Dei
1165 4546 1500 4616 suscepimus
1524 4557 1579 4604 et
1603 4551 1838 4606 semina-

260 4632 456 4686 vimus.
605 4631 1057 4704 Quinquagesima
1098 4633 1320 4690 seminis
1353 4643 1411 4691 et
1445 4637 1600 4693 bona:
1639 4655 1834 4709 opem-

262 4722 425 4776 tiouis
453 4705 688 4779 fructum
713 4724 1034 4794 colligimus.
1070 4725 1225 4782 Unde
1252 4726 1307 4780 in
1340 4727 1632 4797 Evangelia
1659 4705 1836 4788 caecus

259 4809 642 4878 introducitur,
689 4812 782 4882 qui
824 4829 924 4868 nos
956 4813 1253 4886 signiﬁcat,
1290 4831 1396 4872 non
1431 4833 1622 4873 aurum
1658 4836 1834 4893 neque

257 4899 474 4954 divitias
507 4915 756 4969 quaerens
779 4940 796 4966 ,
832 4902 926 4957 sed
971 4902 1182 4970 lumen,
1217 4905 1362 4974 quod
1405 4909 1683 4978 percipere
1717 4927 1832 4967 me-

167 5009 170 5011 λ
258 4992 405 5058 ruit;
437 4992 580 5062 quod
609 5007 707 5048 nos
733 5000 794 5048 ut
817 5004 1077 5050 aeternum
1118 5005 1174 5051 et
1215 5012 1404 5053 verum
1447 5001 1695 5070 accipere
1717 5019 1830 5060 me-

255 5095 494 5145 reamur,
527 5083 786 5138 attentius
809 5100 1050 5154 quaerere
1077 5087 1352 5143 debemus.
1398 5087 1656 5160 Sequitur
1691 5093 1827 5150 offe-

255 5173 457 5240 renda,
494 5175 742 5230 eumdem
781 5177 986 5232 habens
1021 5186 1291 5244 tenorem,
1330 5181 1433 5236 hoc
1466 5190 1578 5248 est,
1614 5183 1670 5238 in
1705 5200 1827 5255 gra-

255 5262 452 5317 tiarum
501 5265 711 5321 actione
762 5283 1016 5334 manens,
1065 5270 1330 5328 dicendo:
1382 5272 1694 5331 Benedictus
1735 5295 1824 5345 es,

251 5353 504 5421 Domine,
534 5354 662 5410 doce
687 5374 768 5411 me
788 5359 1195 5428 justiﬁcationes
1221 5373 1360 5418 tuas.
1393 5363 1712 5423 Communio
1740 5383 1833 5424 au-

252 5449 362 5497 tem
401 5441 468 5496 ad
505 5446 820 5501 memoriam
856 5448 1066 5504 reducit
1097 5452 1376 5523 antiquum
1411 5457 1696 5527 populum,
1737 5462 1829 5530 qui

322 5564 348 5635 ς
384 5554 582 5635 (_Ionfer
604 5556 780 5635 smul.
813 5559 904 5615 lib.
923 5561 1033 5635 _cit.
1056 5603 1070 5628 ,
1105 5566 1224 5635 cap’.
1254 5565 1308 5620 5.

324 5620 350 5665 δ
386 5624 723 5685 Amalarius.
754 5645 874 5701 cap.
907 5632 962 5684 4.

1949 3152 2186 3209 rusalem
2208 3163 2264 3210 et
2291 3157 2563 3214 civitatem
2597 3172 2908 3219 sanctorum
2927 3207 2943 3233 ,
2969 3169 3060 3224 ubi
3087 3180 3171 3225 est
3196 3188 3324 3227 vera
3357 3188 3537 3228 resur-

1949 3240 2118 3297 rectio
2147 3251 2204 3298 et
2229 3245 2389 3300 beata
2417 3247 2831 3320 immortalitas,
2858 3257 3154 3315 auxiliante
3182 3260 3412 3317 Domino
3437 3269 3533 3319 no-

1946 3335 2062 3385 stro
2082 3327 2210 3386 Jesu
2234 3331 2452 3390 Christo
2470 3377 2485 3402 ,
2514 3337 2568 3392 in
2593 3339 2750 3410 cujus
2771 3347 3172 3404 resurrectione
3198 3359 3382 3406 nostra
3404 3369 3532 3410 vera

1943 3427 2028 3475 est
2056 3424 2383 3480 resurrectio
2420 3435 2477 3482 et
2507 3437 2852 3497 peccatorum
2881 3437 3122 3492 omnium
3154 3441 3420 3498 remissio.

2545 3535 2773 3594 CAPUT
2814 3541 2926 3596 XII.

2444 3621 2510 3660 ne
2541 3621 2945 3670 QUADRAGESIIIA
2980 3615 3030 3668 b.

2015 3686 2440 3762 Quadragesima
2489 3694 2680 3765 incipit
2723 3713 2754 3752 a
2798 3703 3045 3770 sequenti
3091 3705 3368 3764 Dominica
3411 3721 3534 3781 post

1944 3772 2456 3847 Quinquagesimam
2479 3820 2494 3845 ,
2524 3789 2580 3836 et
2606 3782 2794 3838 ﬁnitur
2814 3796 3008 3856 quarta
3042 3789 3275 3861 [Amal.,
3299 3772 3528 3872 quinta]

1944 3862 2077 3918 feria
2110 3877 2233 3922 ante
2259 3867 2468 3924 Pascha
2497 3869 2744 3940 Domini,
2777 3879 2993 3944 quando
3021 3881 3266 3938 canimus
3294 3862 3411 3940 :ﬁln
3438 3862 3532 3943 no:

1945 3954 2082 4008 mine
2116 3956 2330 4011 Domini
2364 3975 2515 4013 omne
2547 3976 2704 4029 genu.
2737 3962 2794 4018 ln
2826 3963 3247 4038 Quadragesima
3294 3989 3531 4046 namque

1939 4039 2053 4112 jam
2102 4043 2280 4112 aliqua
2321 4060 2450 4114 pars
2487 4061 2682 4118 pugna:
2723 4060 2923 4109 nostris
2961 4067 3184 4124 peracta
3220 4071 3321 4117 est.
3359 4039 3528 4131 Quem

1943 4145 2178 4201 namque
2228 4132 2283 4187 in
2333 4132 2791 4205 Quinquagesima
2837 4150 3202 4211 protectorem
3256 4149 3500 4209 invocavi

1945 4233 2100 4284 mus,
2136 4219 2191 4274 in
2223 4219 2650 4295 Quadragesima
2679 4228 2843 4297 dicit,
2887 4233 3041 4300 quasi
3081 4239 3437 4308 consolando,
3471 4243 3525 4298 iu

1944 4305 2169 4364 Introitu
2197 4329 2209 4364 :
2241 4309 2506 4367 lnvocauit
2532 4331 2647 4381 me,
2674 4324 2779 4372 etc.
2810 4318 2868 4374 In
2901 4321 3140 4390 Epistola
3170 4326 3301 4383 dicit
3331 4305 3526 4387 beatus

979 4395 1030 4477 3:
1061 4395 1462 4477 °W*:'“B'=°"“'“
1491 4395 1840 4477 κξ¹τί¹1ξ⁵υτίξ¹δ
1867 4417 1920 4477 ο
1942 4395 2176 4454 Paulus:
2204 4399 2452 4472 Tempore
2473 4415 2680 4476 accepto
2702 4411 2946 4466 exaudiui
2971 4423 3021 4467 te
3038 4454 3053 4477 ,
3077 4424 3124 4469 et
3150 4415 3205 4469 in
3231 4417 3316 4472 die
3336 4419 3524 4476 salutis

263 4453 436 4509 nostri
475 4454 629 4522 quasi
662 4453 1096 4510 tribulationibus
1129 4463 1212 4511 est
1236 4464 1459 4511 exarata
1485 4466 1540 4512 et
1568 4458 1708 4515 culta
1735 4479 1748 4515 :
1779 4461 1837 4516 lu
1867 4453 1919 4477 ν
1940 4485 2033 4538 ad;

2036 4488 2122 4541 uvi
2144 4497 2212 4542 te.
2239 4489 2296 4542 In
2326 4495 2668 4562 responsorio
2693 4499 2909 4554 canitur
2934 4501 2986 4556 in
3017 4517 3246 4572 persona
3270 4507 3403 4577 justi
3442 4511 3524 4564 vi-

1944 4575 2023 4643 ri,
2050 4577 2165 4634 sive
2196 4590 2397 4636 sancttc
2424 4581 2679 4642 Ecclesia:
2705 4605 2719 4641 :
2749 4588 2959 4659 Angelis
2995 4595 3104 4647 suis
3140 4575 3425 4654 mandavit.
3462 4599 3520 4655 in

1937 4675 2110 4723 tractu
2161 4671 2498 4739 promittitur
2543 4682 2756 4729 scutum
2809 4679 3003 4734 divinae
3048 4686 3418 4751 protectionis.
3461 4688 3520 4743 ln

1934 4756 2226 4828 Evangelio
2256 4760 2576 4830 proponitur
2598 4761 2754 4817 nobis
2783 4765 3090 4837 triumphus
3117 4770 3410 4830 Dominica:
3441 4777 3522 4830 vi-

1937 4847 2159 4912 ctoriae,
2196 4848 2430 4915 scilicet,
2467 4858 2528 4904 ut
2561 4849 2678 4918 ejus
2717 4855 2966 4925 exemplo
3000 4874 3121 4914 cum
3165 4863 3377 4921 diabolo
3420 4882 3519 4936 pu-

1938 4949 2103 5004 gnare
2146 4943 2199 4990 et
2238 4953 2361 4991 eum
2415 4953 2672 5009 superare
2737 4943 3027 5001 discamus.
3075 4949 3150 5006 De
3192 4952 3294 5009 hoc
3332 4963 3515 5012 autem

1935 5025 2348 5094 quadragesimo
2373 5044 2598 5084 numero
2616 5070 2630 5095 ,
2659 5039 2712 5086 et
2739 5032 2807 5089 de
2833 5039 3115 5103 prmsentis
3143 5044 3399 5112 temporis
3423 5047 3520 5102 ob-

1935 5113 2241 5169 servatione
2270 5115 2406 5170 nihil
2435 5116 2581 5172 aliud
2615 5120 2771 5176 nobis
2807 5132 2890 5178 est
2925 5125 3136 5194 dicere,
3167 5145 3328 5200 quam
3365 5136 3511 5204 quod

1931 5202 2122 5257 beatus
2143 5201 2433 5274 Gregorius
2457 5207 2512 5261 in
2540 5207 2646 5263 ﬁne
2673 5212 3027 5281 expositionis
3053 5216 3218 5286 ipsius
3247 5201 3513 5293 evangelii

1931 5294 2072 5362 quod
2106 5294 2218 5363 ipsa
2248 5294 2334 5348 die
2360 5294 2574 5366 legitur,
2624 5298 2698 5352 ita
2747 5304 3112 5372 prosequitur,
3158 5306 3406 5378 inquiens
3441 5323 3462 5350 ε
3495 5330 3506 5365 :

1935 5401 1954 5435 α
1986 5383 2091 5438 Sed
2126 5383 2252 5452 quia
2299 5383 2488 5441 diebus
2537 5387 2623 5442 bis
2666 5387 2827 5444 lectio
2870 5394 3182 5462 evangelica
3229 5399 3508 5468 congruit,

1931 5486 2055 5525 nam
2078 5471 2434 5543 quadraginta
2457 5474 2666 5531 dierum
2684 5478 3065 5538 abstinentiam
3090 5487 3259 5540 nostri
3285 5486 3511 5545 Redem-
3542 5554 3550 5562 ,

2006 5593 2028 5624 ε
2067 5581 2125 5638 S.
2158 5581 2322 5656 Creg.
2346 5626 2362 5651 ,
2391 5585 2535 5644 hom.
2573 5589 2637 5644 16
2667 5591 2719 5646 in
2752 5592 2954 5664 Evang.
2974 5634 2990 5662 ,
3023 5611 3173 5654 num.
3199 5598 3234 5654 5
3263 5608 3318 5656 ct
3347 5599 3398 5656 6.
