3914 6178
381 243 512 300 Il9l

1231 234 1292 288 Β.
1334 236 1394 290 F.
1436 234 1662 290 ALBINI
1703 233 1832 291 SEU
1874 235 2148 293 ALCUINI
2187 234 2470 297 OPERUM
2509 237 2690 295 PARS
2724 237 2817 293 IX.

3500 247 3650 304 H92

375 357 550 430 ptoris
583 353 888 410 audivimus
912 392 928 418 ,
960 349 1445 422 Quadragesimum
1477 357 1692 418 tempus
1727 348 1942 403 inchoa-
1974 352 2026 412 Α
2044 348 2356 418 jejunaretis
2393 360 2441 405 et
2471 350 2821 422 plangeretis,
2859 353 3108 424 nunquid
3120 356 3387 427 jejunium
3414 362 3649 432 jejuna-

377 463 532 502 mus:
553 444 947 501 discutiendum
963 443 1120 497 nobis
1139 449 1222 498 est
1242 455 1340 495 cur
1359 442 1477 496 haec
1501 441 1616 510 ipsa
1641 439 1967 494 abstinentia

377 554 476 608 per
505 537 860 608 quadraginta
889 536 1100 591 dierum
1134 549 1419 588 numerum
1461 532 1784 587 custoditur.
1826 529 1970 601 Moy-

381 646 470 684 ses
497 638 551 682 ut
579 629 754 698 legem
789 627 1092 696 acciperet,
1127 623 1365 678 secundo
1393 623 1582 676 diebus
1607 619 1966 690 quadraginta

377 718 665 789 jejunavit.
695 716 842 771 Elias
872 716 926 770 in
959 716 1176 769 deserto
1207 712 1561 781 quadraginta
1588 711 1778 765 diebus
1803 709 1986 764 absti-'

375 809 519 870 nuit.
561 808 680 878 Ipse
718 814 898 860 autem
941 813 1131 858 auctor
1173 801 1451 855 hominum
1495 800 1562 854 ad
1599 799 1845 853 homines
1877 813 1969 852 ve-

382 897 572 961 niens,
630 897 685 950 in
741 894 1098 966 quadraginta
1155 891 1343 944 diebus
1396 889 1600 943 nullum
1655 889 1968 943 omnimodo

383 989 562 1044 cibum
593 987 840 1055 sumpsit.
867 984 976 1038 Nos
1005 996 1219 1052 quoque
1237 1021 1250 1044 ,
1286 981 1341 1034 in
1372 986 1631 1049 quantum
1658 993 1962 1048 possumus,

383 1094 565 1134 annuo
599 1073 1036 1144 Quadragesimae
1073 1079 1314 1139 tempore
1347 1083 1566 1123 carnem
1598 1076 1840 1122 nostram
1870 1081 1969 1135 per

385 1165 768 1222 abstinentiam
802 1161 1037 1231 aﬂligere
1065 1173 1349 1214 conemur.
1389 1156 1521 1211 Cum
1557 1171 1687 1226 ergo
1716 1156 1770 1209 in
1805 1155 1969 1209 absti-

384 1255 567 1310 nentia
593 1249 1057 1321 quadragenarius
1079 1261 1340 1301 numerus
1365 1246 1686 1310 custoditur,
1715 1245 1842 1314 quid
1865 1244 1968 1297 nisi

383 1343 510 1412 quia
548 1342 720 1395 virtus
743 1338 999 1409 Decalogi
1025 1353 1124 1407 per
1149 1336 1317 1391 libros
1348 1343 1577 1405 quatuor
1601 1336 1769 1390 sancti
1795 1335 1970 1388 Evan-

384 1432 509 1503 gelii
540 1429 838 1500 impletur?
868 1428 1134 1483 Denarius
1176 1428 1378 1481 etenim
1417 1434 1610 1495 quater
1643 1426 1869 1488 ductus,
1915 1424 1968 1478 in

382 1521 866 1592 quadragenarium
894 1520 1066 1590 surgit
1092 1537 1105 1572 :
1131 1519 1255 1588 quia
1283 1526 1411 1573 tunc
1438 1517 1687 1588 Decalogi
1714 1518 1968 1571 mandata

384 1611 720 1683 perﬁcimus,
748 1625 872 1664 cum
893 1608 1134 1679 profecto
1157 1616 1389 1677 quatuor
1416 1607 1582 1661 libros
1608 1607 1779 1662 sancti
1801 1606 1970 1660 Evan-

2063 438 2159 492 stis
2189 438 2316 491 mihi
2339 439 2364 492 .9
2390 439 2458 493 Et
2482 457 2603 493 cum
2625 441 2920 496 comedistis
2943 453 2991 496 et
3019 443 3248 512 bibistis,
3280 451 3513 519 nunquid
3535 471 3651 508 non

2022 527 2205 581 "vobis
2237 527 2564 594 comedistis,
2599 537 2647 582 et
2679 529 3054 602 nobismetipsis
3084 533 3285 590 bibistis
3317 537 3500 608 (Zach.
3529 557 3610 596 vn
3631 583 3650 609 ,

2063 614 2130 680 5,
2157 613 2274 686 6)?
2315 614 2430 670 Sibi
2474 616 2620 670 enim
2661 619 2896 673 comedit
2945 629 3001 694 et
3043 622 3206 688 bibit,
3248 627 3346 694 qui
3385 628 3651 688 alimenta

2065 710 2340 780 corporis,
2391 725 2513 780 quae
2557 721 2684 767 sunt
2739 693 3049 771 communia
3097 718 3239 774 dona
3292 721 3649 792 Conditoris,

2065 800 2183 854 sine
2219 799 2582 870 indigentibus
2615 804 2867 874 percipit.
2907 806 2975 860 Et
3006 808 3108 862 sibi
3140 810 3370 881 quisque
3396 813 3648 884 jejunat,

2067 891 2112 944 si
2139 905 2203 943 ea
2229 905 2349 958 quae
2377 891 2476 945 sibi
2508 892 2575 946 ad
2606 901 2818 962 tempus
2845 895 3146 964 subtrahit,
3184 914 3289 954 non
3318 901 3478 973 471
3510 915 3652 973 pau-

2065 980 2286 1050 peribus
2312 981 2528 1046 tribuit,
2557 982 2652 1038 sed
2681 985 2857 1038 ventri
2884 987 3226 1054 postmodum
3250 989 3522 1046 oﬁ'erenda
3546 1007 3650 1049 cn-

2065 1071 2253 1125 stodit.
2278 1071 2412 1126 Hinc
2429 1087 2528 1141 per
2546 1072 2748 1129 Joelem
2770 1077 2996 1131 dicitur:
3025 1079 3364 1150 Sanctiﬁcate
3375 1084 3651 1153 jejunium

2070 1161 2230 1233 (Joel
2312 1179 2363 1229 ι,
2392 1163 2488 1236 4).
2523 1164 2793 1234 Jejunium
2828 1169 3024 1239 quippe
3058 1172 3398 1228 sanctiﬁcare
3436 1184 3523 1230 est
3554 1177 3652 1229 ad-

2063 1251 2266 1322 junctis
2298 1253 2454 1309 bonis
2489 1255 2611 1310 aliis
2645 1257 2859 1328 dignam
2897 1259 3008 1314 Deo
3043 1262 3425 1318 abstinentiam
3464 1268 3652 1322 carnis

2068 1346 2374 1400 ostendere.
2407 1346 2596 1402 Cesset
2641 1349 2756 1415 ira,
2803 1352 3083 1420 sopiantur
3122 1354 3321 1425 jurgia.
3368 1356 3650 1413 Incassum

2069 1439 2214 1493 enim
2259 1453 2386 1494 caro
2428 1441 2696 1506 atteritur,
2741 1443 2784 1498 si
2831 1459 2861 1497 a
2906 1445 3089 1515 pravis
3130 1448 3246 1502 suis
3281 1449 3651 1520 voluptatibus

2063 1531 2282 1584 animus
2317 1547 2424 1586 non
2460 1530 2788 1599 refrenatur,
2819 1550 2944 1589 cum
2977 1550 3076 1606 per
3107 1537 3427 1606 prophetam
3462 1539 3652 1596 Domi-

2071 1635 2177 1674 nus
2206 1620 2388 1674 dicat:
2419 1619 2556 1676 Ecce
2587 1623 2644 1676 in
2676 1623 2762 1676 die
2781 1623 2977 1694 jejunii
3002 1629 3154 1681 vestri
3182 1629 3446 1684 invenitur
3471 1632 3655 1686 volun-

389 1702 515 1772 gelii
552 1701 904 1758 custodimus.
945 1700 1024 1753 Ex
1059 1715 1164 1768 qua
1193 1714 1254 1753 re
1288 1699 1481 1753 sentiri
1508 1706 1564 1752 et
1592 1698 1734 1752 aliud
1767 1705 1965 1767 potest.

2080 1721 2152 1766 tas
2184 1721 2353 1767 vestra
2382 1725 2400 1763 :
2432 1712 2570 1767 Ecce
2599 1714 2668 1768 ad
2697 1714 2811 1769 lites
2842 1725 2891 1769 et
2917 1718 3270 1774 contentiones
3287 1721 3570 1791 jejunatis.
3603 1737 3655 1778 et

385 1788 447 1844 In
483 1792 588 1844 hoc
621 1790 766 1843 enim
801 1788 1018 1843 mortali
1052 1803 1282 1858 corpore
1314 1803 1382 1842 ex
1417 1796 1649 1856 quatuor
1685 1787 1970 1841 elementis

389 1881 756 1945 subsistimus,
779 1888 834 1934 et
855 1893 955 1948 per
979 1878 1286 1949 voluptates
1311 1877 1552 1948 ejusdem
1575 1877 1821 1947 corporis
1841 1892 1972 1947 prae-

390 1972 562 2042 ceptis
597 1970 892 2026 Dominicis
925 1969 1258 2024 contraimus
1291 1986 1302 2022 :
1340 1977 1609 2039 praecepta
1647 1977 1828 2024 autem
1868 1969 1973 2024 Do-

397 2061 596 2115 minica
636 2075 738 2132 per
779 2059 1105 2129 Decalogum
1145 2068 1272 2114 sunt
1309 2068 1549 2128 accepta.
1579 2059 1680 2127 Qui
1704 2073 1838 2130 ergo
1875 2074 1974 2130 per

393 2149 582 2205 carnis
630 2147 898 2204 desideria
942 2147 1190 2218 Decalogi
1227 2147 1480 2201 mandata
1515 2149 1970 2217 contempsimus,

393 2242 614 2310 dignum
643 2248 727 2295 est
753 2247 814 2293 ut
837 2239 1083 2294 eamdem
1109 2253 1331 2294 carnem
1360 2239 1739 2309 quaterdecies
1767 2237 1970 2309 aﬁliga-

389 2347 531 2386 mus.
581 2329 838 2396 Quamvis
876 2329 942 2384 de
982 2329 1087 2383 hoc
1133 2327 1568 2398 Quadragesimaa
1612 2336 1855 2396 tempore
1889 2334 1976 2380 est

392 2422 569 2477 adhuc
595 2420 737 2475 aliud
763 2419 908 2490 quod
935 2419 1105 2490 possit
1134 2418 1379 2488 intelligi.
1415 2418 1461 2470 A
1495 2417 1746 2487 praesenti
1775 2417 1972 2471 etenim

391 2515 480 2570 die
509 2515 680 2584 usque
707 2513 776 2568 ad
805 2510 1082 2566 Paschalis
1117 2509 1472 2564 solemnitatis
1500 2507 1693 2578 gaudia
1721 2521 1816 2560 sex
1843 2506 1974 2561 heb-

391 2606 635 2662 domadas
663 2603 914 2666 veniunt,
943 2617 1172 2672 quarum
1194 2600 1443 2654 videlicet
1479 2599 1596 2654 dies
1618 2597 1973 2668 quadraginta

396 2705 452 2755 et
486 2698 593 2752 duo
627 2706 753 2751 sunt
777 2713 794 2748 :
834 2710 902 2748 ex
931 2693 1127 2762 quibus
1161 2692 1288 2745 dum
1323 2705 1416 2745 sex
1453 2690 1572 2744 dies
1605 2687 1869 2743 Dominici
1905 2686 1974 2741 ab

393 2785 720 2842 abstinentia
755 2783 1166 2845 subtrahuntur,
1205 2794 1312 2834 non
1364 2777 1486 2859 plus
1539 2777 1592 2830 in
1647 2774 1972 2831 abstinentia

394 2891 557 2946 quam
597 2874 820 2946 triginta
854 2880 909 2926 et
941 2887 1038 2926 sex
1074 2871 1188 2925 dies
1219 2877 1522 2923 remanent.
1553 2867 1692 2921 Dum
1722 2879 1850 2920 vero
1877 2879 1986 2935 per.

395 2975 670 3022 trecentos
695 2974 747 3019 et
775 2963 1057 3034 sexaginta
1087 2959 1367 3032 [quinque]
1395 2961 1511 3015 dies
1539 2973 1711 3013 annus
1737 2957 1971 3021 ducitur,

393 3073 494 3113 nos
527 3066 707 3111 autem
740 3071 837 3126 per
874 3053 1093 3124 triginta
1116 3060 1178 3106 et
1203 3067 1299 3105 sex
1333 3049 1449 3105 dies
1482 3048 1790 3120 aﬂligimur,
1818 3047 1976 3117 quasi
2003 3039 2049 3103 C

395 3149 523 3204 anni
552 3147 724 3202 nostri
750 3145 991 3202 decimas
1021 3142 1178 3216 [Deo]
1206 3143 1437 3197 damus:
1470 3149 1531 3196 ut
1557 3140 1648 3210 qui
1681 3140 1977 3194 nobismet-

391 3240 526 3312 ipsis
555 3253 655 3310 per
689 3245 971 3308 acceptum
1011 3249 1213 3289 annum
1251 3233 1520 3297 viximus,
1551 3231 1760 3286 auctori
1786 3239 1977 3286 nostro

394 3345 496 3387 nos
528 3331 582 3384 in
615 3327 732 3397 ejus
769 3326 992 3382 decimis
1023 3339 1124 3394 per
1151 3322 1541 3378 abstinentiam
1569 3319 1978 3376 mortiﬁeemus.

394 3421 632 3486 Verum,
669 3417 868 3473 fratres
901 3413 1236 3478 charissimi,
1277 3413 1419 3467 sicut
1445 3410 1642 3466 oﬁ'erre
1669 3412 1723 3464 in
1751 3410 1868 3481 lege
1890 3411 1980 3481 ju-

393 3509 598 3565 bcmini
636 3508 874 3562 decimas
907 3519 1087 3559 rerum
1110 3545 1124 3569 ,
1149 3505 1238 3558 'ita
1267 3503 1378 3556 Deo
1425 3499 1622 3556 oﬁ‘erre
1669 3501 1981 3555 contendite

396 3606 454 3654 et
499 3597 736 3652 decimas
782 3595 1010 3650 dierum.
1065 3592 1479 3661 Unusquisque,
1514 3598 1774 3660 quantum
1809 3591 1982 3644 virtus

394 3687 674 3761 suppetit,
712 3699 931 3740 carnem
969 3691 1246 3749 maceret,
1284 3683 1508 3754 ejusque
1545 3681 1812 3736 desideria
1848 3680 1972 3734 allii.

401 3789 512 3850 gat,
538 3776 1002 3848 concupiscentias
1028 3783 1211 3845 turpes
1240 3772 1547 3837 interﬁciat,
1577 3780 1630 3827 et
1648 3771 1803 3841 juxta
1829 3770 1982 3827 Pauli

398 3882 587 3922 vocem
607 3907 621 3932 ,
653 3866 824 3920 hostia
851 3867 962 3919 viva
995 3865 1108 3919 ﬁat.
1140 3864 1324 3919 llostia
1348 3863 1544 3934 quippe
1568 3871 1623 3918 et
1647 3863 1979 3928 immolatur,

395 3966 454 4012 et
480 3959 601 4012 viva
625 3964 736 4020 est,
761 3955 974 4025 quando
999 3963 1053 4009 et
1081 3955 1150 4009 ab
1177 3954 1280 4008 hac
1305 3952 1416 4008 vita
1443 3953 1605 4008 homo
1634 3967 1740 4007 non
1765 3951 1978 4017 deﬁcit,

396 4056 459 4102 et
478 4056 660 4103 tamen
688 4063 746 4102 se
775 4063 804 4102 a
833 4046 1140 4102 carnalibus
1162 4045 1443 4101 desideriis
1468 4044 1687 4100 occidit.
1717 4044 1857 4100 Caro
1883 4059 1983 4098 nos

321 4159 326 4162 ·
397 4140 525 4194 laeta
563 4139 728 4192 traxit
761 4138 830 4192 ad
867 4137 1075 4206 culpam
1105 4177 1120 4201 ,
1157 4135 1352 4190 amicta
1388 4135 1613 4190 reducat
1646 4134 1713 4187 ad
1746 4134 1978 4188 veniam.

399 4231 606 4288 Auctor
630 4230 826 4285 etenim
855 4229 1047 4284 mortis
1072 4236 1270 4283 nostra:
1297 4242 1396 4297 per
1419 4225 1654 4282 fructum
1679 4225 1808 4296 ligni
1833 4226 1980 4280 vetiti

400 4323 528 4378 vitae
552 4330 823 4392 prmcepta
859 4327 1229 4389 transgressus
1259 4327 1358 4373 est.
1394 4317 1496 4385 Qui
1527 4333 1654 4388 ergo
1684 4333 1714 4370 a
1746 4315 1980 4387 paradisi

401 4410 614 4484 gaudiis
632 4424 732 4479 per
765 4409 941 4464 cibum
969 4407 1292 4470 cecidimus,
1333 4407 1399 4461 ad
1432 4407 1578 4470 haec,
1619 4407 1674 4460 in
1715 4413 1979 4476 quantum
2012 4402 2061 4460 D

399 4514 707 4570 possumus,
744 4512 840 4568 per
874 4497 1255 4552 abstinentiam
1286 4511 1651 4567 resurgamus.
1683 4495 1791 4550 Sed
1822 4511 1980 4550 nemo

401 4590 505 4646 sibi
553 4590 798 4644 eamdem
850 4589 1230 4644 abstinentiam
1285 4587 1454 4642 solam
1503 4587 1689 4642 credat
1738 4587 1982 4643 suﬁicerc

403 4693 596 4750 posse,
629 4695 750 4733 cum
788 4693 885 4747 per
911 4678 1230 4747 prophetam
1266 4676 1525 4731 Dominus
1562 4676 1707 4730 dicat
1736 4693 1748 4728 :
1792 4675 1983 4730 Nonne

404 4770 502 4824 hoc
534 4777 612 4823 est
656 4768 830 4836 magis
862 4767 1128 4837 jejunium
1161 4765 1299 4838 quod
1335 4764 1462 4836 elegi
1499 4763 1651 4837 (Isa.
1688 4780 1820 4819 Lvm
1843 4805 1858 4829 ,
1886 4762 1992 4834 6)?

403 4860 707 4933 Subjiciens
733 4878 745 4912 :
783 4857 994 4928 Frange
1022 4857 1266 4911 esurienti
1293 4872 1479 4927 partem
1508 4864 1655 4909 tuum
1672 4896 1686 4921 ,
1719 4864 1766 4910 et
1801 4871 1983 4926 egenos

403 4975 663 5030 uagosque
687 4955 847 5011 induc
873 4955 930 5008 in
953 4953 1164 5007 domum
1190 4960 1369 5003 tuam:
1395 4965 1513 5003 cum
1538 4947 1727 5002 videris
1755 4947 1951 5001 nudum
1969 4987 1983 5013 ,

407 5049 551 5121 operi
573 5062 722 5112 eum,
748 5054 797 5098 et
826 5057 1036 5098 carnem
1063 5050 1208 5093 tuam
1235 5056 1298 5093 ne
1323 5037 1616 5108 despexeris
1644 5036 1808 5109 (Ibid.
1833 5054 1880 5090 υ.
1905 5036 1982 5109 7).

409 5136 544 5192 Illud
569 5144 698 5207 ergo
717 5131 979 5206 jejunium
1007 5127 1272 5200 approbat
1295 5127 1572 5189 Dominus,
1605 5125 1747 5194 quod
1777 5125 1844 5180 ad
1871 5125 1988 5196 ejus

403 5227 593 5284 oculos
624 5229 816 5282 manus
849 5223 1311 5291 eleemosynarum
1338 5218 1498 5284 levat,
1530 5217 1674 5287 quod
1704 5232 1824 5272 cum
1858 5232 1986 5287 pro-

407 5317 539 5373 ximi
587 5314 874 5371 dilectione
917 5313 1113 5384 agitur,
1163 5310 1307 5380 quod
1351 5325 1420 5364 ex
1465 5309 1667 5378 pietate
1710 5309 1981 5364 conditur.

407 5404 521 5460 Hoc
545 5418 676 5474 ergo
700 5403 841 5473 quod
869 5403 963 5457 tibi
988 5399 1262 5456 subtrahis
1279 5439 1293 5464 ,
1324 5398 1478 5453 alteri
1508 5398 1706 5468 largire
1729 5414 1743 5462 ;
1769 5405 1823 5452 et
1844 5396 1988 5453 unde

408 5503 499 5549 tua
526 5511 653 5551 caro
680 5493 951 5565 aﬂligitur,
979 5493 1102 5547 inde
1130 5492 1337 5563 egentis
1362 5490 1590 5561 proximi
1613 5504 1741 5544 caro
1765 5504 1982 5559 repare-

412 5593 518 5638 tur.
549 5585 686 5640 Iiinc
713 5586 856 5640 enim
887 5599 985 5656 per
1012 5583 1326 5654 prophetam
1360 5581 1620 5636 Dominus
1649 5580 1777 5635 dicit
1803 5599 1815 5634 :
1852 5578 1981 5634 Cum

2063 1802 2339 1871 percutitis
2367 1819 2540 1873 pugno
2568 1803 2724 1874 impie
2742 1845 2756 1869 ,
2786 1815 2834 1859 et
2863 1822 3038 1860 omnes
3069 1808 3324 1864 debitores
3353 1822 3550 1866 uestros
3579 1832 3659 1868 re-

2065 1891 2242 1961 petitis
2267 1890 2417 1962 (Isa.
2449 1909 2576 1947 LVIII
2597 1933 2612 1958 ,
2637 1895 2670 1949 5
2688 1933 2702 1958 ,
2730 1894 2764 1947 4
2788 1894 2826 1966 ).
2859 1895 3044 1966 Neque
3062 1899 3208 1953 enim
3233 1901 3322 1970 qui
3352 1917 3384 1955 a
3408 1902 3657 1959 debitore

2065 1995 2171 2036 suo
2195 1981 2298 2036 hoc
2325 1983 2468 2052 quod
2499 1983 2646 2038 dedit
2680 1987 2906 2054 repetit,
2943 1987 3147 2058 aliquid
3182 1989 3439 2059 injustum
3475 1993 3653 2049 facit:

2073 2069 2168 2124 sed
2203 2071 2423 2142 dignum
2456 2080 2538 2128 est
2575 2082 2636 2128 ut
2668 2076 2912 2146 quisquis
2947 2092 3005 2132 se
3041 2080 3094 2134 in
3119 2082 3436 2150 paenitentia
3473 2102 3659 2141 mace-

2073 2171 2191 2227 ret,
2242 2170 2298 2216 et
2344 2165 2450 2218 hoc
2498 2166 2602 2220 sibi
2641 2168 2785 2236 quod
2826 2167 2973 2237 juste
3005 2175 3292 2241 competit,
3337 2176 3650 2232 interdicat.

2075 2253 2167 2310 Sic
2184 2295 2199 2320 ,
2229 2256 2308 2311 sic
2334 2256 2489 2312 nobis
2515 2259 2902 2327 pmnitentibus
2926 2270 2984 2317 et
3014 2262 3224 2320 aﬂlictis
3264 2282 3294 2320 a
3334 2267 3450 2324 Deo
3476 2270 3658 2324 dimit-

2075 2346 2208 2400 titur
2231 2347 2373 2416 quod
2400 2347 2598 2416 injuste
2620 2350 2829 2420 egimus
2850 2393 2863 2418 ,
2896 2353 2942 2407 si
2969 2369 3067 2423 pro
3092 2370 3276 2413 amore
3302 2357 3447 2414 illius
3471 2371 3526 2416 et
3550 2362 3656 2417 hoc

2073 2437 2216 2506 quod
2241 2438 2395 2493 nobis
2415 2439 2562 2509 juste
2586 2443 2874 2511 competit,
2908 2445 3236 2502 relaxamus.
3268 2469 3288 2502 ι

2658 2532 2886 2590 CAPUT
2925 2536 3058 2591 XIII.

2272 2636 2341 2674 AD
2397 2635 2783 2677 PGNITENTIA“
2846 2641 3059 2680 DANDAI

2637 2709 2811 2748 CAPUT
2866 2711 3081 2751 JEJUNII.

2145 2781 2416 2854 Imprimis
2445 2799 2782 2855 praemonere
2823 2787 2984 2843 debet
3008 2792 3262 2847 sacerdos
3290 2809 3482 2849 omnes
3501 2796 3656 2850 Chri-

2074 2874 2280 2930 stianos
2299 2890 2364 2929 ex
2388 2876 2562 2931 sacris
2585 2876 2986 2948 Scripturarum
3019 2883 3360 2950 testimoniis,
3390 2898 3656 2956 quatenus

2075 2966 2131 3022 in
2155 2967 2335 3037 capite
2352 2965 2568 3036 jejunii,
2600 2968 2704 3024 hoc
2729 2979 2831 3037 est,
2857 2972 3018 3027 hodie
3037 2974 3105 3028 ad
3130 2989 3313 3030 veram
3355 2977 3655 3033 confessio-

2078 3073 2202 3114 nem
2231 3074 2524 3130 veramque
2579 3063 2954 3131 paenitentiam
3001 3064 3346 3124 festinantius
3376 3072 3653 3127 accedant.

2079 3147 2156 3204 De
2181 3147 2286 3204 hac
2313 3148 2673 3220 Hieronymus
2701 3151 2878 3223 inquit
2903 3171 2916 3207 :
2950 3171 2968 3204 ι
3005 3154 3222 3211 Utinam
3251 3166 3360 3213 tam
3391 3161 3499 3216 cito
3526 3176 3659 3216 con-

2078 3247 2362 3295 vertantur
2412 3248 2726 3309 peccatores
2773 3243 2840 3297 ad
2887 3243 3286 3316 ptenitentiam,
3339 3264 3501 3318 quam
3547 3252 3658 3305 cito

2079 3329 2341 3385 Dominus
2390 3341 2726 3402 praeparatus
2761 3342 2845 3390 est
2870 3335 3035 3392 etiam
3077 3347 3290 3394 mutare
3335 3339 3660 3411 prmﬁnitam

2081 3420 2426 3475 sententiam.
2459 3421 2574 3475 Non
2602 3423 2748 3477 enim
2778 3428 3037 3494 temporis
3067 3427 3454 3498 longitudinem
3481 3433 3661 3502 requi-

2081 3510 2152 3564 rit
2198 3509 2360 3574 Deus,
2406 3511 2503 3565 sed
2543 3511 2736 3568 aﬁ‘ectu
2780 3515 3110 3571 sinceritatis
3150 3519 3426 3588 plenitudo
3465 3537 3662 3591 pensa-

2081 3608 2188 3654 tur.
2228 3621 2245 3651 ι
2279 3600 2571 3673 Gregorius
2601 3622 2616 3656 :
2655 3623 2672 3655 ι
2710 3604 2854 3662 Satis
2896 3608 3108 3664 alienus
3137 3626 3169 3663 a
3198 3610 3302 3666 ﬁde
3329 3621 3439 3678 est,
3468 3614 3559 3682 qui
3589 3615 3658 3668 ad

2081 3691 2342 3760 agendam
2367 3694 2738 3763 paenitentiam
2772 3707 3013 3768 tempora
3039 3703 3330 3756 senectutis
3359 3714 3660 3774 exspectat.

2083 3781 2430 3839 Metuendum
2450 3793 2534 3839 est
2553 3786 2718 3852 enim,
2747 3804 2837 3855 ne,
2859 3790 2985 3844 dum
3008 3801 3191 3862 sperat
3211 3793 3660 3862 misericordiam,

2082 3872 2924 3951 incidatinjudicium.Ditemque
2955 3902 2968 3936 :
3004 3901 3022 3934 ‹
3052 3882 3111 3938 Si
3148 3886 3270 3954 quis
3319 3894 3372 3940 te
3415 3887 3482 3941 de
3531 3901 3660 3956 pec-

2083 3975 2205 4022 cato
2233 3966 2504 4024 forinseco
2523 3971 2779 4036 correxit,
2811 3980 2938 4029 tunc
2959 3975 3217 4031 conﬁtere
3237 3977 3520 4044 interiora,
3542 3995 3663 4048 quae

2084 4059 2175 4114 ille
2203 4060 2398 4115 nescit.
2439 4081 2458 4114 ι
2488 4061 2728 4132 Denique
2747 4065 3072 4121 admonendi
3104 4077 3252 4133 sunt,
3299 4078 3356 4124 ut
3407 4071 3458 4124 in
3494 4069 3662 4126 Cinna

2084 4151 2296 4208 Domini
2319 4155 2540 4210 redeant
2569 4157 2635 4211 ad
2666 4159 3179 4229 reconciliationem,
3210 4165 3350 4220 sicut
3386 4167 3440 4221 in
3464 4183 3662 4222 conse-

2086 4249 2375 4317 quentibus
2403 4251 2631 4308 dicetur.
2675 4254 2734 4309 Si
2762 4271 2892 4312 vero
2923 4257 3152 4315 interest
3190 4277 3354 4318 causa
3383 4273 3476 4318 aut
3498 4265 3664 4321 itine-

2085 4344 2184 4409 ris,
2209 4352 2305 4398 aut
2322 4343 2611 4414 cujuslibet
2649 4351 3042 4420 occupationis,
3093 4363 3186 4408 aut
3213 4356 3290 4410 ita
3329 4356 3470 4412 forte
3497 4359 3665 4415 hebes

2082 4440 2186 4498 est,
2219 4443 2281 4489 ut
2305 4436 2354 4489 ei
2378 4437 2481 4491 hoc
2507 4439 2764 4493 sacerdos
2809 4443 3037 4498 suadere
3064 4454 3321 4513 nequeat,
3347 4446 3592 4519 injungat
3612 4451 3662 4504 ei

2083 4532 2195 4579 tam
2213 4526 2756 4597 quadragesimalem,
2773 4546 2934 4600 quam
2953 4533 3237 4589 annualem
3263 4539 3663 4606 pmnitentiam,

2083 4626 2140 4672 et
2165 4617 2478 4672 reconciliet
2501 4633 2623 4673 eum
2650 4622 2853 4677 statim.

2157 4707 2542 4765 Sacerdotibus
2566 4727 2693 4766 vero
2741 4729 3082 4784 summopere
3110 4722 3464 4790 satagendum
3494 4729 3580 4775 est
3603 4729 3662 4775 ut

2083 4806 2208 4853 octo
2258 4798 2391 4853 vitia
2437 4801 2742 4857 criminalia
2788 4819 2910 4858 cum
2958 4820 3145 4860 eorum
3172 4811 3476 4876 sequentiis
3502 4819 3663 4880 atque

2088 4893 2413 4947 testimoniis
2443 4892 2870 4964 Scripturarum,
2898 4897 3093 4966 quibus
3117 4901 3405 4956 coercendi
3428 4911 3556 4956 sunt
3573 4903 3664 4956 ho-

2088 4987 2262 5042 mines
2305 4995 2468 5057 atque
2519 4989 2586 5043 ad
2631 4991 2854 5045 meliora
2899 4993 3250 5060 provehendi,
3297 4997 3447 5050 omni
3489 4997 3664 5050 studio

2089 5077 2390 5149 intelligant
2433 5088 2594 5149 atque
2619 5081 2867 5147 doceant,
2897 5084 3037 5138 sicut
3066 5084 3155 5139 hic
3184 5086 3237 5139 in
3281 5087 3459 5156 prima
3491 5086 3667 5143 fronte

2090 5184 2299 5225 annexa
2326 5181 2469 5226 sunt.
2499 5173 2738 5239 Quorum
2764 5175 3016 5230 vitiorum
3043 5186 3166 5231 octo
3195 5178 3314 5233 hzec
3338 5187 3466 5232 sunt
3493 5180 3669 5233 nomi-

2090 5276 2178 5322 na,
2231 5261 2286 5314 in
2334 5262 2527 5330 primis
2579 5266 2849 5334 superbia,
2878 5266 3046 5336 gloria
3076 5267 3276 5333 inanis,
3310 5269 3534 5334 invidia,
3564 5271 3666 5332 ira,

2088 5348 2340 5414 avaritia,
2361 5350 2603 5417 tristitia,
2642 5355 2846 5408 ventris
2876 5354 3139 5425 ingluvies
3157 5363 3322 5426 atque
3347 5357 3580 5413 luxuria.

2159 5440 2236 5494 De
2263 5442 2536 5511 superbia,
2570 5443 2712 5513 quod
2761 5452 2845 5499 est
2883 5454 3041 5515 caput
3093 5449 3339 5503 omnium
3384 5449 3664 5512 vitiorum,

2087 5531 2335 5584 oriuntur
2355 5533 2723 5603 suprascripta
2747 5543 2952 5604 septem
2967 5536 3094 5591 vitia
3117 5538 3437 5594 criminalia.
3465 5538 3664 5608 Super-

2087 5620 2172 5676 bia
2201 5623 2399 5677 dicitur
2426 5626 2583 5695 quasi
2630 5629 3041 5698 supergrediens
3068 5639 3303 5686 mentem
3332 5631 3397 5686 de
3433 5645 3498 5686 eo
3525 5631 3668 5700 quod

2073 2635 2212 2676 οιωο
2272 2636 2341 2674 ΔΙ)
2397 2635 2783 2677 “SENTENTIA”
2846 2641 3059 2680 DANDAI
3116 2643 3236 2682 ηπ.
3291 2647 3345 2685 ιν
3378 2647 3516 2694 QUOD
3552 2650 3653 2688 EST
