3914 6178
236 295 361 352 i193

1031 287 1177 346 OPP.
1221 283 1618 344 SUPPOSITA.
1655 313 1725 322 —
1761 281 1887 336 LIB.
1929 278 2018 334 DE
2059 274 2306 332 DIVINIS
2344 271 2644 331 OFFlCllS.

3323 271 3458 327 1194

235 428 334 467 non
359 417 462 466 est.
492 407 644 464 Unde
666 406 926 476 superbus
949 406 1104 474 quasi
1149 412 1302 459 extra
1326 403 1468 456 viam
1495 399 1792 464 ambulans,
1822 399 1872 460 Α
1897 392 2250 462 dignoscitur,
2274 388 2482 457 abjecto
2506 387 2677 451 vultu,
2714 385 2911 456 pallido
2961 393 3203 456 aspectu,
3233 385 3463 476 turbidis

235 499 296 553 de
322 514 426 569 qua
478 497 755 566 Scriptura
791 513 802 547 :
846 493 1064 547 Initium
1104 493 1271 546 omnis
1314 492 1511 561 peccati
1555 489 1798 560 superbia

234 588 418 659 (Eccli.
449 605 504 653 x,
536 587 644 658 15).
683 586 751 641 Et
775 585 893 639 ideo
917 584 1128 638 initium
1151 582 1346 636 dicitur
1366 581 1540 636 omnis
1567 579 1797 650 peccati,

232 679 353 747 quia
381 678 493 747 ipsa
518 677 797 747 praecessit
819 676 873 728 in
901 674 1136 739 diabolo,
1167 681 1222 727 et
1247 689 1353 727 non
1405 673 1578 728 solum
1609 687 1802 742 pecca-

233 777 344 821 tum
368 776 451 822 est
473 767 616 836 «ipsa,
643 767 734 821 sed
754 766 916 820 etiam
935 764 1139 818 nullum
1163 772 1445 832 peccatum
1460 763 1580 817 fieri
1607 762 1799 832 potuit,

232 865 426 928 potest,
451 864 544 910 aut
570 856 766 925 poterit
810 854 927 909 sine
947 856 1083 923 ipsa.
1115 852 1286 909 Porro
1328 855 1594 924 cupiditas
1643 862 1804 922 atque

239 946 485 1014 superbia
531 944 586 997 in
629 951 836 998 tantum
883 960 1050 997 unum
1093 951 1182 999 est
1225 943 1451 1008 malum,
1479 950 1541 996 ut
1565 957 1666 996 nec
1689 942 1805 997 sine

238 1038 480 1106 superbia
509 1037 676 1106 possit
703 1035 932 1089 inveniri
961 1033 1240 1104 cupiditas.
1275 1032 1394 1087 Non
1424 1033 1566 1086 enim
1593 1032 1805 1100 primus

243 1128 400 1182 homo
429 1127 615 1182 ederet
635 1127 699 1180 de
718 1125 864 1194 ligno
907 1123 1201 1194 prohibito,
1231 1122 1336 1177 nisi
1363 1123 1802 1189 concupisceret;

241 1234 338 1274 nec
369 1220 710 1273 desereretur
735 1232 765 1270 a
795 1216 1037 1279 Domino,
1061 1213 1164 1268 nisi
1190 1214 1340 1284 prius
1373 1213 1488 1284 ipse
1513 1217 1803 1267 desereret.

240 1307 316 1361 'De
341 1306 590 1376 superbia
618 1305 747 1360 dicit
786 1303 1117 1374 Augustinus
1147 1320 1160 1356 :
1194 1320 1212 1352 ι
1249 1302 1477 1356 Vitanda
1521 1301 1675 1356 nobis
1725 1309 1808 1355 est

239 1394 506 1462 superbia,
538 1409 656 1464 quae
683 1402 737 1447 et
764 1393 981 1462 angelos
1010 1392 1160 1446 novit
1182 1390 1450 1460 decipere,
1483 1397 1537 1444 et
1562 1389 1808 1444 homines

239 1486 516 1554 dissipare.
555 1504 573 1537 ι
611 1484 969 1554 Hieronymus
1000 1499 1015 1538 :
1044 1502 1064 1534 ι
1098 1483 1195 1537 Vir
1225 1484 1487 1552 superbus
1511 1497 1615 1536 non
1643 1482 1805 1536 deco-

238 1577 463 1642 rabitur,
515 1591 613 1630 nec
654 1577 984 1630 voluntatem
1036 1589 1188 1629 suam
1226 1574 1490 1644 perﬁciet.
1530 1595 1547 1626 ι
1578 1573 1808 1627 Ambro-

239 1664 351 1718 sius
378 1680 392 1717 :
430 1683 448 1715 ι
485 1662 746 1733 Superbia
779 1679 844 1718 ex
868 1663 1072 1732 angelis
1100 1663 1370 1716 daemones
1412 1661 1560 1726 fecit,
1591 1661 1809 1716 humili-

1899 481 2087 544 oculis,
2113 481 2328 534 turbato
2353 478 2522 533 vultu.
2550 479 2624 532 De
2654 479 2757 532 hac
2801 477 3020 531 tristitia
3062 476 3193 530 dicit
3238 473 3461 544 Aposto‘

1900 570 1984 625 lus
2009 589 2021 623 :
2049 569 2178 635 Qute
2224 571 2362 623 enim
2402 569 2685 628 secundum
2734 567 2901 620 Deum
2943 567 3156 620 tristitia
3183 574 3280 630 est,
3309 559 3469 636 paeni-

1900 661 2116 714 tentiam
2141 661 2194 713 in
2242 658 2461 712 salutem
2489 657 2723 712 stabilem
2767 666 3052 722 operatur:
3081 655 3260 709 seaculi
3295 663 3471 708 autem

1902 750 2117 803 tristitia
2145 759 2360 802 mortem
2384 757 2629 817 operatur
2658 745 2742 817 (11
2771 743 2892 799 Car.
2921 760 3016 809 vii,
3051 744 3158 814 lO).
3178 743 3426 812 Alibique
3453 760 3466 795 :

1905 838 2193 892 Tristitiam
2219 855 2322 892 non
2345 838 2436 891 des
2462 837 2649 890 animat
2699 847 2821 889 tute.
2849 836 3082 890 Isidorus
3108 853 3120 888 :
3159 853 3177 884 ι
3214 834 3308 888 Vis
3333 849 3471 888 nmis

1903 942 2064 996 quam
2118 927 2238 981 esse
2278 926 2484 981 tristis?
2516 927 2654 981 bene
2695 926 2857 980 vive:
2891 933 3101 980 secreta
3143 922 3472 980 conscientia

1906 1015 2182 1070 tristitiam
2212 1015 2406 1069 leniter
2433 1016 2680 1070 sustinet.
2721 1034 2740 1068 ›

1974 1122 2136 1194 472
2166 1123 2239 1177 De
2265 1124 2488 1178 avaritia
2521 1123 2662 1195 (qua:
2689 1123 2875 1180 Graece
2905 1125 3101 1180 dicitur
3125 1127 3471 1198 pbilargyria,

1907 1214 1960 1269 id
1983 1223 2085 1279 est,
2118 1229 2270 1267 amor
2319 1215 2579 1285 pecunia},
2611 1215 2679 1269 ab
2708 1215 2960 1275 aviditate
2987 1217 3151 1282 dicta,
3180 1219 3320 1272 unde
3349 1233 3478 1272 ava-

1908 1318 2022 1367 rus,
2045 1303 2198 1372 quasi
2226 1303 2410 1357 avidus
2435 1304 2575 1369 auri,
2599 1304 2690 1373 qui
2711 1320 2982 1373 nunquam
3003 1308 3194 1376 opibus
3209 1306 3481 1383 expletur)

1908 1393 2150 1448 nascitur
2175 1393 2429 1464 proditio,
2456 1393 2628 1459 fraus,
2655 1395 2886 1460 fallacua,
2924 1395 3238 1465 perjurium,
3267 1399 3478 1466 inquie-

1909 1483 2055 1547 tudo,
2084 1481 2358 1547 violentia,
2387 1491 2444 1537 et
2484 1492 2671 1552 contra
2723 1482 3147 1540 misericordiam
3195 1488 3477 1542 obduratio

1910 1571 2105 1625 cordis.
2145 1571 2221 1625 De
2249 1572 2352 1626 hac
2377 1571 2505 1626 dicit
2532 1572 2823 1640 Apostolus
2856 1593 2868 1626 :
2916 1573 3096 1644 Neque
3125 1577 3291 1639 avari,
3317 1593 3477 1645 neque

1912 1677 2124 1731 rapaces
2155 1677 2366 1732 regnum
2411 1662 2510 1716 Dei
2554 1665 2884 1734 possidebunt
2917 1664 2970 1736 (Ι
3009 1665 3130 1718 Cor.
3157 1681 3231 1730 v1,
3264 1665 3371 1738 10).
3412 1667 3481 1720 Et

237 1763 316 1809 tas
345 1763 524 1808 autem
551 1754 797 1808 homines
818 1753 1020 1807 sanctis
1045 1753 1248 1823 angelis
1274 1751 1477 1806 similes
1505 1753 1698 1807 reddit.
1741 1772 1759 1804 ι
1838 1737 1878 1795 Β
1909 1752 2160 1809 Salomon
2192 1773 2204 1808 :
2233 1755 2434 1810 Avarus
2453 1773 2554 1809 non
2579 1755 2874 1826 implebitur
2891 1758 3122 1827 pecuniis
3144 1737 3381 1828 (Eccl.v,
3399 1759 3475 1829 9).

308 1846 386 1900 De
419 1846 563 1899 inani
596 1845 788 1915 gloria,
819 1845 872 1898 id
900 1853 1001 1909 est,
1049 1859 1204 1910 vana,
1249 1860 1369 1913 qua:
1396 1843 1581 1899 Grrece
1610 1845 1805 1899 dicitur

236 1934 503 2000 κενοδοξία,
534 1933 771 1987 nascitur
791 1933 1169 1996 inobedientia,
1220 1933 1542 2002 hypocrisis,
1582 1941 1807 1987 conten-

237 2025 446 2087 tiones,
499 2023 837 2092 pertinaciac,
887 2021 1169 2075 discordia:
1214 2030 1268 2074 et
1319 2022 1616 2075 novitatum
1671 2039 1809 2092 pra:-

237 2124 584 2186 sumptiones.
616 2114 684 2168 Et
710 2113 856 2168 enim
886 2114 1096 2168 vanitas
1122 2112 1305 2166 inﬂata
1349 2113 1604 2182 appetitio
1634 2114 1807 2184 digni-

237 2213 425 2269 tutum,
452 2205 623 2260 dulcis
654 2203 895 2269 miseris,
925 2219 1109 2258 amara
1135 2203 1414 2274 perfectis,
1441 2205 1527 2258 cui
1568 2205 1810 2258 serviunt

241 2295 442 2357 tumidi,
473 2294 572 2348 sub
598 2309 703 2364 qua
729 2291 914 2362 jacent
952 2292 1098 2358 elati,
1132 2300 1348 2362 tamque
1374 2309 1468 2348 eos
1517 2294 1679 2348 ardor
1706 2295 1809 2347 hu-

239 2401 410 2440 manae
431 2386 605 2440 laudis
631 2383 943 2450 inﬂammat,
972 2392 1030 2438 ut
1055 2385 1322 2440 laboriosa
1359 2390 1539 2456 opera,
1572 2402 1690 2456 qua:
1716 2403 1810 2457 po-

239 2475 395 2544 pulus
439 2475 753 2540 admiretur,
789 2484 842 2529 et
869 2476 1063 2546 quibus
1120 2475 1262 2531 fama
1306 2477 1645 2544 diffunditur,
1695 2479 1811 2533 sine

241 2565 424 2618 labore
473 2564 786 2633 suscipiant,
819 2572 874 2619 et
914 2564 1142 2620 libenter
1174 2575 1463 2622 exerceant
1494 2584 1506 2621 :
1537 2569 1680 2623 unde
1727 2575 1812 2622 est

241 2656 382 2723 quod
420 2653 690 2722 jejunare,
732 2655 1022 2722 abstinere,
1073 2656 1317 2727 vigilare,
1359 2657 1655 2713 Ecclesiam
1697 2657 1811 2712 fre-

239 2753 522 2815 quentare,
552 2744 633 2797 vel
664 2745 913 2814 psallere,
945 2761 1066 2800 cum
1093 2746 1210 2801 haec
1247 2749 1428 2802 omnia
1473 2748 1590 2803 sine
1627 2747 1812 2802 labore

237 2851 351 2889 non
393 2833 618 2898 faciunt,
648 2835 810 2888 etiam
836 2849 958 2889 cum
1010 2835 1364 2892 delectatione
1388 2836 1611 2903 faciunt,
1653 2843 1714 2891 ut
1744 2835 1814 2892 ab

241 2922 570 2988 hominibus,
597 2924 792 2994 quibus
813 2923 1043 2993 placere,
1071 2939 1178 2979 non
1221 2925 1351 2990 Deo,
1387 2926 1710 2992 desiderant,
1733 2924 1816 2982 vi-

238 3015 474 3069 deantur
502 3031 514 3066 :
543 3014 684 3068 unde
715 3012 923 3068 Veritas
951 3030 964 3066 :
996 2997 1158 3067 Amen
1188 3013 1304 3068 dico
1330 3014 1489 3080 vobis,
1515 3024 1813 3087 receperunt

235 3106 524 3162 mercedem
550 3123 700 3160 suam
724 3104 937 3177 (Matth.
963 3122 1037 3171 vr,
1067 3105 1144 3178 2).

312 3195 388 3250 De
410 3196 608 3250 invidia
637 3195 748 3250 sive
792 3195 990 3260 invido,
1039 3196 1129 3265 qui
1181 3195 1248 3251 ab
1279 3195 1562 3251 invidendo
1591 3197 1813 3252 alterius

241 3287 487 3343 felicitati
539 3287 756 3352 dicitur,
808 3287 1050 3342 nascitur
1101 3288 1302 3353 odium,
1357 3290 1676 3354 susurratio,
1722 3289 1815 3343 de-

241 3375 455 3438 tractio,
487 3375 776 3430 exsultatio
804 3375 856 3429 in
903 3376 1145 3430 adversis
1181 3377 1435 3446 proximi,
1474 3377 1691 3432 alilictio
1718 3394 1814 3431 au-

241 3475 354 3520 tem
381 3465 436 3518 in
486 3465 776 3534 prosperis.
825 3464 902 3520 De
951 3465 1053 3520 hae
1091 3465 1380 3536 Apostolus
1433 3469 1810 3534 comminatur,

243 3557 433 3611 dicens
463 3573 476 3609 :
507 3554 608 3619 Qui
635 3556 741 3608 odit
769 3556 981 3624 fratrem
1015 3573 1185 3622 suum,
1211 3559 1471 3612 homicida
1499 3569 1573 3614 est
1604 3575 1622 3612 .'
1653 3569 1700 3614 et
1725 3562 1814 3631 qui

237 3647 458 3710 invidet,
488 3647 544 3699 in
566 3645 788 3698 tenebris
809 3654 902 3708 est,
932 3655 978 3700 et
1001 3647 1055 3699 in
1082 3647 1302 3700 tenebris
1329 3649 1559 3701 ambulat
1579 3648 1629 3719 (Ι
1651 3649 1813 3703 Joan.

239 3755 324 3802 ιιι,
354 3738 455 3802 i5;
485 3751 548 3802 ιι,
579 3734 688 3805 il).
723 3735 873 3790 Unde
902 3736 1036 3789 nihil
1079 3735 1346 3790 infelicius
1388 3745 1562 3805 potest
1585 3753 1705 3792 esse
1730 3739 1816 3792 in-

239 3833 388 3895 vido,
419 3829 512 3899 qui
545 3827 738 3882 alienis
764 3834 1047 3895 torquetur
1071 3826 1227 3881 bonis
1258 3846 1270 3881 :
1299 3828 1496 3881 invidia
1522 3829 1666 3881 enim
1692 3844 1817 3882 sen-

242 3939 367 3977 sum
393 3921 623 3986 mordet,
645 3927 834 3990 pectus
854 3920 980 3986 urit,
1007 3929 1244 3975 mentem
1267 3919 1459 3986 afﬁcit;
1485 3928 1539 3976 et
1565 3921 1654 3990 qui
1685 3921 1822 3975 invi-

243 4014 358 4078 det,
388 4013 579 4068 similis
607 4019 692 4066 est
720 4010 956 4077 diabolo,
987 4011 1081 4081 qui
1129 4026 1228 4082 per
1261 4010 1516 4066 invidiam
1546 4011 1818 4067 hominem

245 4106 315 4160 de
338 4104 592 4174 paradiso
621 4101 799 4173 ejecit.

317 4195 396 4250 De
421 4195 502 4249 ira
526 4193 707 4265 longa,
757 4209 876 4263 quae
906 4194 974 4248 ab
1002 4192 1368 4262 indignatione
1410 4194 1626 4259 dicitur,
1660 4210 1689 4248 a
1714 4211 1819 4265 qua

245 4295 303 4342 et
332 4285 626 4348 iracundia,
661 4300 726 4340 eo
753 4285 894 4355 quod
923 4299 1152 4340 accenso
1193 4285 1467 4355 sanguine,
1501 4285 1552 4338 in
1585 4285 1820 4339 furorem

241 4374 609 4445 compellitur,
642 4382 942 4429 nascuntur
973 4375 1125 4437 rixm,
1160 4382 1337 4428 tumor
1377 4373 1595 4439 mentis,
1628 4380 1817 4427 contu-

1906 1845 1972 1899 Et
1994 1846 2137 1900 idem
2171 1864 2183 1899 :
2214 1847 2386 1900 Avaro
2421 1857 2592 1901 autem
2621 1847 2752 1901 nihil
2785 1857 2860 1902 est
2903 1848 3204 1902 scelestius:
3249 1849 3481 1919 nihilque

1904 1934 2132 2004 iniquius
2161 1953 2317 2006 quam
2338 1953 2516 1990 amare
2550 1954 2824 2006 pecuniam
2857 1936 3046 2008 (Eccli.
3093 1955 3150 2002 x,
3178 1938 3253 2010 9).
3283 1939 3351 1992 Et
3377 1940 3479 1993 ite-

1906 2039 2024 2077 rum
2059 2043 2071 2077 :
2097 2023 2235 2078 Cum
2261 2027 2397 2078 enim
2419 2031 2671 2079 morietur
2691 2028 2868 2090 homo,
2897 2027 3226 2080 luereditabit
3266 2045 3479 2098 serpen—

1906 2121 1980 2165 tes
2002 2122 2050 2165 et
2081 2113 2270 2167 bestias
2295 2123 2342 2166 et
2366 2131 2555 2167 vermes
2579 2113 2766 2186 (Ibid.,
2790 2131 2836 2168 v.
2868 2115 2975 2186 15).
3008 2114 3121 2171 Hoc
3143 2131 3269 2171 vero
3290 2119 3480 2171 vitium

1907 2200 2141 2254 vincitur
2165 2201 2220 2254 in
2241 2201 2524 2272 largitione
2549 2217 2863 2272 pauperum,
2907 2205 2962 2256 in
2989 2205 3293 2260 visitatione
3334 2207 3481 2261 inﬁr-

1909 2306 2145 2357 morum,
2165 2291 2218 2344 in
2247 2300 2560 2361 tegumento
2575 2293 2860 2358 nudorum,
2885 2301 2941 2348 et
2971 2293 3025 2347 in
3054 2295 3324 2349 reddendo
3341 2298 3482 2366 quod

1912 2381 2108 2451 injuste
2137 2381 2376 2436 ablatum
2405 2391 2504 2438 est.
2535 2391 2589 2436 et
2608 2384 2661 2437 in
2690 2381 2815 2437 ﬂetu
2847 2399 2911 2438 ac
2935 2383 3186 2454 lacrymis
3209 2401 3331 2441 cum
3357 2401 3485 2440 cou-

1910 2473 2132 2527 tritione
2159 2473 2362 2539 cordis,
2393 2474 2531 2528 sicut
2554 2474 2812 2529 Dominus
2836 2474 2966 2528 dicit
3001 2493 3014 2529 :
3045 2474 3107 2529 Si
3130 2475 3200 2528 vis
3222 2475 3482 2546 perfectus

1911 2580 2041 2628 esse,
2073 2563 2200 2617 vade
2225 2573 2271 2617 et
2306 2563 2464 2617 vende
2511 2564 2686 2617 omnia
2715 2580 2832 2634 quae
2856 2563 3032 2631 habes,
3067 2573 3114 2619 et
3139 2564 3209 2618 da
3237 2568 3483 2636 pauperi-

1914 2653 2007 2707 bus
2030 2653 2243 2723 (Matth.
2278 2669 2390 2718 xtx,
2421 2653 2532 2724 21).

1986 2745 2062 2801 De
2090 2748 2294 2801 ventris
2317 2747 2566 2816 ingluvie,
2591 2761 2708 2815 quae
2733 2745 2918 2802 Graece
2946 2747 3141 2803 dicitur
3164 2748 3482 2820 gastrimar-

1916 2835 2021 2906 gia,
2056 2835 2110 2890 id
2136 2845 2236 2900 est,
2266 2837 2482 2891 horrida
2507 2837 2773 2891 voracitas
2794 2846 2956 2908 atque
2993 2839 3270 2910 gulositas,
3311 2856 3429 2910 quae
3451 2857 3482 2896 a

1917 2925 2038 2998 gula
2069 2925 2281 2990 dicitur,
2311 2927 2552 2981 nascitur
2576 2926 2754 2996 inepta
2784 2927 2990 2993 laetitia,
3029 2930 3346 2995 scurrilitas,
3377 2931 3482 2984 im-

1918 3016 2204 3082 munditia,
2260 3017 2671 3086 stultiloquium,
2738 3018 3152 3086 multiloquium,
3217 3019 3484 3074 hebetudo

1835 3095 1882 3158 C
1916 3120 2106 3162 sensus
2135 3107 2277 3161 circa
2308 3106 2735 3175 intelligentiam,
2775 3115 2935 3162 etest
2979 3107 3171 3161 vitium
3219 3109 3480 3178 Spiritale.

1915 3195 1992 3251 De
2040 3197 2142 3251 hoc
2185 3197 2444 3266 scriptum
2472 3205 2596 3251 est:
2630 3196 2730 3262 Qui
2775 3198 2999 3251 continet
3046 3207 3271 3272 ventrem
3309 3215 3480 3262 suum,

1915 3287 2100 3340 minuit
2134 3287 2298 3341 vitia:
2338 3287 2659 3342 abundantia
2689 3298 2861 3342 autem
2881 3305 3133 3353 escarum,
3167 3291 3328 3343 nutrit
3350 3290 3487 3343 desi-

1914 3375 2060 3429 deria
2095 3376 2256 3429 mala.
2290 3374 2472 3430 Multa:
2502 3393 2631 3430 escae
2661 3379 2895 3431 nutriunt
2929 3388 3153 3432 ventrem
3176 3366 3484 3447 [arnicatio-

1915 3465 2014 3518 nis.
2042 3465 2108 3519 Et
2133 3465 2418 3536 Apostolus
2444 3482 2459 3518 :
2486 3464 2605 3518 Non
2630 3465 2684 3519 in
2713 3467 3170 3522 comessationibus
3201 3478 3248 3520 et
3269 3467 3488 3522 ebrieta-

1914 3556 2050 3610 tibus
2078 3555 2255 3626 (Rom.
2276 3572 2393 3620 xui,
2411 3555 2518 3626 ‘15).
2547 3555 2612 3609 Et
2639 3557 2760 3624 quia
2779 3558 2986 3626 primus
3009 3557 3171 3612 homo
3191 3558 3322 3612 vitio
3347 3557 3484 3628 gulae

1916 3646 2127 3708 cecidit,
2148 3660 2367 3702 necesse
2389 3652 2489 3709 est,
2517 3651 2574 3698 ut
2593 3660 2689 3713 per
2711 3645 3088 3700 abstinentiam
3110 3661 3479 3717 resurgamus.

1915 3735 2064 3790 Laata
2109 3752 2238 3791 caro
2279 3737 2445 3789 traxit
2493 3751 2590 3790 nos
2616 3736 2682 3789 ad
2705 3745 3005 3805 peccatum,
3033 3736 3228 3793 aﬂlicta
3260 3735 3486 3792 reducat

1916 3825 1983 3877 ad
2005 3825 2235 3878 veniam.

1989 3911 2065 3967 De
2094 3912 2330 3975 luxuria,
2354 3927 2471 3980 quae
2492 3927 2522 3965 a
2548 3910 2676 3966 luxu
2718 3927 2911 3966 nomen
2937 3913 3162 3982 accepit,
3194 3921 3248 3967 et
3277 3921 3362 3967 est
3383 3913 3484 3967 im-

1920 4003 2180 4059 munditia
2209 4003 2525 4072 corporalis,
2556 4003 2697 4056 unde
2724 4011 2777 4056 et
2803 4002 3130 4069 luxuriosus,
3162 4004 3312 4071 quasi
3341 4003 3483 4058 solu-

1919 4103 2006 4149 tus
2052 4103 2107 4149 et
2149 4102 2434 4162 corruptor
2477 4094 2692 4159 dicitur,
2734 4095 2974 4150 nascitur
3003 4095 3220 4151 caecitas
3264 4095 3477 4158 mentis,

1920 4187 2356 4251 inconsideratio,
2387 4187 2765 4252 inconstantia,
2798 4189 3171 4260 pratcipitatio,
3203 4205 3356 4244 amor
3379 4190 3482 4253 sui,

1920 4279 2100 4332 odium
2141 4276 2258 4342 Dei,
2285 4277 2490 4331 alllatus
2526 4279 2806 4348 praesentis
2835 4279 3035 4345 saeculi,
3084 4280 3277 4336 horror
3305 4287 3485 4334 autem

1920 4368 2002 4422 vel
2029 4368 2333 4438 desperatio
2356 4368 2680 4422 futurorum.
2728 4370 2822 4425 Est
2861 4379 3038 4424 autem
3081 4373 3270 4426 vitium
3295 4387 3489 4442 corpo-

243 4443 442 4530 meliaa,
465 4465 692 4530 clamor,
716 4464 1416 4536 indignatio,blasphemia3.
1441 4465 1514 4519 De
1539 4465 1652 4535 ipsa
1676 4465 1818 4519 enim
1846 4443 1894 4500 ἶ)
1922 4458 2052 4512 rale.
2079 4457 2155 4513 De
2196 4458 2312 4528 ipso
2352 4459 2480 4514 dicit
2512 4459 2798 4529 Apostolus
2826 4477 2840 4515 :
2870 4459 3060 4530 Fugite
3087 4462 3484 4531 fornicationem

241 4558 380 4613 dicit
399 4555 674 4625 Scriptura
696 4576 707 4610 :
726 4555 818 4610 Ira
837 4558 893 4609 in
914 4557 1032 4610 sinu
1062 4554 1208 4610 stulti
1233 4557 1502 4627 requiescit
1533 4555 1701 4628 (Eccl.
1722 4572 1816 4619 \‘ll,

243 4647 358 4718 10).
391 4647 458 4700 Et
487 4647 613 4700 alibi
639 4664 650 4698 :
679 4645 771 4699 Ira
798 4647 932 4699 enim
957 4645 1058 4700 viri
1083 4643 1348 4714 justitiam
1374 4644 1470 4698 Dei
1502 4661 1606 4698 non
1632 4660 1818 4714 apera-

240 4746 335 4790 tur
364 4733 505 4806 (Jac.
559 4750 598 4799 ι,
640 4731 754 4806 20).
786 4733 855 4786 Et
880 4733 932 4787 in
963 4732 1172 4804 psalmo
1223 4733 1288 4788 de
1334 4733 1642 4802 quotidiana
1692 4733 1815 4786 ira:

242 4825 572 4887 lrascimini,
599 4832 646 4877 et
676 4822 834 4877 nolite
859 4840 1069 4894 peccare
1107 4822 1279 4897 (Psal.
1323 4840 1396 4888 ιν,
1443 4823 1519 4895 5).
1569 4824 1636 4877 Ει
1682 4824 1822 4894 Apo-

239 4915 416 4968 stolus
446 4930 459 4966 :
495 4911 590 4968 Sol
618 4929 723 4968 non
773 4912 975 4967 occidat
1020 4930 1176 4984 super
1222 4913 1550 4967 iracundiam
1596 4925 1817 4968 vestram

239 5007 464 5076 (Ephes.
494 5021 569 5071 Iv,
594 5004 707 5076 26),
733 5012 788 5060 et
808 5005 933 5058 alibi
967 5023 980 5058 ε
1009 5005 1114 5058 Illa
1142 5005 1278 5059 enim
1301 5005 1382 5058 ira
1421 5005 1561 5060 mala
1585 5017 1680 5071 est,
1703 5023 1818 5076 qua:

239 5105 467 5149 mentem
496 5093 692 5159 turbat,
717 5103 772 5146 ut
798 5103 992 5148 rectum
1021 5094 1297 5148 consilium
1322 5097 1524 5165 perdat.

316 5187 394 5241 De
436 5186 677 5250 tristitia,
733 5201 853 5254 quae
899 5185 1072 5240 oritur
1099 5201 1166 5239 ex
1193 5186 1292 5250 ira,
1327 5188 1564 5242 nascitur
1589 5187 1814 5251 malitia,

221 5291 465 5340 .rancor,
487 5274 921 5345 pusillanimitas,
947 5275 1275 5343 desperatio,
1297 5282 1485 5345 torpor
1508 5275 1651 5330 circa
1679 5290 1817 5344 prte-

239 5380 422 5444 cepta,
445 5372 658 5442 vagatio
678 5371 875 5425 mentis
901 5385 1026 5440 erga
1052 5369 1255 5424 illicita.
1300 5370 1368 5424 Et
1388 5370 1662 5426 sciendum
1691 5371 1816 5441 quia

239 5465 392 5519 inter
421 5463 698 5517 tristitiam
729 5469 784 5516 et
824 5460 1136 5516 mmstitiam
1165 5461 1267 5516 hoc
1314 5460 1537 5515 interest
1568 5479 1580 5513 :
1614 5461 1821 5516 mmsti—

239 5556 343 5620 tia,
373 5553 553 5609 cordis
577 5559 692 5616 est;
722 5551 961 5616 tristitia,
1007 5549 1188 5604 vultus
1216 5568 1228 5601 :
1279 5557 1531 5604 mmstum
1561 5551 1704 5604 enim
1735 5549 1822 5605 vel

239 5646 481 5701 inertem
533 5642 759 5698 dicimus
808 5640 1076 5702 animum;
1124 5629 1295 5692 tristis
1345 5638 1486 5692 enim
1535 5638 1689 5697 facie.
1747 5639 1819 5694 ita

611 5735 884 5794 Ρηιιοι..
932 5729 1029 5792 Cl.

1921 4548 1973 4620 (Ι
1999 4547 2120 4604 Cor.
2156 4566 2231 4614 vr,
2258 4551 2364 4623 i8).
2407 4551 2475 4604 Et
2500 4551 2640 4605 idem
2669 4569 2681 4604 :
2716 4549 3085 4606 Fornicatores
3124 4562 3173 4606 et
3219 4553 3484 4608 adulteros

1908 4638 2169 4708 judicabit
2192 4639 2443 4694 Dominus
2472 4639 2654 4709 (Hebr.
2679 4656 2796 4702 xui,
2828 4640 2902 4711 4).
2930 4640 3283 4713 Hieronymus
3310 4660 3322 4695 :
3353 4662 3370 4694 ι
3393 4642 3485 4698 Va:

1919 4730 1994 4784 illi
2025 4731 2114 4800 qui
2146 4739 2274 4785 tunc
2317 4730 2566 4785 habuerit
2613 4730 2902 4784 terminum
2942 4731 3166 4786 luxuria:
3192 4734 3404 4802 quando
3432 4742 3488 4788 et

1919 4820 2060 4875 vitaz.
2086 4840 2104 4872 ι
2124 4821 2376 4874 Diabolus
2397 4836 2492 4889 per
2519 4819 2823 4890 superbiam
2846 4829 2898 4874 et
2915 4819 3317 4877 fornicationem
3338 4824 3485 4878 omni

1921 4913 2198 4968 hominum
2223 4912 2402 4982 generi
2427 4911 2754 4967 dominatur.
2780 4912 3040 4967 Omnibus
3060 4915 3297 4983 peccatis
3321 4914 3489 4970 forni-

1922 5005 2064 5058 catio
2090 5002 2260 5070 major
2288 5010 2407 5067 est;
2435 5003 2624 5057 melius
2650 5005 2789 5058 mori
2811 5020 2967 5074 quam
2992 5003 3244 5059 fornicari
3275 5023 3288 5058 :
3318 5005 3484 5060 libido

1923 5094 1977 5147 in
2025 5092 2295 5147 infernum
2337 5093 2611 5149 hominem
2661 5095 2855 5164 mergit
2890 5113 2902 5148 :
2934 5101 2990 5148 et
3033 5094 3330 5158 sciendum,
3359 5094 3486 5164 quia

1924 5182 2296 5243 fornicatores,
2351 5180 2654 5245 libidinosi,
2713 5181 3032 5246 Sodomita,
3093 5181 3349 5246 adulteri,
3404 5183 3490 5236 in—

1923 5274 2175 5340 cestuosi,
2207 5280 2669 5342 constupratores,
2692 5282 2957 5341 raptores,
2991 5272 3196 5337 molles,
3225 5273 3490 5329 masculo-

1922 5383 2042 5422 rum
2079 5365 2474 5428 concubitores,
2531 5364 2809 5428 immundi,
2848 5364 3162 5434 pollutorcs,
3209 5366 3484 5435 impudici.

1922 5456 2243 5528 generaliter
2280 5455 2544 5510 luxuriosi
2589 5455 2952 5510 nominantur.
3008 5455 3160 5510 Unde
3207 5453 3488 5512 fornicatio

1923 5528 2120 5602 dicitur
2151 5559 2300 5599 amor
2327 5542 2566 5614 legitimo
2595 5543 2863 5598 connubio
2902 5542 3129 5608 solutus,
3156 5551 3212 5598 et
3233 5558 3369 5614 vaga
3388 5559 3486 5598 ex-

1924 5635 2129 5709 plenda:
2157 5634 2392 5689 libidinis
2417 5632 2789 5688 consectanda:
2815 5633 3046 5689 licentia.
3097 5633 3171 5687 De
3197 5648 3302 5703 qua
3347 5635 3480 5689 seri.

3010 5721 3087 5784 38
