3914 6178
445 317 580 373 H95

1274 315 1334 368 Β.
1376 313 1435 366 F.
1478 311 1701 366 ALBINI
1738 309 1869 365 SEU
1908 309 2181 366 ALCUlNl
2215 308 2499 366 OPERUM
2535 307 2714 364 PARS
2750 307 2843 362 IX.

3542 307 3685 362 “96

439 444 590 506 ptum
605 437 690 486 est
715 446 726 481 :
749 426 851 492 Qui
873 425 1185 496 fornicatur,
1211 425 1268 478 in
1293 440 1450 477 carne
1471 440 1567 476 sua
1587 429 1762 492 peccat
1790 429 1876 473 :et
1897 435 2008 472 ma—
2037 435 2080 500 Α
2116 427 2426 474 veneratur.
2475 418 2730 482 Susurro,
2761 417 2829 471 de
2875 429 3008 472 sono
3051 414 3341 470 locutionis
3382 411 3691 482 appellatur

444 521 570 584 ieris
595 529 667 572 est
691 517 942 579 criminis,
969 517 1095 585 quia
1133 513 1264 567 tollit
1286 513 1514 566 membra
1550 510 1764 574 Christi,
1799 519 1846 563 et
1876 509 2000 578 facit

441 595 670 663 membra
692 605 888 659 diaboli
924 604 976 676 (1
1013 604 1135 658 Cor.
1171 619 1252 668 ιιι,
1279 602 1387 671 18).
1418 601 1707 655 Libidinosi
1732 599 1999 661 dicuntur,

443 699 535 768 qui
557 694 920 764 faciuntquod
940 695 1021 748 eis
1041 694 1170 748 libet
1197 711 1209 746 :
1240 700 1366 746 sunt
1387 692 1530 745 enim
1561 690 1738 760 cupidi
1768 689 2001 762 voluptac

447 791 532 840 tis.
579 783 868 838 Sodomita;
915 783 1340 852 interpretantur
1384 781 1694 834 exclusores
1747 779 2002 846 ipsorum.

445 872 684 927 Adulteri
706 872 978 937 dicuntur,
1011 871 1136 939 quia
1192 869 1416 924 alterius
1451 876 1626 921 torum
1655 867 1872 928 violant,
1897 865 2008 919 sive

448 962 705 1030 polluant.
754 939 995 1016 Incestus
1021 959 1236 1022 dicitur,
1280 958 1436 1027 quasi
1487 958 1742 1020 incastus,
1792 962 2011 1024 propter

451 1053 692 1104 illicitam
723 1049 1173 1112 eommistionem,
1217 1048 1271 1102 id
1306 1055 1409 1113 est,
1439 1047 1745 1116 quicunque
1769 1061 1889 1099 cum
1917 1059 2013 1112 pa-

451 1151 602 1194 rente
624 1139 854 1209 propria,
888 1145 980 1191 aut
1004 1151 1207 1200 sorore,
1260 1137 1346 1190 vel
1387 1137 1568 1200 vidua,
1601 1136 1713 1188 sive
1759 1149 2012 1197 noverca,

452 1229 580 1292 tilia,
598 1227 678 1280 vel
702 1233 952 1296 cognata,
981 1233 1138 1293 atque
1168 1225 1393 1279 Domino
1409 1233 2014 1294 sacrata,pr;esumpse-

452 1323 523 1375 rit
570 1321 843 1375 fornicari.
893 1318 1240 1387 Stupratores
1269 1319 1539 1381 dicuntur,
1580 1318 1847 1387 virginum
1891 1332 2017 1370 cor-

451 1417 718 1478 ruptores.
766 1408 1030 1477 Raptores
1086 1423 1117 1460 a
1174 1408 1451 1476 rapiendo,
1495 1407 1586 1476 qui
1638 1415 1789 1476 rapto
1837 1414 2020 1474 stupro

453 1497 720 1551 fruuntur.
747 1495 901 1550 Unde
931 1503 985 1550 et
1012 1496 1153 1550 inter
1201 1503 1461 1566 stuprum,
1515 1495 1833 1549 adulterium
1859 1503 1913 1548 et
1942 1494 2020 1546 in-

452 1596 658 1644 cestum
711 1587 782 1641 ita
830 1586 1009 1641 diil'ert
1039 1605 1051 1640 :
1082 1595 1326 1656 stuprum
1353 1586 1409 1640 in
1437 1585 1661 1654 virgine,
1703 1585 2023 1639 adulterium

453 1687 509 1740 in
534 1693 718 1756 nupta,
751 1685 990 1741 incestus
1019 1684 1072 1737 in
1098 1683 1432 1753 parentibus.
1463 1681 1646 1736 Molles
1675 1690 1798 1736 sunt
1820 1679 2024 1735 eﬂ‘emi-

2104 512 2155 566 id
2184 520 2286 580 est,
2317 512 2407 580 qui
2438 510 2670 564 libenter
2693 506 2901 560 inutilia
2929 503 3096 558 audit.
3139 503 3293 560 Unde
3343 502 3628 570 Scriptura
3669 522 3684 556 :

2107 602 2228 655 Non
2279 603 2350 656 sis
2395 615 2613 654 susurro
2665 595 2854 669 (Eccli.
2887 610 2941 660 v,
2974 595 3085 665 16).
3118 593 3344 647 Malefici
3370 601 3426 647 et
3456 592 3691 647 venefici

2105 693 2379 758 dicuntur,
2403 693 2496 761 qui
2521 705 2682 746 causa
2714 689 2903 744 mortis
2934 702 3198 742 venenum
3223 695 3438 756 parant,
3473 692 3529 739 et
3551 685 3694 737 arti-

2107 784 2289 839 ﬁciose
2329 783 2499 837 multa
2548 782 2690 835 mala
2728 786 3076 849 componunt.
3118 778 3385 842 Maledici,
3430 777 3690 846 linguosi,

2107 874 2220 927 sive
2263 871 2504 942 litigiosi,
2555 869 2812 939 sortilegi,
2839 878 2895 923 et
2924 868 3096 922 divini
3137 868 3250 921 sive
3301 865 3528 920 fanatici
3557 881 3695 918 con-

2103 961 2357 1030 jectores,
2375 960 2466 1029 qui
2489 961 2588 1014 sub
2602 972 2796 1013 nomen
2825 956 2963 1010 fictae
2983 956 3279 1026 religionis,
3301 969 3396 1024 per
3422 954 3690 1024 quasdam

2113 1050 2270 1124 (quas
2286 1059 2459 1105 sortes
2488 1057 2799 1104 sanctorum
2827 1045 3041 1116 vocant)
3070 1046 3425 1098 divinationes
3443 1054 3500 1098 et
3520 1045 3691 1098 scien-

2116 1139 2243 1193 tiam
2264 1137 2604 1206 profitentur.
2638 1133 2806 1190 Arioli
2857 1133 2972 1188 sive
3000 1133 3276 1202 aruspices
3304 1132 3521 1202 proprie
3547 1141 3689 1194 sunt,

2116 1227 2207 1298 qui
2237 1228 2382 1281 circa
2432 1241 2554 1279 aras
2599 1224 2863 1279 idolorum
2907 1221 3142 1276 nefarias
3195 1236 3385 1290 preces
3416 1223 3688 1276 emittunt.

2116 1316 2380 1385 Augures,
2403 1315 2493 1384 qui
2525 1313 2748 1383 auguria
2787 1320 2842 1366 et
2879 1311 3089 1366 volatus
3131 1319 3293 1379 atque
3322 1327 3486 1366 voces
3517 1312 3690 1364 avium

2119 1405 2418 1460 intendunt.
2446 1403 2698 1472 Auspicia
2726 1403 2870 1456 enim
2913 1402 3054 1456 ultro
3083 1402 3321 1455 veniunt.
3350 1402 3561 1456 Fatuus
3595 1410 3691 1464 est,

2120 1497 2212 1566 qui
2241 1497 2383 1566 quod
2409 1495 2552 1550 fatur
2579 1510 2685 1548 non
2713 1493 2978 1563 intelligit,
3007 1509 3181 1562 neque
3205 1495 3344 1562 quod
3372 1495 3463 1547 alii
3492 1494 3692 1554 dicunt,

2123 1595 2176 1640 et
2197 1586 2392 1640 dicitur
2417 1599 2627 1639 excors.
2677 1585 2752 1638 De
2776 1598 2882 1652 quo
2911 1584 2966 1637 in
3020 1583 3306 1653 Evangelio
3334 1601 3348 1636 :
3377 1583 3482 1648 Qui
3510 1584 3695 1636 dixerit

2127 1679 2270 1749 fatue
2289 1677 2499 1748 (Matth.
2528 1693 2579 1742 v,
2605 1677 2718 1748 22).
2740 1675 2922 1732 Genus
2945 1678 3087 1730 enim
3117 1677 3340 1731 convicii
3371 1686 3474 1730 est.
3496 1677 3695 1737 Racha,

455 1778 590 1842 nati,
609 1754 695 1830 vel
723 1777 813 1846 qui
837 1777 1032 1830 barbas
1053 1791 1158 1828 non
1183 1775 1398 1837 habent,
1424 1774 1536 1829 sive
1557 1774 1649 1843 qui
1670 1773 1891 1827 alterius
1911 1770 2020 1825 for—
2051 1754 2093 1812 Β
2123 1771 2283 1842 473
2300 1769 2476 1824 inanis
2493 1777 2546 1824 et
2574 1784 2791 1833 vacuus,
2812 1769 2926 1823 sive
2947 1769 3149 1837 absque
3175 1769 3418 1822 cerebro.
3440 1767 3538 1820 Est
3559 1767 3700 1821 enim

454 1867 777 1920 nicationem
827 1866 1110 1920 sustinent.
1141 1863 1217 1917 De
1259 1864 1453 1932 quibus
1480 1861 1804 1931 Apostolus:
1841 1859 2021 1930 Neque

454 1953 633 2008 molles
662 1971 874 2022 regnum
895 1952 989 2006 Dei
1011 1952 1360 2024 possidebunt,
1403 1951 1755 2005 masculorum
1780 1949 2024 2005 concubi-

456 2053 612 2107 tores,
657 2044 867 2096 comites
909 2041 1299 2112 fornicantium,
1328 2041 1605 2105 immundi,
1634 2039 1839 2110 polluti,
1882 2040 2024 2093 coin-

455 2133 656 2203 quinati
688 2131 738 2204 (Ι
764 2132 885 2186 Cor.
912 2148 986 2197 vt,
1027 2130 1134 2203 10),
1185 2133 1317 2187 socii
1357 2131 1667 2196 luxuriosis,
1711 2131 2021 2201 pollutores,

460 2221 750 2285 deformes,
780 2221 1170 2286 commaculati,
1204 2222 1290 2276 vel
1318 2221 1408 2290 qui
1440 2222 1671 2292 propriis
1697 2221 1946 2275 manibus
1969 2234 2026 2275 se

458 2310 752 2366 sordidant.
805 2311 1118 2382 Impudicia
1145 2310 1331 2382 podice
1373 2321 1398 2347 ⁸
1451 2319 1733 2376 vocantur,
1779 2319 2026 2382 putorem

456 2401 600 2455 enim
623 2399 846 2455 fetorem
875 2401 1140 2456 dicimus:
1174 2402 1286 2456 sive
1321 2401 1642 2472 impudicus,
1674 2401 1764 2470 qui
1789 2401 2024 2471 turpitu-

459 2491 641 2545 dinem
669 2490 868 2560 ﬂagitio
890 2489 1069 2545 infert.

529 2579 635 2634 Sed
658 2588 712 2634 et
737 2580 836 2634 alia
863 2581 989 2633 vitia
1014 2595 1132 2648 quae
1170 2579 1295 2633 licet
1345 2595 1411 2635 ex
1441 2581 1808 2650 superioribus
1849 2582 2029 2636 orian-

458 2677 568 2733 tur,
615 2669 737 2724 aliis
769 2676 947 2721 tamen
977 2668 1110 2722 locis
1150 2679 1462 2733 censentur,
1495 2671 1634 2724 sicut
1664 2671 2024 2742 sacrilegium,

462 2759 607 2827 quod
633 2756 962 2828 Augustinus
991 2761 1129 2812 inter
1153 2767 1356 2828 septem
1381 2761 1506 2814 vitia
1540 2771 1766 2831 reputat.
1791 2762 2029 2820 Sacrile-

462 2866 608 2922 gtum
638 2859 721 2905 est
743 2864 1020 2904 sacrarum
1041 2867 1220 2906 rerum
1244 2851 1464 2918 furtum,
1491 2870 1610 2924 quze
1629 2863 1811 2925 postea
1837 2856 1888 2909 in
1919 2856 2031 2910 ido-

461 2940 635 2994 lorum
661 2939 862 2994 cultum
894 2940 1107 2994 cedunt.
1142 2940 1294 2996 Unde
1320 2942 1614 3012 sacrilegus
1661 2943 1853 3006 dictus,
1881 2944 1948 2998 ab
1967 2958 2032 2998 eo

459 3029 602 3098 quod
632 3043 784 3083 sacra
806 3028 956 3097 legit,
987 3039 1040 3083 et
1063 3028 1272 3083 furatur
1303 3040 1487 3085 contra
1512 3031 1658 3102 leges
1692 3051 1703 3085 :
1734 3033 1818 3087 vel
1865 3034 2034 3088 sacri-

457 3119 632 3192 legus,
665 3135 819 3174 sacra
849 3120 963 3176 loca
985 3121 1208 3175 violans.
1240 3121 1465 3176 Faciunt
1491 3125 1592 3178 hoc
1631 3123 1870 3180 ecclesiae
1896 3140 2033 3195 pra:-

459 3212 645 3267 dones.
675 3213 844 3267 Fures
866 3228 897 3266 a
918 3212 1074 3267 furuo
1101 3213 1230 3267 dicti
1257 3222 1405 3278 sunt,
1430 3215 1481 3269 id
1506 3223 1610 3278 est,
1639 3232 1670 3270 a
1694 3213 1843 3270 fusco
1869 3234 1882 3268 :
1908 3231 2032 3270 nam

461 3302 637 3357 noctis
660 3303 858 3357 adeunt
883 3312 1111 3372 tempus.
1146 3302 1296 3357 Unde
1324 3303 1466 3356 inter
1495 3302 1665 3358 furem
1689 3313 1744 3358 et
1772 3305 2034 3360 latronem

461 3391 566 3446 hoc
589 3390 768 3446 diil'ert
792 3411 804 3445 :
829 3393 920 3460 qui
943 3391 1175 3445 alienum
1201 3393 1491 3457 subtrahit,
1523 3393 1609 3446 fur
1633 3403 1747 3458 est;
1775 3396 1864 3462 qui
1889 3394 2034 3449 fura-

460 3490 551 3534 tur
573 3489 628 3534 et
651 3483 867 3545 occidit,
899 3481 1036 3535 latro
1056 3491 1159 3543 est,
1185 3498 1215 3535 a
1244 3483 1458 3536 latendo
1487 3484 1629 3536 enim
1651 3483 1846 3538 dicitur
1870 3484 2030 3540 latro.

462 3571 672 3640 Perjuri
699 3573 969 3635 dicuntur,
999 3573 1090 3641 qui
1117 3587 1403 3642 perperam
1424 3572 1628 3641 jurant,
1664 3575 1714 3628 id
1741 3584 1844 3639 est,
1871 3576 2028 3630 male.

465 3658 740 3726 Falsidici,
768 3661 857 3729 qui
888 3661 1031 3715 aliud
1056 3662 1238 3715 fantur
1265 3678 1426 3732 quam
1449 3678 1652 3717 verum.
1682 3665 1874 3720 Ebrius
1900 3667 2033 3720 dici-

463 3758 573 3814 tur,
603 3751 695 3819 qui
723 3751 790 3804 ad
819 3759 1029 3818 tempus
1058 3753 1196 3806 bibit
1227 3771 1240 3804 :
1282 3752 1547 3818 ebriosus,
1575 3754 1666 3822 qui
1696 3769 1925 3822 semper.
1957 3757 2032 3810 De

461 3854 567 3909 quo
585 3839 863 3910 Scriptura
893 3841 1129 3895 :Ebriosi
1155 3859 1368 3911 regnum
1395 3841 1490 3896 Dei
1521 3860 1623 3896 non
1651 3856 2030 3919 consequentur

461 3928 670 4000 (Ibid.).
698 3929 992 3983 Acediosus
1020 3931 1086 3984 ab
1111 3931 1294 3986 acedia
1323 3931 1540 3996 dicitur,
1571 3932 1660 4001 qni
1705 3933 2030 3988 anxietatem

461 4019 571 4074 sive
594 4019 809 4073 L'cdium
832 4021 1011 4075 cordis
1041 4021 1262 4090 patitur,
1289 4022 1380 4090 qui
1409 4030 1461 4076 et
1491 4021 1799 4078 inconstans
1825 4025 1905 4077 vel
1938 4042 2032 4079 va-

459 4125 558 4179 gus
588 4110 787 4164 dicitur
811 4128 823 4164 :
851 4111 918 4164 ab
946 4111 1213 4180 aliquibus
1241 4111 1384 4165 enim
1407 4111 1546 4166 inter
1569 4121 1692 4167 octo
1719 4115 1845 4168 vitia
1875 4132 2024 4185 repu-

459 4207 623 4253 tatur.
657 4199 927 4254 Patricida
979 4209 1033 4254 et
1075 4202 1341 4271 parricida
1393 4204 1495 4257 hoc
1519 4203 1736 4258 differt:
1769 4208 2030 4275 patricida

457 4296 561 4351 est,
587 4288 679 4357 qui
717 4298 995 4357 parentem
1045 4291 1262 4356 occidit,
1291 4293 1582 4360 parricida,
1614 4296 1703 4364 qui
1734 4311 1916 4364 parem
1939 4306 2030 4352 aut

2125 1877 2291 1932 genus
2315 1860 2671 1929 despectionis
2694 1861 2806 1914 sive
2827 1860 2940 1913 iraa.
2975 1859 3125 1915 Unde
3156 1860 3208 1913 in
3235 1859 3531 1928 Evangelio
3555 1875 3570 1912 :
3603 1859 3698 1923 Qui

2125 1951 2313 2005 dixerit
2339 1951 2600 2020 fratrisuo
2626 1950 2785 2004 racha
2815 1949 3028 2020 (Matth.
3055 1949 3235 2018 v,22).
3255 1949 3366 2004 lloc
3384 1957 3700 2017 estprover—

2125 2044 2269 2099 bium
2292 2043 2642 2112 provinciale.
2658 2044 2796 2098 Ecce
2811 2044 2942 2098 vilia
2959 2045 3196 2099 breviter
3211 2045 3436 2114 digesta,
3463 2059 3571 2112 per
3589 2059 3699 2112 qus

2126 2132 2418 2186 humanum
2440 2148 2606 2202 genus
2625 2147 2656 2185 a
2678 2133 2889 2187 diabolo
2917 2134 3156 2202 quotidie
3189 2133 3559 2204 impugnatur.

2197 2221 2271 2274 De
2292 2228 2486 2276 caetero
2512 2221 2684 2276 sciant
2709 2223 3013 2278 sacerdotes
3039 2222 3265 2287 Christi,
3302 2223 3428 2292 quia
3465 2223 3702 2290 quoties—

2129 2325 2338 2379 cunque
2389 2311 2456 2364 ad
2497 2311 2865 2380 pmnitentiam
2918 2312 3210 2367 Christiani
3247 2314 3538 2377 accedunt,
3569 2312 3696 2382 jeju-

2131 2403 2364 2456 nandum
2402 2410 2483 2455 est
2512 2402 2662 2471 prius
2705 2417 2827 2456 cum
2854 2403 2954 2466 eis,
2982 2418 3081 2473 pro
3109 2418 3294 2457 eorum
3324 2403 3621 2465 erratibus,
3651 2411 3702 2456 ut

2130 2507 2237 2546 non
2263 2491 2472 2545 dicatur
2499 2491 2577 2544 eis
2603 2491 2746 2560 quod
2771 2493 3140 2546 sacerdotibus
3165 2491 3478 2546 Iudaeorum
3504 2492 3702 2545 dictum

2132 2591 2213 2636 est
2235 2597 2265 2636 a
2292 2581 2516 2636 Domino
2546 2599 2558 2634 :
2590 2580 2679 2635 Vw
2706 2582 2845 2636 vobis
2875 2581 3000 2651 legis
3029 2583 3226 2650 peritis,
3249 2583 3373 2651 quia
3404 2582 3702 2650 aggravatis
3776 2571 3784 2582 ’

2132 2673 2398 2737 homines,
2451 2673 2768 2743 imponentes
2815 2690 2969 2739 super
3010 2673 3253 2728 humeros
3307 2690 3491 2727 eorum
3542 2689 3704 2726 onera

2133 2765 2332 2834 grauia,
2371 2765 2471 2835 ipsi
2503 2774 2677 2818 autem
2701 2765 2864 2834 digito
2891 2775 3056 2818 vestro
3089 2782 3191 2818 non
3215 2767 3430 2834 tangitis
3463 2765 3705 2818 sarcinas

2134 2871 2311 2909 eorum
2349 2853 2501 2926 (Luc.
2534 2871 2612 2919 XI,
2660 2854 2772 2925 46).
2819 2854 2986 2910 Nemo
3035 2855 3180 2910 enim
3229 2864 3407 2924 potest
3429 2855 3704 2924 iacentem

2135 2942 2234 2995 sub
2265 2957 2428 2996 onere
2450 2941 2747 3003 sublevare,
2779 2943 2882 2996 nisi
2910 2942 3244 2997 inclinaverit
3266 2959 3344 3006 se,
3379 2953 3432 2996 et
3461 2943 3704 3015 porrigat

2139 3032 2189 3088 ei
2217 3047 2454 3088 manum.
2501 3031 2683 3102 Neque
2717 3031 2856 3086 ullus
2905 3033 3233 3087 medicorum
3285 3031 3508 3086 vulnera
3559 3031 3713 3085 inﬁr-

2057 3088 2102 3152 ο
2137 3121 2399 3174 mantium
2428 3088 2841 3190 potest-curare,
2867 3121 2968 3175 nisi
3000 3120 3258 3177 fetoribus
3289 3121 3564 3191 particeps
3590 3119 3708 3174 fue-

2137 3213 2224 3266 rit.
2254 3211 2331 3266 lta
2365 3227 2576 3281 quoque
2595 3212 2847 3267 sacerdos
2872 3212 2954 3265 vel
2987 3211 3227 3281 pontifex
3255 3227 3451 3267 curare
3481 3211 3710 3264 vulnera

2137 3317 2242 3355 non
2267 3309 2471 3372 potest,
2500 3302 2602 3364 nisi
2632 3311 2920 3380 prmstante
2957 3302 3312 3357 sollicitudine
3333 3309 3387 3356 et
3411 3302 3668 3355 oratione
3694 3317 3708 3353 :

2136 3401 2192 3446 et
2217 3391 2428 3460 quoties
2454 3391 2663 3446 dederis
2687 3392 2970 3447 consilium
2996 3392 3257 3461 peccanti,
3299 3390 3460 3446 simul
3486 3405 3711 3460 quoque

2135 3485 2201 3540 da
2224 3485 2298 3538 illi
2320 3485 2694 3554 ptenittntiam
2715 3486 2918 3550 statim,
2942 3494 3201 3555 quantum
3229 3485 3421 3540 debeat
3434 3483 3708 3554 ieiunare,

2134 3584 2189 3630 et
2218 3575 2484 3630 redimere
2512 3585 2730 3645 peccata
2755 3592 2871 3642 sua,
2893 3593 2960 3631 ne
2995 3576 3133 3632 forte
3163 3578 3710 3645 obliviscaris,quan-

2136 3678 2246 3723 tum
2273 3685 2397 3724 eum
2422 3680 2665 3740 oporteat
2701 3673 3000 3736 abstinere;
3033 3672 3128 3726 tibi
3157 3673 3300 3726 enim
3323 3686 3549 3726 necesse
3585 3679 3673 3725 est
3691 3710 3707 3732 ,

2135 3767 2195 3813 ut
2225 3761 2419 3814 iterum
2450 3761 2517 3816 ab
2541 3777 2604 3816 eo
2627 3761 2883 3831 exquiras
2913 3772 3132 3832 peccata
3153 3802 3165 3823 ,
3195 3763 3320 3830 quia
3357 3760 3446 3814 ille
3474 3761 3710 3818 forsitan

2134 3851 2401 3905 erubescit
2433 3851 2626 3906 iterum
2655 3860 2878 3920 peccata
2925 3869 3019 3907 sua
3069 3853 3331 3908 conﬁteri.
3388 3851 3508 3908 Non
3560 3853 3706 3912 enim

2133 3956 2322 3996 omnes
2343 3941 2524 3996 clerici
2557 3951 2649 3996 aut
2681 3943 2820 3998 ullus
2842 3943 3012 4012 laicus
3038 3945 3176 3999 hanc
3197 3943 3525 4012 scripturam
3553 3958 3708 3998 usur-

2132 4047 2262 4103 pare
2289 4040 2383 4086 aut
2427 4032 2602 4103 legere
2636 4033 2850 4096 debent.
2882 4035 2983 4094 nisi
3010 4033 3109 4090 soli
3141 4033 3216 4086 illi
3256 4032 3454 4101 quibus
3484 4045 3710 4088 necesse

2132 4131 2244 4188 est;
2278 4124 2380 4178 hoc
2408 4131 2532 4178 sunt
2557 4123 2790 4194 episc0pi
2825 4123 2910 4177 vel
2950 4121 3270 4194 presbyteri,
3299 4122 3501 4192 quibus
3525 4121 3708 4178 claves

2135 4211 2284 4280 regni
2323 4213 2558 4267 cmlestis
2579 4213 2790 4267 traditae
2831 4222 2975 4284 sunt,
3006 4214 3053 4283 si
3075 4229 3172 4268 nec
3195 4212 3400 4282 judicia
3430 4213 3536 4268 ista
3559 4211 3698 4265 alius

2133 4315 2392 4369 usurpare
2443 4301 2621 4355 debet.
2673 4300 2730 4356 Si
2772 4311 2950 4358 autem
2991 4303 3284 4364 necessitas
3327 4301 3597 4363 evenerit,
3652 4308 3706 4356 et

459 4377 695 4479 socium,
717 4376 1036 4442 Fratricida,
1055 4380 1145 4448 qui
1164 4379 1382 4457 fratrem
1405 4383 1620 4438 occidit.
1649 4383 2025 4451 llomicidium,
2055 4423 2105 4481 Ι)
2131 4395 2414 4462 presbyter
2458 4409 2566 4447 non
2594 4393 2758 4448 fuerit
2783 4410 3050 4466 pausans,
3095 4395 3351 4451 diaconus
3383 4393 3412 4432 b
3446 4394 3705 4463 suscipiat

459 4466 814 4536 compositum
843 4483 907 4521 ex
937 4468 1152 4522 homine
1173 4478 1227 4522 et
1258 4470 1422 4534 cmde,
1453 4473 1594 4526 unde
1640 4482 1695 4526 et
1737 4473 2022 4530 homicida.

459 4553 815 4626 Stultiloquus
839 4565 943 4622 est,
979 4557 1079 4626 qui'
1106 4558 1280 4627 turpia
1309 4566 1365 4613 et
1393 4559 1559 4616 risum
1588 4563 1857 4616 moventia
1901 4580 2029 4617 nar-

459 4655 564 4701 rat.
595 4647 747 4702 Unde
775 4657 830 4703 et
851 4648 1240 4720 stultiloquium
1266 4650 1399 4705 nihil
1425 4651 1476 4705 in
1504 4668 1562 4706 se
1590 4652 1801 4721 sapiens
1842 4655 2022 4711 habet.

459 4737 774 4793 Scurrilitas
798 4747 852 4793 et
890 4739 1222 4809 jocularitas,
1254 4756 1372 4810 qua:
1401 4742 1727 4796 conveniunt
1757 4757 1822 4798 ex
1845 4744 2023 4814 aliqua

455 4827 760 4897 prudentia,
791 4827 956 4882 risum
991 4838 1209 4884 movent
1247 4831 1606 4897 audientibus,
1633 4832 1827 4900 quibus
1856 4835 2026 4905 magis

457 4918 710 4974 convenit
744 4917 948 4988 lugere.
998 4919 1295 4990 Turpitudo
1343 4929 1447 4985 est,
1480 4937 1600 4977 cum
1630 4920 2028 4978 inflammantur

457 5025 648 5064 sensus
675 5009 845 5064 nostri
876 5010 944 5064 ad
987 5009 1260 5065 libidinem
1313 5021 1365 5066 et
1419 5015 1598 5068 carnis
1647 5014 2024 5070 titillationem.

455 5099 646 5154 Anima
677 5100 844 5172 ignita
873 5101 1237 5164 succenditur,
1269 5110 1323 5153 et
1352 5102 1481 5156 nihil
1529 5103 1623 5157 Dei
1649 5105 1839 5159 timore
1862 5106 2029 5160 refre-

456 5197 634 5244 natur.
663 5189 946 5245 ldololatra
979 5190 1196 5253 dicitttr,
1213 5191 1302 5259 qui
1336 5191 1491 5247 idolis
1515 5195 1679 5248 servit
1706 5213 1718 5248 :
1749 5203 1806 5250 et
1832 5195 1884 5249 in
1903 5213 2028 5265 pro-

455 5281 614 5348 pheta
641 5279 999 5336 idololatriam
1057 5297 1200 5351 stepc
1251 5280 2022 5356 fornicationem‘appellatam

457 5370 756 5427 invenimus
787 5391 800 5427 :
831 5381 887 5428 et
915 5373 1008 5443 qui
1040 5372 1158 5443 plus
1188 5389 1464 5428 nummum
1511 5391 1673 5443 quam
1705 5376 1869 5430 Deum
1899 5377 2021 5431 dili-

455 5459 549 5530 git,
579 5461 909 5532 seulpturam
939 5464 1143 5518 nummi
1175 5463 1321 5528 colit,
1348 5472 1402 5519 et
1449 5463 1588 5519 idola
1641 5466 1694 5522 in
1737 5467 1816 5521 eis
1839 5468 2021 5523 caelata

525 5582 550 5646 ξ
585 5570 840 5646 [Inputat-2'
869 5575 1127 5646 a‘poidice.
1154 5574 1385 5630 Prorsus
1407 5576 1603 5646 inepte.

522 5637 551 5678 δ
587 5637 870 5695 Diaconus.
904 5637 1034 5699 Vide
1069 5643 1329 5710 Martene,
1360 5647 1450 5701 lib.
1492 5637 1602 5701 ide
1639 5647 1822 5719 Antiq.
1873 5649 2016 5706 Eccl.

2132 4483 2522 4552 paenitentiam,
2548 4499 2612 4538 ac
2637 4484 2727 4538 det
2754 4494 2996 4554 sanctam
3033 4486 3486 4550 communionem.

2205 4584 2227 4611 ο
2270 4573 2508 4642 Denique
2553 4575 2806 4631 sacerdos
2833 4577 2934 4631 hac
2975 4578 3294 4632 auctoritate
3324 4577 3568 4632 imbutus
3594 4577 3700 4630 sive

2131 4674 2497 4736 compunctus,
2531 4669 2828 4738 suscipiens
2876 4671 3249 4741 pcenitentem,
3299 4672 3343 4730 si
3401 4671 3576 4728 laicus
3599 4679 3695 4729 est.

2131 4757 2350 4812 dimisso
2370 4757 2561 4812 baculo
2591 4776 2602 4812 :
2637 4761 2879 4830 quisquis
2920 4777 3048 4817 vero
3095 4762 3182 4820 ille
3227 4770 3328 4826 est,
3374 4763 3490 4816 sive
3517 4763 3692 4821 laicus,

2129 4846 2242 4900 sive
2273 4846 2520 4911 clericus,
2548 4849 2662 4903 sive
2691 4851 3006 4914 monachus,
3041 4851 3353 4922 suppliciter
3397 4865 3455 4905 se
3486 4851 3691 4907 inclinet

2127 4945 2252 4991 ante
2299 4939 2651 4993 sacerdotem.
2683 4940 2834 5006 Tunc
2859 4942 3110 5000 sacerdos
3159 4943 3292 4998 dicit
3319 4941 3461 4997 hanc
3512 4942 3686 4996 oratio

2128 5044 2252 5082 nem
2285 5028 2544 5082 :Domine
2568 5029 2708 5083 Deus
2752 5033 3094 5100 omnipotens,
3130 5033 3388 5102 propitius
3422 5042 3536 5088 esto
3574 5031 3691 5086 mihi

2125 5117 2402 5184 peccatori,
2431 5127 2485 5170 ut
2515 5118 2768 5188 condigne
2792 5122 2991 5189 possim
3007 5122 3102 5176 tibi
3124 5123 3324 5191 gratias
3348 5139 3524 5192 agere,
3552 5131 3695 5176 etre-

2127 5205 2290 5276 liqua.
2317 5206 2518 5265 Deinde
2535 5207 2725 5276 jubeat
2752 5227 2874 5266 eum
2903 5213 3158 5268 sacerdos
3187 5213 3375 5276 sedere
3403 5222 3592 5271 conta
3617 5228 3692 5267 se.

2129 5304 2184 5350 et
2209 5297 2437 5367 colloqui
2466 5313 2588 5352 cum
2617 5315 2683 5364 eo
2718 5301 2784 5354 de
2820 5302 3144 5372 supradictis
3166 5301 3335 5362 vitiis.
3363 5303 3486 5357 sive
3498 5303 3692 5366 exhor-

2129 5385 2422 5452 tationibus
2442 5386 2655 5452 divinis,
2681 5403 2752 5442 ne
2778 5388 2916 5444 forte
2952 5406 3056 5460 pro
3074 5391 3396 5446 verecundia
3427 5400 3529 5444 aut
3548 5391 3690 5458 igna-

2126 5476 2236 5542 via,
2263 5477 2375 5534 sive
2414 5479 2682 5542 oblivione
2710 5480 2912 5552 aliqttid
2938 5481 3212 5552 putridum
3252 5481 3306 5536 in
3335 5482 3498 5545 corde
3529 5493 3687 5534 rema-

2129 5585 2360 5658 llitibus,
2389 5603 2505 5658 cap.
2532 5587 2585 5650 6,
2615 5598 2716 5643 art.
2751 5588 2805 5651 6,
2833 5606 2885 5644 n.
2919 5591 2967 5642 7.

2201 5667 2221 5694 ο
2257 5657 2414 5722 lbid.,
2443 5657 2544 5711 art.
2574 5660 2627 5713 5.
