3914 6178
284 264 414 322 1197

1089 270 1238 327 OPP.
1279 267 1680 325 SUPPOSITA.
1712 294 1783 304 —-
1820 265 1947 321 LIB.
1991 266 2075 319 DE
2114 266 2363 324 DlVlNlS
2397 272 2483 330 OF
2490 272 2703 332 FICIIS.

3380 282 3514 337 “98

276 384 423 444 neat,
451 393 549 450 per
587 381 732 451 quod
768 383 962 440 ίιειιιιω
1006 381 1248 443 diabolus
1290 396 1415 436 eum
1464 380 1533 437 ad
1581 380 1844 436 vomitum
1873 381 1921 441 Α
1945 380 2124 429 menta
2166 375 2605 446 multiplicentur,
2637 397 2760 437 cum
2807 384 3082 456 Scriptura
3115 387 3297 444 dicat:
3339 389 3520 456 Quad-

274 469 483 536 peccati
510 470 755 530 reducat.
802 474 1120 533 Consideret
1164 479 1328 533 etiam
1358 494 1566 544 sexum,
1602 490 1842 552 aetatem,

272 559 655 625 conditionem,
696 572 916 633 statum,
954 582 1263 637 personam,
1294 578 1350 627 et
1395 575 1689 629 secundum
1716 575 1843 644 hoc,

271 653 336 735 ut
355 648 458 703 sibi
483 651 656 707 visum
683 652 864 719 fuerit,
889 655 1096 728 singula
1118 674 1344 730 quasque
1365 661 1635 731 dijudicet,
1664 666 1716 720 id
1738 677 1845 735 est,

269 731 479 802 aliquos
507 752 538 790 a
563 738 697 795 cibis
717 742 1056 809 abstinendo,
1081 745 1214 800 alios
1242 747 1610 821 eleemosynas
1644 731 1841 823 dando,

268 825 555 882 nonnullos
591 830 785 898 saepius
841 830 1104 890 ﬂectendo
1136 851 1340 907 genua,
1403 840 1517 896 sive
1573 842 1628 896 in
1685 860 1845 902 cruce

266 914 479 979 stando,
503 925 597 971 aut
623 918 825 989 aliquid
863 922 1009 978 aliud
1046 923 1371 993 huiusmodi,
1393 931 1536 999 quod
1563 933 1632 988 ad
1652 935 1845 991 animm

186 988 193 993 ’
262 1003 489 1061 salutem
518 988 765 1077 pertinet.
789 1008 904 1066 Non
938 1015 1187 1071 omnibus
1221 1032 1348 1073 vero
1393 1036 1497 1074 una
1549 1024 1843 1094 eademque

264 1096 518 1155 discretio
543 1100 636 1166 sit,
677 1103 965 1175 unicuique
1008 1107 1220 1170 horum,
1252 1111 1356 1166 hoc
1395 1120 1498 1175 est,
1541 1115 1682 1169 inter
1705 1117 1840 1171 divi-

263 1196 374 1243 tem
402 1199 457 1245 et
476 1206 788 1262 pauperem,
810 1195 1041 1253 liberum
1064 1206 1116 1254 et
1137 1214 1372 1265 servum,
1409 1202 1551 1257 inter
1578 1205 1837 1262 infantem

258 1287 316 1333 et
349 1297 600 1351 puerum,
619 1284 873 1354 juvenem
902 1295 959 1343 et
990 1288 1405 1359 adolescentem,
1432 1301 1591 1350 aetate
1628 1312 1831 1362 senem,

261 1371 509 1429 hebetem
544 1382 599 1429 et
622 1375 1155 1442 stultum,-scientem
1188 1389 1242 1435 et
1268 1382 1534 1453 ignarum,
1562 1385 1755 1443 laicum
1782 1398 1839 1445 et

257 1460 519 1517 clericum
541 1503 557 1529 ,
602 1468 930 1523 monachum
966 1479 1022 1525 et
1057 1470 1367 1542 episcopum
1389 1514 1404 1538 ,
1457 1477 1835 1549 presbyterum

256 1559 311 1604 et
345 1551 655 1621 diaconum,
695 1557 1085 1614 subdiaconum
1128 1568 1182 1615 et
1223 1561 1504 1629 lectorem,
1536 1565 1591 1619 in
1639 1568 1830 1638 gradu,

255 1638 311 1693 in
360 1641 609 1715 coniugio
658 1646 742 1701 vel
786 1648 903 1703 sine
950 1648 1235 1721 coniugio,
1282 1653 1424 1709 inter
1456 1655 1720 1727 virginem
1778 1670 1833 1717 rt

1947 480 2148 535 cunque
2186 477 2352 536 potest
2399 485 2589 523 manus
2621 482 2714 525 tua
2747 473 2942 542 facere,
2977 478 3233 534 instanter
3258 496 3473 549 sperare
3496 495 3516 536 :

1945 554 2070 624 quia
2091 570 2183 609 nec
2203 571 2354 627 opus,
2384 573 2476 612 nec
2502 559 2660 627 ratio,
2687 576 2780 614 nec
2804 563 3058 632 sapientia
3082 566 3178 619 erit
3203 567 3342 636 apud
3384 568 3517 637 infe-

1946 660 2053 709 ros,
2099 659 2202 714 quo
2230 652 2288 698 tu
2335 662 2583 717 properas
2633 646 2829 719 (Eccle.
2880 665 2972 717 ιι,
3023 651 3132 723 10).
3179 653 3375 708 Contra
3413 655 3516 711 ista

1948 734 2130 789 omnia
2151 737 2554 807 suscipiendum
2581 746 2666 795 est
2684 739 2904 807 bellum,
2921 750 2976 795 et
2990 743 3186 797 acriter
3201 746 3515 814 gcrcnjnm,

1943 836 2014 878 ne
2052 826 2120 880 ad
2162 828 2487 885 damnabilia
2525 841 2749 901 peccata
2794 831 3172 902 perducantur.

2013 911 2144 968 Post
2187 914 2288 970 ista
2313 919 2495 973 omnia
2519 928 2759 976 scrutata
2787 930 2841 976 et
2886 927 3236 994 pmnitentem
3263 927 3518 981 corrobo-

1945 1011 2147 1070 ratum,
2172 1005 2470 1081 interrogat
2492 1026 2617 1068 eum
2651 1015 2926 1081 sacerdos,
2959 1015 3144 1072 dicens
3176 1035 3190 1073 :
3234 1017 3415 1073 Credis
3460 1020 3515 1074 in

1940 1087 2110 1143 Deum
2144 1091 2357 1149 Patrem
2398 1107 2446 1151 et
2475 1097 2676 1154 Filium
2714 1111 2761 1156 et
2793 1101 3050 1173 Spiritum
3089 1109 3365 1161 sanctum?
3401 1107 3509 1161 Re-

1940 1181 2205 1247 Spondeat
2237 1186 2527 1256 pmnitcns,
2558 1188 2745 1246 Credo.
2790 1224 2862 1233 —
2895 1194 3076 1250 Credis
3102 1198 3226 1268 quia
3265 1199 3380 1253 ista:
3408 1208 3512 1253 tres

1937 1283 2197 1338 personat,
2224 1289 2357 1343 quas
2381 1278 2533 1334 modo
2561 1280 2671 1335 dimi
2691 1322 2707 1349 ,
2743 1282 2908 1338 Pater
2931 1296 2979 1339 et
3020 1286 3066 1339 F
3070 1287 3191 1343 ilius
3215 1299 3260 1343 et
3283 1288 3506 1360 Spiritus

1937 1367 2172 1426 sanctus,
2206 1379 2340 1419 unus
2364 1364 2498 1422 Deus
2524 1370 2586 1423 sit
2608 1372 2632 1424 τι
2654 1370 3010 1443 Respondeat,
3042 1374 3507 1435 Credo.—Credis

1933 1446 2060 1515 quia
2080 1447 2134 1503 in
2153 1450 2251 1504 hac
2278 1452 2391 1523 ipsa
2410 1471 2585 1523 carne,
2606 1460 2660 1513 in
2686 1478 2790 1532 qua
2826 1464 2982 1518 modo
3017 1482 3093 1533 es,
3124 1484 3389 1538 resurgere
3413 1472 3509 1528 Ita-

1935 1533 2053 1600 bes,
2086 1546 2134 1592 et
2166 1542 2390 1612 recipere
2413 1546 2518 1599 sive
2550 1547 2738 1603 bonum
2762 1552 2868 1607 sive
2893 1553 3113 1624 malum,
3143 1568 3296 1630 prout
3332 1577 3505 1631 gesse-

1935 1624 2008 1680 ris
2026 1626 2052 1680 7
2071 1656 2146 1669 -—
2172 1629 2361 1688 Credo.
2388 1666 2460 1674 —
2495 1634 2582 1692 Vis
2610 1640 2867 1699 dimittere
2899 1644 3007 1699 illis
3027 1649 3118 1719 qui
3143 1624 3214 1704 vin
3241 1660 3291 1706 te
3323 1624 3507 1722 pecca-

254 1727 533 1799 feminam,
570 1735 710 1789 inter
762 1738 1075 1793 canonicam
1126 1748 1181 1796 et
1223 1725 1712 1812 sanctimonialem,
1743 1748 1828 1803 in-
1865 1728 1910 1787 Β
1934 1725 2347 1812 δ’θνυηθοωηὶὧ
2378 1736 2434 1781 ω
2474 1738 2522 1783 ει
2567 1731 2660 1785 ubi
2696 1732 2838 1788 De”
2881 1736 3107 1791 dimi-um
3132 1751 3344 1810 peccata
3391 1752 3504 1809 ma’

255 1830 340 1878 ter
377 1825 581 1882 debiles
629 1836 685 1883 et
732 1829 1003 1897 inﬁrmos,
1035 1831 1178 1888 inter
1212 1850 1386 1891 sanos
1432 1845 1488 1891 et
1526 1853 1721 1908 aegros.
1754 1840 1830 1894 De

251 1915 514 1984 qualitate
558 1917 720 1974 etiam
764 1931 1111 1990 peccatorum
1147 1923 1446 1993 hominum,
1480 1927 1623 1984 inter
1656 1930 1829 1986 conti-

252 2014 468 2073 rientem
494 2016 549 2063 et
577 2009 990 2069 incontinentem
1006 2055 1021 2080 ,
1061 2023 1244 2071 utrum
1268 2018 1546 2076 voluntate
1566 2022 1649 2076 vel
1674 2037 1823 2090 casu,

252 2094 338 2151 vel
360 2096 413 2153 in
434 2099 748 2156 abscondito
778 2119 790 2155 :
829 2103 973 2173 quali
996 2107 1408 2176 compunctione
1431 2112 1705 2178 emendet,
1731 2129 1829 2170 ne-

253 2187 507 2244 cessitate
540 2198 597 2244 et
635 2192 944 2260 voluntate;
995 2194 1113 2250 loca
1158 2205 1215 2251 et
1257 2206 1506 2269 tempora
1532 2201 1821 2258 discernat.

251 2277 511 2334 Attendat
533 2282 695 2336 etiam
718 2285 988 2350 sacerdos,
1015 2293 1075 2341 ut
1099 2286 1233 2343 salvi
1257 2288 1368 2343 sint
1393 2304 1610 2357 omnes,
1636 2302 1690 2348 et
1718 2308 1822 2350 non

250 2367 638 2439 pusillanimes,
677 2373 803 2441 quia
835 2382 1081 2445 potentes
1112 2385 1362 2448 potenter
1402 2388 1671 2440 tormenta
1725 2400 1823 2456 pa-

251 2461 471 2516 tientur.
504 2461 639 2518 Item
677 2462 835 2520 Iesus
858 2466 997 2522 (ilius
1022 2465 1219 2526 Sirach
1248 2488 1261 2524 :
1303 2470 1370 2527 In
1389 2472 1686 2543 judicando
1715 2486 1823 2533 esto

249 2552 569 2631 ntisericors,
586 2553 797 2624 pupillis
832 2565 887 2611 ut
907 2566 1077 2629 pater,
1099 2568 1148 2614 et
1165 2577 1259 2631 pro
1289 2562 1397 2616 viro
1427 2566 1584 2620 matri
1609 2565 1821 2623 illorum

251 2628 440 2711 (Ereti.
470 2659 543 2709 rv,
570 2643 679 2712 10).
708 2645 776 2699 Et
807 2644 1037 2705 Iacobus
1060 2668 1072 2703 :
1100 2628 1372 2707 Iudicium
1392 2655 1505 2709 sine
1531 2657 1821 2713 misericor-

244 2732 338 2785 dia
378 2733 479 2787 erit
513 2732 594 2787 illi
623 2736 712 2804 qui
746 2752 849 2791 non
898 2738 1019 2807 fecit
1075 2742 1494 2797 misericordiam
1541 2745 1694 2817 (Jac.
1739 2763 1777 2802 ﬂ
1802 2788 1817 2812 ,

247 2825 371 2894 13).
405 2824 779 2895 Superexaltet
820 2839 1003 2885 autem
1045 2830 1730 2906 misericordia'judicinm,
1762 2848 1822 2893 ut

245 2916 393 2971 idem
416 2927 794 2988 consequatur,
822 2929 886 2974 ut
905 2929 1121 2976 sanctus
1144 2922 1484 2979 Benedictus.
1511 2924 1613 2993 Qui
1638 2942 1820 2987 veram

244 3007 621 3074 penitentiam
654 3007 877 3075 facitnt,
930 3021 1094 3082 agant
1137 3012 1193 3068 in
1234 3014 1443 3086 jejunio
1485 3026 1540 3072 et
1574 3016 1728 3083 ﬂetu,
1763 3020 1817 3075 in

1927 1805 2038 1877 ipso
2077 1810 2277 1869 dicente
2304 1828 2325 1868 :
2373 1815 2435 1873 Si
2462 1835 2566 1875 non
2606 1821 2911 1880 dimiseritis
2956 1805 3251 1883 hominibus
3291 1805 3505 1898 peccata

1924 1913 2234 1968 eorum,nec
2262 1904 2426 1962 Pater
2449 1921 2613 1971 vester
2635 1913 2852 1971 cazlestis
2881 1916 3105 1973 dimittet
3128 1919 3268 1974 vobis
3293 1933 3506 1993 peccata

1923 2000 2091 2047 restra
2122 1994 2337 2065 (Matth.
2364 2016 2416 2056 vr
2439 2042 2454 2068 ,
2496 2003 2624 2078 i5)?
2654 2004 2717 2061 Si-
2756 2009 2871 2064 vuit
2918 2011 3210 2080 dimittere,
3243 2015 3505 2085 suscipias

1924 2082 2040 2154 ejus
2061 2087 2474 2160 confessionem,
2499 2102 2553 2150 et
2575 2097 2780 2155 indices
2808 2100 2857 2154 ei
2886 2102 3261 2171 penitentiam
3290 2123 3302 2160 :
3330 2106 3376 2162 si
3397 2122 3505 2162 non

1921 2172 2057 2240 vult,
2102 2191 2211 2231 non
2235 2181 2500 2251 suscipias
2536 2183 2659 2253 ejus
2707 2186 3123 2246 confessionem.
3152 2192 3349 2249 Volens
3375 2209 3504 2252 vero

1923 2263 2197 2323 dimittere
2245 2271 2426 2326 omnia
2452 2273 2540 2329 his
2586 2276 2677 2345 qui
2725 2259 2783 2331 in
2824 2292 2883 2335 se
2915 2291 3298 2350 peccaverunt,
3336 2286 3504 2341 conii-

1924 2360 2101 2408 teatur
2153 2357 2333 2413 omnia
2370 2371 2592 2432 peccata
2644 2380 2748 2420 sua.
2788 2381 2908 2437 qua:
2958 2371 3239 2425 recordari
3301 2384 3500 2443 potest.

1923 2441 2341 2504 Przecavendum
2393 2460 2478 2507 est
2510 2461 2687 2510 tamen
2739 2458 3009 2513 sacerdoti
3061 2461 3128 2516 de
3178 2441 3506 2533 supradictis

1920 2538 2084 2607 vitiis,
2118 2541 2282 2619 474
2301 2552 2360 2603 ut
2383 2549 2435 2604 ei
2462 2551 2856 2610 exhortationis
2892 2558 3065 2627 gratia
3089 2559 3157 2613 ad
3184 2563 3504 2619 memoriam

1923 2629 2168 2699 reducat,
2199 2650 2265 2690 ne
2307 2637 2437 2708 quid
2474 2641 2798 2700 adversante
2849 2647 3081 2716 diabolo,
3116 2651 3384 2708 occultum
3419 2671 3504 2710 re-

1920 2734 2157 2780 maneat.
2181 2725 2298 2794 Quo
2324 2727 2488 2799 facto,
2525 2733 2645 2790 ﬁxis
2667 2737 2894 2807 genibus
2921 2740 2973 2794 in
3001 2751 3222 2811 terram,
3254 2754 3309 2800 et
3339 2761 3502 2816 super

1921 2811 2042 2880 ipsa
2089 2814 2307 2874 innixus
2362 2829 2549 2891 stans,
2610 2826 2925 2896 suppliciter
2982 2833 3149 2889 tensis
3210 2837 3499 2904 manibus,

1920 2905 2115 2965 blando
2155 2927 2220 2967 ac
2255 2912 2421 2971 ﬂebili
2453 2918 2602 2974 vultu
2637 2923 2933 2993 respiciens
2960 2928 3316 2997 sacerdotem,
3356 2931 3501 2987 dicat

1922 2997 2011 3053 his
2034 3003 2216 3057 verbis
2243 3022 2254 3056 :
2289 3005 2451 3061 Multa
2478 3010 2694 3078 quidem
2731 3022 2787 3068 et
2807 3014 3222 3073 innumerabilia
3248 3030 3373 3076 sunt
3394 3022 3497 3077 alia

244 3098 604 3172 eleemosynis
659 3110 715 3157 et
766 3104 1124 3173 orationibus,
1166 3113 1224 3161 et
1270 3117 1580 3178 perpetrata
1622 3111 1816 3167 iterum

1925 3103 2144 3161 peccata
2188 3110 2324 3162 mea,
2358 3113 2478 3169 quae
2527 3104 2799 3161 reCordari
2847 3122 3077 3177 nequeo,
3123 3110 3177 3165 in
3219 3111 3395 3179 factis,
3442 3116 3495 3170 in

245 3209 353 3248 non
382 3192 591 3251 faciant
627 3211 643 3250 :
679 3205 734 3252 et
760 3198 804 3253 si
834 3197 1052 3265 faciant,
1096 3207 1274 3256 tamen
1318 3217 1428 3256 non
1473 3212 1821 3272 perseverent

245 3285 299 3339 iu
320 3286 421 3351 eis,
453 3288 577 3357 quia
599 3288 857 3346 Dominus
884 3291 1020 3347 dixit
1053 3310 1066 3345 :
1109 3291 1311 3348 Malum
1336 3295 1634 3364 cogitastis,
1671 3297 1821 3367 igno-

244 3392 297 3430 vt
319 3417 333 3441 ,
364 3378 566 3432 malum
596 3379 832 3446 dixistis,
871 3382 1083 3454 ignovn;
1122 3384 1323 3439 malum
1353 3384 1581 3453 fecistis,
1607 3389 1813 3457 ignovi;

242 3482 591 3536 perseverare
614 3470 668 3524 in
698 3471 842 3526 malo
865 3488 970 3528 non
997 3472 1408 3545 ignosco.,Ergo
1431 3475 1522 3544 qui
1560 3491 1813 3546 perseve-

242 3571 367 3618 rant
387 3563 443 3617 in
473 3564 636 3630 malo,
658 3580 765 3619 non
787 3567 1045 3636 ignoscet,
1065 3577 1123 3622 et
1142 3569 1221 3623 sic
1241 3568 1422 3638 jndiea
1448 3568 1653 3638 justum
1675 3571 1816 3641 judi-

240 3651 386 3713 cium
417 3657 711 3711 secundum
738 3672 973 3713 canones
995 3697 1011 3722 ,
1045 3667 1107 3713 ut
1150 3659 1241 3715 alii
1272 3662 1520 3716 timorem
1556 3663 1811 3718 habeant.

312 3746 499 3815 Neque
547 3747 651 3800 hoc
700 3734 1057 3801 omittendum
1101 3756 1219 3811 est,
1261 3750 1388 3818 quia
1438 3759 1660 3819 propter
1714 3755 1817 3807 ista

239 3847 463 3909 peccata
497 3836 774 3906 aﬂligimnt
803 3836 1030 3906 ﬂagellis
1052 3839 1471 3909 temporalibus:
1499 3840 1621 3894 inde
1646 3845 1816 3898 susci-

243 3937 429 3984 tantur
461 3928 621 3992 bella,
665 3927 999 3983 incursiones
1047 3942 1414 3998 paganorum,
1452 3930 1811 3999 captivitates,

238 4018 578 4087 pestilentia,
608 4015 801 4081 fames,
829 4016 1209 4088 aegritudines,
1256 4019 1617 4075 mortalitates
1643 4021 1815 4075 hemi-

241 4127 371 4166 num
416 4120 578 4181 atque
628 4109 974 4175 animalium,
1036 4111 1246 4177 morbi,
1304 4110 1811 4180 iueommotitates,

240 4203 384 4258 aeris
417 4203 705 4266 siccitates,
743 4201 1136 4265 inundationes,
1176 4200 1485 4271 pluviarum
1528 4212 1815 4273 tempesta—

242 4303 343 4359 tes,
379 4293 611 4348 tonitrua
637 4299 798 4362 atque
823 4290 1032 4362 fulgura
1066 4292 1248 4355 noxia,
1281 4291 1622 4348 inclementia
1654 4292 1815 4364 frigo-

1919 3180 2078 3237 dictis
2116 3191 2170 3239 et
2197 3188 2633 3258 cogitationibus,
2660 3209 2759 3263 pro
2792 3196 2988 3266 quibus
3012 3202 3263 3257 omnibus
3294 3204 3493 3264 misera

1918 3288 2077 3330 mens
2100 3291 2218 3332 mea
2248 3282 2641 3355 compungitur,
2659 3294 2714 3340 et
2739 3290 2849 3342 acri
2884 3290 3152 3348 interdum
3176 3296 3492 3364 poenitentia

1914 3366 2212 3434 cruciatur,
2251 3368 2480 3441 ideoque
2524 3376 2841 3443 'consilium,
2872 3379 2979 3435 imo
3007 3378 3275 3450 judicium
3317 3394 3487 3451 tamn,

1916 3456 2007 3525 qui
2050 3468 2330 3530 sequester
2371 3477 2436 3518 ac
2462 3466 2671 3522 medius
2692 3468 2833 3525 inter
2852 3470 3022 3526 Deum
3062 3482 3123 3528 et
3147 3487 3490 3547 peccatorem

1915 3544 2186 3604 hominem
2220 3552 2507 3612 ordinatus
2533 3571 2611 3624 es,
2645 3561 2870 3631 supplex
2899 3544 3178 3635 deprecor,
3225 3576 3287 3623 et
3310 3578 3367 3623 ut
3393 3585 3493 3641 pro

1914 3637 2115 3693 eisdem
2145 3644 2381 3710 peccatis
2420 3649 2555 3704 meis
2601 3650 2930 3709 intercessor
2962 3657 3186 3727 existas,
3219 3660 3496 3718 humiliter

1916 3726 2162 3797 imploro.
2191 3731 2308 3798 Quo
2338 3738 2580 3803 perdicto
2613 3748 2782 3797 totum
2827 3758 2887 3799 se
2925 3745 2980 3802 in
3014 3754 3215 3803 terram
3255 3759 3493 3820 proster-

1914 3826 2028 3883 nat,
2085 3822 2315 3888 gemitus
2370 3834 2533 3894 atque
2584 3832 2816 3900 suspiria
2849 3833 2935 3886 vel
2986 3834 3275 3906 lacrymas,
3333 3850 3497 3909 prout

1916 3907 2057 3962 Deus
2085 3909 2312 3977 dederit,
2344 3914 2412 3967 ab
2465 3915 2655 3973 intimo
2690 3920 2868 3976 cordis
2895 3923 3179 3992 producat.
3223 3907 3493 3985 Sacerdos

1915 4013 2045 4055 vero
2073 4000 2313 4071 patiatur
2342 4020 2466 4062 eum
2505 4008 2892 4084 aliquantisper
2913 4015 3096 4085 jacere
3133 4028 3488 4089 prostratum,

1906 4087 2065 4158 juxta
2112 4098 2255 4165 quod
2302 4097 2498 4153 viderit
2534 4114 2656 4155 eum
2710 4103 2887 4159 divina
2934 4087 3286 4178 inspiratione
3335 4087 3489 4168 com;

1912 4190 2193 4251 punctum.
2241 4187 2443 4244 Deinde
2469 4189 2657 4261 jubcat
2698 4208 2823 4249 eum
2867 4199 3121 4254 sacerdos
3168 4215 3409 4272 surgere,
3436 4212 3492 4258 et

1914 4285 2040 4328 cum
2068 4278 2281 4333 steterit
2311 4295 2474 4350 super
2503 4282 2667 4351 pedes
2707 4299 2856 4353 suos,
2884 4303 3007 4343 cum
3046 4297 3280 4348 tremore
3311 4300 3366 4348 et
3391 4293 3490 4348 bu-

240 4382 340 4449 ris,
364 4383 705 4440 vehementia
750 4383 981 4445 ardoris,
1015 4397 1175 4453 reges
1202 4382 1394 4452 iniqui,
1422 4389 1671 4452 potentes
1714 4398 1810 4438 seu

1925 4366 2143 4423 militate
2169 4371 2510 4439 praestoletur
2551 4374 2815 4446 judicium
2847 4382 3162 4450 sacerdotis,
3205 4392 3265 4439 et.
3288 4386 3491 4442 indicat

234 4442 448 4549 iudices
484 4476 702 4545 ρθεοίιηί
722 4515 737 4540 ,
770 4442 976 4537 bestia,
1007 4442 1197 4530 mgna,
1241 4442 1313 4529 δι’
1347 4442 1541 4529 δδίιιηη
1590 4473 1809 4528 similia.
1844 4442 1972 4549 οιᾳὶ
1988 4458 2239 4514 sacerdos
2267 4442 2649 4519 abstinentiam
2675 4465 2789 4523 sive
2814 4442 3237 4538 observantiam,
3264 4489 3491 4545 perpen-

240 4568 468 4638 Propter
492 4568 594 4623 ista
619 4568 784 4622 etiam
829 4564 1184 4629 emendanda,
1214 4564 1622 4637 promulgantur
1643 4564 1811 4634 leges,

239 4659 537 4715 decernunt
565 4655 735 4726 iusta,
766 4664 1072 4727 proponunt
1115 4656 1398 4726 supplicia,
1426 4654 1666 4720 vincula,
1696 4662 1814 4710 tor-

238 4759 411 4815 turas,
459 4747 687 4821 ﬂagella,
734 4747 954 4812 exsilia,
984 4747 1381 4816 amputationes
1422 4745 1811 4808 membrorum,

237 4840 561 4896 amissiones
582 4853 783 4900 rerum,
816 4845 1020 4891 mortes
1047 4836 1246 4892 diversi
1267 4834 1503 4906 generis,
1530 4842 1586 4889 et
1611 4832 1812 4889 auferri

239 4939 518 5001 nequeunt
546 4931 617 4985 de
642 4928 859 4983 mundo.
888 4927 977 4981 Fit
1007 4927 1174 4981 etiam
1214 4926 1615 4981 ecclesiasticus
1639 4926 1825 5013 vigor,-

236 5023 555 5094 correptio,
596 5019 1101 5081 excommunicatio,
1153 5019 1219 5073 de
1267 5016 1495 5074 ecchssia
1544 5017 1813 5079 exelusio,

239 5114 386 5184 leges
430 5111 789 5182 pmnitentim,
846 5109 1321 5166 anathematizatio
1362 5122 1383 5162 ε
1414 5108 1815 5163 constituuntur

230 5201 465 5272 iudices,
491 5202 745 5258 insistunt
790 5199 998 5266 oﬂicia,
1044 5201 1334 5256 mittantur
1363 5200 1586 5265 ultores,
1613 5206 1671 5253 ut
1699 5200 1819 5254 hinc

240 5295 606 5365 corrigantur,
637 5301 694 5348 et
720 5291 921 5348 auferri
944 5307 1051 5348 non
1078 5300 1307 5363 possunt
1332 5292 1399 5345 de
1424 5289 1686 5345 Ecclesia.
1719 5288 1818 5345 His

239 5401 372 5442 vero
391 5386 630 5456 peccatis
663 5399 878 5456 semper
908 5384 1271 5450 manentibus,
1293 5384 1419 5447 heu,
1456 5384 1591 5453 proh
1626 5382 1821 5437 dnlori'

240 5488 351 5534 tam
379 5476 559 5535 securi
598 5478 874 5547 pergimus
906 5477 976 5532 ad
1020 5477 1283 5535 tenebras
1309 5476 1628 5539 exteriores,
1661 5475 1816 5545 quasi

242 5570 317 5626 ibi
339 5571 496 5627 nobis
529 5569 775 5629 cubicula
804 5576 1174 5632 exstruantur,
1202 5566 1409 5627 delicia:
1428 5573 1815 5636 prmparentnr,

242 5661 481 5720 ministri
528 5671 913 5731 procurentur,
969 5649 1207 5720 thesauri
1246 5664 1623 5729 congerantur,
1658 5670 1820 5712 orna-

1913 4547 2046 4604 dens
2075 4552 2344 4609 subtiliter
2369 4571 2613 4626 personae
2653 4562 3002 4633 qualitatem,
3040 4567 3258 4622 modum
3296 4569 3487 4642 culpm,

1912 4639 2269 4698 intentionem
2313 4647 2503 4715 animi,
2530 4658 2585 4704 et
2616 4652 2862 4720 corporis
2888 4653 3248 4713 valetudinem
3271 4658 3357 4714 vel
3383 4639 3490 4716 im-

1912 4730 2282 4790 becillitatem.
2333 4735 2594 4808 Percepta
2648 4749 2829 4796 autem
2873 4745 3141 4800 sententia
3169 4748 3486 4817 sacerdotis,

1912 4818 2109 4874 iterum
2129 4833 2435 4892 prosternet
2460 4842 2520 4883 se
2544 4830 2842 4887 sacerdotis
2878 4834 3126 4904 pedibus,
3158 4840 3273 4907 ejus
3300 4849 3489 4908 petens

1911 4929 2013 4984 pro
2034 4931 2094 4970 se
2124 4917 2426 4973 orationem
2450 4919 2585 4986 ﬂeri,
2604 4929 2667 4978 ut
2691 4935 2943 4994 suggerat
2968 4926 3020 4982 ei
3045 4928 3225 4984 divina
3248 4930 3487 4987 visitatio

1910 5005 2168 5062 virtutem
2213 5017 2526 5070 constanter
2569 5012 2892 5071 observandi
2954 5032 3076 5087 qua:
3115 5018 3191 5075 illi
3248 5020 3484 5092 injuncta

1911 5104 2057 5163 sunt,
2081 5107 2137 5153 et
2160 5098 2237 5154 ita
2275 5112 2590 5160 reverenter
2637 5109 2935 5164 sacerdotis
2976 5107 3184 5178 judicio
3213 5113 3489 5184 obtempe—

1913 5201 2057 5252 rare,
2092 5190 2205 5244 acsi
2240 5192 2308 5246 ab
2352 5193 2470 5263 ipso
2494 5196 2689 5252 divinae
2726 5197 3024 5268 maiestatis
3049 5216 3155 5258 ore
3186 5201 3484 5274 opportuna

1916 5275 2107 5334 salutis
2144 5294 2256 5336 sua:
2285 5285 2678 5344 medicamenta
2709 5292 3049 5361 suscepisset.
3302 5338 3305 5343 ς

1989 5369 2324 5442 Quapropter
2347 5387 2563 5448 oportet
2592 5383 2661 5437 ad
2681 5385 3054 5453 penitentiam
3086 5387 3349 5443 accedere
3367 5403 3490 5445 eum

1917 5471 2063 5526 omni
2095 5469 2310 5534 ﬁducia,
2337 5479 2393 5525 et
2426 5487 2497 5527 ex
2521 5470 2627 5527 ﬁde
2652 5473 2877 5530 credere
2899 5474 3284 5542 indubitanter,
3313 5476 3491 5548 pani-

1921 5560 2093 5631 teptia
2132 5560 2337 5616 aboleri
2361 5575 2522 5631 posse
2544 5571 2787 5632 peccata,
2816 5562 3029 5619 etiamsi
3071 5565 3124 5621 in
3153 5563 3349 5621 ultimo
3371 5564 3493 5618 vitae

1921 5651 2113 5722 spiritu
2144 5651 2441 5707 commissa
2477 5652 2755 5722 pmniteatt
2785 5662 2838 5709 et
2855 5652 3069 5723 publica
3108 5654 3492 5713 lamentatione
