3914 6178
455 250 586 304 1199
1295 250 1348 304 Β.
1388 250 1447 303 F.
1489 250 1713 303 ALBINI
1753 247 1885 302 SEU
1920 248 1967 300 Ar

2072 248 2194 302 [ΗΜ
2231 250 2511 308 OPERUM
2550 254 2726 310 PARS
2764 256 2855 312 ιι.
3552 266 3691 325 £200

442 376 662 439 peccata
684 369 999 438 prodantur,
1028 368 1153 436 quia
1186 381 1291 420 non
1320 367 1432 420 vult
1462 366 1601 418 Deus
1626 370 1864 417 mortem
1876 373 2018 431 ‘pec-
2043 365 2090 421 Δ
2118 371 2677 427 commemorationem
2709 373 2922 427 illarum
2949 389 3129 429 rerum
3152 390 3287 445 --qu:e
3318 392 3428 432 suo
3455 379 3525 434 sin
3556 390 3688 438 tem.

441 460 663 524 ceteris,
689 460 783 513 sed
809 468 868 512 ut
893 458 1129 512 salvatus
1160 456 1506 510 miseratione
1538 454 1631 508 Dei
1658 454 1805 507 vivat
1839 472 1851 505 :
1890 467 2013 507 nam
2117 470 2247 524 pore
2267 468 2650 526 peractaisunt,
2681 464 2932 533 agimus:
2972 474 3033 519 ut
3071 466 3241 521 illud:
3273 469 3693 543 Quotiescumque

438 558 646 606 secreta
670 550 1037 605 satisfactione
1070 547 1202 602 solvi
1243 546 1490 602 mortalia
1527 546 1755 601 crimina
1789 562 1893 600 non
1922 561 2015 600 ne-

436 659 648 713 gamus,
673 626 984 713 quotidiana
1012 656 1143 697 vero
1185 640 1431 709 leviaque
1466 647 1715 708 peccata,
1751 639 1867 693 sine
1895 638 2012 706 qui-

433 732 535 787 bus
586 732 820 787 hominis
846 732 959 786 vita
1007 747 1112 785 non
1166 730 1401 794 ducitur,
1438 727 2009 783 Dominica'Oratione

432 833 750 894 purgantur,
783 841 1012 895 quorum
1053 832 1136 879 est
1155 823 1335 877 dicere
1374 841 1386 876 :
1421 823 1637 875 Dimitte
1666 822 1831 885 nobis,
1872 822 2008 874 sicut

429 925 475 967 et
505 931 598 967 nos
621 914 949 968 dimittimus.
975 913 1106 967 Nam
1154 914 1269 981 ipsa
1308 911 1647 982 eleemosyna
1682 918 1765 965 est
1792 911 2004 964 veniam

430 1005 631 1059 homini
677 1005 959 1074 puenitenti
1007 1005 1302 1074 ignoscere.
1340 1002 1494 1058 Unde
1528 1003 1785 1056 Dominus
1817 1020 1829 1055 :
1869 1002 2003 1055 Date

424 1094 824 1165 eleemosynam,
868 1104 915 1148 et
946 1096 1123 1149 omnia
1148 1095 1347 1148 munda
1386 1093 1684 1148 'sunt'vob‘is
1712 1090 1861 1162 (Luc.
1904 1108 1958 1146 x1
1984 1132 1998 1155 ,

422 1185 534 1257 41).
567 1185 871 1240 Mensuram
904 1200 1034 1240 vero
1068 1185 1325 1255 temporis
1352 1185 1407 1238 in
1428 1184 1633 1253 agenda
1657 1176 1996 1253 pmnitentia,

423 1279 623 1333 idcirco
643 1294 753 1333 non
784 1280 916 1333 satis
945 1286 1147 1333 attente
1172 1276 1455 1348 praeﬁgunt
1481 1290 1715 1331 canones
1742 1290 1840 1345 pro
1864 1291 1998 1329 uno-

419 1384 632 1439 quoque
661 1370 908 1434 crimine,
924 1370 1017 1425 sed
1035 1369 1204 1439 magis
1230 1369 1284 1422 in
1300 1367 1525 1422 arbitrio
1541 1367 1800 1420 antistitis
1828 1365 1994 1419 relin-

417 1470 612 1530 quunt,
658 1463 783 1531 quia
808 1463 948 1532 apud
982 1462 1148 1516 Deum
1180 1473 1287 1513 non
1314 1466 1533 1514 tantum
1569 1458 1711 1512 valet
1739 1472 1995 1512 mensura

416 1554 677 1623 temporis
733 1569 894 1623 quam
952 1553 1174 1619 doloris,
1226 1566 1326 1608 nec
1379 1552 1702 1607 abstinentia
1749 1552 1991 1607 ciborum

412 1661 576 1716 quam
604 1647 948 1702 mortificatio
987 1648 1259 1701 vitiorum.
1296 1644 1401 1702 Sed
1449 1653 1505 1700 et
1556 1646 1659 1700 hoc
1712 1644 1989 1699 sciendum

2113 545 2362 615 feceritis,
2389 559 2492 606 etc.
2522 550 2795 608 Habemus
2821 571 2956 626 opus
2969 558 3294 626 praecedens
3333 560 3691 634 oleemosyn‘a:

2112 641 2394 706 praesentis
2418 643 2648 711 sabbati,
2671 648 2813 714 quod
2852 647 3148 714 imitemur,
3177 657 3231 704 et
3255 651 3325 704 ad
3367 655 3690 709 memoriam

2109 730 2279 783 nostri
2332 732 2668 789 reducamus.
2721 735 2832 790 Cur
2872 740 3018 792 enim
3065 740 3169 793 isto
3212 741 3299 794 die
3332 742 3687 815 eleenmSyna

2108 818 2389 884 specialius
2413 820 2481 874 ab
2498 823 2790 891 apostolico
2819 826 3109 893 tribuatur,
3125 844 3247 883 cum
3269 831 3417 884 omni
3445 841 3689 902 tempore

2104 903 2279 960 danda
2331 908 2433 962 sit?
2485 908 2719 967 Joannes
2759 914 3088 984 evangelista
3136 917 3355 986 inquit:
3407 920 3542 975 Ante
3594 939 3689 977 sea:

2103 993 2213 1048 dies
2242 995 2464 1053 Paschte
2489 1002 2623 1054 venit
2652 1003 2807 1057 Jesus
2849 1006 2905 1058 in
2932 1005 3244 1061 Bethaniam
3268 1011 3325 1063 in
3353 1011 3568 1065 domum
3599 1013 3686 1068 Si-

2101 1089 2269 1142 monis
2296 1088 2508 1159 leprosi,
2538 1094 2710 1164 ibique
2726 1095 2989 1151 Lazarum
3012 1101 3425 1170 quatriduanum
3459 1107 3685 1159 resusci-

2100 1180 2247 1243 tavit,
2280 1179 2610 1253 feceruntque
2657 1187 2705 1239 ei
2736 1204 2933 1241 canam
2963 1190 3055 1243 ibi.
3110 1190 3285 1245 Maria
3327 1210 3450 1262 ergo
3481 1199 3682 1265 accepit

2097 1267 2285 1323 libram
2330 1275 2600 1342 unguenti,
2629 1286 2678 1329 et
2704 1279 2854 1332 unxit
2900 1280 3055 1350 pedes
3082 1281 3294 1336 Domini
3326 1283 3510 1353 (Joan.
3552 1288 3677 1357 xu}.

2095 1358 2405 1429 lndignante
2427 1378 2524 1431 pro
2548 1366 2651 1421 hoc
2678 1365 2813 1422 Iuda
2842 1371 3139 1439 proditore,
3178 1371 3338 1429 'Jesus
3376 1376 3431 1429 in
3454 1375 3673 1433 laudem

2093 1449 2334 1506 mulieris
2360 1452 2434 1506 ita
2476 1458 2792 1525 respondit:
2825 1458 2968 1530 Opus
3022 1465 3212 1514 bonum
3248 1474 3467 1533 operata
3512 1477 3589 1521 est
3621 1469 3675 1522 in

2091 1556 2190 1594 me.
2242 1541 2546 1615 Ubicunque
2587 1547 2723 1603 enim
2754 1550 3099 1619 pra'dicatum
3146 1551 3326 1621 fuerit,
3368 1563 3425 1610 et
3466 1556 3671 1627 reliqua

2091 1627 2304 1698 (Matth.
2326 1649 2473 1700 xxvi,
2503 1635 2708 1709 10-15).
2732 1638 2835 1705 Qui
2863 1640 3006 1694 enim
3027 1641 3167 1697 bene
3193 1643 3347 1709 vivit,
3374 1647 3545 1714 pedes
3569 1649 3671 1702 Do.
3773 1660 3778 1664 '

411 1745 495 1790 est
517 1744 712 1790 utcum
726 1736 973 1791 venerint
990 1736 1132 1791 servi
1152 1736 1237 1790 vel
1266 1736 1473 1790 ancilla:
1497 1735 1563 1788 ad
1590 1734 1961 1804 paenitentiam

2090 1717 2220 1769 mini
2244 1730 2514 1789 unguento
2536 1725 2709 1795 ungit.
2742 1726 3085 1797 Unguentum
3115 1732 3258 1785 enim
3297 1733 3430 1788 illud
3454 1733 3667 1804 jnstitia

409 1841 516 1880 non
563 1842 656 1881 eos
685 1827 890 1896 cogatis
936 1835 1139 1881 tantum
1182 1825 1428 1896 jejunare
1473 1833 1729 1894 quantum
1770 1822 1984 1888 divites,

408 1915 537 1986 quia
563 1930 671 1970 non
698 1922 824 1970 sunt
878 1916 931 1971 in
971 1931 1067 1971 sua
1113 1922 1420 1984 potestate:
1460 1913 1686 1982 ideoque
1724 1911 1984 1966 medieta-

407 2015 517 2061 tem
555 2007 885 2078 ptenitentia:
921 2008 1001 2063 eis
1044 2007 1321 2078 imponite.
1366 2004 1493 2061 Post
1540 2008 1654 2060 lucc
1682 2019 1813 2058 vero
1840 2003 1984 2058 dicat

406 2098 662 2153 sacerdos
683 2112 846 2168 super
868 2113 990 2154 eum
1013 2098 1112 2152 has
1137 2096 1413 2152 orationes
1453 2115 1466 2150 :
1509 2093 1757 2160 Exaudi,
1798 2093 1982 2147 Domi-

406 2207 500 2256 ne,
520 2207 695 2261 preces
720 2198 946 2256 nostras,
977 2198 1025 2242 et
1055 2188 1146 2242 tibi
1167 2188 1522 2257 conﬁtentium
1549 2201 1703 2256 parce
1732 2183 1975 2255 peccatis.

400 2280 520 2337 Alia
564 2300 575 2335 :
618 2281 912 2336 Prwveniat
964 2281 1101 2334 hunc
1146 2277 1406 2349 famulum
1458 2287 1605 2331 tuum
1639 2290 1935 2347 qutr‘sumus
1961 2315 1975 2339 ,

400 2373 645 2439 Domine,
660 2371 1023 2427 misericordia
1051 2380 1162 2425 tua.
1180 2369 1296 2424 Alia
1318 2369 1561 2433 :Adesto,
1587 2368 1824 2431 Domine,
1848 2380 1975 2437 sup-

399 2466 770 2536 plicationibus
803 2465 1121 2529 nostris,nec
1149 2463 1217 2517 sit
1249 2463 1313 2516 ab
1338 2463 1436 2515 hoc
1461 2459 1661 2531 famulo
1689 2469 1798 2512 tuo.
1816 2458 1933 2511 Alia
1958 2475 1970 2510 :

400 2557 624 2611 Domine
653 2556 791 2609 Deus
834 2564 1028 2619 noster,
1059 2554 1147 2625 qui
1175 2553 1460 2623 oﬁ'ensione
1504 2559 1682 2604 nostra
1728 2566 1830 2602 non
1858 2549 1971 2602 vin-

397 2648 551 2700 ceris.
599 2645 717 2700 Alia
752 2664 764 2699 :
801 2644 956 2699 Adsis
990 2660 1313 2714 quaesumus,
1335 2641 1593 2705 Domine,
1625 2640 1746 2693 huic
1771 2636 1971 2709 famqu

394 2746 504 2790 tuo.
531 2735 649 2789 Alia
683 2754 696 2787 :
722 2735 806 2788 Da
832 2749 1150 2805 quazsumus,
1182 2731 1423 2797 Domine,
1466 2731 1588 2784 huic
1614 2727 1813 2799 famulo
1858 2737 1968 2782 tuo.

392 2825 513 2880 Alia
563 2840 578 2879 :
626 2825 842 2891 Precor,
898 2824 1159 2889 Domine,
1206 2823 1531 2878 clementiam
1573 2831 1678 2877 tute
1723 2820 1973 2890 majesta-

392 2917 460 2970 tis
492 2928 541 2983 ι,
571 2923 627 2970 et
655 2915 882 2985 reliqua.
932 2913 1137 2980 Quibus
1167 2913 1327 2968 dictis
1349 2911 1538 2981 iubeat
1582 2910 1834 2966 sacerdos
1858 2923 1973 2979 pue-

393 3008 655 3063 nitentem
700 3019 922 3076 surgere
956 3005 1020 3059 de
1066 3014 1256 3058 terra:
1289 3004 1384 3058 sed
1430 3010 1487 3058 et
1528 3002 1644 3073 ipse
1694 3006 1879 3071 surgat
1907 2998 1972 3054 de

2087 1805 2206 1899 fuit,
2236 1809 2461 1881 ideoque
2499 1813 2635 1871 libra
2684 1817 2802 1872 fuit.
2836 1818 2936 1886 Qui
2968 1823 3233 1891 superﬂua
3277 1825 3370 1880 dat
3416 1831 3671 1899 pauperi»

2084 1894 2201 1960 bus,
2239 1900 2404 1968 pedes
2448 1901 2660 1959 Domini
2693 1907 2900 1976 capillis
2944 1911 3056 1965 suis
3087 1919 3267 1984 tergit.
3315 1894 3545 1972 Domus
3569 1920 3671 1973 im-

2083 1985 2223 2055 pleta
2271 1998 2354 2043 est
2401 1991 2569 2048 odore
2616 1998 2906 2066 unguenti;
2944 2008 2999 2054 et
3037 2002 3270 2058 mundus
3317 2005 3559 2074 repletus
3585 2023 3671 2065 est

2081 2076 2223 2133 fama
2275 2083 2414 2137 bona
2452 2085 2715 2143 mulieris.
2745 2087 2896 2144 Unde
2942 2093 3268 2161 apostolicus
3310 2097 3393 2150 vir
3433 2100 3490 2153 in
3542 2116 3666 2157 me»

2079 2171 2306 2226 moriam
2360 2174 2718 2234 devotissima:
2780 2181 3020 2238 mulieris
3044 2224 3060 2248 ,
3125 2187 3384 2242 membris
3457 2188 3662 2248 Christi

2076 2260 2237 2316 hodie
2269 2262 2419 2331 facit,
2441 2268 2719 2338 quodipsa
2747 2268 2875 2325 fecit
2904 2274 3091 2342 capiti,
3131 2275 3332 2333 etideo
3365 2293 3396 2332 a
3427 2282 3664 2336 statione

2073 2353 2287 2421 publica
2314 2364 2488 2421 vacat,
2512 2373 2618 2412 non
2646 2366 2824 2414 tamen
2853 2376 2884 2415 a
2910 2353 3281 2439 celebratione
3302 2368 3504 2434 missae,
3536 2372 3658 2439 quia

2073 2443 2200 2499 huic
2227 2448 2443 2517 negotio
2471 2449 2690 2506 insistit.
2719 2452 2786 2507 Et
2827 2454 2955 2524 quia
2999 2457 3065 2510 de
3102 2457 3205 2512 hac
3243 2443 3377 2515 toria
3422 2462 3654 2519 cilicium

2070 2535 2351 2604 proprium
2392 2553 2498 2593 non
2542 2541 2789 2607 habetur,
2839 2544 2906 2599 de
2929 2544 3135 2601 eisdem
3174 2545 3327 2603 feriis
3370 2553 3653 2622 repeng
3752 2580 3757 2587 -

2073 2624 2126 2678 id
2170 2634 2275 2691 est,
2321 2627 2387 2683 de
2428 2639 2621 2699 quarta
2649 2632 2783 2686 feria
2813 2635 3108 2705 antiphona
3137 2655 3151 2691 :
3183 2637 3462 2696 Liberator
3488 2661 3649 2699 meus.

2070 2715 2257 2772 Lectio
2304 2719 2579 2776 Zachariae
2625 2725 2901 2793 prophetia
2938 2741 2953 2780 :
2992 2726 3119 2781 Hcce
3166 2730 3296 2784 dicit
3344 2731 3652 2789 Dominus:

2070 2812 2299 2870 Exsulta
2327 2818 2480 2883 satis,
2503 2810 2621 2886 filia
2651 2819 3003 2887 Hierusalem,
3037 2839 3151 2878 ecce
3190 2823 3305 2880 Rea:
3333 2808 3456 2881 tuus
3488 2831 3650 2884 ueniet

2069 2904 2161 2959 tibi
2178 2906 2359 2975 justus
2382 2917 2432 2963 et
2451 2910 2720 2976 salvator;
2747 2913 2856 2984 ipse
2877 2931 3075 2985 pauper
3095 2924 3142 2969 et
3166 2918 3457 2972 ascendens
3494 2936 3652 2989 super

2071 2995 2297 3061 asinam,
2322 3007 2370 3052 et
2419 3016 2575 3070 super
2610 3001 2813 3071 pullum
2859 3003 3030 3073 ﬁlium
3082 3007 3270 3074 asinae,
3315 3018 3372 3064 et
3416 3011 3645 3082 reliqua.

390 3098 543 3154 sedili
575 3112 691 3162 suo,
722 3104 778 3151 et
797 3068 851 3150 si
878 3096 996 3150 loco
1022 3095 1106 3150 vel
1154 3095 1384 3165 tempori
1427 3068 1705 3163 congruit,
1738 3068 1965 3162 ingressi
1998 3068 2046 3131 (ἶ
2075 3085 2423 3159 Evangelium
2452 3068 2970 3150 secundum'Lucam
3010 3111 3024 3149 :
3067 3095 3200 3152 Cum
3238 3068 3644 3174 appropinquas—

388 3188 697 3254 ecclesiam,
729 3195 784 3243 et
831 3202 994 3256 super
1026 3201 1196 3258 genua
1228 3185 1310 3241 vel
1360 3185 1572 3240 cubitus
1618 3192 1845 3253 uterque
1883 3182 1966 3235 in-

387 3281 566 3347 nixus,
591 3281 880 3335 decantent
900 3279 1137 3349 psalmos
1169 3296 1183 3331 :
1212 3278 1454 3343 Domine,
1474 3294 1537 3331 ne
1561 3276 1621 3330 in
1645 3276 1825 3347 furore
1850 3284 1959 3340 tuo,

386 3371 469 3425 ΙΙ.
512 3371 741 3425 Benedic
792 3373 971 3426 anima
1023 3387 1141 3424 mea
1171 3370 1477 3435 Dominum,
1503 3368 1552 3422 Ι.
1586 3368 1835 3422 Miserere
1862 3368 1962 3421 mei

384 3463 546 3516 Deus.
594 3461 736 3515 Deus
763 3462 819 3514 in
848 3462 1054 3514 nomine
1092 3471 1202 3513 tuo.
1234 3459 1375 3525 Quid
1401 3459 1693 3530 gloriaris?
1736 3459 1959 3522 Deinde,

385 3552 549 3622 Kyrie
576 3548 790 3604 eleison.
822 3549 985 3602 Pater
1009 3558 1200 3603 noster.
1220 3546 1434 3603 Salvum
1453 3548 1540 3618 [ac
1560 3563 1764 3602 servum
1788 3556 1954 3599 tuum.

382 3645 604 3700 Illustra
647 3644 834 3714 faciem
883 3653 1046 3697 tuam.
1092 3642 1244 3697 Mitte
1296 3644 1369 3698 eis
1394 3683 1409 3708 ,
1462 3642 1701 3698 Domine.
1751 3641 1956 3698 Oratio.

380 3738 544 3804 Deus,
573 3737 725 3807 cujus
775 3734 1104 3805 indulgentia
1153 3752 1300 3789 nemo
1347 3753 1452 3791 non
1496 3735 1712 3805 indiget.
1766 3734 1951 3789 Missa.

377 3824 684 3894 Antiphona
721 3842 734 3876 :
763 3822 842 3877 De
879 3822 1287 3877 necessitatibus.
1317 3821 1467 3878 Orat.
1512 3821 1654 3876 Deus
1688 3822 1776 3893 qui
1794 3822 1955 3892 justi-

378 3915 508 3985 βοτη
556 3915 793 3986 impium.
846 3913 1088 3982 Epistula
1131 3931 1145 3965 :
1185 3911 1454 3967 Lavamini
1479 3953 1493 3978 ,
1532 3912 1735 3967 mundi.
1788 3911 1952 3968 Grati.

378 4004 594 4063 Salvum
617 4005 703 4075 fac
717 4020 938 4059 servum.
957 4003 1305 4074 Evangelium
1322 4022 1335 4057 :
1352 4003 1471 4057 Duo
1498 4004 1752 4057 homines.
1784 4001 1954 4059 Olfer-

377 4110 482 4155 tor.
507 4097 755 4152 Miserere
788 4098 939 4162 mihi,
969 4096 1209 4151 Domine.
1226 4095 1400 4166 Super
1426 4096 1594 4151 oblat.
1614 4096 1812 4167 Hujus,
1841 4097 1953 4152 Do-

375 4192 533 4256 mine,
560 4191 749 4245 oirtute
770 4188 1021 4259 mysterii.
1037 4187 1194 4243 Com.
1226 4187 1365 4242 Deus
1390 4189 1663 4259 propitius.
1690 4189 1770 4243 Ad
1794 4188 1955 4244 Com-

373 4282 552 4353 plend.
582 4280 872 4350 Puriﬁcent
902 4296 1015 4345 nos,
1048 4279 1290 4333 Domine.
1321 4279 1519 4334 Eodem
1541 4281 1627 4335 die
1650 4280 1708 4334 lit
1730 4280 1951 4335 collecta

374 4374 443 4428 ad
484 4381 727 4429 sanctam
764 4370 1127 4425 Anastasiam.
1174 4369 1483 4439 Antiphona
1517 4388 1530 4423 :
1585 4370 1799 4424 Exaudi
1832 4388 1946 4437 nos,

372 4468 616 4533 Domine,
657 4467 903 4539 quoniam
931 4464 1171 4534 benigna.
1192 4462 1456 4517 Psalmus.
1491 4460 1705 4517 Salvum
1731 4480 1812 4517 me
1837 4463 1944 4533 fac,

372 4558 533 4612 Deus.
581 4555 799 4610 Interim
834 4552 1066 4625 ponendi
1117 4560 1243 4608 sunt
1291 4551 1503 4607 cineres
1552 4567 1716 4622 super
1747 4554 1941 4623 capita,

371 4650 514 4704 sicut
577 4647 871 4717 antipliona
926 4651 1176 4699 testatur.
1234 4640 1438 4698 Oratio.
1475 4640 1712 4697 Concede
1772 4644 1942 4709 nobis,

370 4736 610 4794 Domine.
632 4736 938 4806 Antiphona
970 4734 1039 4790 ad
1066 4733 1464 4804 processionem
1494 4750 1507 4787 :
1535 4731 1701 4787 Juxta
1722 4735 1944 4788 vestibu-

369 4828 498 4882 lum.
523 4826 657 4881 Item
680 4843 693 4878 :
723 4825 1083 4878 Immutemur.
1098 4822 1247 4877 Alia:
1267 4822 1433 4878 Parce
1454 4823 1693 4878 Domine.
1719 4821 1814 4878 His
1828 4822 1946 4878 ﬁni—

367 4920 456 4986 tis,
488 4916 734 4988 sequitur
756 4914 962 4969 litania.
1004 4913 1210 4968 Dehinc
1238 4914 1399 4968 statio
1429 4913 1494 4967 ad
1527 4911 1584 4967 S.
1630 4911 1906 4967 Sabinam.

434 5008 467 5050 δ
500 5007 795 5062 Sabbatum
840 5012 967 5059 ante
1000 5003 1234 5067 Palmas,
1259 5003 1335 5056 ita
1364 5003 1723 5074 praetitulatur
1763 5005 1816 5058 in
1844 5004 1943 5059 Sa-

364 5096 727 5157 cramentario
744 5112 757 5148 :
774 5093 1060 5149 Sabbatum
1085 5100 1253 5146 vacat.
1277 5090 1534 5145 Dominus
1562 5109 1699 5163 papa
1726 5092 1944 5147 eleemo-

363 5168 546 5261 synaiii
571 5187 682 5241 dat.
716 5183 971 5255 Cogitate
1019 5188 1233 5250 oportet
1256 5180 1488 5250 qualiter
1514 5181 1702 5237 eadem
1732 5181 1821 5238 die
1848 5198 1944 5255 po-

256 5312 270 5325 .
365 5275 631 5331 tissimum
670 5272 1010 5342 eleemosyna
1049 5268 1308 5324 tradenda
1360 5268 1450 5323 sit.
1502 5266 1600 5324 Ubi
1646 5270 1938 5324 notandum

364 5368 504 5434 quod
548 5382 612 5423 ea
645 5380 767 5437 qua:
799 5364 1030 5421 colimus
1062 5361 1215 5417 circa
1272 5359 1585 5416 Passionem
1634 5361 1844 5417 Domini
1889 5371 1945 5418 et

364 5454 832 5511 Heaut-rectionem
878 5460 1043 5524 atque
1098 5450 1488 5506 Ascensionem
1537 5450 1591 5503 in
1637 5450 1857 5519 cmlum,
1882 5452 1938 5507 in

433 5573 457 5601 τι
491 5561 587 5616 His
604 5560 897 5617 concordat
912 5558 1077 5614 Liber
1096 5553 1292 5611 Pontif.
1317 5554 1533 5624 Egberti
1561 5556 1919 5616 Eboracensis

362 5632 502 5702 apud
535 5630 776 5686 Martene
804 5630 839 5683 l.
865 5629 958 5686 cit.
987 5641 1108 5696 cap.
1142 5625 1193 5691 7,
1222 5639 1345 5696 pag.
1384 5626 1472 5680 ιι.
1536 5664 1549 5677 .

1971 4421 2027 4484 D

2060 3188 2140 3232 set
2184 3179 2363 3246 Iesus,
2389 3192 2439 3236 et
2464 3184 2682 3238 venisset
2724 3185 3022 3258 Bethphage
3049 3189 3117 3244 ad
3149 3200 3377 3245 montem
3431 3192 3639 3249 Oliuti.

2552 3288 2714 3361 475
2745 3290 2972 3348 CAPUT
3010 3294 3147 3350 xw.

2484 3381 2554 3418 Di“.
2603 3382 2855 3424 DOIINICA
2906 3386 2960 3423 IN
3008 3387 3215 3427 PALIIS.

2132 3449 2391 3507 Hesterna
2426 3453 2511 3510 die
2536 3455 2793 3514 Dominus
2816 3460 2870 3514 in
2898 3460 3157 3517 Bethania
3184 3466 3240 3520 in
3269 3468 3432 3524 domo
3452 3470 3642 3529 Simo-

2058 3540 2145 3596 nis
2187 3542 2452 3610 recubuit,
2503 3546 2605 3602 hoc
2650 3557 2754 3615 est,
2800 3560 2953 3607 sexto
2998 3554 3086 3610 die
3121 3565 3246 3611 ante
3288 3562 3635 3629 passionem.

2059 3631 2218 3687 hodie
2242 3649 2391 3701 vero,
2427 3638 2570 3706 quod
2595 3648 2680 3695 est
2702 3642 2888 3710 quinto
2921 3644 3008 3700 die
3033 3655 3159 3702 ante
3183 3648 3420 3718 Pascha,
3452 3656 3639 3712 exiens

2056 3724 2122 3780 de
2150 3724 2435 3796 Bethania,
2483 3732 2632 3788 misit
2676 3735 2811 3792 duos
2858 3739 3149 3809 discipulus
3183 3743 3239 3798 in
3280 3744 3634 3817 Hierusalem,

2056 3817 2243 3874 dicens
2271 3820 2351 3876 eis
2378 3838 2392 3874 :
2421 3820 2505 3877 Ite
2543 3824 2600 3878 in
2639 3827 2911 3883 castellum
2951 3832 3089 3902 quod
3124 3844 3306 3890 contra
3337 3853 3424 3891 vos
3465 3850 3561 3905 est,
3587 3852 3636 3895 et

2055 3906 2324 3965 invenietis
2352 3911 2558 3967 asinam
2584 3922 2632 3967 et
2659 3915 2862 3986 pullum
2892 3935 2910 3972 :
2941 3919 3123 3975 solvite
3141 3931 3189 3977 et
3215 3924 3462 3982 adducite
3487 3932 3631 3985 milii.

2057 3992 2162 4063 Qui
2194 3998 2442 4057 solventes
2485 4004 2816 4061 adduxerunt
2851 4009 2921 4061 ad
2953 4009 3158 4079 Jesum,
3193 4023 3243 4067 et
3277 4015 3633 4087 imposuerunt

2054 4090 2356 4146 vestimenta
2377 4109 2498 4159 sua,
2532 4103 2579 4149 et
2605 4112 2723 4150 eum
2754 4098 2976 4170 desuper
3014 4103 3192 4158 sedere
3214 4105 3470 4175 fecerunt.
3503 4110 3629 4167 Cum

2052 4192 2228 4237 autem
2251 4185 2483 4241 audisset
2510 4189 2681 4253 turba,
2715 4207 2833 4262 quae
2875 4207 3085 4251 venerat
3128 4200 3199 4252 ad
3236 4201 3376 4256 diem
3422 4204 3627 4274 festum,

2050 4275 2190 4343 quod
2232 4275 2385 4331 Iesus
2425 4290 2656 4350 pergeret
2703 4281 3056 4354 Hierusalem,
3102 4305 3414 4363 acceperunt
3459 4314 3629 4354 ramos

2050 4363 2382 4433 palmarum,
2420 4382 2768 4444 veneruntque
2804 4377 2853 4429 ei
2891 4379 3125 4445 obviam,
3160 4391 3222 4435 <et
3275 4384 3574 4442 clamabant
3607 4406 3628 4444 :

2054 4454 2292 4547 Osanna,
2315 4459 2609 4517 benedictus
2643 4465 2734 4535 qui
2761 4448 2918 4532 uenit,
2942 4477 2997 4523 et
3017 4470 3229 4541 reliqua
3256 4474 3482 4547 (Matth.
3513 4495 3627 4547 nl,

2053 4546 2115 4601 2i
2149 4549 2303 4622 seq.).
2348 4550 2424 4606 De
2452 4551 2552 4607 hac
2577 4552 2664 4610 die
2689 4556 2965 4613 sciendum
2996 4569 3080 4616 est
3103 4565 3246 4632 quod
3274 4546 3503 4625 diversis

2051 4638 2256 4696 cabulis
2282 4642 2645 4715 distinguitur,
2672 4647 2726 4703 id
2758 4657 2861 4716 est,
2888 4651 2999 4706 dies
3026 4652 3356 4724 Palmarum,
3389 4661 3507 4717 sive
3532 4662 3628 4720 ﬂo-

2051 4743 2194 4792 rum,
2223 4729 2335 4784 sive
2370 4746 2667 4801 ramorum,
2704 4735 2943 4807 Osanna,
2996 4741 3200 4798 Pascha
3236 4749 3476 4817 petitum,
3515 4754 3628 4807 sive

2048 4820 2486 4888 competentium,
2526 4831 2581 4878 et
2617 4827 2789 4896 capita
2815 4827 3122 4886 lavantium.
3165 4834 3292 4891 Dies
3320 4837 3623 4898 Palmam

2046 4906 2167 4962 ideo
2191 4908 2515 4977 celebratur,
2544 4914 2671 4983 quia
2717 4916 2773 4970 in
2796 4932 2862 4973 eo
2894 4918 3152 4977 Dominus
3180 4926 3407 4985 tendens
3436 4929 3627 4987 Hiero-

2046 4998 2329 5070 solymam,
2359 5006 2595 5060 occurrit
2624 5008 2675 5062 ei
2704 5009 2859 5064 turba
2887 5012 3138 5080 plurima,
3182 5018 3310 5075 hinc
3352 5021 3478 5077 inde
3516 5025 3622 5079 cla-

2047 5090 2263 5158 mando,
2302 5091 2538 5162 Osanna,
2587 5099 2728 5166 quod
2765 5100 3153 5171 interpretatur
3201 5108 3461 5179 saluiﬁca,
3511 5114 3623 5170 ve

2042 5180 2218 5276 salvos
2230 5196 2334 5276 nos
2361 5183 2464 5276 fac.
2505 5187 2603 5242 Est
2636 5190 2783 5245 enim
2827 5193 3083 5251 Hebraeus
3107 5213 3314 5265 sermo,
3351 5206 3446 5272 qui
3481 5208 3621 5276 apud

2044 5271 2163 5365 illus
2189 5273 2389 5365 dicitur
2417 5275 2651 5333 Osanna.
2676 5280 2741 5335 in
2770 5285 2937 5340 ramis
2960 5286 3259 5355 palmarum
3289 5271 3624 5365 signiﬁcatur

2043 5362 2289 5430 victoria,
2326 5380 2432 5434 qua
2465 5380 2583 5424 erat
2609 5370 2867 5429 Dominus
2895 5386 3121 5433 mortem
3156 5362 3439 5442 moriendo
3465 5402 3625 5458 supc-

2045 5460 2277 5519 raturus,
2308 5463 2467 5525 atque
2490 5472 2588 5527 per
2614 5467 2871 5533 tropaum
2895 5470 3072 5525 crucis
3096 5470 3166 5526 de
3189 5473 3408 5531 diabolo
3434 5478 3622 5533 mortis

2115 5561 2144 5647 ᾗ
2172 5561 2498 5647 Ama-larius,
2517 5568 2619 5647 -l_ib.
2652 5573 2772 5647 i_de
2798 5575 2955 5647 Eccl.
2970 5575 3148 5647 Oliic.,
3173 5593 3224 5638 c.
3249 5585 3303 5641 9.
3323 5587 3457 5643 Vide
3479 5588 3622 5642 Mar-

2044 5638 2168 5688 tene
2192 5632 2259 5689 de
2285 5637 2405 5689 Ant.
2432 5635 2639 5697 Eccles.
2669 5632 3462 5726 Disciplina,velli—urit“;
3479 5632 3613 5714 "ig-7.
