3914 6178
275 389 402 446 1201

265 601 464 659 guntur
516 595 659 653 dicta
706 599 928 660 Patrum
973 616 1026 664 et
1079 618 1337 686 exempla.
1386 620 1565 677 Turba
1600 624 1827 694 plurima

261 680 530 748 Signiﬁcat
568 684 1010 749 innumerabilem
1045 680 1340 774 martyrum
1375 680 1687 781 exercitum,
1735 716 1826 785 qui

260 784 484 839 corpora
533 789 631 830 sua
681 793 781 848 pro
824 783 1047 843 Domino
1093 794 1446 854 tradiderunt.
1496 783 1826 863 Vestimenta

242 1486 469 1546 Pascha:
496 1494 912 1569 solemnitatem,
958 1486 1154 1579 utqui
1191 1511 1304 1580 jam
1344 1518 1412 1572 ad
1455 1520 1548 1575 Dei
1586 1486 1813 1593 gratiam

239 1579 638 1648 percipiendam
687 1586 979 1658 festinant,
1033 1579 1203 1654 ﬁdem,
1251 1618 1411 1672 quam
1465 1579 1809 1684 confitentur,

235 1681 566 1737 cognoscant
588 1691 602 1727 :
625 1688 987 1746 competentes
1008 1687 1169 1751 enim,
1193 1694 1347 1760 quasi
1371 1696 1528 1752 simul
1547 1681 1802 1772 petentes,

232 1753 507 1824 dicuntur,
551 1760 606 1815 id
648 1772 749 1829 est,
801 1771 1028 1836 gratiam
1073 1753 1275 1833 Christi
1321 1753 1583 1851 petentes.
1617 1792 1803 1863 Qapila

236 1840 445 1863 ,___u-,,
549 1849 596 1863 ..
686 1852 701 1863 .
870 1857 903 1863 --

230 1840 521 1900 lavantium
545 1849 664 1906 ideo
685 1852 828 1909 hunc
852 1857 991 1914 diem
1031 1865 1264 1934 appellat
1286 1840 1801 1948 vulgus,
1829 1862 1877 1923 Β

227 1945 346 1987 mos
368 1942 450 1988 est
486 1935 664 1995 lavari
681 1944 862 2013 capita
904 1948 1207 2023 infantium,
1254 1961 1345 2029 qui
1377 1935 1631 2037 *υπέεῆόί
1675 1982 1803 2029 sunt

228 2017 463 2079 Sabbato
486 2038 691 2096 sancto,
720 2050 787 2089 ne
808 2034 946 2094 forte
967 2017 1343 2107 observatione
1366 2017 1799 2131 Quadragesima:

225 2113 483 2169 sordidati
510 2117 579 2172 ad
612 2123 919 2180 unctionem
949 2133 1287 2192 accederent.

294 2199 504 2266 Quanta
530 2220 660 2262 vero
684 2216 983 2270 reverentia
1011 2217 1126 2275 hzec
1155 2231 1483 2287 consuetudo
1505 2248 1533 2287 a
1565 2236 1797 2295 devotis-

221 2285 375 2342 simis
407 2291 539 2346 viris
574 2297 855 2367 excolitur,
892 2302 1048 2373 libuit
1091 2309 1181 2372 hic
1219 2328 1506 2387 parumper
1533 2321 1790 2383 inserere.

221 2373 391 2433 llodie
430 2394 764 2453 praeparatur
808 2393 1075 2460 quoddam
1119 2373 1473 2469 portatorium

217 2468 373 2536 sime,
424 2472 478 2526 in
530 2490 639 2544 quo
695 2479 1069 2542 intromittitur
1121 2468 1369 2551 sanctum
1419 2499 1786 2575 Evangelium,

213 2560 359 2627 quod
404 2562 715 2637 intelligitur
766 2570 1031 2643 Christus,
1062 2587 1116 2634 et
1162 2586 1419 2641 statuitur
1462 2590 1517 2645 in
1560 2560 1787 2654 ecclesia

212 2656 339 2703 ante
370 2666 542 2718 aram,
570 2656 907 2719 undeclerus
946 2680 1305 2734 processurus
1330 2680 1669 2739 est.,Deinde
1693 2687 1787 2741 ad—

209 2747 444 2797 unantur
467 2743 656 2811 palma:
683 2756 738 2801 et
765 2748 942 2818 ﬂores,
974 2765 1134 2828 atque
1177 2762 1386 2823 diversa
1414 2784 1621 2839 genera.
1639 2773 1784 2832 fron-

202 2830 378 2897 dium,
404 2849 497 2889 seu
522 2837 800 2907 olivarum,
830 2860 992 2915 super
1015 2867 1134 2921 quae
1164 2856 1359 2914 dicitur
1394 2862 1506 2917 haec
1548 2869 1722 2925 oratio
1750 2887 1781 2926 a

201 2924 485 2980 sacerdote
516 2941 531 2980 :
568 2927 903 3003 Omnipotens
941 2943 1247 3012 sempiterne
1294 2948 1455 3018 Deus,
1503 2957 1591 3026 qui
1634 2968 1781 3014 ante-

200 3027 361 3081 quam
389 3012 585 3070 Filium
598 3028 755 3075 tuum
780 3023 1063 3083 Dominum
1086 3043 1321 3089 nostrum
1338 3043 1776 3109 Apro-nobismor-

197 3109 308 3154 tem
331 3107 528 3173 perpeti
569 3110 786 3167 sineres.
833 3114 1090 3186 Sequitur
1117 3107 1422 3184 benedictio
1468 3133 1767 3201 pabnarum

197 3189 313 3245 sive
337 3188 602 3251 frondium
632 3217 645 3253 :
680 3199 1015 3276 Omnipotens
1039 3211 1182 3270 Deus
1212 3216 1432 3277 Christe.
1458 3188 1767 3297 ilisﬁditis,

197 3278 395 3340 dantur
442 3299 474 3338 a
517 3288 824 3349 custodith
867 3298 1086 3369 palmae;
1131 3278 1548 3383 accipientequev

194 3382 375 3425 ramos
427 3373 700 3446 arborum,
739 3381 1019 3454 olivarum,
1070 3393 1183 3449 sive
1224 3394 1435 3469 ﬂorum,
1484 3404 1499 3458 i

191 3459 483 3528 antiphona
525 3483 540 3519 :
596 3465 760 3526 Pueri
810 3472 1172 3538 Hebraeorum.
1225 3488 1428 3548 Deinde

188 3546 401 3605 diaconi
430 3560 849 3630 suprascriptum
891 3575 1246 3635 portatorium
1287 3595 1408 3636 cum

187 3634 487 3705 baiulantes
525 3660 648 3700 cum
694 3634 909 3720 ingenti
939 3660 1294 3720 exsultatione
1326 3668 1512 3741 jugum
1559 3634 1759 3738 Christi

183 3741 351 3783 suave
378 3737 433 3785 et
459 3746 595 3787 onus
623 3737 739 3806 ejus
762 3740 900 3809 leve,
941 3751 1274 3813 praecedente
1314 3737 1453 3827 aqua
1477 3737 1758 3827 benedicta

183 3831 306 3872 cum
334 3822 672 3883 candelabris
699 3838 861 3899 atque
886 3835 1331 3905 thymiamateriis
1359 3822 1478 3904 cum
1507 3854 1628 3911 aliis
1670 3876 1757 3915 or-

181 3913 470 3967 namentis.
498 3913 720 3986 Insuper
742 3922 903 3977 etiam
926 3924 1182 3987 laicorum
1206 3935 1384 3992 schola
1406 3954 1526 3996 cum
1546 3949 1755 4007 vexillis

178 4003 341 4063 atque
383 3997 668 4059 fanonibus
714 4023 746 4062 a
791 4009 945 4083 longe
994 4030 1282 4085 praeeunte.
1328 4028 1568 4090 Exeunte
1606 4040 1750 4096 enim

178 4084 322 4141 clero
358 4102 454 4143 seu
486 4093 680 4161 populo
705 4096 774 4152 ab
800 4101 1045 4172 ecclesia,
1090 4107 1375 4171 inchoatur
1415 4124 1704 4205 antiphona
1732 4149 1745 4185 :

178 4171 308 4205 Ρη...
362 4183 743 4205 -..μηηκξμ--.
781 4197 794 4205 .
857 4190 893 4205 λ
990 4195 1002 4205 .
1189 4202 1208 4205 _

176 4171 310 4228 Cum
358 4183 795 4255 appropinquaret
844 4190 1119 4253 Dominus.
1176 4202 1290 4269 Qua
1334 4207 1483 4266 ﬁnita
1528 4171 1748 4277 inchoat

172 4264 359 4319 schola
379 4269 583 4341 antiph.
611 4291 624 4327 :
651 4274 924 4348 Coeperunt
960 4301 1154 4342 omnes.
1188 4264 1325 4349 item
1353 4315 1365 4351 :
1402 4297 1532 4357 Cum
1567 4310 1744 4366 audis—

155 4890 417 4950 cboantes
434 4902 784 4972 antiphonam
805 4928 817 4964 :
840 4890 1209 4981 Occurrerunt.
1226 4890 1530 5001 liespondet
1547 4891 1729 5002 sc,hola

152 4999 279 5037 cum
307 4990 509 5058 angelis
530 5004 585 5049 et
600 4999 802 5066 pueris.
832 5002 943 5062 Hac
968 5009 1143 5081 ﬁnita,
1179 4990 1496 5085 inchoantur
1532 5048 1562 5085 a
1589 5034 1726 5092 duc-

152 5074 257 5131 bus
287 5083 600 5142 cantoribus
643 5091 858 5158 quidam
906 5114 1092 5161 versus
1129 5121 1145 5161 :
1188 5108 1360 5168 Israel
1410 5134 1464 5174 es
1512 5131 1569 5176 tu
1611 5143 1721 5183 rex.

152 5162 283 5183 ..μγ
388 5172 400 5183 -
442 5180 450 5183 -
510 5176 525 5183 -

1079 409 1227 467 οη».
1267 414 1664 475 supposuit.
1704 398 1771 460 —‘
1807 422 1935 478 LIB.
1978 428 2065 484 DE
2104 434 2352 494 mvms
2389 441 2692 503 omcus.

267 503 506 572 principe
553 507 998 580 triumphaturus.
1047 520 1106 575 In
1149 528 1312 582 ramis
1345 530 1596 587 arborum
1642 533 1834 590 intelli-

1790 3752 1794 3755 γ
1861 3694 2176 3771 Salvatoris,

3363 469 3383 522 i
3398 470 3500 523 ἓ.οὲ

2057 543 2243 617 incipit
2268 553 2451 608 schola
2473 570 2593 612 cum
2610 560 2799 630 bajulis
2819 569 3023 638 antiph.
3044 590 3056 625 :
3076 573 3239 631 Pueri
3250 577 3498 636 Hebrwo-

1927 646 2062 687 rum.
2093 636 2161 691 Et
2182 646 2309 697 tunc
2331 650 2623 713 prosternit
2644 656 2819 711 omnis
2851 636 3005 727 plebs
3031 663 3157 720 hinc
3189 667 3314 724 inde
3350 669 3497 727 fron-

1925 720 2019 776 des
2068 740 2164 781 seu
2214 729 2377 788 liores
2420 735 2768 799 decantantes
2816 720 3021 819 antiph.
3063 771 3076 806 :
3121 720 3492 832 οεῶιῖαἶιίο

1922 811 2113 882 David,
2159 835 2329 893 usque
2373 827 2443 883 ad
2472 830 2659 887 altare.
2708 834 2783 892 Et
2818 839 2896 894 sic
2930 811 3143 902 intrant
3173 811 3487 911 admissas.

1862 538 1911 596 Α
1939 539 2030 607 tis,

1806 916 1821 953 :
1921 906 2150 969 Ministri
2191 931 2320 974 vero
2366 928 2550 979 tenent
2592 928 2800 997 palmas
2837 934 2891 989 in
2926 940 3170 998 manibus
3211 962 3379 1018 usque
3422 951 3489 1005 ad

1805 1027 1819 1042 -
1922 1005 2329 1076 completionem
2373 1015 2568 1073 missae.
2616 1020 2978 1086 lntermittunt
3017 1035 3178 1107 aliqui
3212 1005 3490 1101 salutatio-

1919 1107 2041 1147 nem
2060 1094 2109 1149 in
2126 1102 2394 1170 passione,
2425 1107 2480 1163 id
2499 1119 2602 1177 est,
2619 1113 2874 1174 Dominus
2898 1123 3155 1181 vobiscum
3172 1149 3190 1186 :
3217 1136 3358 1201 quod
3381 1152 3485 1191 non

1920 1179 2040 1201 ,μμ
2135 1186 2147 1198 .
2290 1190 2323 1201 ..
2366 1194 2399 1201 --

3141 1179 3148 1181 _
3172 1179 3183 1186 ,
3221 1179 3358 1201 νυ..
3381 1179 3484 1191 ...,..

1918 1179 2109 1251 legitur
2131 1186 2184 1240 in
2209 1190 2504 1265 ordinibus,
2529 1203 2623 1256 sed
2640 1202 2693 1259 in
2716 1204 3011 1269 Parasceve
3035 1224 3259 1287 tantum,
3286 1225 3376 1279 ubi
3406 1243 3488 1282 re-

1917 1270 2113 1329 ticetur
2124 1276 2356 1337 ofﬁcium
2370 1291 2720 1349 sacerdotale.
2737 1297 2860 1355 Ideo
2873 1312 3051 1360 autem
3064 1309 3180 1365 haec
3197 1313 3485 1372 hebdoma—

1915 1361 1982 1416 da
2001 1366 2172 1434 major
2212 1372 2425 1443 dicitur,
2455 1383 2578 1450 quia
2615 1386 2669 1440 in
2707 1404 2772 1445 ea
2810 1396 3039 1452 maxima
3065 1409 3147 1457 est
3178 1407 3477 1465 adhibenda

1912 1455 2265 1529 parcimonia,
2294 1466 2406 1524 sive
2428 1474 2569 1541 quod
2594 1477 2768 1547 majus
2790 1484 3020 1543 cilicium
3040 1494 3297 1551 recolitur
3311 1500 3362 1553 in
3389 1516 3471 1554 ea.

2494 1623 2721 1684 CAPUT
2768 1633 2879 1691 XV.

2191 1717 2255 1757 DE
2293 1720 2448 1764 FER”
2488 1728 2542 1767 ιν
2578 1733 2906 1781 ΗΕΒΒΟΙΔΒΑΕ
2947 1746 3195 1791 191101115..

1973 1791 2130 1850 Feria
2157 1811 2347 1869 quarta
2373 1808 2720 1873 hebdomadas
2738 1822 2976 1893 majoris,
3009 1832 3138 1889 hora
3164 1840 3324 1894 tertia
3349 1858 3471 1911 pro-

1973 1882 2041 1911 .I:.
2082 1892 2327 1911 ..-μ-.-ιν

1901 1882 2041 1937 cedit
2080 1892 2402 1957 apostolicus
2431 1914 2553 1957 cum
2590 1910 2736 1976 omni
2764 1882 2908 1970 clero
2940 1934 3034 1975 seu
3069 1927 3263 1995 populo
3292 1882 3472 1990 adrec-

1901 1968 2110 1995 Διωω
2207 1988 2220 1995 _
2274 1983 2304 1995 ..
2343 1985 2355 1995 .
2531 1993 2540 1995 Α

2724 1972 2728 1976 Δ
2828 1968 2835 1969 ,
2858 1968 2861 1969 ,
2883 1968 2901 1970 _
2940 1968 3034 1975 -ν..
3069 1968 3262 1995 ..γνιιιιιν
3292 1968 3359 1988 nu
3383 1968 3468 1990 CL‘

1899 1968 2140 2042 clesiam,
2170 1988 2227 2034 et
2253 1983 2381 2040 dicit
2405 1993 2683 2053 orationes
2705 2001 2969 2065 solemnes
2990 2012 3036 2076 δ,
3070 2015 3213 2071 sicut
3241 2020 3294 2075 in
3317 2036 3468 2081 sexta

1899 2055 2023 2081 f‘_g_
2088 2063 2152 2081 ππ·
2310 2073 2326 2081 -
2388 2077 2399 2081 -

2746 2055 2753 2056 ,
2794 2055 2968 2065 __-__.-.,
3022 2055 3036 2076 ι
3070 2055 3213 2071 ..τινι-ιν
3241 2055 3294 2075 ιιι
3317 2055 3466 2081 WAR!

1896 2055 2052 2116 feria.
2086 2063 2183 2123 His
2206 2073 2453 2144 expletis,
2490 2085 2732 2143 osculato
2773 2092 2953 2162 altari,
2981 2105 3273 2171 egreditur.
3304 2110 3466 2170 Pres-

1896 2146 2067 2171 ιι--.-..ε
2091 2169 2145 2171 -μ
2336 2163 2350 2171 ·
2418 2165 2429 2171 ·

2835 2146 2953 2162 ,ἡὴ-,γ
2984 2146 3010 2153 ν
3050 2146 3273 2162 -νυι-υιο
3304 2146 3461 2170 κινδ-

1893 2146 2219 2219 ιιγιειὶε-ιέτο
2239 2163 2606 2238 ecclesiarum,
2633 2183 2739 2231 tam
2762 2182 2949 2239 urbani
2971 2146 3130 2257 (1:311)
3150 2196 3461 2269 suburbani,

1894 2248 2237 2269 muonln-—I--—
2286 2266 2302 2269 ι
2324 2252 2347 2269 -¹
2405 2256 2461 2269 ⁴⁹⁸
2506 2257 2521 2269 “

1894 2248 2238 2300 revertuntur
2280 2252 2348 2306 ad
2402 2256 2585 2315 titulos
2635 2278 2781 2331 suos,
2837 2280 2897 2326 ut
2941 2248 3046 2332 hoc
3093 2284 3280 2340 ordine
3328 2248 3462 2347 feria;

1892 2336 2043 2383 sexta
2073 2336 2392 2407 compleant,
2429 2344 2530 2402 hoc
2568 2351 2800 2412 scientes
2827 2369 2880 2415 ut
2919 2368 3061 2433 quod
3092 2374 3331 2438 pontifex
3363 2396 3461 2450 pro

2935 2423 2954 2433 -
3092 2423 3112 2438 ι
3142 2423 3331 2430 ή--ν--ν-
3363 2423 3459 2450 ι’·ν

1890 2435 1950 2476 se
1969 2423 2293 2498 intermittit,
2329 2434 2402 2489 ibi
2445 2438 2594 2497 illum
2630 2460 3070 2514 commemorent.
3110 2462 3303 2523 Postea
3329 2485 3460 2528 vero

1888 2511 2019 2569 hora
2057 2526 2243 2576 octava
2271 2525 2645 2597 ingrediuntur
2668 2540 2737 2596 ad
2760 2544 2957 2602 missas
2980 2565 3129 2608 more
3164 2557 3340 2614 solito.
3368 2560 3456 2616 ld-

1886 2617 1952 2658 eo
1981 2605 2064 2662 ha:
2089 2613 2361 2671 orationes
2387 2619 2544 2679 hodie
2572 2627 2927 2702 celebrantur,
2957 2640 3080 2708 quia
3112 2643 3164 2697 in
3191 2646 3292 2702 hac
3320 2649 3454 2707 feria

1883 2705 2074 2764 quarta
2100 2705 2381 2763 consilium
2418 2709 2664 2772 iecerunt
2699 2719 2890 2791 Judaei,
2920 2705 2989 2782 uti
3014 2733 3322 2794 occiderent
3344 2741 3452 2797 Do~
3543 2740 3547 2743 λ

1883 2786 2106 2843 minum.
2145 2792 2295 2851 Unde
2320 2814 2418 2856 nos
2445 2803 2512 2858 ad
2552 2813 2863 2868 memoriam
2913 2820 3168 2880 reducere
3198 2827 3452 2890 debemus

1879 2880 2390 2945 crudeleconsillum
2410 2892 2714 2957 ludasorum
2733 2913 2789 2960 et
2809 2917 3272 2975 mansuetudinem
3295 2923 3449 2980 Chri-

1878 2968 1965 3031 sti,
1987 2979 2069 3027 ~ut
2100 2985 2286 3032 contra
2310 2996 2524 3041 omnem
2554 2988 2807 3058 injuriam
2846 2997 3011 3072 476
3049 3020 3320 3067 armemus
3349 3030 3448 3071 nos

1876 3059 2042 3119 armis
2061 3066 2318 3124 orationis
2348 3081 2403 3125 et
2426 3077 2721 3148 patientiae,
2751 3059 2892 3141 sicui
3053 3094 3201 3163 fecit,
3227 3101 3442 3159 dicens:

1875 3150 2054 3223 Pater,
2092 3161 2298 3230 ignosce
2333 3168 2437 3225 illis
2476 3174 2627 3243 (Luc.
2672 3195 2824 3259 χχιιι,
2852 3150 2963 3259 54)..
2991 3150 3247 3261 Sequitur
3275 3202 3445 3255 mani-

1872 3242 2010 3301 festa
2064 3250 2339 3323 deﬁnitio,
2389 3242 2491 3316 cur
2539 3256 2771 3335 primum
2831 3284 3226 3347 responsorium
3274 3305 3440 3347 unum

2382 3369 2395 3404 :
2452 3360 2776 3429 secundum,
2834 3369 3069 3441 quinque
3118 3385 3165 3429 ε.
3226 3377 3440 3439 Primus

1861 3614 1917 3660 et
1945 3614 2199 3681 secundo,

1857 3793 2035 3847 anima
2063 3806 2248 3853 nostra
2272 3803 2472 3863 eﬂ‘usus
2498 3820 2598 3873 est,
2636 3824 2690 3868 et
2712 3819 2837 3885 quia
2868 3825 3042 3880 omnis
3070 3828 3235 3885 homo
3264 3848 3427 3890 unam

1856 3880 2019 3936 habet
2060 3888 2318 3957 animam,
2352 3895 2550 3953 idcirco
2575 3903 2808 3969 primum
2836 3918 3236 3978 responsorium
3287 3938 3430 3980 unus

1854 3973 2096 4040 sequitur
2134 3993 2341 4035 versus.
2389 3984 2807 4056 Responsorium
2849 4005 3144 4060 secundum
3187 4012 3423 4083 quinque

1851 4075 2041 4119 versus
2065 4066 2291 4137 habens,
2321 4076 2558 4146 quinque
2585 4087 2826 4152 corporis
2859 4105 3048 4150 sensus
3074 4066 3418 4168 signiiicat‘iu

1829 5050 1921 5117 qui
1953 5064 2253 5123 sequuntur
2283 5060 2419 5131 dies,
2449 5066 2503 5122 id
2532 5080 2633 5139 est,
2662 5050 2871 5148 quinta,
2901 5095 3051 5143 sexta
3084 5099 3140 5145 et
3168 5050 3395 5164 septima

1829 5138 1958 5164 ειη-ε-
2037 5144 2103 5164 --ε
2118 5145 2199 5164 Jm
2525 5159 2538 5164 '

1828 5138 1985 5207 feria,
2037 5144 2340 5205 triduanam
2394 5138 2719 5226 sepulturam
2777 5138 2988 5229 Domini
3036 5138 3386 5242 celebr;mus.

1822 5228 1902 5284 Ac
1924 5246 2022 5300 per
2064 5234 2189 5302 hoc,
2218 5247 2278 5295 ut
2311 5248 2749 5319 compaginemur

1822 5318 1961 5389 ejus,
1986 5324 2285 5384 omittimus
2307 5334 2516 5391 excelsa
2539 5348 2744 5410 nostra,
2785 5347 2840 5403 id
2867 5361 2971 5419 est,
2998 5318 3194 5413 Gloriar
3209 5360 3385 5434 Patri,

1680 5400 1721 5454 i-
1822 5416 1879 5463 et
1904 5420 2289 5484 campanas,id
2314 5432 2414 5489 est,
2443 5426 2612 5498 signa.

1822 5523 1980 5592 (ἔνθεο
2014 5526 2110 5591 Μρ,
2138 5539 2249 5585 not.
2287 5534 2411 5589 254.

1824 5593 2227 5695 iniurius:
2254 5603 2529 5695 uernam
2580 5613 2698 5695 Vu-
2728 5616 2823 5675 ιίιι-
2869 5620 3107 5683 sacram.
3145 5632 3235 5688 cn.
3289 5654 3378 5695 ea-

1824 5661 1941 5715 dem
1969 5664 2146 5730 fer.,t.
2166 5669 2296 5732 111,Ο
2339 5715 2350 5727 .
2378 5675 2434 5735 S.
2454 5661 2557 5735 die
2597 5661 3372 5764 ξ’ἀῖξᾶ-ηδῖιῖιῦιι’,’ἦὲᾙρνῗεῖῖ

1894 5744 1915 5769 θ
1939 5732 2260 5796 Amalarius.
2290 5689 2465 5796 fcit“
2495 5698 2609 5796 angi
2646 5757 2725 5796 H,
3046 5714 3081 5772 8

1894 5744 1915 5769 θ
1939 5732 2260 5807 Amalarius,
2278 5732 2324 5802 1.
2353 5732 2479 5816 cit.,
2495 5732 2611 5823 ($531
