3914 6178
459 407 624 472 Ηθὸκ

950 518 1143 574 CAPP.
1186 517 1326 581 XVI,
1365 515 1527 570 XVII.

850 624 916 664 DE
952 623 1107 662 FERIA
1145 623 1177 660 ν
1212 620 1384 660 εαξη
1421 618 1625 659 ῡΟἊΙΝΙ.

521 705 578 758 lu
605 705 707 758 hac
748 716 901 757 sacra
945 699 1235 755 festivitate
1261 696 1474 750 diversa
1500 703 1650 763 gesta
1674 701 1816 758 sunt,
1841 702 1897 747 et
1935 706 2027 763 ge-

452 803 662 849 runtur.
701 790 1036 862 Surgendum
1063 797 1146 844 est
1167 787 1309 842 enim
1337 786 1407 840 ad
1432 785 1666 854 vigilias,
1696 784 1826 838 hora
1852 783 2026 838 octis

450 895 659 948 octava,
689 891 743 938 et
781 892 906 936 tunc
947 880 1092 934 omni
1127 878 1328 932 lumine
1353 877 1639 932 decoratur
1665 874 1911 930 ecclesia.
1942 873 2025 929 Ab

452 977 552 1030 hac
576 983 732 1028 nocte
761 987 930 1040 usque
957 970 1010 1022 in
1035 967 1324 1022 Sabbatum
1355 974 1622 1028 sanctum,
1650 979 1756 1019 non
1786 964 2020 1018 dicitur:

449 1069 610 1131 Deus,
643 1068 697 1120 in
723 1063 1066 1133 adjutorinm,
1090 1074 1239 1115 more
1269 1058 1446 1123 solito,
1473 1071 1646 1125 neque
1663 1053 1843 1109 Gloria
1871 1053 2023 1107 Patri

451 1161 500 1213 in
528 1157 765 1228 psalmis,
794 1169 967 1223 neque
998 1153 1048 1206 in
1095 1149 1468 1220 responsoriis,
1509 1147 1602 1202 sed
1625 1161 1799 1215 neque
1828 1146 1882 1198 in
1915 1143 2024 1198 ullo

448 1248 583 1301 loco.
609 1245 808 1300 Cantor
830 1258 957 1296 vero
988 1257 1110 1295 mox
1143 1240 1360 1293 inchoat
1382 1237 1588 1307 antiph.
1614 1237 1754 1290 sicut
1781 1236 1835 1289 in
1864 1233 2022 1287 Anti~

444 1338 708 1408 pbonario
737 1336 1061 1390 continetur.
1097 1333 1292 1386 Lector
1333 1345 1460 1385 vero
1505 1345 1613 1383 non
1658 1336 1807 1398 petat
1861 1327 2023 1381 bene-

448 1429 758 1491 dictionem,
807 1441 980 1495 neque
1014 1441 1042 1478 a
1088 1422 1368 1477 sacerdote
1409 1420 1740 1490 compleatur
1785 1437 1797 1471 :
1836 1419 1930 1472 sed
1955 1432 2023 1471 ex

447 1520 626 1574 verbis
651 1518 892 1573 lectionis
915 1515 1135 1582 jubetur
1181 1514 1340 1567 tinem
1372 1513 1567 1576 facere,
1623 1520 1714 1566 aut
1758 1518 1905 1565 certe
1930 1525 2022 1563 ex-

447 1608 898 1662 tcrminationem.
928 1605 1208 1657 Lectiones
1232 1604 1419 1671 prima:
1440 1603 1505 1655 de
1528 1599 2022 1655 Lamentationibus

444 1700 711 1762 Jeremiae,
735 1696 978 1751 secundae
1001 1695 1064 1748 de
1089 1703 1319 1747 tractatu
1343 1693 1532 1762 psalmi
1558 1711 1569 1745 :
1595 1692 1832 1756 Exaudi,
1856 1691 2020 1754 Deus,

446 1789 732 1842 orationem
755 1803 924 1840 nteant
954 1801 1070 1838 cum
1099 1784 1363 1853 deprecor.
1405 1783 1600 1837 Tertiae
1641 1783 1708 1835 de
1733 1780 1978 1850 apostolo
2003 1798 2016 1832 :

1269 406 1328 460 Β.
1367 405 1429 459 F.
1469 401 1694 459 ALBlNl
1737 402 1869 458 SEU
1909 400 2186 457 ALCUINI
2225 401 2510 457 OPERUM
2546 399 2730 457 PARS
2767 401 2862 456 1X.

3569 410 3712 469 ﬁt)!

2061 518 2104 574 Α
2133 527 2292 582 quam
2323 511 2570 580 injuriam
2599 528 2792 582 passus
2824 522 2907 568 est
2933 513 3183 571 Christus
3216 533 3247 572 a
3283 532 3384 573 suo
3425 517 3720 590 discipulo,

2124 612 2179 658 et
2233 619 2332 659 nos
2381 604 2614 658 vitemus
2663 605 2851 659 eadem
2893 606 3104 661 ratione
3156 607 3408 679 injuriam
3452 609 3724 671 fratribus

2124 695 2321 750 facere.
2354 694 2520 767 Signo
2543 695 2688 750 enim
2724 696 2908 752 doloso
2951 699 3185 755 traditus
3209 708 3293 754 est
3321 701 3598 758 Dominus.
3626 705 3725 760 ln-

2123 790 2433 845 vitatorium
2466 805 2572 846 non
2607 798 2877 857 cantatur,
2899 800 2961 846 ut
2985 793 3222 848 sciamus
3248 794 3446 850 malum
3480 812 3724 852 conven-

2125 891 2238 937 tum
2258 883 2451 946 vitare,
2485 882 2661 951 qualis
2694 881 2798 936 fuit
2824 883 2966 952 apud
2991 881 3208 939 Judteos
3235 885 3302 940 de
3323 901 3457 941 nece
3487 886 3720 946 Christi.

2193 973 2542 1028 Sacerdotale
2583 972 2816 1028 ofﬁcium
2845 973 2957 1028 Deo
2998 974 3084 1028 his
3129 975 3321 1031 diebus
3362 993 3469 1032 non
3512 981 3720 1051 agitur,

2121 1065 2244 1134 quia
2258 1061 2553 1134 percussus
2573 1074 2655 1119 est
2675 1074 2878 1134 pastor,
2907 1067 2997 1135 qui
3026 1074 3110 1122 est
3131 1066 3400 1134 Christus,
3427 1080 3483 1125 et
3513 1074 3722 1129 arietes

2121 1158 2298 1228 gregis
2329 1158 2572 1227 dissipati
2602 1166 2748 1212 sunt.
2793 1159 2902 1213 Isto
2929 1159 3018 1213 die
3051 1161 3378 1229 ptenitentes
3406 1164 3476 1217 ad
3515 1165 3717 1219 remis-

2121 1249 2327 1303 sionem
2353 1256 2697 1318 peccatorum
2725 1249 2970 1310 redeunt,
2986 1248 3141 1317 juxta
3168 1253 3386 1306 decreta
3411 1252 3715 1309 Innocentii

2121 1356 2290 1409 papa,
2339 1341 2430 1409 qui
2483 1340 2612 1394 dicit
2645 1355 2658 1393 :
2694 1341 2768 1394 De
2808 1341 3192 1410 paenitentibus
3220 1351 3399 1397 autem
3443 1345 3564 1412 qui,
3599 1346 3717 1401 sive

2121 1445 2184 1482 cx
2215 1429 2554 1498 gravioribus
2586 1429 2910 1494 commissis,
2952 1431 3066 1484 sive
3094 1447 3160 1486 ex
3194 1431 3492 1488 levioribus
3532 1437 3716 1504 paeni-

2122 1519 2342 1572 tentiam
2373 1526 2582 1588 gerunt,
2612 1518 2658 1573 si
2686 1518 2831 1572 nulla
2875 1519 3201 1573 interveniat
3239 1524 3523 1591 :cgritudo,
3575 1525 3716 1579 feria

2121 1607 2305 1675 quinta
2337 1617 2463 1661 ante
2493 1608 2696 1662 Pascha
2723 1608 2801 1662 eis
2843 1608 3223 1662 remittendum
3247 1609 3505 1666 Romanae
3527 1613 3717 1668 Eccle-

2121 1696 2216 1749 siae
2252 1697 2580 1751 consuetudo
2610 1697 2964 1751 demonstrat.
2997 1697 3127 1753 Post
3153 1701 3270 1754 htec
3290 1703 3572 1771 egreditur
3598 1719 3717 1774 pte-

2122 1786 2298 1840 nitens
2344 1802 2501 1842 mane
2548 1787 2616 1842 de
2645 1787 2762 1843 loco
2794 1786 2882 1842 ubi
2927 1790 3298 1858 paenitentiam
3341 1794 3532 1862 gessit,
3576 1805 3635 1850 et
3659 1797 3719 1851 in

445 1877 873 1934 Convenientibus
915 1875 1053 1931 vobis
1101 1877 1156 1928 in
1204 1891 1386 1928 unum.
1435 1874 1493 1928 in
1544 1872 1844 1926 Parasceve
1888 1885 2019 1924 vero
2052 1859 2090 1916 θ
2122 1875 2327 1944 gremio
2349 1874 2602 1930 Ecclesize
2621 1859 3457 1946 prasentaturmrostrawoinni
3482 1897 3718 1954 corpore

443 1982 498 2029 et
519 1973 572 2026 in
598 1971 830 2026 Sabbato
855 1977 1042 2023 sancto
1063 1967 1129 2022 de
1156 1966 1480 2036 supradictis
1499 1962 2016 2026 Lamentationibus,

444 2074 498 2118 et
523 2071 755 2118 tractatu
788 2060 1070 2132 Augustini
1097 2059 1152 2113 in
1176 2059 1362 2113 eodem
1387 2057 1614 2126 psalmo,
1646 2053 1935 2108 novissime
1953 2053 2018 2106 de

445 2151 666 2222 epistola
694 2151 844 2204 Pauli
875 2168 889 2203 :
922 2148 1252 2203 Festinemus
1289 2146 1491 2217 ingredi
1538 2146 1593 2198 in
1640 2143 1789 2197 illam
1825 2154 1872 2194 οι.
1915 2141 2020 2196 Per

445 2242 542 2295 has
564 2256 756 2295 novem
785 2239 1040 2293 lectiones
1067 2253 1162 2291 seu
1191 2235 1427 2306 psalmos
1453 2249 1517 2288 ac
1546 2231 1905 2302 responsoria,
1925 2233 2018 2301 qui

443 2331 756 2386 recoluntur
783 2330 837 2383 in
865 2329 952 2382 his
985 2327 1157 2382 tribus
1195 2325 1464 2389 noctibus,
1507 2323 1828 2387 insinuatur,
1875 2322 2018 2391 quod

445 2423 703 2477 Dominus
728 2419 1056 2476 descendens
1093 2417 1159 2471 ad
1197 2415 1487 2481 infernum,
1532 2415 1656 2469 inde
1701 2414 1805 2467 tria
1845 2413 2019 2468 homi-

444 2530 570 2568 num
594 2527 792 2582 genera
819 2510 997 2580 rapuit
1021 2517 1076 2563 et
1114 2507 1411 2561 transvexit
1438 2506 1507 2559 ad
1534 2505 1718 2568 ccelos,
1753 2505 1819 2558 ad
1847 2504 2018 2558 socie-

445 2608 607 2656 tatem
648 2599 896 2655 videlicet
941 2611 1132 2652 novem
1173 2596 1423 2650 ordinum
1470 2595 1801 2665 angelorum,
1857 2593 2016 2647 sicuti

442 2700 564 2747 est:
597 2691 715 2746 Duo
749 2690 801 2744 in
839 2689 990 2752 lecto,
1027 2687 1146 2740 dum
1181 2683 1448 2749 molentes,
1485 2683 1589 2737 duo
1629 2683 1683 2736 in
1714 2699 1840 2752 agro
1864 2680 2013 2753 (Luc.

444 2799 574 2847 rvit,
621 2781 733 2851 54).
779 2778 1158 2834 Accenduntur
1201 2775 1346 2831 enim
1387 2774 1439 2828 in
1489 2775 1591 2828 hac
1637 2780 1793 2826 nocte
1817 2771 2016 2825 lumina

443 2870 630 2939 viginti
660 2877 908 2940 quatuor,
939 2875 995 2922 et
1016 2865 1428 2935 exstinguuntur
1448 2879 1545 2934 per
1570 2861 1807 2931 singulas
1833 2860 2017 2914 lectio-

443 2978 538 3016 nes
565 2969 619 3016 et
646 2959 1004 3030 responsoria.
1038 2956 1166 3024 Quae
1207 2956 1340 3010 tiunt
1368 2954 1702 3026 septuaginta
1739 2953 1856 3008 dua:
1898 2952 2016 3006 illu-

443 3052 764 3106 minationes
806 3057 857 3104 et
905 3048 1288 3104 exstinctiones
1332 3064 1344 3099 :
1394 3053 1476 3100 tot
1502 3045 1647 3099 enim
1681 3043 1829 3098 horis
1847 3041 2019 3111 jacuit

443 3148 699 3202 Dominus
725 3146 778 3199 in
802 3145 1067 3215 sepulcro.
1099 3142 1300 3199 Lumen
1337 3151 1394 3198 et
1436 3149 1647 3206 cantus,
1678 3141 1932 3211 gaudium
1961 3151 2015 3194 et

442 3238 679 3294 laetitiam
721 3236 988 3308 signiﬁcat
1030 3254 1046 3290 :
1093 3235 1381 3290 exstinctio
1426 3233 1708 3298 luminum,
1744 3230 2012 3286 defectum

442 3329 776 3398 septuaginta
819 3327 1049 3382 duorum
1088 3325 1489 3394 discipulorum,
1538 3323 1652 3378 sive
1697 3321 2013 3377 maestitiam

443 3417 826 3486 apostolorum,
849 3430 1007 3486 quam
1029 3415 1365 3484 pertulerunt
1389 3429 1486 3484 per
1513 3413 1850 3482 septuaginta
1879 3411 2014 3466 duas

443 3509 626 3570 horas,
653 3522 770 3576 quae
798 3514 1124 3560 consecratae
1162 3514 1285 3560 sunt
1321 3504 1522 3560 Christi
1566 3504 1871 3573 sepulturae.
1904 3504 2015 3558 Hoc

443 3599 586 3653 enim
625 3599 812 3652 ordine
865 3614 962 3668 per
999 3597 1235 3669 singulas
1274 3605 1460 3651 noctes
1499 3596 1928 3666 exstinguuntur.
1957 3597 2014 3650 ln

444 3691 597 3744 initio
642 3691 803 3760 primi
848 3689 1058 3759 psalmi,
1107 3697 1191 3744 est
1225 3696 1406 3743 custos
1446 3696 1666 3757 paratus
1693 3703 1816 3742 cum
1843 3703 2015 3742 canna

445 3781 496 3833 in
531 3780 647 3834 loco
672 3781 907 3835 dextera:
929 3779 1098 3848 partis
1137 3778 1398 3842 ecclesize,
1439 3785 1496 3832 et
1525 3793 1648 3831 mox
1691 3784 1752 3831 ut
1787 3778 2017 3847 primam

443 3871 790 3940 antiphonam
829 3870 1077 3934 audierit,
1123 3869 1418 3940 exstinguit
1458 3869 1688 3938 primam
1718 3868 2012 3924 lucernam.

443 3959 500 4015 In
527 3959 630 4014 ﬁne
653 3973 783 4014 vero
811 3960 1086 4030 sequentis
1122 3959 1312 4028 psalmi
1340 3973 1407 4013 ex
1435 3965 1588 4027 parte
1613 3958 1854 4023 sinistra,
1881 3965 2020 4013 tutat

445 4053 626 4119 aliam,
657 4054 713 4107 in
751 4053 929 4108 medio
961 4053 1193 4107 tertiam.
1240 4051 1353 4106 Hoc
1390 4051 1580 4106 ordine
1619 4052 1686 4106 de
1730 4049 1850 4106 aliis
1895 4066 2020 4121 pro-

443 4144 704 4214 sequitur.
734 4142 830 4198 His
853 4143 1102 4197 omnibus
1123 4141 1424 4208 exstinctis,
1455 4141 1618 4197 simili
1641 4142 1798 4196 modo
1827 4142 1880 4196 in
1905 4157 2019 4197 ma-

445 4233 633 4288 tutinis
661 4247 756 4302 per
787 4231 1026 4301 singulas
1053 4231 1372 4300 antiphouas
1403 4230 1835 4300 exstinguuntur.
1868 4231 2020 4287 Dicto

444 4324 606 4378 etiam
633 4337 793 4377 versu
819 4331 944 4376 ante
973 4322 1341 4392 Evangelium,
1381 4321 1715 4376 subtrahitur
1745 4322 1942 4385 media,
1966 4331 2023 4377 et

445 4420 752 4468 reservatur
778 4428 946 4480 usque
973 4411 1025 4464 in
1058 4410 1349 4466 Sabbatum
1387 4420 1654 4466 sanctum.
1705 4413 1800 4468 His
1834 4412 2017 4480 ﬁnitis,

445 4502 648 4557 vadunt
691 4519 788 4573 per
833 4503 1096 4566 oratoria,
1148 4501 1385 4571 psalmos
1437 4503 1680 4556 canendo
1715 4515 1838 4558 eum
1881 4505 2022 4558 anti-

2120 1966 2172 2019 in
2205 1974 2349 2019 terra
2391 1983 2404 2018 :
2437 1975 2565 2020 tunc
2584 1966 2941 2021 decantantur
2973 1969 3028 2022 hi
3056 1969 3271 2036 psalmi,
3301 1969 3556 2026 Miserere
3591 1977 3716 2040 mei,

2119 2056 2279 2122 Deus,
2315 2073 2439 2112 cum
2469 2058 2786 2126 antiphona,
2838 2057 2944 2112 Cor
2982 2061 3269 2126 mundum;
3309 2062 3503 2118 deinde
3543 2063 3714 2135 Kyn‘e

2117 2148 2327 2212 eleison,
2357 2157 2411 2203 et
2450 2147 2613 2202 Pater
2651 2159 2846 2215 noster,
2877 2159 2933 2204 et
2962 2151 3206 2220 eapitul.,
3232 2161 3288 2205 et
3323 2166 3510 2222 preces
3536 2171 3550 2207 :
3589 2155 3717 2210 Sal-

2117 2257 2234 2295 rum
2265 2241 2347 2310 (ac
2385 2257 2587 2295 servum
2616 2250 2783 2305 tuum,
2816 2241 3057 2296 Domine.
3091 2240 3418 2311 Convertere,
3459 2245 3708 2301 Domine.

2118 2331 2295 2384 Mittat
2324 2330 2416 2384 tibi
2457 2329 2733 2383 Dominus.
2761 2327 2984 2383 Illustra
3017 2331 3205 2400 faciem
3241 2341 3406 2385 tuam.
3457 2332 3712 2399 Domine,

2116 2420 2232 2474 vide
2255 2419 2619 2473 humilitatem.
2651 2418 2862 2472 Exaudi
2898 2435 3001 2484 me,
3046 2419 3287 2485 Domine,
3325 2424 3584 2491 quoniam
3630 2425 3713 2478 be-

2118 2512 2275 2580 nigna
2313 2519 2386 2562 est
2432 2509 2788 2563 misericordia
2840 2519 2950 2562 tua.
3002 2507 3152 2564 Orat.
3191 2511 3404 2575 Adesto,
3455 2510 3709 2577 Domine,

2116 2599 2582 2670 supplicationibus
2615 2599 2825 2664 nostris,
2854 2609 2903 2653 et
2925 2602 3038 2668 fine,
3071 2602 3160 2672 qui
3205 2603 3363 2655 etiam
3407 2604 3714 2658 misericorh

2117 2693 2205 2745 dia
2240 2701 2331 2746 tua
2361 2693 2562 2762 primus
2594 2691 2823 2762 indigeo,
2861 2702 2916 2746 et
2952 2692 3107 2762 reliq.
3152 2692 3270 2747 Alia
3297 2695 3475 2748 oratio
3507 2715 3520 2748 :
3553 2695 3711 2750 Prc-

2115 2792 2216 2845 sta,
2273 2797 2594 2851 quaesumus,
2641 2780 2884 2846 Domine,
2931 2781 3052 2835 huic
3101 2782 3301 2852 famulo
3347 2794 3436 2838 tuo
3489 2786 3718 2855 dignum.

2115 2873 2426 2943 paenitentia:
2460 2872 2708 2941 fructum.
2737 2870 2855 2926 Alia
2892 2889 2905 2925 :
2953 2871 3096 2927 Deus
3137 2873 3355 2927 humani
3388 2877 3605 2944 generis
3633 2877 3717 2931 be-

2119 2961 2418 3030 nignissime
2456 2959 2714 3025 conditor,
2752 2968 2801 3013 et
2835 2959 3319 3016 misericordissime
3363 2962 3712 3030 reformator.

2117 3048 2234 3102 Alia
2263 3064 2278 3103 :
2307 3048 2470 3112 Deus,
2511 3049 2606 3104 sub
2653 3048 2804 3118 cujus
2839 3048 2994 3103 oculo
3035 3066 3187 3104 omne
3219 3068 3312 3104 cor
3337 3052 3566 3122 trepidat
3597 3070 3714 3107 ont-

2120 3155 2308 3207 nesque
2351 3138 2680 3192 conscientiae
2716 3139 3142 3205 contremiscunt,
3191 3149 3250 3195 et
3298 3141 3522 3210 reliqua.
3583 3143 3717 3200 Post

2042 3198 2089 3262 θ
2118 3230 2222 3284 hoc
2242 3245 2373 3285 vero
2395 3231 2750 3285 admoneatur
2771 3245 2802 3284 a
2825 3198 3206 3296 sacerdote,'ut
3229 3233 3370 3301 quod
3397 3198 3715 3302 pernitendo

2113 3321 2289 3388 diluit,
2348 3323 2594 3379 iterando
2641 3338 2747 3378 non
2799 3330 3026 3392 repetat.
3081 3323 3261 3388 Missa,
3317 3325 3462 3379 unde
3517 3340 3710 3396 supra.

2112 3412 2416 3481 Antiphona
2463 3429 2479 3465 :
2530 3413 2642 3483 Ego
2687 3423 2857 3467 autem
2897 3415 2954 3468 in
2991 3413 3216 3468 Domino
3254 3416 3479 3485 speravi.
3517 3413 3712 3470 Omni-

2112 3512 2290 3570 potens
2337 3503 2644 3572 sempiterne
2681 3505 2842 3569 Deus,
2885 3505 3249 3573 confitentibus
3300 3505 3421 3558 huic
3479 3506 3707 3576 famulo.

2115 3592 2349 3662 Epistola
2378 3611 2391 3646 :
2427 3593 2659 3658 Quaerite
2687 3595 2972 3649 Dominum
3003 3595 3165 3667 477
3206 3596 3328 3650 dum
3357 3596 3592 3651 inueniri
3621 3615 3710 3668 po-

2115 3693 2231 3738 test.
2284 3683 2449 3740 Grad.
2487 3703 2500 3738 :
2549 3685 2628 3740 De
2676 3687 3087 3741 necessitatibus.
3127 3687 3476 3759 Evangelium
3518 3707 3530 3742 :
3577 3689 3710 3745 Sub-

2115 3774 2296 3830 tevatis
2325 3776 2481 3831 Jesus
2519 3776 2686 3831 oculis
2721 3777 2775 3831 in
2813 3777 3016 3832 ctelum.
3056 3776 3401 3833 Odertorium
3445 3796 3459 3832 :
3507 3778 3710 3836 Factus

2116 3876 2191 3920 est
2213 3866 2466 3921 Dominus
2495 3867 2809 3936 ﬁrmament.
2834 3868 3041 3923 Secret.
3070 3888 3082 3922 :
3120 3867 3384 3923 Virtutum
3411 3870 3704 3925 celestis.

2115 3955 2280 4023 Deus,
2302 3958 2367 4010 de
2393 3959 2544 4027 cujus
2569 3959 2754 4028 gratia:
2784 3976 2900 4013 rore
2921 3959 3202 4014 descendit.
3233 3961 3366 4015 Coll.
3400 3981 3412 4016 :
3444 3961 3708 4017 "lumina

2117 4045 2306 4116 faciem
2329 4057 2492 4100 tuam.
2521 4047 2668 4101 Orat.
2713 4049 2780 4100 ad
2825 4049 3126 4118 complend.
3157 4068 3170 4102 :
3201 4047 3462 4116 Concede,
3498 4069 3711 4122 quasu-

2118 4154 2250 4201 mus,
2271 4137 2509 4202 Domine,
2528 4146 2583 4190 ut
2599 4147 2893 4207 perceptum
2911 4141 3029 4192 novi
3044 4143 3358 4194 sacramenti
3373 4146 3704 4212 mysterium.

2186 4226 2387 4280 Eodem
2411 4227 2497 4281 die
2526 4227 2719 4282 altaria
2743 4229 2926 4298 templi
2963 4239 3017 4285 et
3039 4233 3273 4301 parietes
3293 4233 3408 4288 sive
3430 4235 3708 4302 pavimen~

2119 4326 2175 4372 ta
2205 4319 2446 4374 ecclesia:
2473 4320 2747 4386 lavantur,
2787 4329 2842 4376 et
2868 4337 2996 4375 vasa
3036 4323 3262 4377 Domino
3304 4333 3523 4378 sacrata
3552 4325 3703 4395 puri-

2119 4408 2369 4464 ﬁcantur.
2401 4411 2428 4450 δ
2455 4409 2716 4477 Quamvis
2759 4413 2974 4468 ornatui
2999 4415 3169 4483 possit
3191 4429 3492 4486 congruere
3511 4415 3702 4470 lavatio

2119 4513 2330 4562 eorum,
2359 4508 2537 4553 tamen
2560 4515 2666 4554 non
2695 4501 2844 4555 deest
2878 4501 3078 4570 aliquid
3119 4503 3426 4572 mysticum.
3464 4503 3698 4559 Parietes

445 4595 622 4663 phona
649 4609 663 4648 :
691 4557 958 4650 bmittitur
985 4557 1351 4647 ctiam-Gloria
1381 4591 1544 4655 Patri,
1575 4600 1708 4656 etc.,
1731 4594 1819 4647 ubi
1849 4594 2017 4664 gloria
2049 4557 2096 4614 Β
2125 4557 2325 4642 dOmUS.
2359 4588 2675 4641 Vocabulum
2732 4589 2930 4643 habent
2959 4557 3224 4656 ὲςοιθεὶείξ,
3255 4592 3382 4661 quia
3425 4557 3699 4648 conuiian

447 4685 702 4739 recolitur
729 4694 930 4739 sanctae
971 4683 1270 4737 Trinitatis.
1316 4680 1458 4747 Quia
1501 4697 1608 4735 una
1657 4690 1742 4736 est
1789 4698 2018 4752 persona

445 4775 568 4830 Filii
599 4776 690 4830 Dei
718 4783 771 4828 et
795 4775 887 4829 lilii
915 4774 1167 4838 hominis,
1197 4773 1287 4842 qui
1313 4772 1422 4842 pati
1447 4780 1686 4835 venerat,
1714 4771 2021 4827 conformat

445 4885 505 4924 se
533 4876 720 4923 sancta
739 4867 974 4922 Ecclesia
996 4865 1160 4936 capiti
1185 4879 1300 4928 suo,
1329 4872 1382 4919 et
1409 4864 1474 4918 de
1499 4862 1884 4934 gloriﬁcatione
1903 4864 2019 4934 ejus

445 4961 658 5027 reticet,
680 4959 976 5028 usquedum
1001 4957 1268 5013 exaltetur
1292 4969 1388 5024 per
1406 4955 1736 5024 triumphum
1757 4955 2015 5010 victoriae.

447 5052 584 5118 Quia
626 5050 759 5106 ordo
803 5049 1218 5120 praedicatorum
1263 5055 1500 5114 tempore
1536 5046 1802 5114 passionis
1850 5045 2020 5110 siluit,

447 5141 706 5196 reticetur
740 5154 903 5194 sonus
952 5138 1222 5208 signorum
1257 5143 1416 5204 atque
1453 5151 1858 5205 campanamm.
1914 5135 2022 5189 Pro

447 5228 551 5284 hoc
570 5229 712 5283 enim
740 5225 992 5282 humilior
1011 5238 1173 5280 sonus
1200 5223 1464 5294 lignorum
1494 5223 1561 5277 ad
1588 5224 2020 5294 congregandum

447 5319 702 5391 populum
730 5316 1040 5373 assumitur.
1072 5315 1116 5370 A
1143 5316 1291 5385 pacis
1331 5314 1516 5370 osculo
1559 5314 1677 5369 sine
1703 5314 2022 5370 salutatione

449 5413 767 5476 abstinetur,
796 5425 903 5465 non
943 5408 1084 5480 quod
1131 5409 1330 5462 malum
1369 5407 1457 5473 sit,
1508 5407 1601 5462 ubi
1644 5421 1712 5462 ex
1757 5407 2023 5462 charitate

448 5504 746 5573 profertur;
773 5501 867 5558 sed
897 5500 963 5555 ad
989 5498 1258 5554 vitandam
1291 5498 1666 5554 salutationem
1687 5498 2020 5567 pestiferam,

451 5595 664 5664 qualem
706 5593 875 5650 Iudas
921 5593 1165 5662 proditor
1207 5592 1466 5657 exercuit,
1516 5597 1576 5644 ut
1624 5590 2022 5646 demonstretur

523 5721 547 5748 ι
580 5707 696 5764 Vid.
722 5708 1045 5777 Amalarium
1072 5707 1196 5777 libr.
1224 5723 1240 5761 l
1273 5708 1340 5763 de
1368 5706 1511 5762 Eccl.
1541 5705 1756 5770 Oﬂiciis,
1792 5721 1907 5777 cap.
1931 5705 2018 5768 12,

451 5791 505 5836 et
530 5779 650 5834 libr.
686 5795 760 5844 ιν,
789 5793 907 5846 cap.
936 5776 999 5830 21
1034 5785 1089 5830 et
1114 5776 1202 5829 22.

1841 5965 1850 5996 ι

2123 4677 2427 4741 ecclesiam,
2453 4693 2560 4730 non
2586 4687 2764 4732 tamen
2790 4687 2915 4732 sunt
2943 4679 3042 4748 ipsi
3071 4679 3317 4734 ecclesia.
3355 4680 3435 4735 Ac
3456 4698 3559 4752 per
3603 4685 3697 4738 hoc

2125 4767 2249 4837 quia
2311 4766 2544 4821 ecclesia
2601 4769 2920 4823 convocatio
2972 4770 3394 4840 interpretatur,
3457 4773 3694 4827 homines

2125 4869 2250 4914 sunt
2273 4859 2518 4923 ecclesia,
2549 4875 2655 4914 non
2681 4861 2912 4929 parietes
2939 4860 3149 4918 domus.
3189 4862 3292 4930 Qui
3336 4873 3522 4919 tamen
3545 4881 3691 4935 prop-

2127 4958 2273 5002 terea
2304 4949 2708 5004 sanctiﬁcantur
2730 4950 2798 5004 ab
2830 4951 3102 5021 episcopo,
3148 4961 3207 5006 ut
3243 4953 3297 5006 in
3335 4954 3416 5008 eis
3449 4956 3690 5008 invitetur

2127 5039 2389 5092 adventus
2411 5038 2745 5109 angelorum,
2769 5046 2823 5092 et
2846 5040 3092 5094 homines
3133 5041 3188 5094 in
3218 5055 3284 5096 ea
3321 5041 3586 5098 intrantes
3630 5043 3686 5095 ab

2126 5129 2273 5184 omni
2298 5129 2620 5200 turpiloquio
2649 5138 2704 5186 et
2732 5131 3085 5198 scurrilitate,
3107 5140 3162 5187 et
3189 5133 3316 5188 exili
3352 5136 3522 5190 etiam
3559 5135 3690 5205 cogi—

2128 5223 2348 5288 tatione,
2377 5223 2626 5276 noverint
2651 5237 2709 5277 se
2737 5223 3035 5288 continere,
3060 5234 3120 5278 ut
3138 5225 3360 5280 audiant
3377 5228 3520 5296 quod
3551 5227 3687 5295 Moy—

2126 5329 2216 5369 ses
2237 5313 2469 5378 audivit,
2497 5315 2711 5382 quando
2736 5315 2901 5369 voluit
2934 5316 3117 5371 videre
3147 5317 3341 5374 rubum
3371 5321 3646 5374 ardentem
3674 5334 3685 5368 :

2128 5403 2279 5460 Solve
2305 5404 2711 5463 calceamentum
2741 5407 2806 5461 de
2843 5409 3058 5479 pedibus
3097 5411 3202 5465 tuis
3235 5428 3253 5465 :
3277 5412 3425 5467 locus
3464 5414 3598 5467 enim
3641 5413 3690 5464 in

2122 5515 2224 5569 quo
2253 5507 2384 5563 stas,
2411 5508 2551 5552 terra
2570 5509 2751 5554 sancta
2778 5509 2852 5555 est
2880 5501 3076 5572 (Exod.
3112 5518 3195 5569 un,
3228 5503 3305 5575 5).
3342 5503 3688 5560 Calceamen-

2125 5599 2176 5645 ta
2207 5606 2326 5660 qua:
2357 5605 2424 5644 ex
2457 5593 2683 5648 mortuis
2708 5593 3030 5649 animalibus
3065 5595 3218 5663 fiunt,
3243 5598 3443 5652 veteris
3466 5596 3689 5651 hominis

2197 5707 2220 5745 δ
2245 5706 2548 5761 Amalarius
2575 5706 2701 5763 ibid.
