3914 6178
253 309 390 364 ηοεί
1053 313 1201 368 οΡΡ.
1244 313 1645 370 SUPPOSITA.
1685 345 1756 355 -—-
1792 317 1916 371 LIB.
1958 317 2045 371 DE
2080 317 2327 388 DlVlNlS
2362 317 2666 374 OFFiCllS.

245 433 462 492 peccata
483 423 784 494 signiﬁcant
818 426 1123 482 :intrantes
1143 443 1242 482 nos
1263 429 1318 482 in
1344 428 1462 482 loca
1491 426 1808 492 sancta,ubi
1835 437 1880 491 Α
1911 429 2130 483 missam
2181 430 2474 498 antiphona
2517 449 2531 484 :
2582 432 2696 486 Nos
2748 443 2921 488 autem
2969 435 3206 506 gloriari.
3257 437 3476 494 Interim

245 514 500 569 Dominus
534 523 618 568 est
641 526 696 570 et
721 515 894 586 angeli
921 515 1058 585 ejus,
1087 532 1348 572 exuamus
1381 532 1479 572 nos
1499 517 1585 572 his
1598 517 1806 570 calcea-
1906 519 2210 588 egredietur
2232 519 2471 589 pontifex
2501 523 2566 575 de
2586 523 2824 578 sacrario
2855 535 2979 580 cum
3021 527 3339 582 diacouibus
3359 529 3476 583 dal-

241 604 458 668 mentis,
489 611 541 658 et
569 620 632 659 ea
658 620 778 675 qua:
817 615 942 661 sunt
991 607 1200 661 Domini
1255 609 1568 678 cogitemus.
1602 620 1629 648 ι
1661 607 1830 680 Ριινὶον
1906 611 2136 676 maticis,
2164 619 2219 666 et
2236 620 2441 681 septem
2464 616 2809 671 cereostratis
2857 625 2983 671 ante
3029 634 3175 683 eum,
3227 618 3370 673 sicut
3420 620 3476 674 in

243 699 478 743 mentum
509 692 782 758 Ecclesiae,
820 695 1090 749 auditores
1117 697 1490 766 magistrorum
1517 707 1658 752 sunt.
1706 695 1808 751 La-
1907 699 1992 753 die
2023 700 2266 766 solemni,
2298 716 2420 755 cum
2447 703 2592 757 omni
2619 703 2824 759 scilicet
2873 713 3090 760 ornatu.
3134 707 3270 762 Dum
3300 715 3477 764 trans-

243 783 382 836 Vatio
397 783 1345 856 domus,.qua:nuncupativeecclesia
1359 791 1573 855 dicitur,
1598 791 1808 859 signum
1907 792 2028 845 ierit
2066 807 2162 862 per
2195 793 2428 846 medium
2453 793 2674 860 scholze,
2709 804 2913 850 annuat
2939 796 3034 863 illi,
3075 799 3136 850 ut
3165 797 3311 852 dicat
3354 799 3478 853 Glo-

3341 327 3477 383 £306

239 881 322 927 est
356 873 642 930 lavationis
672 877 866 946 pedum
910 886 1156 932 tratrum.
1207 881 1434 936 Lavatio
1468 883 1664 952 pedum
1704 882 1809 936 fra-

239 973 380 1018 trum
408 963 618 1034 signum
645 975 727 1021 est
753 968 1087 1024 remissionis
1117 981 1480 1040 peccatorum,
1504 975 1616 1029 sive
1638 991 1809 1044 quan-

236 1054 307 1110 do
342 1071 366 1109 τι
397 1057 618 1111 Domino
640 1059 1008 1126 remittuntur,
1039 1077 1131 1115 seu
1156 1061 1387 1117 invicem
1415 1079 1444 1117 a
1473 1064 1626 1119 nobis
1655 1065 1802 1135 ipsis.

307 1145 475 1202 Hodie
514 1149 746 1203 chrisma
791 1150 1073 1206 conﬁcitur
1104 1153 1188 1206 vel
1236 1163 1602 1210 consecratur.
1653 1155 1806 1212 Unde

234 1237 497 1303 Christus,
526 1238 577 1292 id
601 1246 703 1304 est,
729 1250 943 1305 unctus,
976 1256 1005 1295 a
1031 1242 1318 1297 chrismate
1353 1253 1666 1314 appellatur.
1701 1244 1806 1299 Un-

234 1337 487 1398 guentum
516 1329 655 1384 istud
682 1328 887 1400 Moyses
915 1333 1146 1400 primum
1169 1334 1222 1386 in
1255 1334 1442 1388 Exodo
1458 1331 1681 1400 iubente
1695 1332 1802 1387 Do-

233 1420 378 1474 mino
399 1421 714 1489 composuit,
747 1434 853 1489 quo
883 1422 1039 1492 primi
1069 1421 1248 1477 Aaron
1272 1433 1327 1478 et
1350 1421 1444 1478 ﬁlii
1471 1425 1588 1495 ejus
1617 1425 1669 1479 in
1697 1427 1830 1480 tes—'

233 1513 509 1567 timonium
551 1515 834 1568 sacerdotii
891 1523 945 1569 et
996 1517 1293 1571 sanctitatis
1347 1519 1595 1586 peruncti
1653 1525 1797 1571 sunt.

230 1599 430 1656 Deinde
454 1619 665 1672 quoque
702 1619 853 1676 reges
882 1606 1070 1660 eodem
1108 1607 1399 1662 chrismate
1426 1609 1798 1663 sacrabantur.

230 1690 382 1746 Unde
409 1700 463 1746 et
486 1692 683 1747 Christi
711 1702 1104 1764 nuncupantur,
1130 1705 1188 1748 ut
1215 1695 1343 1749 illud
1372 1714 1385 1750 :
1417 1696 1596 1750 Nolite
1625 1706 1800 1768 tange-

1903 881 2058 934 riam.
2080 879 2380 950 Antequam
2407 896 2537 936 vero
2565 882 2819 938 ascendat
2845 884 2911 938 ad
2939 886 3128 951 altare,
3170 886 3262 940 dat
3287 902 3474 956 pacem

1901 967 2071 1036 priori
2099 968 2350 1037 episcopo
2378 976 2433 1024 et
2467 969 2640 1039 priori.
2667 972 3001 1042 presbytero,
3025 973 3215 1028 deinde
3237 975 3474 1031 diaconi-

1902 1055 2003 1110 bus
2019 1073 2032 1109 :
2049 1056 2376 1126 veniensque
2387 1066 2510 1113 ante
2533 1058 2704 1114 altare
2733 1060 2954 1115 inclinat
2976 1076 3034 1116 se
3059 1063 3124 1118 ad
3151 1065 3470 1131 orationem,

1901 1155 2204 1214 prostratus
2226 1147 2280 1201 in
2311 1155 2455 1202 terra
2507 1164 2676 1218 usque
2729 1149 2797 1203 ad
2841 1165 3056 1205 versum
3099 1153 3467 1222 repetendum.

1903 1236 2019 1304 Quo
2045 1237 2214 1304 ﬁnito,
2251 1239 2446 1294 dicitur
2474 1237 2636 1310 Hyrie
2678 1239 2891 1294 eieison.
2951 1239 3175 1306 Deinde,
3215 1241 3470 1296 Dominus

1901 1327 2179 1393 vobiscum,
2214 1336 2266 1383 et
2287 1330 2562 1398 peragitur
2581 1332 2764 1386 missa.

1971 1417 2090 1488 Ipso
2115 1419 2202 1474 die
2221 1421 2296 1475 ita
2315 1420 2598 1476 coniicitur
2625 1422 2861 1477 chrisma
2893 1441 2906 1475 :
2933 1423 2988 1477 in
3013 1422 3204 1478 ultimo
3229 1422 3296 1477 ad
3343 1422 3471 1478 mis-

1901 1523 2016 1563 sam
2057 1516 2343 1580 antequam
2370 1509 2600 1575 dicatur,
2630 1527 2721 1581 per
2745 1527 2896 1582 quem
2923 1511 3032 1565 haec
3061 1511 3256 1575 omnia,
3284 1509 3470 1564 Domi-

1901 1614 1987 1663 ne,
2014 1614 2212 1669 semper
2249 1599 2384 1654 bona
2439 1616 2606 1665 creas,
2659 1600 2868 1655 levatur
2913 1601 2978 1656 de
3029 1600 3294 1670 ampullis,
3339 1614 3472 1668 quas

1900 1687 2132 1743 oll‘erunt
2158 1688 2362 1758 populi,
2378 1698 2432 1744 et
2450 1689 2719 1745 benedicit
2739 1697 2849 1744 tam
2865 1689 3120 1745 Dominus
3140 1703 3294 1758 papa,
3310 1702 3469 1756 quam

229 1799 282 1835 re
311 1781 542 1836 Christus
573 1801 710 1838 meos
731 1782 902 1856 (Psal.
930 1801 1038 1851 CIV,
1091 1786 1200 1857 15).
1237 1786 1473 1857 Eratque
1502 1804 1566 1843 eo
1593 1797 1799 1858 tempo-
1828 1773 1874 1835 Β
1898 1791 2084 1832 omnes
2113 1779 2409 1848 presbyteri
2439 1797 2450 1809 ·
2485 1780 2677 1835 deinde
2698 1780 2940 1850 sequitur
2964 1779 3300 1834 exorcismus
3342 1776 3466 1831 olei.

227 1881 286 1925 re
310 1881 514 1926 tantum
551 1874 603 1926 in
625 1875 837 1943 regibus
860 1883 914 1928 et
935 1875 1306 1932 sacerdotibus
1336 1878 1563 1948 mystica
1591 1881 1792 1935 unctio.

229 1962 333 2017 Sed
346 1973 624 2034 postquam
662 1965 916 2018 Dominus
947 1973 1130 2018 noster
1154 1981 1314 2021 verus
1337 1983 1431 2021 rex
1467 1977 1521 2021 et
1547 1970 1796 2024 sacerdos

227 2065 455 2111 aeternus
475 2072 505 2110 a
540 2057 650 2111 Deo
683 2057 841 2112 Patre
868 2056 1075 2111 caelesti
1115 2058 1218 2112 hoc
1246 2059 1471 2128 mystico
1529 2069 1611 2113 est
1662 2059 1794 2114 deli-

225 2145 386 2201 butus
413 2155 701 2215 unguento,
722 2145 833 2212 jam
868 2161 973 2201 non
1001 2147 1096 2201 soli
1122 2162 1276 2216 reges
1299 2158 1352 2201 et
1374 2149 1676 2217 pontiﬁces,
1702 2151 1795 2204 sed

225 2237 398 2290 omnis
426 2235 660 2292 Ecclesia
687 2236 939 2290 unctione
970 2236 1274 2291 chrismatis
1300 2246 1664 2304 consecratur,
1698 2255 1796 2308 pro

225 2339 292 2381 eo
312 2328 452 2395 quod
478 2326 776 2381 membrum
799 2335 882 2381 est
902 2327 1086 2379 aeterni
1110 2327 1251 2396 regis
1263 2333 1316 2380 et
1330 2328 1641 2382 sacerdotis.
1658 2327 1797 2382 Con-

226 2415 403 2470 ﬁcitur
423 2416 563 2470 enim
589 2431 653 2470 ex
676 2416 794 2470 oleo
818 2415 1168 2470 mundissimo
1207 2425 1261 2470 et
1304 2417 1504 2485 optimo
1535 2416 1792 2472 balsamo.

226 2506 359 2572 Quia
383 2521 550 2578 genus
571 2506 750 2576 regale
785 2515 839 2560 et
891 2505 1220 2561 sacerdotale
1263 2521 1466 2573 sumus,
1497 2507 1617 2562 ideo
1675 2517 1799 2578 post

224 2597 496 2650 lavacrum
528 2597 807 2665 ungimur,
833 2605 892 2650 ut
929 2595 1128 2651 Christi
1194 2599 1409 2652 nomine
1453 2613 1792 2654 censeamur.

222 2686 544 2741 Chrismalis
567 2687 712 2740 enim
736 2687 918 2741 unctio
943 2687 1244 2743 sanctificat
1282 2688 1397 2757 jam
1427 2689 1669 2746 viventes
1728 2705 1793 2745 ex

221 2777 473 2830 mortuis.
504 2776 570 2829 Et
593 2777 707 2830 ideo
736 2777 865 2830 feria
889 2778 1074 2845 quinta
1124 2779 1424 2843 conﬁcitur,
1453 2783 1577 2849 quia
1604 2783 1794 2850 quinta

219 2874 383 2920 atate
403 2865 585 2920 mundi
615 2866 680 2919 ad
707 2881 803 2920 nos
825 2865 1072 2921 Christus
1093 2869 1306 2923 venisse
1325 2870 1662 2938 perhibetur,
1681 2872 1795 2926 sive

219 2957 363 3025 quod
395 2964 518 3010 ante
543 2957 760 3010 biduum
787 2955 1007 3010 Pascha:
1040 2955 1206 3010 Maria
1228 2966 1387 3026 caput
1416 2973 1479 3012 ac
1503 2959 1664 3027 pedes
1691 2959 1795 3014 Do-

220 3046 352 3099 mini
371 3045 641 3114 perunxit.
677 3045 1020 3100 Benedicitur
1055 3045 1234 3100 oleum
1282 3045 1648 3111 inﬁrmorum,
1700 3049 1790 3115 qui

1901 1869 1994 1924 llis
2015 1868 2259 1938 expletis,
2289 1869 2530 1939 sequitur
2566 1870 2752 1926 Oratio
2779 1871 3076 1925 Dominica.
3120 1868 3306 1922 Libera
3353 1883 3464 1930 nos,

1895 1976 2218 2030 quasumus,
2263 1959 2502 2013 Domine.
2532 1959 2650 2014 Pax
2667 1959 2901 2024 Domini,
2950 1965 2998 2012 et
3029 1956 3206 2027 Agnus
3248 1955 3368 2019 Dei,
3415 1963 3469 2010 et

1897 2050 2257 2103 communicat
2284 2049 2524 2118 pontifex
2551 2049 2716 2114 solus,
2745 2058 2801 2104 et
2828 2050 2968 2104 redit
2989 2049 3056 2103 ad
3078 2049 3261 2102 sedem
3289 2063 3462 2112 suam,

1895 2145 1950 2191 et
1977 2138 2220 2206 sequitur
2244 2138 2312 2191 ad
2337 2137 2633 2193 Commem.
2679 2137 2934 2192 Dominus
2991 2138 3145 2192 Jesus
3191 2147 3465 2207 postquam

1897 2228 2131 2280 creuerit.
2163 2226 2412 2281 Psalmus
2443 2244 2455 2279 :
2481 2226 2631 2279 Beati
2655 2226 3000 2291 immaculati,
3017 2227 3082 2280 ad
3096 2227 3461 2295 repetendum,

1895 2326 2155 2387 quantum
2188 2331 2407 2372 necesse
2425 2317 2548 2372 erit.
2580 2317 2800 2371 lnterim
2844 2317 3201 2370 communicat
3261 2317 3459 2379 clerus,

1897 2423 1989 2462 seu
2013 2408 2187 2461 omnis
2208 2407 2456 2476 populus.
2485 2406 2740 2476 Sequitur
2759 2409 2826 2461 ad
2860 2405 3081 2478 Compl-
3111 2407 3304 2461 oratio.
3353 2405 3466 2461 Hac

1895 2497 2124 2566 expleta,
2175 2491 2304 2551 dicit
2327 2497 2750 2561 diaconus:Ite,
2773 2497 2932 2550 missa
2976 2505 3071 2550 est.
3123 2495 3222 2551 Cui
3279 2496 3465 2551 subse-

1895 2595 2132 2656 quuntur
2157 2587 2426 2656 Vesperte,
2449 2594 2510 2640 ut
2533 2587 2589 2641 in
2618 2585 3004 2654 Antiphonario
3022 2585 3345 2640 continetur.
3387 2583 3464 2640 De

1894 2676 2083 2730 eodem
2112 2691 2241 2730 vero
2267 2676 2353 2730 die
2380 2675 2574 2745 legitur
2598 2675 2654 2729 in
2692 2674 2988 2740 ordinibus,
3014 2674 3157 2743 quod
3184 2688 3466 2729 reservan-

1896 2767 2021 2821 dum
2054 2765 2123 2819 sit
2150 2766 2216 2820 de
2245 2780 2471 2836 corpore
2515 2764 2725 2819 Domini
2751 2765 2818 2818 ad
2857 2765 3360 2819 communicandum
3408 2765 3463 2819 in

1894 2857 2214 2910 crastinum.
2247 2856 2274 2895 δ
2300 2855 2632 2925 Augustinus
2667 2855 2734 2909 ad
2781 2854 3098 2910 Ianuarium
3135 2869 3150 2908 :
3190 2854 3328 2909 Sunt
3371 2856 3463 2923 qui

1894 2947 2130 3014 quotidie
2154 2945 2532 3000 eucharistiam
2559 2945 2748 3000 volunt
2775 2960 2989 3000 sumere
3006 2954 3102 3013 ;_et
3125 2946 3251 3016 quia
3289 2947 3342 3000 in
3357 2945 3460 3000 Pa-

1895 3049 2115 3088 rascevc
2141 3050 2248 3088 non
2276 3034 2561 3088 coniicitur
2595 3049 2791 3104 corpus
2834 3035 3067 3102 Domini,
3117 3049 3340 3090 necesse
3382 3045 3466 3092 est

221 3137 399 3205 passio
419 3137 619 3190 Christi
642 3144 915 3191 auctorem
937 3136 1126 3190 mortis
1146 3135 1434 3191 destruxit:
1462 3139 1632 3208 gratia
1653 3137 1789 3207 ejus,

1897 3132 1953 3177 ut
1974 3125 2048 3188 hi,
2073 3124 2267 3193 quibus
2298 3131 2382 3178 est
2424 3123 2670 3179 voluntas
2718 3127 3170 3192 communicandi,
3233 3128 3466 3182 habeant

222 3243 338 3298 quae
369 3229 701 3298 signiﬁcatur
725 3243 821 3298 per
842 3227 945 3284 olei
969 3229 1278 3282 unctionem
1304 3268 1319 3292 ,
1351 3243 1501 3281 arma
1519 3226 1655 3297 ejus,
1672 3243 1792 3297 quae

222 3326 346 3372 sunt
368 3327 587 3387 peccata
616 3319 949 3387 quotidiana,
976 3317 1262 3384 destruxit,
1303 3317 1506 3372 Jacobo
1534 3326 1794 3372 attestan-

221 3415 275 3462 te
300 3424 312 3460 :
334 3405 514 3461 Oratio
534 3406 658 3476 fidei
683 3405 900 3460 salvabit
928 3407 1196 3476 inﬁrmum
1211 3420 1231 3458 .'
1252 3415 1300 3461 et
1319 3409 1364 3461 si
1388 3409 1441 3461 in
1455 3408 1679 3476 peccatis
1701 3408 1790 3472 sit,

221 3499 545 3552 dimittentur
562 3501 608 3552 ei
627 3497 766 3571 (Jac.
784 3499 963 3570 v,.15),
980 3499 1132 3568 cujus
1145 3501 1356 3571 signum
1373 3509 1456 3555 est
1468 3499 1571 3555 olei
1589 3500 1789 3554 unctio.

293 3589 493 3644 Eadem
517 3589 621 3653 die,
649 3589 781 3643 hora
802 3605 944 3644 nona
989 3590 1212 3654 scilicet,
1260 3590 1474 3658 quando
1504 3589 1617 3644 dies
1667 3595 1794 3642 sunt

219 3679 511 3750 longiores,
537 3693 629 3732 seu
651 3678 784 3731 hora
813 3679 1019 3746 quinta,
1057 3679 1274 3748 quando
1301 3679 1591 3743 breviores,
1624 3694 1789 3733 excu-

220 3770 353 3822 titur
383 3767 523 3836 ignis
544 3766 610 3819 de
635 3765 811 3835 lapide
841 3767 896 3820 in
923 3766 1042 3820 loco
1092 3765 1546 3829 forishasilicam,
1575 3775 1629 3820 et
1672 3768 1792 3820 illu-

219 3858 456 3913 minatur
489 3853 730 3910 candela‘.
770 3855 844 3909 De
874 3870 980 3924 quo
1025 3855 1331 3925 ignevnovo
1376 3855 1705 3908 illuminatur
1758 3869 1789 3907 a

220 3947 585 4002 mansionario
607 3946 848 4001 ecclesia:
881 3946 1086 4016 lampas
1122 3961 1246 4012 una,
1269 3954 1326 4002 et
1352 3954 1600 4001 servatur
1621 3961 1790 4014 usque

181 4043 186 4045 ’
220 4039 275 4092 in
307 4037 601 4092 Sabbatum
630 4046 873 4091 sanctum
904 4038 969 4091 ad
993 4037 1398 4091 illuminandum
1426 4051 1664 4100 cereum,
1696 4034 1804 4105 qui.

220 4129 408 4185 eodem
431 4129 516 4184 die
543 4136 625 4184 est
648 4128 1057 4184 benedicendus.
1092 4129 1167 4183 De
1188 4143 1294 4198 quo
1325 4129 1378 4182 in
1404 4127 1640 4182 Sabbato
1666 4143 1790 4181 san-

219 4229 308 4275 cto
331 4221 611 4275 dicendum
634 4227 734 4275 est.
763 4219 1197 4288 Suprascriptam
1221 4233 1352 4272 vero
1373 4217 1648 4272 candelam
1676 4217 1791 4272 illu-

219 4317 478 4364 minatam
499 4310 647 4379 ponit
675 4309 1070 4362 mansionarius
1124 4308 1179 4361 in
1224 4307 1531 4364 summitate
1577 4319 1785 4371 cannae,

219 4400 295 4454 ita
319 4408 379 4453 ut
406 4400 656 4468 respiciat
684 4398 965 4453 ecclesiam
991 4414 1152 4467 quam
1174 4405 1298 4452 sunt
1324 4397 1636 4467 ingressuri,
1664 4411 1796 4466 pro-

1893 3216 2218 3271 sacriﬁcium
2247 3231 2314 3270 ex
2340 3217 2511 3284 priori
2533 3217 2640 3282 die,
2667 3215 2809 3287 quod
2855 3224 3034 3272 tamen
3079 3216 3306 3272 Romani
3354 3233 3464 3275 non

1893 3304 2116 3360 faciunt.
2143 3306 2202 3361 ln
2228 3305 2332 3360 isto
2358 3306 2502 3360 enim
2530 3307 2615 3362 die
2641 3307 2976 3362 consumitur
3024 3322 3196 3378 agnus
3228 3309 3459 3380 typicus,

1892 3402 2399 3465 consummaturque
2453 3397 2642 3451 modus
2695 3399 3194 3454 communicationis
3239 3397 3459 3471 [Forte,

1891 3481 2326 3554 communionis],
2359 3491 2414 3537 et
2441 3483 2570 3538 illud
2590 3491 2743 3539 vetus
2775 3497 3172 3541 sacramentum
3196 3501 3292 3557 per
3329 3486 3460 3541 cali-

1890 3589 2027 3640 cem,
2055 3591 2212 3645 quem
2235 3575 2474 3645 porrexit
2498 3576 2771 3647 discipulis
2796 3579 2926 3644 suis,
2954 3578 3064 3635 Deo
3084 3581 3288 3651 gratias
3301 3594 3463 3651 agen-

1888 3665 1976 3731 do,
2000 3666 2141 3736 quod
2171 3674 2349 3721 vetera
2394 3669 2707 3734 transitura,
2732 3677 2790 3722 et
2840 3678 3068 3725 ventura
3121 3687 3278 3736 nova,
3343 3687 3462 3741 qua

1890 3757 2145 3811 debemus
2167 3767 2480 3826 exspectare
2495 3773 2664 3826 usque
2684 3759 2739 3811 in
2755 3761 3202 3815 resurrectionem
3227 3761 3459 3816 Domini.

1889 3845 2032 3899 Dixit
2046 3847 2188 3899 enim
2211 3847 2494 3900 Dominus:
2515 3847 2568 3899 Ν
2571 3864 2638 3899 οη
2660 3847 2830 3899 bibam
2847 3848 2910 3900 de
2930 3850 3026 3902 hoc
3047 3851 3300 3919 genimine
3321 3851 3459 3916 vitis,

1889 3950 2050 4002 usque
2078 3936 2134 3987 in
2154 3935 2291 3987 diem
2317 3933 2467 3986 illum
2503 3933 2697 4005 (Marc.
2723 3950 2836 3998 xw,
2865 3934 2983 4006 95),
3007 3943 3062 3990 et
3093 3937 3318 4006 reliqua.

1957 4021 2123 4094 478
2144 4022 2348 4076 Dehinc
2373 4023 2634 4077 transitur
2663 4023 2730 4077 ad
2756 4025 3079 4090 convivium,
3113 4041 3177 4080 ex
3214 4043 3321 4097 quo
3350 4041 3462 4083 cm-

1889 4127 1960 4166 na
1989 4111 2195 4166 Domini
2221 4120 2464 4165 vocatur.
2501 4111 2666 4166 C(ena
2720 4113 2864 4167 enim
2915 4115 3193 4172 Dominica
3243 4117 3459 4184 dicitur,

1890 4216 1955 4256 eo
1982 4202 2126 4270 quod
2151 4202 2264 4270 ipse
2313 4201 2573 4256 Dominus
2604 4217 2727 4256 cum
2775 4202 3052 4272 discipulis
3096 4206 3210 4261 suis
3256 4201 3462 4261 Pascha

1891 4291 2098 4346 fecerit.
2125 4290 2238 4346 Hoc
2269 4299 2450 4345 autem
2485 4292 2675 4346 ordine
2713 4291 2915 4347 factum
2937 4302 3038 4349 est.
3069 4293 3230 4351 Circa
3279 4309 3462 4365 vespe-

1892 4396 2008 4434 ram
2031 4396 2156 4435 vero
2204 4395 2356 4434 ccena
2392 4380 2552 4448 facta,
2583 4381 2636 4436 id
2663 4389 2763 4447 est,
2787 4392 2976 4452 parata
3009 4392 3064 4439 et
3086 4384 3154 4439 ad
3180 4385 3463 4440 convivan-

219 4499 476 4560 sequente
499 4506 619 4544 eum
647 4490 843 4561 p0pulo
869 4505 988 4544 cum
1025 4505 1234 4545 summo
1268 4490 1481 4544 silentio
1531 4498 1691 4559 atquc
1713 4490 1793 4542 in—
1821 4457 1868 4515 D
1896 4472 2027 4525 lium
2049 4486 2286 4525 mensam
2313 4487 2482 4540 ιιείιιιθ
2506 4473 2783 4541 Ρθτάυθίθν
2812 4489 2918 4527 ηοη
2961 4480 3234 4528 ⁸1⁵³118³οω
3288 4488 3464 4544 ηθιιιιο

219 4581 507 4634 clinatione
535 4596 548 4632 :
576 4580 688 4649 ipsa
718 4594 845 4632 vero
887 4579 1116 4633 ecclesia
1159 4578 1361 4648 absque
1410 4577 1610 4632 lumine
1664 4578 1788 4632 erit.

217 4670 478 4726 Custodes
503 4678 681 4723 autem
708 4669 976 4738 lampades
1006 4678 1211 4738 septem
1232 4676 1354 4739 niue
1375 4669 1542 4721 altare
1561 4669 1631 4720 ita
1664 4684 1795 4737 pra:-

217 4772 437 4834 paratas
461 4762 715 4826 habeant,
753 4771 812 4814 ut
833 4763 1035 4831 absque
1063 4760 1171 4815 ullo
1215 4761 1596 4829 impedimento
1609 4759 1790 4828 cujus-

217 4868 431 4923 cunque
461 4852 842 4906 retardationis
876 4866 1036 4905 manu
1064 4850 1434 4913 mansionarii,
1459 4864 1582 4902 cum
1604 4851 1791 4903 eadem

220 4942 440 4999 candela
469 4943 679 5012 possint
703 4941 941 4996 accendi.
972 4941 1231 5010 Deinceps
1257 4955 1384 4993 vero
1423 4953 1452 4992 a
1479 4939 1794 4993 custodibus

220 5034 361 5089 omni
388 5033 588 5087 lumine
609 5033 890 5086 decoretur
919 5031 1166 5095 ecclesia,
1194 5037 1248 5084 et
1273 5030 1412 5083 sicut
1435 5028 1627 5083 istodic
1649 5038 1794 5082 taxa-

215 5126 414 5190 vimus,
461 5125 534 5178 ita
572 5132 624 5182 et
652 5123 782 5178 feria
809 5130 960 5177 sexta
1000 5126 1160 5190 atque
1189 5119 1443 5174 Sabbato.
1474 5117 1552 5172 Eo
1582 5117 1789 5178 ordine,

217 5223 332 5269 uta
360 5213 726 5269 mansionario
769 5212 902 5267 feria
931 5213 1117 5282 quinta
1162 5217 1423 5280 portetur,
1458 5215 1610 5264 sexta
1657 5207 1792 5262 feria

217 5304 289 5358 ab
313 5305 711 5368 archidiacono,
737 5303 959 5358 sabbato
979 5302 1046 5356 ab
1071 5302 1324 5371 episcopo
1335 5299 1569 5368 iuniore.
1601 5295 1656 5352 in
1683 5313 1793 5352 coe-

215 5394 394 5450 nobiis
429 5409 557 5449 vero
593 5393 726 5448 feria
760 5393 947 5463 quinta
996 5408 1027 5445 a
1073 5391 1294 5445 custode
1341 5389 1604 5454 ecclesize,
1655 5387 1787 5441 feria

217 5495 370 5542 sexta
401 5501 430 5538 a
451 5484 755 5554 praeposito,
789 5482 1010 5538 sabbato
1039 5479 1108 5535 ab
1134 5479 1344 5535 abbate.

291 5576 420 5630 Post
440 5575 882 5629 illuminationem
931 5587 1060 5629 vero
1095 5570 1335 5627 ecclesia:
1391 5570 1676 5625 inchoatur
1719 5571 1784 5624 ad

291 5680 316 5706 ε
347 5665 670 5727 Amalarius,
697 5666 820 5718 ibid.

290 5738 316 5776 ιι
339 5735 537 5802 Amal.,
566 5753 680 5806 cap.
721 5736 800 5787 l2.

1895 4561 2066 4626 ﬁnita,
2095 4562 2268 4629 surgit
2294 4561 2450 4617 Jesus
2481 4578 2510 4616 a
2536 4577 2710 4628 coena,
2735 4574 2788 4617 et
2811 4565 2959 4632 ponit
2985 4566 3302 4619 vestimenta
3323 4579 3418 4619 sua
3443 4582 3458 4631 ;

1893 4659 1948 4703 et
1969 4665 2091 4704 cum
2121 4653 2422 4720 accepisset
2446 4651 2691 4717 linteum,
2721 4654 3007 4720 praecinxit
3034 4669 3115 4718 se,
3145 4654 3338 4709 deinde
3366 4655 3464 4708 mi-

1893 4742 1965 4796 sit
1999 4757 2193 4811 aquam
2221 4742 2275 4794 in
2303 4742 2526 4811 pelvim;
2547 4743 2876 4811 veniensque
2887 4743 3118 4812 primum
3134 4745 3200 4798 ad
3219 4743 3459 4808 Petrum,

1894 4837 2057 4906 coepit
2084 4837 2264 4890 lavare
2285 4835 2446 4906 pedes
2471 4835 2606 4904 ejus,
2638 4844 2693 4890 et
2713 4847 2996 4908 extergere
3020 4837 3207 4904 linteo,
3225 4845 3465 4907 quoerat

1892 4929 2233 4997 prtccinctus,
2261 4936 2316 4980 et
2349 4927 2754 4998 discipulorum.
2788 4927 2885 4983 Cui
2922 4929 3058 4983 dixit
3085 4928 3281 4982 Petrus
3320 4927 3462 4981 :Do.

1893 5019 2052 5081 mine,
2092 5025 2146 5069 tu
2169 5017 2295 5069 mihi
2325 5016 2468 5071 lavas
2509 5017 2704 5086 pedes?
2733 5027 2790 5072 et
2833 5019 3090 5073 Dominus
3134 5020 3253 5072 ait:
3308 5017 3461 5083 Quod

1893 5123 1984 5176 ego
2005 5106 2165 5175 facio,
2191 5114 2247 5158 tu
2277 5107 2440 5161 nescis
2465 5109 2620 5162 modo
2651 5125 2669 5161 :
2700 5111 2828 5164 scies
2851 5119 3025 5164 autem
3049 5118 3248 5181 postea,
3279 5117 3338 5165 et
3369 5122 3458 5162 re-

1894 5194 2038 5263 liqua
2067 5191 2246 5263 (Joan.
2263 5210 2382 5259 xui,
2409 5195 2485 5267 6).
2508 5196 2798 5267 Postquam
2820 5206 2997 5252 autem
3017 5198 3146 5252 lavit
3163 5198 3346 5268 pedes,
3374 5211 3460 5252 re-

1892 5290 2078 5345 cubuit
2103 5290 2317 5344 iterum.
2352 5299 2375 5328 ο
2410 5289 2526 5342 Non
2569 5299 2654 5342 est
2708 5288 2796 5342 hic
2849 5288 3281 5358 intelligendum,
3325 5303 3457 5342 con-

1891 5389 2160 5450 sumptam
2183 5393 2395 5435 cmnam
2426 5387 2587 5446 atque
2631 5385 2965 5432 transactam
3015 5395 3029 5432 :
3085 5379 3263 5432 adhuc
3313 5377 3457 5430 enim

1889 5472 2221 5534 coenabatur,
2253 5483 2378 5523 cum
2408 5467 2668 5521 Dominus
2720 5467 2978 5532 surrexit,
3016 5473 3072 5520 et
3120 5467 3250 5520 lavit
3296 5466 3458 5536 pedes

1889 5579 2094 5620 eorum.
2120 5561 2255 5616 Nam
2282 5568 2469 5632 postea
2496 5559 2761 5625 recubuit,
2794 5567 2849 5612 et
2884 5559 3179 5615 buccellam
3205 5573 3303 5614 suo
3348 5565 3458 5612 tra-

1964 5666 1984 5694 ο
2019 5653 2216 5717 Amal.,
2240 5651 2340 5706 loc.
2375 5650 2467 5704 cit.
