  <div class='ocr_page' id='page_1' title='image "/cluster/home/n/w/nwhite01/storage/ocr_20150623/101/hvd.32044054759683/609.png"; bbox 0 0 3914 6178; ppageno 0'>
   <div class='ocr_carea' id='block_1_1' title="bbox 434 319 571 377">
    <p class='ocr_par' dir='ltr' id='par_1_1' title="bbox 434 319 571 377">
     <span class='ocr_line' id='line_1_1' title="bbox 434 319 571 377; baseline -0.015 0"><span class='ocrx_word' id='word_1_1' title='bbox 434 319 571 377; x_wconf 73' lang='grc'><strong>1207</strong></span> 
     </span>
    </p>
   </div>
   <div class='ocr_carea' id='block_1_2' title="bbox 1270 282 2834 369">
    <p class='ocr_par' dir='ltr' id='par_1_2' title="bbox 1270 282 2834 369">
     <span class='ocr_line' id='line_1_2' title="bbox 1270 282 2834 369; baseline -0.008 0"><span class='ocrx_word' id='word_1_2' title='bbox 1270 316 1330 369; x_wconf 79' lang='grc' dir='ltr'><strong>Β.</strong></span> <span class='ocrx_word' id='word_1_3' title='bbox 1369 312 1430 368; x_wconf 71' lang='grc' dir='ltr'><strong>ιε’.</strong></span> <span class='ocrx_word' id='word_1_4' title='bbox 1471 310 1696 367; x_wconf 80' lang='lat' dir='ltr'><strong>ALBINI</strong></span> <span class='ocrx_word' id='word_1_5' title='bbox 1734 309 1863 366; x_wconf 75' lang='lat' dir='ltr'><strong>seu</strong></span> <span class='ocrx_word' id='word_1_6' title='bbox 1899 306 2167 364; x_wconf 77' lang='lat' dir='ltr'><strong>ALCUINI</strong></span> <span class='ocrx_word' id='word_1_7' title='bbox 2206 303 2485 362; x_wconf 81' lang='lat' dir='ltr'><strong>OPERUM</strong></span> <span class='ocrx_word' id='word_1_8' title='bbox 2523 291 2700 359; x_wconf 68' lang='lat' dir='ltr'><strong>Plias</strong></span> <span class='ocrx_word' id='word_1_9' title='bbox 2739 282 2834 357; x_wconf 75' lang='lat' dir='ltr'><strong>lx.</strong></span> 
     </span>
    </p>
   </div>
   <div class='ocr_carea' id='block_1_3' title="bbox 3518 290 3652 350">
    <p class='ocr_par' dir='ltr' id='par_1_3' title="bbox 3518 290 3652 350">
     <span class='ocr_line' id='line_1_3' title="bbox 3518 290 3652 350; baseline -0.03 0"><span class='ocrx_word' id='word_1_10' title='bbox 3518 290 3652 350; x_wconf 69' lang='lat'><strong>19.0!</strong></span> 
     </span>
    </p>
   </div>
   <div class='ocr_carea' id='block_1_4' title="bbox 427 401 3664 505">
    <p class='ocr_par' dir='ltr' id='par_1_4' title="bbox 427 401 3664 505">
     <span class='ocr_line' id='line_1_4' title="bbox 427 401 3664 505; baseline -0.01 -13"><span class='ocrx_word' id='word_1_11' title='bbox 427 435 589 492; x_wconf 87' lang='lat' dir='ltr'><strong>ditori</strong></span> <span class='ocrx_word' id='word_1_12' title='bbox 609 439 797 505; x_wconf 81' lang='lat' dir='ltr'><strong>postea</strong></span> <span class='ocrx_word' id='word_1_13' title='bbox 820 431 968 487; x_wconf 89' lang='lat' dir='ltr'><strong>dedit</strong></span> <span class='ocrx_word' id='word_1_14' title='bbox 993 448 1006 483; x_wconf 91' lang='lat'><strong>:</strong></span> <span class='ocrx_word' id='word_1_15' title='bbox 1037 437 1153 486; x_wconf 86' lang='lat' dir='ltr'><strong>erat</strong></span> <span class='ocrx_word' id='word_1_16' title='bbox 1180 427 1324 482; x_wconf 91' lang='lat' dir='ltr'><strong>enim</strong></span> <span class='ocrx_word' id='word_1_17' title='bbox 1344 423 1457 493; x_wconf 87' lang='lat' dir='ltr'><strong>jam</strong></span> <span class='ocrx_word' id='word_1_18' title='bbox 1489 440 1617 488; x_wconf 80' lang='lat' dir='ltr'><strong>nox,</strong></span> <span class='ocrx_word' id='word_1_19' title='bbox 1643 424 1826 491; x_wconf 82' lang='lat' dir='ltr'><strong>utique</strong></span> <span class='ocrx_word' id='word_1_20' title='bbox 1853 437 1988 476; x_wconf 84' lang='lat' dir='ltr'><strong>non-</strong></span> <span class='ocrx_word' id='word_1_21' title='bbox 2015 426 2064 480; x_wconf 76' lang='grc' dir='ltr'>Α</span> <span class='ocrx_word' id='word_1_22' title='bbox 2091 417 2328 488; x_wconf 93' lang='lat' dir='ltr'><strong>elegerit.</strong></span> <span class='ocrx_word' id='word_1_23' title='bbox 2352 416 2603 490; x_wconf 81' lang='lat' dir='ltr'><strong>Legimus</strong></span> <span class='ocrx_word' id='word_1_24' title='bbox 2627 411 2769 505; x_wconf 84' lang='lat' dir='ltr'><strong>enim</strong></span> <span class='ocrx_word' id='word_1_25' title='bbox 2791 410 2844 463; x_wconf 89' lang='lat' dir='ltr'><strong>in</strong></span> <span class='ocrx_word' id='word_1_26' title='bbox 2881 403 3192 505; x_wconf 73' lang='lat' dir='ltr'><strong>Evangelio.</strong></span> <span class='ocrx_word' id='word_1_27' title='bbox 3214 401 3664 505; x_wconf 46' lang='lat' dir='ltr'><strong>qupd&#39;fharisasi</strong></span> 
     </span>
    </p>
   </div>
   <div class='ocr_carea' id='block_1_5' title="bbox 427 514 1991 588">
    <p class='ocr_par' dir='ltr' id='par_1_5' title="bbox 427 514 1991 588">
     <span class='ocr_line' id='line_1_5' title="bbox 427 514 1991 588; baseline -0.013 -4"><span class='ocrx_word' id='word_1_28' title='bbox 427 531 554 585; x_wconf 90' lang='lat' dir='ltr'><strong>dum</strong></span> <span class='ocrx_word' id='word_1_29' title='bbox 583 526 732 580; x_wconf 85' lang='lat' dir='ltr'><strong>ﬁnita</strong></span> <span class='ocrx_word' id='word_1_30' title='bbox 755 523 1047 588; x_wconf 71' lang='lat' dir='ltr'><strong>ctena,hoc</strong></span> <span class='ocrx_word' id='word_1_31' title='bbox 1071 528 1172 584; x_wconf 89' lang='lat' dir='ltr'><strong>est,</strong></span> <span class='ocrx_word' id='word_1_32' title='bbox 1187 519 1311 573; x_wconf 91' lang='lat' dir='ltr'><strong>dum</strong></span> <span class='ocrx_word' id='word_1_33' title='bbox 1339 516 1515 569; x_wconf 87' lang='lat' dir='ltr'><strong>adhuc</strong></span> <span class='ocrx_word' id='word_1_34' title='bbox 1532 515 1684 584; x_wconf 88' lang='lat' dir='ltr'><strong>panis</strong></span> <span class='ocrx_word' id='word_1_35' title='bbox 1713 514 1768 567; x_wconf 91' lang='lat' dir='ltr'><strong>in</strong></span> <span class='ocrx_word' id='word_1_36' title='bbox 1805 526 1991 566; x_wconf 87' lang='lat' dir='ltr'><strong>mensa</strong></span> 
     </span>
    </p>
   </div>
   <div class='ocr_carea' id='block_1_6' title="bbox 427 599 1992 681">
    <p class='ocr_par' dir='ltr' id='par_1_6' title="bbox 427 599 1992 681">
     <span class='ocr_line' id='line_1_6' title="bbox 427 599 1992 681; baseline -0.015 -7"><span class='ocrx_word' id='word_1_37' title='bbox 427 623 590 676; x_wconf 81' lang='lat' dir='ltr'><strong>esset.</strong></span> <span class='ocrx_word' id='word_1_38' title='bbox 655 614 722 668; x_wconf 91' lang='lat' dir='ltr'><strong>Et</strong></span> <span class='ocrx_word' id='word_1_39' title='bbox 772 621 892 681; x_wconf 88' lang='lat' dir='ltr'><strong>post</strong></span> <span class='ocrx_word' id='word_1_40' title='bbox 940 623 1114 681; x_wconf 90' lang='lat' dir='ltr'><strong>pauca</strong></span> <span class='ocrx_word' id='word_1_41' title='bbox 1160 607 1238 660; x_wconf 93' lang='lat' dir='ltr'><strong>ait</strong></span> <span class='ocrx_word' id='word_1_42' title='bbox 1287 603 1600 672; x_wconf 83' lang='lat' dir='ltr'><strong>discipulis:</strong></span> <span class='ocrx_word' id='word_1_43' title='bbox 1657 601 1716 655; x_wconf 91' lang='lat' dir='ltr'><strong>Si</strong></span> <span class='ocrx_word' id='word_1_44' title='bbox 1748 617 1839 670; x_wconf 86' lang='lat' dir='ltr'><strong>ego</strong></span> <span class='ocrx_word' id='word_1_45' title='bbox 1888 599 1992 652; x_wconf 77' lang='lat' dir='ltr'><strong>lavi</strong></span> 
     </span>
    </p>
   </div>
   <div class='ocr_carea' id='block_1_7' title="bbox 430 687 1990 775">
    <p class='ocr_par' dir='ltr' id='par_1_7' title="bbox 430 687 1990 775">
     <span class='ocr_line' id='line_1_7' title="bbox 430 687 1990 775; baseline -0.015 -13"><span class='ocrx_word' id='word_1_46' title='bbox 430 717 620 763; x_wconf 72' lang='lat' dir='ltr'><strong>uestros</strong></span> <span class='ocrx_word' id='word_1_47' title='bbox 641 703 812 775; x_wconf 80' lang='lat' dir='ltr'><strong>pedes,</strong></span> <span class='ocrx_word' id='word_1_48' title='bbox 837 716 1025 770; x_wconf 91' lang='lat' dir='ltr'><strong>usque,</strong></span> <span class='ocrx_word' id='word_1_49' title='bbox 1049 707 1097 752; x_wconf 87' lang='lat' dir='ltr'><strong>et</strong></span> <span class='ocrx_word' id='word_1_50' title='bbox 1119 712 1204 751; x_wconf 81' lang='lat' dir='ltr'><strong>vos</strong></span> <span class='ocrx_word' id='word_1_51' title='bbox 1229 695 1302 747; x_wconf 85' lang='lat' dir='ltr'><strong>ita</strong></span> <span class='ocrx_word' id='word_1_52' title='bbox 1337 693 1563 762; x_wconf 81' lang='lat' dir='ltr'><strong>faciatis.</strong></span> <span class='ocrx_word' id='word_1_53' title='bbox 1615 690 1796 760; x_wconf 81' lang='lat' dir='ltr'><strong>Aliqui</strong></span> <span class='ocrx_word' id='word_1_54' title='bbox 1847 687 1990 743; x_wconf 89' lang='lat' dir='ltr'><strong>enim</strong></span> 
     </span>
    </p>
   </div>
   <div class='ocr_carea' id='block_1_8' title="bbox 428 777 1994 865">
    <p class='ocr_par' dir='ltr' id='par_1_8' title="bbox 428 777 1994 865">
     <span class='ocr_line' id='line_1_8' title="bbox 428 777 1994 865; baseline -0.014 -14"><span class='ocrx_word' id='word_1_55' title='bbox 428 797 530 851; x_wconf 87' lang='lat' dir='ltr'><strong>viri</strong></span> <span class='ocrx_word' id='word_1_56' title='bbox 554 793 786 865; x_wconf 80' lang='lat' dir='ltr'><strong>religiosi</strong></span> <span class='ocrx_word' id='word_1_57' title='bbox 817 796 1034 847; x_wconf 90' lang='lat' dir='ltr'><strong>sumunt</strong></span> <span class='ocrx_word' id='word_1_58' title='bbox 1057 786 1207 856; x_wconf 89' lang='lat' dir='ltr'><strong>prius</strong></span> <span class='ocrx_word' id='word_1_59' title='bbox 1239 797 1451 853; x_wconf 87' lang='lat' dir='ltr'><strong>parum,</strong></span> <span class='ocrx_word' id='word_1_60' title='bbox 1501 789 1556 836; x_wconf 90' lang='lat' dir='ltr'><strong>et</strong></span> <span class='ocrx_word' id='word_1_61' title='bbox 1580 787 1768 850; x_wconf 90' lang='lat' dir='ltr'><strong>postea</strong></span> <span class='ocrx_word' id='word_1_62' title='bbox 1813 777 1994 831; x_wconf 80' lang='lat' dir='ltr'><strong>lavant</strong></span> 
     </span>
    </p>
   </div>
   <div class='ocr_carea' id='block_1_9' title="bbox 429 864 1995 956">
    <p class='ocr_par' dir='ltr' id='par_1_9' title="bbox 429 864 1995 956">
     <span class='ocr_line' id='line_1_9' title="bbox 429 864 1995 956; baseline -0.016 -14"><span class='ocrx_word' id='word_1_63' title='bbox 429 887 612 956; x_wconf 85' lang='lat' dir='ltr'><strong>pedes,</strong></span> <span class='ocrx_word' id='word_1_64' title='bbox 638 864 829 938; x_wconf 89' lang='lat' dir='ltr'><strong>deinde</strong></span> <span class='ocrx_word' id='word_1_65' title='bbox 861 886 1096 934; x_wconf 73' lang='lat' dir='ltr'><strong>cmnant.</strong></span> <span class='ocrx_word' id='word_1_66' title='bbox 1131 874 1244 928; x_wconf 85' lang='lat' dir='ltr'><strong>Hoc</strong></span> <span class='ocrx_word' id='word_1_67' title='bbox 1290 872 1478 926; x_wconf 83' lang='lat' dir='ltr'><strong>imbuti</strong></span> <span class='ocrx_word' id='word_1_68' title='bbox 1524 867 1767 936; x_wconf 83' lang='lat' dir='ltr'><strong>exemplo</strong></span> <span class='ocrx_word' id='word_1_69' title='bbox 1813 864 1995 956; x_wconf 80' lang='lat' dir='ltr'><strong>ﬁdeles</strong></span> 
     </span>
    </p>
   </div>
   <div class='ocr_carea' id='block_1_10' title="bbox 429 954 1993 1036">
    <p class='ocr_par' dir='ltr' id='par_1_10' title="bbox 429 954 1993 1036">
     <span class='ocr_line' id='line_1_10' title="bbox 429 954 1993 1036; baseline -0.016 -5"><span class='ocrx_word' id='word_1_70' title='bbox 429 954 720 1031; x_wconf 84' lang='lat' dir='ltr'><strong>Christiani</strong></span> <span class='ocrx_word' id='word_1_71' title='bbox 737 987 839 1025; x_wconf 91' lang='lat' dir='ltr'><strong>non</strong></span> <span class='ocrx_word' id='word_1_72' title='bbox 858 962 1406 1036; x_wconf 78' lang='lat' dir='ltr'><strong>dedignantur-facere</strong></span> <span class='ocrx_word' id='word_1_73' title='bbox 1425 958 1696 1014; x_wconf 87' lang='lat' dir='ltr'><strong>conservis</strong></span> <span class='ocrx_word' id='word_1_74' title='bbox 1709 957 1838 1021; x_wconf 87' lang='lat' dir='ltr'><strong>suis,</strong></span> <span class='ocrx_word' id='word_1_75' title='bbox 1853 954 1993 1022; x_wconf 87' lang='lat' dir='ltr'><strong>quod</strong></span> 
     </span>
    </p>
   </div>
   <div class='ocr_carea' id='block_1_11' title="bbox 431 1044 1995 1124">
    <p class='ocr_par' dir='ltr' id='par_1_11' title="bbox 431 1044 1995 1124">
     <span class='ocr_line' id='line_1_11' title="bbox 431 1044 1995 1124; baseline -0.016 -5"><span class='ocrx_word' id='word_1_76' title='bbox 431 1063 678 1118; x_wconf 84' lang='lat' dir='ltr'><strong>Christus</strong></span> <span class='ocrx_word' id='word_1_77' title='bbox 704 1059 827 1114; x_wconf 85' lang='lat' dir='ltr'><strong>fecit</strong></span> <span class='ocrx_word' id='word_1_78' title='bbox 848 1053 1270 1124; x_wconf 86' lang='lat' dir='ltr'><strong>discipulis;hoc</strong></span> <span class='ocrx_word' id='word_1_79' title='bbox 1286 1059 1387 1114; x_wconf 90' lang='lat' dir='ltr'><strong>est,</strong></span> <span class='ocrx_word' id='word_1_80' title='bbox 1412 1049 1574 1118; x_wconf 87' lang='lat' dir='ltr'><strong>pedes</strong></span> <span class='ocrx_word' id='word_1_81' title='bbox 1599 1044 1995 1101; x_wconf 82' lang='lat' dir='ltr'><strong>omniumlava-</strong></span> 
     </span>
    </p>
   </div>
   <div class='ocr_carea' id='block_1_12' title="bbox 431 1137 1994 1222">
    <p class='ocr_par' dir='ltr' id='par_1_12' title="bbox 431 1137 1994 1222">
     <span class='ocr_line' id='line_1_12' title="bbox 431 1137 1994 1222; baseline -0.015 -12"><span class='ocrx_word' id='word_1_82' title='bbox 431 1171 511 1219; x_wconf 90' lang='lat' dir='ltr'><strong>re,</strong></span> <span class='ocrx_word' id='word_1_83' title='bbox 542 1164 651 1208; x_wconf 87' lang='lat' dir='ltr'><strong>tam</strong></span> <span class='ocrx_word' id='word_1_84' title='bbox 673 1165 967 1222; x_wconf 74' lang='lat' dir='ltr'><strong>pauperum</strong></span> <span class='ocrx_word' id='word_1_85' title='bbox 998 1162 1164 1216; x_wconf 84' lang='lat' dir='ltr'><strong>quam.</strong></span> <span class='ocrx_word' id='word_1_86' title='bbox 1180 1143 1602 1214; x_wconf 84' lang='lat' dir='ltr'><strong>peregrinorum,</strong></span> <span class='ocrx_word' id='word_1_87' title='bbox 1627 1146 1681 1192; x_wconf 91' lang='lat' dir='ltr'><strong>et</strong></span> <span class='ocrx_word' id='word_1_88' title='bbox 1706 1137 1907 1206; x_wconf 87' lang='lat' dir='ltr'><strong>aliquid</strong></span> <span class='ocrx_word' id='word_1_89' title='bbox 1930 1137 1994 1189; x_wconf 90' lang='lat' dir='ltr'><strong>de</strong></span> 
     </span>
    </p>
   </div>
   <div class='ocr_carea' id='block_1_13' title="bbox 431 1224 1994 1313">
    <p class='ocr_par' dir='ltr' id='par_1_13' title="bbox 431 1224 1994 1313">
     <span class='ocr_line' id='line_1_13' title="bbox 431 1224 1994 1313; baseline -0.015 -14"><span class='ocrx_word' id='word_1_90' title='bbox 431 1245 600 1313; x_wconf 90' lang='lat' dir='ltr'><strong>copiis</strong></span> <span class='ocrx_word' id='word_1_91' title='bbox 615 1242 726 1297; x_wconf 87' lang='lat' dir='ltr'><strong>suis</strong></span> <span class='ocrx_word' id='word_1_92' title='bbox 747 1241 1011 1302; x_wconf 88' lang='lat' dir='ltr'><strong>tribuere;</strong></span> <span class='ocrx_word' id='word_1_93' title='bbox 1034 1245 1090 1291; x_wconf 89' lang='lat' dir='ltr'><strong>et</strong></span> <span class='ocrx_word' id='word_1_94' title='bbox 1107 1235 1198 1304; x_wconf 87' lang='lat' dir='ltr'><strong>qui</strong></span> <span class='ocrx_word' id='word_1_95' title='bbox 1214 1234 1315 1287; x_wconf 90' lang='lat' dir='ltr'><strong>hoc</strong></span> <span class='ocrx_word' id='word_1_96' title='bbox 1335 1246 1438 1286; x_wconf 91' lang='lat' dir='ltr'><strong>non</strong></span> <span class='ocrx_word' id='word_1_97' title='bbox 1468 1228 1626 1291; x_wconf 88' lang='lat' dir='ltr'><strong>valet,</strong></span> <span class='ocrx_word' id='word_1_98' title='bbox 1645 1227 1880 1282; x_wconf 87' lang='lat' dir='ltr'><strong>debitum</strong></span> <span class='ocrx_word' id='word_1_99' title='bbox 1893 1224 1994 1278; x_wconf 90' lang='lat' dir='ltr'><strong>sibi</strong></span> 
     </span>
    </p>
   </div>
   <div class='ocr_carea' id='block_1_14' title="bbox 429 1312 1991 1404">
    <p class='ocr_par' dir='ltr' id='par_1_14' title="bbox 429 1312 1991 1404">
     <span class='ocr_line' id='line_1_14' title="bbox 429 1312 1991 1404; baseline -0.015 -16"><span class='ocrx_word' id='word_1_100' title='bbox 429 1312 688 1404; x_wconf 83' lang='lat' dir='ltr'><strong>proximis</strong></span> <span class='ocrx_word' id='word_1_101' title='bbox 713 1330 935 1393; x_wconf 81' lang='lat' dir='ltr'><strong>relaxet,</strong></span> <span class='ocrx_word' id='word_1_102' title='bbox 961 1334 1224 1396; x_wconf 84' lang='lat' dir='ltr'><strong>quatenus</strong></span> <span class='ocrx_word' id='word_1_103' title='bbox 1259 1321 1333 1375; x_wconf 92' lang='lat' dir='ltr'><strong>illi</strong></span> <span class='ocrx_word' id='word_1_104' title='bbox 1370 1319 1672 1373; x_wconf 81' lang='lat' dir='ltr'><strong>remittatur</strong></span> <span class='ocrx_word' id='word_1_105' title='bbox 1718 1315 1774 1368; x_wconf 91' lang='lat' dir='ltr'><strong>in</strong></span> <span class='ocrx_word' id='word_1_106' title='bbox 1836 1312 1991 1367; x_wconf 72' lang='lat' dir='ltr'><strong>coelo.</strong></span> 
     </span>
    </p>
   </div>
   <div class='ocr_carea' id='block_1_15' title="bbox 431 1402 1997 1492">
    <p class='ocr_par' dir='ltr' id='par_1_15' title="bbox 431 1402 1997 1492">
     <span class='ocr_line' id='line_1_15' title="bbox 431 1402 1997 1492; baseline -0.013 -17"><span class='ocrx_word' id='word_1_107' title='bbox 431 1402 548 1492; x_wconf 84' lang='lat' dir='ltr'><strong>Ipse</strong></span> <span class='ocrx_word' id='word_1_108' title='bbox 575 1421 718 1476; x_wconf 92' lang='lat' dir='ltr'><strong>enim</strong></span> <span class='ocrx_word' id='word_1_109' title='bbox 743 1417 896 1474; x_wconf 89' lang='lat' dir='ltr'><strong>nobis</strong></span> <span class='ocrx_word' id='word_1_110' title='bbox 919 1414 1158 1485; x_wconf 87' lang='lat' dir='ltr'><strong>quotidie</strong></span> <span class='ocrx_word' id='word_1_111' title='bbox 1183 1413 1328 1467; x_wconf 85' lang='lat' dir='ltr'><strong>lavat</strong></span> <span class='ocrx_word' id='word_1_112' title='bbox 1351 1408 1535 1479; x_wconf 89' lang='lat' dir='ltr'><strong>pedes,</strong></span> <span class='ocrx_word' id='word_1_113' title='bbox 1565 1406 1655 1476; x_wconf 92' lang='lat' dir='ltr'><strong>qui</strong></span> <span class='ocrx_word' id='word_1_114' title='bbox 1693 1402 1997 1473; x_wconf 70' lang='lat' dir='ltr'><strong>interpellat</strong></span> 
     </span>
    </p>
   </div>
   <div class='ocr_carea' id='block_1_16' title="bbox 430 1496 1998 1585">
    <p class='ocr_par' dir='ltr' id='par_1_16' title="bbox 430 1496 1998 1585">
     <span class='ocr_line' id='line_1_16' title="bbox 430 1496 1998 1585; baseline -0.015 -15"><span class='ocrx_word' id='word_1_115' title='bbox 430 1529 528 1585; x_wconf 90' lang='lat' dir='ltr'><strong>pro</strong></span> <span class='ocrx_word' id='word_1_116' title='bbox 560 1513 734 1567; x_wconf 86' lang='lat' dir='ltr'><strong>nobis.</strong></span> <span class='ocrx_word' id='word_1_117' title='bbox 763 1511 943 1578; x_wconf 80' lang='lat' dir='ltr'><strong>Ipsum</strong></span> <span class='ocrx_word' id='word_1_118' title='bbox 966 1507 1108 1562; x_wconf 88' lang='lat' dir='ltr'><strong>enim</strong></span> <span class='ocrx_word' id='word_1_119' title='bbox 1133 1505 1344 1574; x_wconf 87' lang='lat' dir='ltr'><strong>signum</strong></span> <span class='ocrx_word' id='word_1_120' title='bbox 1375 1499 1577 1572; x_wconf 85' lang='lat' dir='ltr'><strong>[Forte,</strong></span> <span class='ocrx_word' id='word_1_121' title='bbox 1604 1496 1802 1569; x_wconf 84' lang='lat' dir='ltr'><strong>signat]</strong></span> <span class='ocrx_word' id='word_1_122' title='bbox 1854 1497 1998 1549; x_wconf 79' lang='lat' dir='ltr'><strong>lava-</strong></span> 
     </span>
    </p>
   </div>
   <div class='ocr_carea' id='block_1_17' title="bbox 434 1586 1998 1673">
    <p class='ocr_par' dir='ltr' id='par_1_17' title="bbox 434 1586 1998 1673">
     <span class='ocr_line' id='line_1_17' title="bbox 434 1586 1998 1673; baseline -0.012 -15"><span class='ocrx_word' id='word_1_123' title='bbox 434 1605 510 1659; x_wconf 89' lang='lat' dir='ltr'><strong>tio</strong></span> <span class='ocrx_word' id='word_1_124' title='bbox 543 1603 970 1673; x_wconf 80' lang='lat' dir='ltr'><strong>pavimentorum</strong></span> <span class='ocrx_word' id='word_1_125' title='bbox 999 1595 1272 1651; x_wconf 73' lang='lat' dir='ltr'><strong>Ecclesiee.</strong></span> <span class='ocrx_word' id='word_1_126' title='bbox 1302 1593 1362 1646; x_wconf 89' lang='lat' dir='ltr'><strong>In</strong></span> <span class='ocrx_word' id='word_1_127' title='bbox 1391 1591 1657 1646; x_wconf 89' lang='lat' dir='ltr'><strong>lavatione</strong></span> <span class='ocrx_word' id='word_1_128' title='bbox 1678 1587 1877 1658; x_wconf 88' lang='lat' dir='ltr'><strong>pedum</strong></span> <span class='ocrx_word' id='word_1_129' title='bbox 1905 1586 1998 1640; x_wconf 83' lang='lat' dir='ltr'><strong>de-</strong></span> 
     </span>
    </p>
   </div>
   <div class='ocr_carea' id='block_1_18' title="bbox 431 1676 1991 1756">
    <p class='ocr_par' dir='ltr' id='par_1_18' title="bbox 431 1676 1991 1756">
     <span class='ocr_line' id='line_1_18' title="bbox 431 1676 1991 1756; baseline -0.012 -10"><span class='ocrx_word' id='word_1_130' title='bbox 431 1699 718 1746; x_wconf 87' lang='lat' dir='ltr'><strong>cantantur</strong></span> <span class='ocrx_word' id='word_1_131' title='bbox 738 1692 819 1744; x_wconf 70' lang='lat' dir='ltr'><strong>ha:</strong></span> <span class='ocrx_word' id='word_1_132' title='bbox 857 1688 1160 1756; x_wconf 72' lang='lat' dir='ltr'><strong>antiphona:</strong></span> <span class='ocrx_word' id='word_1_133' title='bbox 1192 1701 1204 1737; x_wconf 86' lang='lat'><strong><em>:</em></strong></span> <span class='ocrx_word' id='word_1_134' title='bbox 1234 1681 1520 1751; x_wconf 81' lang='lat' dir='ltr'><strong>Postquam</strong></span> <span class='ocrx_word' id='word_1_135' title='bbox 1545 1679 1771 1733; x_wconf 76' lang='lat' dir='ltr'><strong>surrexit</strong></span> <span class='ocrx_word' id='word_1_136' title='bbox 1813 1676 1991 1730; x_wconf 88' lang='lat' dir='ltr'><strong>Domi-</strong></span> 
     </span>
    </p>
   </div>
   <div class='ocr_carea' id='block_1_19' title="bbox 2087 492 3669 570">
    <p class='ocr_par' dir='ltr' id='par_1_19' title="bbox 2087 492 3669 570">
     <span class='ocr_line' id='line_1_19' title="bbox 2087 492 3669 570; baseline -0.008 -12"><span class='ocrx_word' id='word_1_137' title='bbox 2087 507 2366 560; x_wconf 80' lang='lat' dir='ltr'><strong>voluerunt</strong></span> <span class='ocrx_word' id='word_1_138' title='bbox 2393 518 2515 557; x_wconf 87' lang='lat' dir='ltr'><strong>eum</strong></span> <span class='ocrx_word' id='word_1_139' title='bbox 2543 499 2882 570; x_wconf 60' lang='lat' dir='ltr'><strong>praecipitare</strong></span> <span class='ocrx_word' id='word_1_140' title='bbox 2922 497 2989 550; x_wconf 90' lang='lat' dir='ltr'><strong>de</strong></span> <span class='ocrx_word' id='word_1_141' title='bbox 3013 501 3194 548; x_wconf 89' lang='lat' dir='ltr'><strong>monte</strong></span> <span class='ocrx_word' id='word_1_142' title='bbox 3223 511 3237 546; x_wconf 73' lang='grc' dir='ltr'>ε</span> <span class='ocrx_word' id='word_1_143' title='bbox 3271 492 3336 545; x_wconf 79' lang='lat' dir='ltr'><strong>At</strong></span> <span class='ocrx_word' id='word_1_144' title='bbox 3365 492 3455 546; x_wconf 84' lang='lat' dir='ltr'><strong>ille</strong></span> <span class='ocrx_word' id='word_1_145' title='bbox 3484 502 3669 547; x_wconf 73' lang='lat' dir='ltr'><strong>trans—</strong></span> 
     </span>
    </p>
   </div>
   <div class='ocr_carea' id='block_1_20' title="bbox 2088 581 3662 666">
    <p class='ocr_par' dir='ltr' id='par_1_20' title="bbox 2088 581 3662 666">
     <span class='ocr_line' id='line_1_20' title="bbox 2088 581 3662 666; baseline -0.008 -16"><span class='ocrx_word' id='word_1_146' title='bbox 2088 599 2215 660; x_wconf 80' lang='lat' dir='ltr'><strong>iens,</strong></span> <span class='ocrx_word' id='word_1_147' title='bbox 2248 611 2340 666; x_wconf 85' lang='lat' dir='ltr'><strong>per</strong></span> <span class='ocrx_word' id='word_1_148' title='bbox 2385 593 2610 646; x_wconf 77' lang='lat' dir='ltr'><strong>medium</strong></span> <span class='ocrx_word' id='word_1_149' title='bbox 2655 589 2872 644; x_wconf 77' lang='lat' dir='ltr'><strong>illorum</strong></span> <span class='ocrx_word' id='word_1_150' title='bbox 2908 587 3016 640; x_wconf 89' lang='lat' dir='ltr'><strong>ibat</strong></span> <span class='ocrx_word' id='word_1_151' title='bbox 3064 582 3214 655; x_wconf 82' lang='lat' dir='ltr'><strong>(Luc.</strong></span> <span class='ocrx_word' id='word_1_152' title='bbox 3259 599 3331 647; x_wconf 83' lang='lat' dir='ltr'><strong>tv,</strong></span> <span class='ocrx_word' id='word_1_153' title='bbox 3372 581 3485 653; x_wconf 83' lang='grc'><strong>50).</strong></span> <span class='ocrx_word' id='word_1_154' title='bbox 3512 582 3662 637; x_wconf 83' lang='lat' dir='ltr'><strong>Alibi</strong></span> 
     </span>
    </p>
   </div>
   <div class='ocr_carea' id='block_1_21' title="bbox 2090 674 3663 754">
    <p class='ocr_par' dir='ltr' id='par_1_21' title="bbox 2090 674 3663 754">
     <span class='ocr_line' id='line_1_21' title="bbox 2090 674 3663 754; baseline -0.01 -15"><span class='ocrx_word' id='word_1_155' title='bbox 2090 699 2300 754; x_wconf 88' lang='lat' dir='ltr'><strong>quoque</strong></span> <span class='ocrx_word' id='word_1_156' title='bbox 2351 682 2578 752; x_wconf 74' lang='lat' dir='ltr'><strong>legimus</strong></span> <span class='ocrx_word' id='word_1_157' title='bbox 2617 680 2760 748; x_wconf 89' lang='lat' dir='ltr'><strong>quod</strong></span> <span class='ocrx_word' id='word_1_158' title='bbox 2805 677 2973 732; x_wconf 68' lang='lat' dir='ltr'><strong>Judaei</strong></span> <span class='ocrx_word' id='word_1_159' title='bbox 3023 676 3225 744; x_wconf 85' lang='lat' dir='ltr'><strong>lapides</strong></span> <span class='ocrx_word' id='word_1_160' title='bbox 3282 674 3556 738; x_wconf 89' lang='lat' dir='ltr'><strong>tulerunt,</strong></span> <span class='ocrx_word' id='word_1_161' title='bbox 3601 681 3663 725; x_wconf 87' lang='lat' dir='ltr'><strong>ut</strong></span> 
     </span>
    </p>
   </div>
   <div class='ocr_carea' id='block_1_22' title="bbox 2085 763 3664 845">
    <p class='ocr_par' dir='ltr' id='par_1_22' title="bbox 2085 763 3664 845">
     <span class='ocr_line' id='line_1_22' title="bbox 2085 763 3664 845; baseline -0.008 -17"><span class='ocrx_word' id='word_1_162' title='bbox 2085 775 2330 845; x_wconf 89' lang='lat' dir='ltr'><strong>jacerent</strong></span> <span class='ocrx_word' id='word_1_163' title='bbox 2354 772 2406 825; x_wconf 91' lang='lat' dir='ltr'><strong>in</strong></span> <span class='ocrx_word' id='word_1_164' title='bbox 2435 785 2556 824; x_wconf 88' lang='lat' dir='ltr'><strong>eum</strong></span> <span class='ocrx_word' id='word_1_165' title='bbox 2588 787 2600 822; x_wconf 92' lang='lat'>:</span> <span class='ocrx_word' id='word_1_166' title='bbox 2635 768 2753 837; x_wconf 82' lang='lat' dir='ltr'><strong>Ipse</strong></span> <span class='ocrx_word' id='word_1_167' title='bbox 2775 783 2892 821; x_wconf 81' lang='lat' dir='ltr'><strong>vero</strong></span> <span class='ocrx_word' id='word_1_168' title='bbox 2921 764 3190 820; x_wconf 78' lang='lat' dir='ltr'><strong>abscondit</strong></span> <span class='ocrx_word' id='word_1_169' title='bbox 3213 780 3288 827; x_wconf 84' lang='lat' dir='ltr'><strong>se,</strong></span> <span class='ocrx_word' id='word_1_170' title='bbox 3318 772 3366 816; x_wconf 88' lang='lat' dir='ltr'><strong>et</strong></span> <span class='ocrx_word' id='word_1_171' title='bbox 3393 763 3552 816; x_wconf 65' lang='lat' dir='ltr'><strong>exivit</strong></span> <span class='ocrx_word' id='word_1_172' title='bbox 3594 763 3664 815; x_wconf 86' lang='lat' dir='ltr'><strong>de</strong></span> 
     </span>
    </p>
   </div>
   <div class='ocr_carea' id='block_1_23' title="bbox 2092 849 3664 932">
    <p class='ocr_par' dir='ltr' id='par_1_23' title="bbox 2092 849 3664 932">
     <span class='ocr_line' id='line_1_23' title="bbox 2092 849 3664 932; baseline -0.008 -16"><span class='ocrx_word' id='word_1_173' title='bbox 2092 861 2278 932; x_wconf 85' lang='lat' dir='ltr'><strong>templo</strong></span> <span class='ocrx_word' id='word_1_174' title='bbox 2339 859 2537 930; x_wconf 80' lang='lat' dir='ltr'><strong>(Joan.</strong></span> <span class='ocrx_word' id='word_1_175' title='bbox 2596 873 2722 919; x_wconf 82' lang='lat' dir='ltr'><strong>vnt,</strong></span> <span class='ocrx_word' id='word_1_176' title='bbox 2768 854 2894 926; x_wconf 83' lang='lat'><strong>59).</strong></span> <span class='ocrx_word' id='word_1_177' title='bbox 2961 853 3137 919; x_wconf 80' lang='lat' dir='ltr'><strong>Quare</strong></span> <span class='ocrx_word' id='word_1_178' title='bbox 3186 852 3445 906; x_wconf 87' lang='lat' dir='ltr'><strong>Dominus</strong></span> <span class='ocrx_word' id='word_1_179' title='bbox 3487 849 3664 903; x_wconf 83' lang='lat' dir='ltr'><strong>noluit</strong></span> 
     </span>
    </p>
   </div>
   <div class='ocr_carea' id='block_1_24' title="bbox 2092 939 3664 1020">
    <p class='ocr_par' dir='ltr' id='par_1_24' title="bbox 2092 939 3664 1020">
     <span class='ocr_line' id='line_1_24' title="bbox 2092 939 3664 1020; baseline -0.011 -13"><span class='ocrx_word' id='word_1_180' title='bbox 2092 949 2416 1020; x_wconf 74' lang='lat' dir='ltr'><strong>prtecipitari</strong></span> <span class='ocrx_word' id='word_1_181' title='bbox 2442 955 2536 1001; x_wconf 90' lang='lat' dir='ltr'><strong>aut</strong></span> <span class='ocrx_word' id='word_1_182' title='bbox 2560 945 2805 1015; x_wconf 88' lang='lat' dir='ltr'><strong>lapidari,</strong></span> <span class='ocrx_word' id='word_1_183' title='bbox 2837 941 2920 998; x_wconf 91' lang='lat' dir='ltr'><strong>vel</strong></span> <span class='ocrx_word' id='word_1_184' title='bbox 2948 943 3003 997; x_wconf 92' lang='lat' dir='ltr'><strong>in</strong></span> <span class='ocrx_word' id='word_1_185' title='bbox 3024 940 3199 1010; x_wconf 91' lang='lat' dir='ltr'><strong>gladio</strong></span> <span class='ocrx_word' id='word_1_186' title='bbox 3227 939 3504 994; x_wconf 82' lang='lat' dir='ltr'><strong>truncari?</strong></span> <span class='ocrx_word' id='word_1_187' title='bbox 3544 939 3664 993; x_wconf 42' lang='lat' dir='ltr'><strong>Uti.</strong></span> 
     </span>
    </p>
   </div>
   <div class='ocr_carea' id='block_1_25' title="bbox 2093 1029 3674 1107">
    <p class='ocr_par' dir='ltr' id='par_1_25' title="bbox 2093 1029 3674 1107">
     <span class='ocr_line' id='line_1_25' title="bbox 2093 1029 3674 1107; baseline -0.004 -15"><span class='ocrx_word' id='word_1_188' title='bbox 2093 1053 2196 1107; x_wconf 91' lang='lat' dir='ltr'><strong>quc</strong></span> <span class='ocrx_word' id='word_1_189' title='bbox 2249 1053 2412 1092; x_wconf 89' lang='lat' dir='ltr'><strong>causa</strong></span> <span class='ocrx_word' id='word_1_190' title='bbox 2468 1043 2666 1089; x_wconf 64' lang='lat' dir='ltr'><strong>nostra:</strong></span> <span class='ocrx_word' id='word_1_191' title='bbox 2713 1031 2900 1086; x_wconf 88' lang='lat' dir='ltr'><strong>salutis</strong></span> <span class='ocrx_word' id='word_1_192' title='bbox 2953 1032 3057 1085; x_wconf 91' lang='lat' dir='ltr'><strong>hoc</strong></span> <span class='ocrx_word' id='word_1_193' title='bbox 3105 1029 3253 1084; x_wconf 82' lang='lat' dir='ltr'><strong>fecit.</strong></span> <span class='ocrx_word' id='word_1_194' title='bbox 3319 1029 3463 1084; x_wconf 86' lang='lat' dir='ltr'><strong>Mors</strong></span> <span class='ocrx_word' id='word_1_195' title='bbox 3515 1031 3674 1086; x_wconf 74' lang='lat' dir='ltr'><strong>enim</strong></span> 
     </span>
    </p>
   </div>
   <div class='ocr_carea' id='block_1_26' title="bbox 2094 1120 3664 1198">
    <p class='ocr_par' dir='ltr' id='par_1_26' title="bbox 2094 1120 3664 1198">
     <span class='ocr_line' id='line_1_26' title="bbox 2094 1120 3664 1198; baseline -0.005 -14"><span class='ocrx_word' id='word_1_196' title='bbox 2094 1130 2291 1184; x_wconf 86' lang='lat' dir='ltr'><strong>Christi</strong></span> <span class='ocrx_word' id='word_1_197' title='bbox 2319 1129 2528 1198; x_wconf 82' lang='lat' dir='ltr'><strong>signum</strong></span> <span class='ocrx_word' id='word_1_198' title='bbox 2563 1135 2646 1180; x_wconf 92' lang='lat' dir='ltr'><strong>est</strong></span> <span class='ocrx_word' id='word_1_199' title='bbox 2680 1134 2880 1180; x_wconf 67' lang='lat' dir='ltr'><strong>nostrae</strong></span> <span class='ocrx_word' id='word_1_200' title='bbox 2905 1123 3114 1178; x_wconf 92' lang='lat' dir='ltr'><strong>salutis.</strong></span> <span class='ocrx_word' id='word_1_201' title='bbox 3144 1120 3322 1176; x_wconf 86' lang='lat' dir='ltr'><strong>Noluit</strong></span> <span class='ocrx_word' id='word_1_202' title='bbox 3362 1137 3493 1189; x_wconf 85' lang='lat' dir='ltr'><strong>ergo</strong></span> <span class='ocrx_word' id='word_1_203' title='bbox 3527 1121 3664 1191; x_wconf 78' lang='lat' dir='ltr'><strong>lapi—</strong></span> 
     </span>
    </p>
   </div>
   <div class='ocr_carea' id='block_1_27' title="bbox 2095 1212 3669 1287">
    <p class='ocr_par' dir='ltr' id='par_1_27' title="bbox 2095 1212 3669 1287">
     <span class='ocr_line' id='line_1_27' title="bbox 2095 1212 3669 1287; baseline -0.004 -14"><span class='ocrx_word' id='word_1_204' title='bbox 2095 1220 2231 1283; x_wconf 85' lang='lat' dir='ltr'><strong>dari,</strong></span> <span class='ocrx_word' id='word_1_205' title='bbox 2255 1227 2348 1272; x_wconf 90' lang='lat' dir='ltr'><strong>aut</strong></span> <span class='ocrx_word' id='word_1_206' title='bbox 2373 1219 2424 1270; x_wconf 92' lang='lat' dir='ltr'><strong>in</strong></span> <span class='ocrx_word' id='word_1_207' title='bbox 2459 1216 2634 1287; x_wconf 90' lang='lat' dir='ltr'><strong>gladio</strong></span> <span class='ocrx_word' id='word_1_208' title='bbox 2665 1214 2925 1277; x_wconf 89' lang='lat' dir='ltr'><strong>truncari,</strong></span> <span class='ocrx_word' id='word_1_209' title='bbox 2950 1213 3091 1281; x_wconf 92' lang='lat' dir='ltr'><strong>quod</strong></span> <span class='ocrx_word' id='word_1_210' title='bbox 3125 1212 3374 1266; x_wconf 89' lang='lat' dir='ltr'><strong>videlicet</strong></span> <span class='ocrx_word' id='word_1_211' title='bbox 3398 1227 3500 1266; x_wconf 90' lang='lat' dir='ltr'><strong>nos</strong></span> <span class='ocrx_word' id='word_1_212' title='bbox 3524 1228 3669 1266; x_wconf 54' lang='lat' dir='ltr'><strong>sema</strong></span> 
     </span>
    </p>
   </div>
   <div class='ocr_carea' id='block_1_28' title="bbox 2094 1300 3664 1376">
    <p class='ocr_par' dir='ltr' id='par_1_28' title="bbox 2094 1300 3664 1376">
     <span class='ocr_line' id='line_1_28' title="bbox 2094 1300 3664 1376; baseline -0.004 -15"><span class='ocrx_word' id='word_1_213' title='bbox 2094 1323 2190 1376; x_wconf 87' lang='lat' dir='ltr'><strong>per</strong></span> <span class='ocrx_word' id='word_1_214' title='bbox 2213 1306 2490 1360; x_wconf 89' lang='lat' dir='ltr'><strong>nobiscum</strong></span> <span class='ocrx_word' id='word_1_215' title='bbox 2517 1305 2724 1374; x_wconf 83' lang='lat' dir='ltr'><strong>lapides</strong></span> <span class='ocrx_word' id='word_1_216' title='bbox 2741 1312 2832 1356; x_wconf 90' lang='lat' dir='ltr'><strong>aut</strong></span> <span class='ocrx_word' id='word_1_217' title='bbox 2849 1300 3204 1357; x_wconf 86' lang='lat' dir='ltr'><strong>ferrumferre</strong></span> <span class='ocrx_word' id='word_1_218' title='bbox 3224 1316 3328 1354; x_wconf 91' lang='lat' dir='ltr'><strong>non</strong></span> <span class='ocrx_word' id='word_1_219' title='bbox 3348 1316 3664 1370; x_wconf 82' lang='lat' dir='ltr'><strong>possumus,</strong></span> 
     </span>
    </p>
   </div>
   <div class='ocr_carea' id='block_1_29' title="bbox 2095 1391 3675 1465">
    <p class='ocr_par' dir='ltr' id='par_1_29' title="bbox 2095 1391 3675 1465">
     <span class='ocr_line' id='line_1_29' title="bbox 2095 1391 3675 1465; baseline -0.004 -16"><span class='ocrx_word' id='word_1_220' title='bbox 2095 1397 2289 1465; x_wconf 86' lang='lat' dir='ltr'><strong>quibus</strong></span> <span class='ocrx_word' id='word_1_221' title='bbox 2315 1394 2683 1450; x_wconf 81' lang='lat' dir='ltr'><strong>defendamur.</strong></span> <span class='ocrx_word' id='word_1_222' title='bbox 2731 1393 2905 1461; x_wconf 79' lang='lat' dir='ltr'><strong>Elegit</strong></span> <span class='ocrx_word' id='word_1_223' title='bbox 2949 1407 3078 1445; x_wconf 87' lang='lat' dir='ltr'><strong>vero</strong></span> <span class='ocrx_word' id='word_1_224' title='bbox 3123 1405 3361 1455; x_wconf 89' lang='lat' dir='ltr'><strong>crucem,</strong></span> <span class='ocrx_word' id='word_1_225' title='bbox 3391 1407 3514 1459; x_wconf 75' lang='lat' dir='ltr'><strong>qua:</strong></span> <span class='ocrx_word' id='word_1_226' title='bbox 3559 1391 3675 1450; x_wconf 70' lang='lat' dir='ltr'><strong>levi</strong></span> 
     </span>
    </p>
   </div>
   <div class='ocr_carea' id='block_1_30' title="bbox 2097 1481 3670 1553">
    <p class='ocr_par' dir='ltr' id='par_1_30' title="bbox 2097 1481 3670 1553">
     <span class='ocr_line' id='line_1_30' title="bbox 2097 1481 3670 1553; baseline -0.003 -12"><span class='ocrx_word' id='word_1_227' title='bbox 2097 1503 2286 1542; x_wconf 89' lang='lat' dir='ltr'><strong>manus</strong></span> <span class='ocrx_word' id='word_1_228' title='bbox 2313 1495 2463 1541; x_wconf 90' lang='lat' dir='ltr'><strong>motu</strong></span> <span class='ocrx_word' id='word_1_229' title='bbox 2487 1484 2826 1553; x_wconf 82' lang='lat' dir='ltr'><strong>exprimitur,</strong></span> <span class='ocrx_word' id='word_1_230' title='bbox 2856 1498 2959 1553; x_wconf 91' lang='lat' dir='ltr'><strong>qua</strong></span> <span class='ocrx_word' id='word_1_231' title='bbox 2985 1489 3038 1536; x_wconf 90' lang='lat' dir='ltr'><strong>et</strong></span> <span class='ocrx_word' id='word_1_232' title='bbox 3072 1491 3262 1538; x_wconf 88' lang='lat' dir='ltr'><strong>contra</strong></span> <span class='ocrx_word' id='word_1_233' title='bbox 3300 1481 3513 1536; x_wconf 89' lang='lat' dir='ltr'><strong>inimici</strong></span> <span class='ocrx_word' id='word_1_234' title='bbox 3543 1498 3670 1537; x_wconf 55' lang='grc' dir='ltr'><strong>ἴοι-η</strong></span> 
     </span>
    </p>
   </div>
   <div class='ocr_carea' id='block_1_31' title="bbox 2097 1571 3671 1641">
    <p class='ocr_par' dir='ltr' id='par_1_31' title="bbox 2097 1571 3671 1641">
     <span class='ocr_line' id='line_1_31' title="bbox 2097 1571 3671 1641; baseline -0.003 -12"><span class='ocrx_word' id='word_1_235' title='bbox 2097 1575 2265 1629; x_wconf 88' lang='lat' dir='ltr'><strong>sutias</strong></span> <span class='ocrx_word' id='word_1_236' title='bbox 2292 1575 2581 1628; x_wconf 84' lang='lat' dir='ltr'><strong>munimur.</strong></span> <span class='ocrx_word' id='word_1_237' title='bbox 2613 1572 2728 1627; x_wconf 85' lang='lat' dir='ltr'><strong>Hoc</strong></span> <span class='ocrx_word' id='word_1_238' title='bbox 2755 1571 2901 1626; x_wconf 90' lang='lat' dir='ltr'><strong>enim</strong></span> <span class='ocrx_word' id='word_1_239' title='bbox 2929 1571 3082 1641; x_wconf 85' lang='lat' dir='ltr'><strong>signo</strong></span> <span class='ocrx_word' id='word_1_240' title='bbox 3109 1572 3286 1626; x_wconf 89' lang='lat' dir='ltr'><strong>crucis</strong></span> <span class='ocrx_word' id='word_1_241' title='bbox 3313 1581 3671 1627; x_wconf 88' lang='lat' dir='ltr'><strong>consecratur</strong></span> 
     </span>
    </p>
   </div>
   <div class='ocr_carea' id='block_1_32' title="bbox 2099 1661 3674 1732">
    <p class='ocr_par' dir='ltr' id='par_1_32' title="bbox 2099 1661 3674 1732">
     <span class='ocr_line' id='line_1_32' title="bbox 2099 1661 3674 1732; baseline -0.001 -15"><span class='ocrx_word' id='word_1_242' title='bbox 2099 1677 2294 1732; x_wconf 85' lang='lat' dir='ltr'><strong>corpus</strong></span> <span class='ocrx_word' id='word_1_243' title='bbox 2341 1662 2696 1726; x_wconf 88' lang='lat' dir='ltr'><strong>Dominicum,</strong></span> <span class='ocrx_word' id='word_1_244' title='bbox 2729 1661 3096 1717; x_wconf 87' lang='lat' dir='ltr'><strong>sanctiﬁcatur</strong></span> <span class='ocrx_word' id='word_1_245' title='bbox 3137 1661 3255 1716; x_wconf 87' lang='lat' dir='ltr'><strong>fons</strong></span> <span class='ocrx_word' id='word_1_246' title='bbox 3300 1663 3674 1731; x_wconf 72' lang='lat' dir='ltr'><strong>baptismatis,</strong></span> 
     </span>
    </p>
   </div>
   <div class='ocr_carea' id='block_1_33' title="bbox 434 1750 2019 1852">
    <p class='ocr_par' dir='ltr' id='par_1_33' title="bbox 434 1771 1994 1852">
     <span class='ocr_line' id='line_1_33' title="bbox 434 1771 1994 1852; baseline -0.013 -12"><span class='ocrx_word' id='word_1_247' title='bbox 434 1803 550 1840; x_wconf 86' lang='lat' dir='ltr'><strong>nus.</strong></span> <span class='ocrx_word' id='word_1_248' title='bbox 587 1782 644 1838; x_wconf 89' lang='lat' dir='ltr'><strong>Si</strong></span> <span class='ocrx_word' id='word_1_249' title='bbox 666 1799 758 1852; x_wconf 87' lang='lat' dir='ltr'><strong>ego</strong></span> <span class='ocrx_word' id='word_1_250' title='bbox 780 1781 1054 1834; x_wconf 82' lang='lat' dir='ltr'><strong>Dominus.</strong></span> <span class='ocrx_word' id='word_1_251' title='bbox 1082 1777 1336 1830; x_wconf 82' lang='lat' dir='ltr'><strong>Dominus</strong></span> <span class='ocrx_word' id='word_1_252' title='bbox 1361 1772 1515 1826; x_wconf 73' lang='lat' dir='ltr'><strong>Iesus</strong></span> <span class='ocrx_word' id='word_1_253' title='bbox 1551 1771 1856 1824; x_wconf 83' lang='lat' dir='ltr'><strong>mandatum</strong></span> <span class='ocrx_word' id='word_1_254' title='bbox 1897 1783 1994 1821; x_wconf 88' lang='lat' dir='ltr'><strong>no-</strong></span> 
     </span>
    </p>
   </div>
   <div class='ocr_carea' id='block_1_34' title="bbox 2107 1750 3672 1852">
    <p class='ocr_par' dir='ltr' id='par_1_34' title="bbox 2107 1751 3672 1830">
     <span class='ocr_line' id='line_1_34' title="bbox 2107 1751 3672 1830; baseline 0.002 -26"><span class='ocrx_word' id='word_1_255' title='bbox 2107 1751 2377 1804; x_wconf 78' lang='lat' dir='ltr'><strong>initiantur</strong></span> <span class='ocrx_word' id='word_1_256' title='bbox 2410 1752 2730 1821; x_wconf 83' lang='lat' dir='ltr'><strong>presbyteri,</strong></span> <span class='ocrx_word' id='word_1_257' title='bbox 2768 1760 2822 1808; x_wconf 91' lang='lat' dir='ltr'><strong>et</strong></span> <span class='ocrx_word' id='word_1_258' title='bbox 2845 1752 3025 1812; x_wconf 74' lang='lat' dir='ltr'><strong>czeteri</strong></span> <span class='ocrx_word' id='word_1_259' title='bbox 3056 1752 3252 1830; x_wconf 80' lang='lat' dir='ltr'><strong>gradus</strong></span> <span class='ocrx_word' id='word_1_260' title='bbox 3285 1753 3672 1818; x_wconf 86' lang='lat' dir='ltr'><strong>ecclesiastici,</strong></span> 
     </span>
    </p>
   </div>
   <div class='ocr_carea' id='block_1_35' title="bbox 432 1860 1994 1940">
    <p class='ocr_par' dir='ltr' id='par_1_35' title="bbox 432 1860 1994 1940">
     <span class='ocr_line' id='line_1_35' title="bbox 432 1860 1994 1940; baseline -0.012 -12"><span class='ocrx_word' id='word_1_261' title='bbox 432 1891 570 1929; x_wconf 67' lang='lat' dir='ltr'><strong>sunt.</strong></span> <span class='ocrx_word' id='word_1_262' title='bbox 608 1873 677 1925; x_wconf 85' lang='lat' dir='ltr'><strong>In</strong></span> <span class='ocrx_word' id='word_1_263' title='bbox 698 1873 793 1925; x_wconf 86' lang='lat' dir='ltr'><strong>hoc</strong></span> <span class='ocrx_word' id='word_1_264' title='bbox 809 1877 1110 1940; x_wconf 78' lang='lat' dir='ltr'><strong>cognoscent</strong></span> <span class='ocrx_word' id='word_1_265' title='bbox 1127 1883 1322 1919; x_wconf 84' lang='lat' dir='ltr'><strong>omnes.</strong></span> <span class='ocrx_word' id='word_1_266' title='bbox 1348 1862 1638 1932; x_wconf 87' lang='lat' dir='ltr'><strong>Diligamus</strong></span> <span class='ocrx_word' id='word_1_267' title='bbox 1652 1877 1743 1914; x_wconf 86' lang='lat' dir='ltr'><strong>nos</strong></span> <span class='ocrx_word' id='word_1_268' title='bbox 1760 1860 1994 1912; x_wconf 84' lang='lat' dir='ltr'><strong>invicem.</strong></span> 
     </span>
    </p>
   </div>
   <div class='ocr_carea' id='block_1_36' title="bbox 433 1938 1996 2017">
    <p class='ocr_par' dir='ltr' id='par_1_36' title="bbox 433 1938 1996 2017">
     <span class='ocr_line' id='line_1_36' title="bbox 433 1938 1996 2017; baseline -0.012 -7"><span class='ocrx_word' id='word_1_269' title='bbox 433 1957 500 2010; x_wconf 85' lang='lat' dir='ltr'><strong>In</strong></span> <span class='ocrx_word' id='word_1_270' title='bbox 523 1955 706 2008; x_wconf 85' lang='lat' dir='ltr'><strong>diebus</strong></span> <span class='ocrx_word' id='word_1_271' title='bbox 727 1952 853 2006; x_wconf 81' lang='lat' dir='ltr'><strong>iliis.</strong></span> <span class='ocrx_word' id='word_1_272' title='bbox 872 1938 1019 2005; x_wconf 26' lang='lat' dir='ltr'><strong>&#39;Ante</strong></span> <span class='ocrx_word' id='word_1_273' title='bbox 1056 1949 1191 2005; x_wconf 85' lang='lat' dir='ltr'><strong>diem</strong></span> <span class='ocrx_word' id='word_1_274' title='bbox 1219 1949 1405 2017; x_wconf 75' lang='lat' dir='ltr'><strong>festum</strong></span> <span class='ocrx_word' id='word_1_275' title='bbox 1431 1942 1690 2006; x_wconf 67' lang='lat' dir='ltr'><strong>Paschctz.~</strong></span> <span class='ocrx_word' id='word_1_276' title='bbox 1732 1938 1996 1995; x_wconf 78' lang='lat' dir='ltr'><strong>Charitas.</strong></span> 
     </span>
    </p>
   </div>
   <div class='ocr_carea' id='block_1_37' title="bbox 432 2035 2002 2110">
    <p class='ocr_par' dir='ltr' id='par_1_37' title="bbox 432 2035 2002 2110">
     <span class='ocr_line' id='line_1_37' title="bbox 432 2035 2002 2110; baseline -0.012 -8"><span class='ocrx_word' id='word_1_277' title='bbox 432 2047 529 2102; x_wconf 81' lang='lat' dir='ltr'><strong>His</strong></span> <span class='ocrx_word' id='word_1_278' title='bbox 559 2045 748 2110; x_wconf 81' lang='lat' dir='ltr'><strong>ﬁnitis,</strong></span> <span class='ocrx_word' id='word_1_279' title='bbox 787 2043 1053 2097; x_wconf 84' lang='lat' dir='ltr'><strong>nudantur</strong></span> <span class='ocrx_word' id='word_1_280' title='bbox 1081 2039 1268 2093; x_wconf 84' lang='lat' dir='ltr'><strong>altaria</strong></span> <span class='ocrx_word' id='word_1_281' title='bbox 1312 2035 1425 2105; x_wconf 89' lang='lat' dir='ltr'><strong>jam</strong></span> <span class='ocrx_word' id='word_1_282' title='bbox 1465 2035 1611 2090; x_wconf 87' lang='lat' dir='ltr'><strong>circa</strong></span> <span class='ocrx_word' id='word_1_283' title='bbox 1665 2040 1897 2096; x_wconf 88' lang='lat' dir='ltr'><strong>noctem,</strong></span> <span class='ocrx_word' id='word_1_284' title='bbox 1945 2037 2002 2084; x_wconf 90' lang='lat' dir='ltr'><strong>et</strong></span> 
     </span>
    </p>
   </div>
   <div class='ocr_carea' id='block_1_38' title="bbox 435 2119 2000 2206">
    <p class='ocr_par' dir='ltr' id='par_1_38' title="bbox 435 2119 2000 2206">
     <span class='ocr_line' id='line_1_38' title="bbox 435 2119 2000 2206; baseline -0.01 -16"><span class='ocrx_word' id='word_1_285' title='bbox 435 2137 514 2190; x_wconf 90' lang='lat' dir='ltr'><strong>sic</strong></span> <span class='ocrx_word' id='word_1_286' title='bbox 538 2140 854 2206; x_wconf 81' lang='lat' dir='ltr'><strong>permanent</strong></span> <span class='ocrx_word' id='word_1_287' title='bbox 881 2146 1050 2200; x_wconf 87' lang='lat' dir='ltr'><strong>usque</strong></span> <span class='ocrx_word' id='word_1_288' title='bbox 1072 2129 1137 2183; x_wconf 91' lang='lat' dir='ltr'><strong>ad</strong></span> <span class='ocrx_word' id='word_1_289' title='bbox 1165 2127 1460 2182; x_wconf 86' lang='lat' dir='ltr'><strong>Sabbatum</strong></span> <span class='ocrx_word' id='word_1_290' title='bbox 1510 2130 1774 2182; x_wconf 81' lang='lat' dir='ltr'><strong>sanctum.</strong></span> <span class='ocrx_word' id='word_1_291' title='bbox 1814 2119 2000 2176; x_wconf 80' lang='lat' dir='ltr'><strong>Altare</strong></span> 
     </span>
    </p>
   </div>
   <div class='ocr_carea' id='block_1_39' title="bbox 435 2209 2001 2292">
    <p class='ocr_par' dir='ltr' id='par_1_39' title="bbox 435 2209 2001 2292">
     <span class='ocr_line' id='line_1_39' title="bbox 435 2209 2001 2292; baseline -0.012 -13"><span class='ocrx_word' id='word_1_292' title='bbox 435 2225 706 2280; x_wconf 89' lang='lat' dir='ltr'><strong>Christum</strong></span> <span class='ocrx_word' id='word_1_293' title='bbox 728 2221 1015 2292; x_wconf 88' lang='lat' dir='ltr'><strong>signiﬁcat,</strong></span> <span class='ocrx_word' id='word_1_294' title='bbox 1055 2218 1147 2287; x_wconf 91' lang='lat' dir='ltr'><strong>qui</strong></span> <span class='ocrx_word' id='word_1_295' title='bbox 1177 2225 1304 2271; x_wconf 92' lang='lat' dir='ltr'><strong>tunc</strong></span> <span class='ocrx_word' id='word_1_296' title='bbox 1352 2215 1587 2273; x_wconf 84' lang='lat' dir='ltr'><strong>nudatus</strong></span> <span class='ocrx_word' id='word_1_297' title='bbox 1635 2219 1718 2266; x_wconf 91' lang='lat' dir='ltr'><strong>est</strong></span> <span class='ocrx_word' id='word_1_298' title='bbox 1766 2226 1796 2264; x_wconf 93' lang='lat' dir='ltr'><strong>a</strong></span> <span class='ocrx_word' id='word_1_299' title='bbox 1839 2209 2001 2264; x_wconf 42' lang='lat' dir='ltr'><strong>vesti-9</strong></span> 
     </span>
    </p>
   </div>
   <div class='ocr_carea' id='block_1_40' title="bbox 435 2302 1998 2378">
    <p class='ocr_par' dir='ltr' id='par_1_40' title="bbox 435 2302 1998 2378">
     <span class='ocr_line' id='line_1_40' title="bbox 435 2302 1998 2378; baseline -0.011 -8"><span class='ocrx_word' id='word_1_300' title='bbox 435 2315 649 2378; x_wconf 84' lang='lat' dir='ltr'><strong>mentis,</strong></span> <span class='ocrx_word' id='word_1_301' title='bbox 678 2313 781 2367; x_wconf 90' lang='lat' dir='ltr'><strong>hoc</strong></span> <span class='ocrx_word' id='word_1_302' title='bbox 817 2319 919 2376; x_wconf 90' lang='lat' dir='ltr'><strong>est,</strong></span> <span class='ocrx_word' id='word_1_303' title='bbox 947 2325 978 2364; x_wconf 89' lang='lat' dir='ltr'><strong>a</strong></span> <span class='ocrx_word' id='word_1_304' title='bbox 1002 2306 1297 2378; x_wconf 90' lang='lat' dir='ltr'><strong>discipulis,</strong></span> <span class='ocrx_word' id='word_1_305' title='bbox 1326 2306 1539 2375; x_wconf 89' lang='lat' dir='ltr'><strong>quando</strong></span> <span class='ocrx_word' id='word_1_306' title='bbox 1567 2302 1758 2358; x_wconf 86' lang='lat' dir='ltr'><strong>relicto</strong></span> <span class='ocrx_word' id='word_1_307' title='bbox 1784 2316 1848 2355; x_wconf 93' lang='lat' dir='ltr'><strong>eo</strong></span> <span class='ocrx_word' id='word_1_308' title='bbox 1880 2315 1998 2354; x_wconf 91' lang='lat' dir='ltr'><strong>om-</strong></span> 
     </span>
    </p>
   </div>
   <div class='ocr_carea' id='block_1_41' title="bbox 434 2387 2000 2472">
    <p class='ocr_par' dir='ltr' id='par_1_41' title="bbox 434 2387 2000 2472">
     <span class='ocr_line' id='line_1_41' title="bbox 434 2387 2000 2472; baseline -0.012 -13"><span class='ocrx_word' id='word_1_309' title='bbox 434 2419 533 2459; x_wconf 88' lang='lat' dir='ltr'><strong>nes</strong></span> <span class='ocrx_word' id='word_1_310' title='bbox 560 2403 823 2472; x_wconf 85' lang='lat' dir='ltr'><strong>fugerunt.</strong></span> <span class='ocrx_word' id='word_1_311' title='bbox 849 2400 909 2454; x_wconf 88' lang='lat' dir='ltr'><strong>In</strong></span> <span class='ocrx_word' id='word_1_312' title='bbox 936 2400 1038 2454; x_wconf 90' lang='lat' dir='ltr'><strong>hac</strong></span> <span class='ocrx_word' id='word_1_313' title='bbox 1063 2397 1207 2452; x_wconf 91' lang='lat' dir='ltr'><strong>enim</strong></span> <span class='ocrx_word' id='word_1_314' title='bbox 1234 2402 1389 2450; x_wconf 89' lang='lat' dir='ltr'><strong>nocte</strong></span> <span class='ocrx_word' id='word_1_315' title='bbox 1415 2393 1662 2448; x_wconf 90' lang='lat' dir='ltr'><strong>Christus</strong></span> <span class='ocrx_word' id='word_1_316' title='bbox 1689 2391 1854 2444; x_wconf 87' lang='lat' dir='ltr'><strong>veteri</strong></span> <span class='ocrx_word' id='word_1_317' title='bbox 1898 2387 2000 2459; x_wconf 86' lang='lat' dir='ltr'><strong>legi</strong></span> 
     </span>
    </p>
   </div>
   <div class='ocr_carea' id='block_1_42' title="bbox 436 2477 1998 2560">
    <p class='ocr_par' dir='ltr' id='par_1_42' title="bbox 436 2477 1998 2560">
     <span class='ocr_line' id='line_1_42' title="bbox 436 2477 1998 2560; baseline -0.01 -14"><span class='ocrx_word' id='word_1_318' title='bbox 436 2493 597 2548; x_wconf 88' lang='lat' dir='ltr'><strong>ﬁnem</strong></span> <span class='ocrx_word' id='word_1_319' title='bbox 623 2494 735 2557; x_wconf 87' lang='lat' dir='ltr'><strong>dat,</strong></span> <span class='ocrx_word' id='word_1_320' title='bbox 762 2505 880 2560; x_wconf 76' lang='lat' dir='ltr'><strong>qua:</strong></span> <span class='ocrx_word' id='word_1_321' title='bbox 902 2505 1006 2543; x_wconf 93' lang='lat' dir='ltr'><strong>non</strong></span> <span class='ocrx_word' id='word_1_322' title='bbox 1033 2487 1272 2542; x_wconf 87' lang='lat' dir='ltr'><strong>solvebat</strong></span> <span class='ocrx_word' id='word_1_323' title='bbox 1289 2493 1528 2555; x_wconf 89' lang='lat' dir='ltr'><strong>peccata,</strong></span> <span class='ocrx_word' id='word_1_324' title='bbox 1575 2483 1669 2536; x_wconf 90' lang='lat' dir='ltr'><strong>sed</strong></span> <span class='ocrx_word' id='word_1_325' title='bbox 1690 2477 1956 2551; x_wconf 69' lang='lat' dir='ltr'><strong>puniebat</strong></span> <span class='ocrx_word' id='word_1_326' title='bbox 1981 2493 1998 2532; x_wconf 90' lang='lat'><strong>:</strong></span> 
     </span>
    </p>
   </div>
   <div class='ocr_carea' id='block_1_43' title="bbox 437 2568 2000 2644">
    <p class='ocr_par' dir='ltr' id='par_1_43' title="bbox 437 2568 2000 2644">
     <span class='ocr_line' id='line_1_43' title="bbox 437 2568 2000 2644; baseline -0.01 -6"><span class='ocrx_word' id='word_1_327' title='bbox 437 2585 530 2640; x_wconf 87' lang='lat' dir='ltr'><strong>dat</strong></span> <span class='ocrx_word' id='word_1_328' title='bbox 576 2583 787 2637; x_wconf 88' lang='lat' dir='ltr'><strong>initium</strong></span> <span class='ocrx_word' id='word_1_329' title='bbox 817 2580 939 2634; x_wconf 88' lang='lat' dir='ltr'><strong>novi</strong></span> <span class='ocrx_word' id='word_1_330' title='bbox 971 2577 1294 2641; x_wconf 87' lang='lat' dir='ltr'><strong>testamenti,</strong></span> <span class='ocrx_word' id='word_1_331' title='bbox 1325 2591 1422 2644; x_wconf 88' lang='lat' dir='ltr'><strong>per</strong></span> <span class='ocrx_word' id='word_1_332' title='bbox 1448 2572 1588 2643; x_wconf 88' lang='lat' dir='ltr'><strong>quod</strong></span> <span class='ocrx_word' id='word_1_333' title='bbox 1635 2582 1850 2642; x_wconf 84' lang='lat' dir='ltr'><strong>peccata</strong></span> <span class='ocrx_word' id='word_1_334' title='bbox 1903 2568 2000 2623; x_wconf 50' lang='lat' dir='ltr'><strong>ab.</strong></span> 
     </span>
    </p>
   </div>
   <div class='ocr_carea' id='block_1_44' title="bbox 437 2660 2001 2732">
    <p class='ocr_par' dir='ltr' id='par_1_44' title="bbox 437 2660 2001 2732">
     <span class='ocr_line' id='line_1_44' title="bbox 437 2660 2001 2732; baseline -0.01 -4"><span class='ocrx_word' id='word_1_335' title='bbox 437 2673 734 2728; x_wconf 86' lang='lat' dir='ltr'><strong>solvuntur.</strong></span> <span class='ocrx_word' id='word_1_336' title='bbox 791 2671 874 2724; x_wconf 80' lang='lat' dir='ltr'><strong>Ab</strong></span> <span class='ocrx_word' id='word_1_337' title='bbox 920 2669 1022 2722; x_wconf 87' lang='lat' dir='ltr'><strong>hac</strong></span> <span class='ocrx_word' id='word_1_338' title='bbox 1079 2667 1222 2721; x_wconf 85' lang='lat' dir='ltr'><strong>enim</strong></span> <span class='ocrx_word' id='word_1_339' title='bbox 1271 2674 1430 2720; x_wconf 92' lang='lat' dir='ltr'><strong>nocte</strong></span> <span class='ocrx_word' id='word_1_340' title='bbox 1473 2677 1642 2732; x_wconf 75' lang='lat' dir='ltr'><strong>usque</strong></span> <span class='ocrx_word' id='word_1_341' title='bbox 1683 2660 2001 2725; x_wconf 86' lang='lat' dir='ltr'><strong>Sabbatum,</strong></span> 
     </span>
    </p>
   </div>
   <div class='ocr_carea' id='block_1_45' title="bbox 439 2750 2000 2823">
    <p class='ocr_par' dir='ltr' id='par_1_45' title="bbox 439 2750 2000 2823">
     <span class='ocr_line' id='line_1_45' title="bbox 439 2750 2000 2823; baseline -0.009 -6"><span class='ocrx_word' id='word_1_342' title='bbox 439 2761 678 2818; x_wconf 89' lang='lat' dir='ltr'><strong>nonnulli</strong></span> <span class='ocrx_word' id='word_1_343' title='bbox 703 2759 842 2812; x_wconf 87' lang='lat' dir='ltr'><strong>servi</strong></span> <span class='ocrx_word' id='word_1_344' title='bbox 860 2757 954 2811; x_wconf 91' lang='lat' dir='ltr'><strong>Dei</strong></span> <span class='ocrx_word' id='word_1_345' title='bbox 994 2756 1266 2811; x_wconf 88' lang='lat' dir='ltr'><strong>imitantes</strong></span> <span class='ocrx_word' id='word_1_346' title='bbox 1319 2752 1608 2823; x_wconf 84' lang='lat' dir='ltr'><strong>apostolos,</strong></span> <span class='ocrx_word' id='word_1_347' title='bbox 1651 2750 1819 2821; x_wconf 81' lang='lat' dir='ltr'><strong>jejuni</strong></span> <span class='ocrx_word' id='word_1_348' title='bbox 1874 2766 2000 2820; x_wconf 87' lang='lat' dir='ltr'><strong>per-</strong></span> 
     </span>
    </p>
   </div>
   <div class='ocr_carea' id='block_1_46' title="bbox 439 2844 2004 2916">
    <p class='ocr_par' dir='ltr' id='par_1_46' title="bbox 439 2844 2004 2916">
     <span class='ocr_line' id='line_1_46' title="bbox 439 2844 2004 2916; baseline -0.007 -11"><span class='ocrx_word' id='word_1_349' title='bbox 439 2860 658 2905; x_wconf 87' lang='lat' dir='ltr'><strong>manent</strong></span> <span class='ocrx_word' id='word_1_350' title='bbox 687 2847 888 2916; x_wconf 87' lang='lat' dir='ltr'><strong>:aliqui</strong></span> <span class='ocrx_word' id='word_1_351' title='bbox 913 2861 1041 2900; x_wconf 90' lang='lat' dir='ltr'><strong>vero</strong></span> <span class='ocrx_word' id='word_1_352' title='bbox 1067 2844 1301 2900; x_wconf 89' lang='lat' dir='ltr'><strong>contenti</strong></span> <span class='ocrx_word' id='word_1_353' title='bbox 1331 2850 1456 2898; x_wconf 91' lang='lat' dir='ltr'><strong>sunt</strong></span> <span class='ocrx_word' id='word_1_354' title='bbox 1499 2857 1638 2911; x_wconf 86' lang='lat' dir='ltr'><strong>pane</strong></span> <span class='ocrx_word' id='word_1_355' title='bbox 1692 2848 1899 2894; x_wconf 88' lang='lat' dir='ltr'><strong>tantum</strong></span> <span class='ocrx_word' id='word_1_356' title='bbox 1948 2848 2004 2894; x_wconf 87' lang='lat' dir='ltr'><strong>et</strong></span> 
     </span>
    </p>
   </div>
   <div class='ocr_carea' id='block_1_47' title="bbox 441 2933 1557 3008">
    <p class='ocr_par' dir='ltr' id='par_1_47' title="bbox 441 2933 1557 3008">
     <span class='ocr_line' id='line_1_47' title="bbox 441 2933 1557 3008; baseline -0.012 -12"><span class='ocrx_word' id='word_1_357' title='bbox 441 2941 640 3006; x_wconf 79' lang='lat' dir='ltr'><strong>herbis,</strong></span> <span class='ocrx_word' id='word_1_358' title='bbox 674 2946 836 3008; x_wconf 87' lang='lat' dir='ltr'><strong>atque</strong></span> <span class='ocrx_word' id='word_1_359' title='bbox 861 2935 1216 3007; x_wconf 82' lang='lat' dir='ltr'><strong>leguminibus</strong></span> <span class='ocrx_word' id='word_1_360' title='bbox 1237 2948 1330 2989; x_wconf 92' lang='lat' dir='ltr'><strong>seu</strong></span> <span class='ocrx_word' id='word_1_361' title='bbox 1360 2933 1557 2988; x_wconf 83' lang='lat' dir='ltr'><strong>sicera.</strong></span> 
     </span>
    </p>
   </div>
   <div class='ocr_carea' id='block_1_48' title="bbox 1013 3045 1438 3107">
    <p class='ocr_par' dir='ltr' id='par_1_48' title="bbox 1013 3045 1438 3107">
     <span class='ocr_line' id='line_1_48' title="bbox 1013 3045 1438 3107; baseline -0.014 0"><span class='ocrx_word' id='word_1_362' title='bbox 1013 3047 1238 3107; x_wconf 77' lang='lat' dir='ltr'><strong>CAPUT</strong></span> <span class='ocrx_word' id='word_1_363' title='bbox 1258 3045 1438 3103; x_wconf 78' lang='lat' dir='ltr'><strong>XVIII.</strong></span> 
     </span>
    </p>
   </div>
   <div class='ocr_carea' id='block_1_49' title="bbox 655 3130 1784 3185">
    <p class='ocr_par' dir='ltr' id='par_1_49' title="bbox 655 3130 1784 3185">
     <span class='ocr_line' id='line_1_49' title="bbox 655 3130 1784 3185; baseline -0.012 -5"><span class='ocrx_word' id='word_1_364' title='bbox 655 3138 681 3166; x_wconf 64' lang='lat' dir='ltr'><strong>a</strong></span> <span class='ocrx_word' id='word_1_365' title='bbox 702 3139 769 3179; x_wconf 78' lang='lat' dir='ltr'><strong>DE</strong></span> <span class='ocrx_word' id='word_1_366' title='bbox 791 3139 946 3178; x_wconf 74' lang='lat' dir='ltr'><strong>FEIUA</strong></span> <span class='ocrx_word' id='word_1_367' title='bbox 967 3137 1156 3185; x_wconf 76' lang='lat' dir='ltr'><strong>SEXTA,</strong></span> <span class='ocrx_word' id='word_1_368' title='bbox 1193 3136 1308 3182; x_wconf 60' lang='lat' dir='ltr'><strong>QUAE.</strong></span> <span class='ocrx_word' id='word_1_369' title='bbox 1346 3134 1442 3172; x_wconf 81' lang='lat' dir='ltr'><strong>EST</strong></span> <span class='ocrx_word' id='word_1_370' title='bbox 1468 3130 1784 3170; x_wconf 71' lang='lat' dir='ltr'><strong>PARASCEVL.</strong></span> 
     </span>
    </p>
   </div>
   <div class='ocr_carea' id='block_1_50' title="bbox 513 3210 2003 3283">
    <p class='ocr_par' dir='ltr' id='par_1_50' title="bbox 513 3210 2003 3283">
     <span class='ocr_line' id='line_1_50' title="bbox 513 3210 2003 3283; baseline -0.01 -12"><span class='ocrx_word' id='word_1_371' title='bbox 513 3216 809 3270; x_wconf 87' lang='lat' dir='ltr'><strong>Parasceve</strong></span> <span class='ocrx_word' id='word_1_372' title='bbox 830 3212 1154 3283; x_wconf 64' lang='lat' dir='ltr'><strong>praeparatio</strong></span> <span class='ocrx_word' id='word_1_373' title='bbox 1175 3211 1577 3278; x_wconf 86' lang='lat' dir='ltr'><strong>interpretatur,</strong></span> <span class='ocrx_word' id='word_1_374' title='bbox 1612 3221 1731 3274; x_wconf 69' lang='lat' dir='ltr'><strong>qua:</strong></span> <span class='ocrx_word' id='word_1_375' title='bbox 1754 3211 1809 3258; x_wconf 90' lang='lat' dir='ltr'><strong>et</strong></span> <span class='ocrx_word' id='word_1_376' title='bbox 1850 3210 2003 3257; x_wconf 76' lang='lat' dir='ltr'><strong>sexta</strong></span> 
     </span>
    </p>
   </div>
   <div class='ocr_carea' id='block_1_51' title="bbox 445 3292 2005 3367">
    <p class='ocr_par' dir='ltr' id='par_1_51' title="bbox 445 3292 2005 3367">
     <span class='ocr_line' id='line_1_51' title="bbox 445 3292 2005 3367; baseline -0.01 -6"><span class='ocrx_word' id='word_1_377' title='bbox 445 3306 666 3362; x_wconf 87' lang='lat' dir='ltr'><strong>Sabbati</strong></span> <span class='ocrx_word' id='word_1_378' title='bbox 688 3304 906 3358; x_wconf 91' lang='lat' dir='ltr'><strong>dicitur.</strong></span> <span class='ocrx_word' id='word_1_379' title='bbox 935 3301 993 3355; x_wconf 89' lang='lat' dir='ltr'><strong>In</strong></span> <span class='ocrx_word' id='word_1_380' title='bbox 1016 3303 1118 3355; x_wconf 88' lang='lat' dir='ltr'><strong>hoc</strong></span> <span class='ocrx_word' id='word_1_381' title='bbox 1143 3302 1288 3354; x_wconf 87' lang='lat' dir='ltr'><strong>enim</strong></span> <span class='ocrx_word' id='word_1_382' title='bbox 1316 3300 1410 3352; x_wconf 84' lang='lat' dir='ltr'><strong>die</strong></span> <span class='ocrx_word' id='word_1_383' title='bbox 1427 3298 1799 3367; x_wconf 75' lang='lat' dir='ltr'><strong>praeparabant</strong></span> <span class='ocrx_word' id='word_1_384' title='bbox 1836 3292 2005 3347; x_wconf 65' lang='lat' dir='ltr'><strong>Judaei</strong></span> 
     </span>
    </p>
   </div>
   <div class='ocr_carea' id='block_1_52' title="bbox 444 3382 2007 3461">
    <p class='ocr_par' dir='ltr' id='par_1_52' title="bbox 444 3382 2007 3461">
     <span class='ocr_line' id='line_1_52' title="bbox 444 3382 2007 3461; baseline -0.007 -14"><span class='ocrx_word' id='word_1_385' title='bbox 444 3408 508 3447; x_wconf 89' lang='lat' dir='ltr'><strong>ea</strong></span> <span class='ocrx_word' id='word_1_386' title='bbox 536 3407 655 3461; x_wconf 64' lang='lat' dir='ltr'><strong>qum</strong></span> <span class='ocrx_word' id='word_1_387' title='bbox 684 3392 737 3445; x_wconf 90' lang='lat' dir='ltr'><strong>in</strong></span> <span class='ocrx_word' id='word_1_388' title='bbox 763 3391 983 3444; x_wconf 88' lang='lat' dir='ltr'><strong>sabbato</strong></span> <span class='ocrx_word' id='word_1_389' title='bbox 1021 3396 1174 3442; x_wconf 89' lang='lat' dir='ltr'><strong>erant</strong></span> <span class='ocrx_word' id='word_1_390' title='bbox 1198 3388 1500 3441; x_wconf 83' lang='lat' dir='ltr'><strong>necessaria</strong></span> <span class='ocrx_word' id='word_1_391' title='bbox 1523 3425 1538 3449; x_wconf 92' lang='lat'><strong>,</strong></span> <span class='ocrx_word' id='word_1_392' title='bbox 1573 3386 1725 3453; x_wconf 79' lang='lat' dir='ltr'><strong>juxta</strong></span> <span class='ocrx_word' id='word_1_393' title='bbox 1771 3383 1914 3452; x_wconf 91' lang='lat' dir='ltr'><strong>quod</strong></span> <span class='ocrx_word' id='word_1_394' title='bbox 1940 3382 2007 3436; x_wconf 88' lang='lat' dir='ltr'><strong>de</strong></span> 
     </span>
    </p>
   </div>
   <div class='ocr_carea' id='block_1_53' title="bbox 445 3471 2005 3546">
    <p class='ocr_par' dir='ltr' id='par_1_53' title="bbox 445 3471 2005 3546">
     <span class='ocr_line' id='line_1_53' title="bbox 445 3471 2005 3546; baseline -0.006 -12"><span class='ocrx_word' id='word_1_395' title='bbox 445 3495 641 3534; x_wconf 78' lang='lat' dir='ltr'><strong>mana</strong></span> <span class='ocrx_word' id='word_1_396' title='bbox 677 3485 998 3546; x_wconf 68' lang='lat' dir='ltr'><strong>praaceptum</strong></span> <span class='ocrx_word' id='word_1_397' title='bbox 1023 3483 1106 3528; x_wconf 91' lang='lat' dir='ltr'><strong>est</strong></span> <span class='ocrx_word' id='word_1_398' title='bbox 1141 3492 1153 3526; x_wconf 87' lang='lat'><strong>:</strong></span> <span class='ocrx_word' id='word_1_399' title='bbox 1189 3473 1350 3528; x_wconf 79' lang='lat' dir='ltr'><strong>Sexta</strong></span> <span class='ocrx_word' id='word_1_400' title='bbox 1377 3473 1764 3542; x_wconf 76' lang='lat' dir='ltr'><strong>die~colligetis</strong></span> <span class='ocrx_word' id='word_1_401' title='bbox 1789 3471 2005 3540; x_wconf 91' lang='lat' dir='ltr'><strong>duplum</strong></span> 
     </span>
    </p>
   </div>
   <div class='ocr_carea' id='block_1_54' title="bbox 447 3559 2007 3639">
    <p class='ocr_par' dir='ltr' id='par_1_54' title="bbox 447 3559 2007 3639">
     <span class='ocr_line' id='line_1_54' title="bbox 447 3559 2007 3639; baseline -0.004 -19"><span class='ocrx_word' id='word_1_402' title='bbox 447 3566 646 3639; x_wconf 75' lang='lat' dir='ltr'><strong>(Exod.</strong></span> <span class='ocrx_word' id='word_1_403' title='bbox 685 3581 795 3630; x_wconf 80' lang='lat' dir='ltr'><strong>xvi,</strong></span> <span class='ocrx_word' id='word_1_404' title='bbox 823 3564 876 3635; x_wconf 80' lang='lat'><strong>5)</strong></span> <span class='ocrx_word' id='word_1_405' title='bbox 907 3582 920 3616; x_wconf 91' lang='lat'><strong>:</strong></span> <span class='ocrx_word' id='word_1_406' title='bbox 949 3575 1004 3617; x_wconf 87' lang='lat' dir='ltr'><strong>et</strong></span> <span class='ocrx_word' id='word_1_407' title='bbox 1035 3564 1153 3617; x_wconf 91' lang='lat' dir='ltr'><strong>ideo</strong></span> <span class='ocrx_word' id='word_1_408' title='bbox 1183 3563 1236 3616; x_wconf 90' lang='lat' dir='ltr'><strong>in</strong></span> <span class='ocrx_word' id='word_1_409' title='bbox 1249 3562 1583 3616; x_wconf 89' lang='lat' dir='ltr'><strong>solemnitate</strong></span> <span class='ocrx_word' id='word_1_410' title='bbox 1606 3559 1851 3626; x_wconf 88' lang='lat' dir='ltr'><strong>habetur,</strong></span> <span class='ocrx_word' id='word_1_411' title='bbox 1871 3560 2007 3635; x_wconf 84' lang='lat' dir='ltr'><strong>quia</strong></span> 
     </span>
    </p>
   </div>
   <div class='ocr_carea' id='block_1_55' title="bbox 2098 1840 3682 1913">
    <p class='ocr_par' dir='ltr' id='par_1_55' title="bbox 2098 1840 3682 1913">
     <span class='ocr_line' id='line_1_55' title="bbox 2098 1840 3682 1913; baseline 0 -21"><span class='ocrx_word' id='word_1_412' title='bbox 2098 1848 2153 1892; x_wconf 89' lang='lat' dir='ltr'><strong>et</strong></span> <span class='ocrx_word' id='word_1_413' title='bbox 2173 1841 2351 1893; x_wconf 90' lang='lat' dir='ltr'><strong>omnia</strong></span> <span class='ocrx_word' id='word_1_414' title='bbox 2375 1855 2706 1910; x_wconf 62' lang='lat' dir='ltr'><strong>quaecunque</strong></span> <span class='ocrx_word' id='word_1_415' title='bbox 2726 1840 3160 1906; x_wconf 85' lang='lat' dir='ltr'><strong>sanctiﬁcantur;</strong></span> <span class='ocrx_word' id='word_1_416' title='bbox 3193 1842 3293 1896; x_wconf 92' lang='lat' dir='ltr'><strong>hoc</strong></span> <span class='ocrx_word' id='word_1_417' title='bbox 3311 1842 3470 1913; x_wconf 84' lang='lat' dir='ltr'><strong>signo</strong></span> <span class='ocrx_word' id='word_1_418' title='bbox 3491 1843 3682 1898; x_wconf 49' lang='lat' dir='ltr'><strong>Domi.</strong></span> 
     </span>
    </p>
   </div>
   <div class='ocr_carea' id='block_1_56' title="bbox 2097 1928 3678 1997">
    <p class='ocr_par' dir='ltr' id='par_1_56' title="bbox 2097 1928 3678 1997">
     <span class='ocr_line' id='line_1_56' title="bbox 2097 1928 3678 1997; baseline 0.003 -14"><span class='ocrx_word' id='word_1_419' title='bbox 2097 1928 2234 1983; x_wconf 65' lang='lat' dir='ltr'><strong>nica:</strong></span> <span class='ocrx_word' id='word_1_420' title='bbox 2259 1930 2455 1994; x_wconf 77' lang='lat' dir='ltr'><strong>crucis,</strong></span> <span class='ocrx_word' id='word_1_421' title='bbox 2487 1945 2609 1984; x_wconf 91' lang='lat' dir='ltr'><strong>cum</strong></span> <span class='ocrx_word' id='word_1_422' title='bbox 2647 1931 2981 1986; x_wconf 81' lang='lat' dir='ltr'><strong>invocatione</strong></span> <span class='ocrx_word' id='word_1_423' title='bbox 3020 1929 3219 1986; x_wconf 89' lang='lat' dir='ltr'><strong>Christi</strong></span> <span class='ocrx_word' id='word_1_424' title='bbox 3249 1933 3487 1987; x_wconf 89' lang='lat' dir='ltr'><strong>nominis</strong></span> <span class='ocrx_word' id='word_1_425' title='bbox 3507 1973 3522 1997; x_wconf 93' lang='lat'><strong>,</strong></span> <span class='ocrx_word' id='word_1_426' title='bbox 3549 1949 3678 1988; x_wconf 61' lang='lat' dir='ltr'><strong>com</strong></span> 
     </span>
    </p>
   </div>
   <div class='ocr_carea' id='block_1_57' title="bbox 2097 2019 3684 2094">
    <p class='ocr_par' dir='ltr' id='par_1_57' title="bbox 2097 2019 3684 2094">
     <span class='ocr_line' id='line_1_57' title="bbox 2097 2019 3684 2094; baseline 0.003 -20"><span class='ocrx_word' id='word_1_427' title='bbox 2097 2027 2397 2074; x_wconf 88' lang='lat' dir='ltr'><strong>secrantur.</strong></span> <span class='ocrx_word' id='word_1_428' title='bbox 2426 2019 2560 2077; x_wconf 84' lang='lat' dir='ltr'><strong>Nam</strong></span> <span class='ocrx_word' id='word_1_429' title='bbox 2590 2021 2706 2092; x_wconf 80' lang='lat' dir='ltr'><strong>ipsa</strong></span> <span class='ocrx_word' id='word_1_430' title='bbox 2733 2038 2875 2077; x_wconf 66' lang='lat' dir='ltr'><strong>crux,</strong></span> <span class='ocrx_word' id='word_1_431' title='bbox 2897 2037 3152 2092; x_wconf 81' lang='lat' dir='ltr'><strong>magnum</strong></span> <span class='ocrx_word' id='word_1_432' title='bbox 3181 2021 3238 2077; x_wconf 88' lang='lat' dir='ltr'><strong>in</strong></span> <span class='ocrx_word' id='word_1_433' title='bbox 3265 2038 3324 2077; x_wconf 87' lang='lat' dir='ltr'><strong>se</strong></span> <span class='ocrx_word' id='word_1_434' title='bbox 3345 2025 3684 2094; x_wconf 81' lang='lat' dir='ltr'><strong>mysterium</strong></span> 
     </span>
    </p>
   </div>
   <div class='ocr_carea' id='block_1_58' title="bbox 2099 2109 3680 2183">
    <p class='ocr_par' dir='ltr' id='par_1_58' title="bbox 2099 2109 3680 2183">
     <span class='ocr_line' id='line_1_58' title="bbox 2099 2109 3680 2183; baseline 0.004 -22"><span class='ocrx_word' id='word_1_435' title='bbox 2099 2109 2354 2172; x_wconf 88' lang='lat' dir='ltr'><strong>continet,</strong></span> <span class='ocrx_word' id='word_1_436' title='bbox 2381 2110 2532 2180; x_wconf 91' lang='lat' dir='ltr'><strong>cujus</strong></span> <span class='ocrx_word' id='word_1_437' title='bbox 2555 2112 2752 2182; x_wconf 90' lang='lat' dir='ltr'><strong>positio</strong></span> <span class='ocrx_word' id='word_1_438' title='bbox 2774 2112 2897 2167; x_wconf 90' lang='lat' dir='ltr'><strong>talis</strong></span> <span class='ocrx_word' id='word_1_439' title='bbox 2923 2120 3100 2178; x_wconf 86' lang='lat' dir='ltr'><strong>est,ut</strong></span> <span class='ocrx_word' id='word_1_440' title='bbox 3111 2113 3489 2183; x_wconf 85' lang='lat' dir='ltr'><strong>superiorpars</strong></span> <span class='ocrx_word' id='word_1_441' title='bbox 3502 2115 3680 2175; x_wconf 62' lang='lat' dir='ltr'><strong>caelos</strong></span> 
     </span>
    </p>
   </div>
   <div class='ocr_carea' id='block_1_59' title="bbox 2097 2199 3685 2268">
    <p class='ocr_par' dir='ltr' id='par_1_59' title="bbox 2097 2199 3685 2268">
     <span class='ocr_line' id='line_1_59' title="bbox 2097 2199 3685 2268; baseline 0.004 -15"><span class='ocrx_word' id='word_1_442' title='bbox 2097 2205 2264 2268; x_wconf 86' lang='lat' dir='ltr'><strong>petat,</strong></span> <span class='ocrx_word' id='word_1_443' title='bbox 2296 2199 2520 2254; x_wconf 80' lang='lat' dir='ltr'><strong>inferior</strong></span> <span class='ocrx_word' id='word_1_444' title='bbox 2556 2210 2714 2257; x_wconf 73' lang='lat' dir='ltr'><strong>terra:</strong></span> <span class='ocrx_word' id='word_1_445' title='bbox 2741 2203 2997 2257; x_wconf 68' lang='lat' dir='ltr'><strong>inhaereat</strong></span> <span class='ocrx_word' id='word_1_446' title='bbox 3019 2203 3146 2268; x_wconf 78' lang='lat' dir='ltr'><strong>ﬁxa,</strong></span> <span class='ocrx_word' id='word_1_447' title='bbox 3188 2203 3527 2259; x_wconf 78' lang='lat' dir='ltr'><strong>infernarum</strong></span> <span class='ocrx_word' id='word_1_448' title='bbox 3565 2208 3685 2267; x_wconf 66' lang='lat' dir='ltr'><strong>ima</strong></span> 
     </span>
    </p>
   </div>
   <div class='ocr_carea' id='block_1_60' title="bbox 2100 2293 3684 2368">
    <p class='ocr_par' dir='ltr' id='par_1_60' title="bbox 2100 2293 3684 2368">
     <span class='ocr_line' id='line_1_60' title="bbox 2100 2293 3684 2368; baseline 0.003 -23"><span class='ocrx_word' id='word_1_449' title='bbox 2100 2293 2415 2364; x_wconf 85' lang='lat' dir='ltr'><strong>contingat:</strong></span> <span class='ocrx_word' id='word_1_450' title='bbox 2459 2293 2684 2350; x_wconf 89' lang='lat' dir='ltr'><strong>latitudo</strong></span> <span class='ocrx_word' id='word_1_451' title='bbox 2725 2304 2904 2350; x_wconf 89' lang='lat' dir='ltr'><strong>autem</strong></span> <span class='ocrx_word' id='word_1_452' title='bbox 2940 2296 3056 2365; x_wconf 93' lang='lat' dir='ltr'><strong>ejus</strong></span> <span class='ocrx_word' id='word_1_453' title='bbox 3084 2305 3265 2366; x_wconf 89' lang='lat' dir='ltr'><strong>partes</strong></span> <span class='ocrx_word' id='word_1_454' title='bbox 3303 2298 3493 2352; x_wconf 90' lang='lat' dir='ltr'><strong>mundi</strong></span> <span class='ocrx_word' id='word_1_455' title='bbox 3521 2315 3684 2368; x_wconf 83' lang='lat' dir='ltr'><strong>appe-.</strong></span> 
     </span>
    </p>
   </div>
   <div class='ocr_carea' id='block_1_61' title="bbox 2100 2382 3681 2458">
    <p class='ocr_par' dir='ltr' id='par_1_61' title="bbox 2100 2382 3681 2458">
     <span class='ocr_line' id='line_1_61' title="bbox 2100 2382 3681 2458; baseline 0.005 -23"><span class='ocrx_word' id='word_1_456' title='bbox 2100 2388 2196 2438; x_wconf 87' lang='lat' dir='ltr'><strong>tat.</strong></span> <span class='ocrx_word' id='word_1_457' title='bbox 2227 2382 2364 2448; x_wconf 87' lang='lat' dir='ltr'><strong>Quia</strong></span> <span class='ocrx_word' id='word_1_458' title='bbox 2405 2392 2460 2438; x_wconf 91' lang='lat' dir='ltr'><strong>et</strong></span> <span class='ocrx_word' id='word_1_459' title='bbox 2499 2383 2748 2439; x_wconf 87' lang='lat' dir='ltr'><strong>Christus</strong></span> <span class='ocrx_word' id='word_1_460' title='bbox 2786 2401 2883 2456; x_wconf 89' lang='lat' dir='ltr'><strong>per</strong></span> <span class='ocrx_word' id='word_1_461' title='bbox 2917 2387 3220 2456; x_wconf 90' lang='lat' dir='ltr'><strong>passionem</strong></span> <span class='ocrx_word' id='word_1_462' title='bbox 3255 2390 3433 2443; x_wconf 90' lang='lat' dir='ltr'><strong>crucis</strong></span> <span class='ocrx_word' id='word_1_463' title='bbox 3465 2389 3681 2458; x_wconf 80' lang='lat' dir='ltr'><strong>angelis</strong></span> 
     </span>
    </p>
   </div>
   <div class='ocr_carea' id='block_1_62' title="bbox 2098 2469 3678 2548">
    <p class='ocr_par' dir='ltr' id='par_1_62' title="bbox 2098 2469 3678 2548">
     <span class='ocr_line' id='line_1_62' title="bbox 2098 2469 3678 2548; baseline 0.005 -22"><span class='ocrx_word' id='word_1_464' title='bbox 2098 2469 2300 2540; x_wconf 82' lang='lat' dir='ltr'><strong>profuit</strong></span> <span class='ocrx_word' id='word_1_465' title='bbox 2324 2472 2379 2526; x_wconf 91' lang='lat' dir='ltr'><strong>in</strong></span> <span class='ocrx_word' id='word_1_466' title='bbox 2409 2473 2812 2543; x_wconf 70' lang='lat' dir='ltr'><strong>cmlo,quorum</strong></span> <span class='ocrx_word' id='word_1_467' title='bbox 2833 2491 3109 2541; x_wconf 89' lang='lat' dir='ltr'><strong>numerus,</strong></span> <span class='ocrx_word' id='word_1_468' title='bbox 3134 2478 3222 2546; x_wconf 91' lang='lat' dir='ltr'><strong>qui</strong></span> <span class='ocrx_word' id='word_1_469' title='bbox 3245 2494 3343 2548; x_wconf 90' lang='lat' dir='ltr'><strong>per</strong></span> <span class='ocrx_word' id='word_1_470' title='bbox 3369 2487 3678 2547; x_wconf 87' lang='lat' dir='ltr'><strong>apostatam</strong></span> 
     </span>
    </p>
   </div>
   <div class='ocr_carea' id='block_1_63' title="bbox 2100 2561 3686 2631">
    <p class='ocr_par' dir='ltr' id='par_1_63' title="bbox 2100 2561 3686 2631">
     <span class='ocr_line' id='line_1_63' title="bbox 2100 2561 3686 2631; baseline 0.008 -19"><span class='ocrx_word' id='word_1_471' title='bbox 2100 2561 2345 2630; x_wconf 84' lang='lat' dir='ltr'><strong>angelum</strong></span> <span class='ocrx_word' id='word_1_472' title='bbox 2385 2562 2698 2626; x_wconf 89' lang='lat' dir='ltr'><strong>imminutus</strong></span> <span class='ocrx_word' id='word_1_473' title='bbox 2750 2565 2924 2620; x_wconf 82' lang='lat' dir='ltr'><strong>fuerat</strong></span> <span class='ocrx_word' id='word_1_474' title='bbox 2945 2606 2968 2631; x_wconf 69' lang='lat'><strong>,,</strong></span> <span class='ocrx_word' id='word_1_475' title='bbox 2995 2582 3062 2622; x_wconf 82' lang='lat' dir='ltr'><strong>ex</strong></span> <span class='ocrx_word' id='word_1_476' title='bbox 3113 2568 3394 2622; x_wconf 87' lang='lat' dir='ltr'><strong>animabus</strong></span> <span class='ocrx_word' id='word_1_477' title='bbox 3433 2568 3686 2624; x_wconf 83' lang='lat' dir='ltr'><strong>ﬁdelium</strong></span> 
     </span>
    </p>
   </div>
   <div class='ocr_carea' id='block_1_64' title="bbox 2099 2652 3694 2729">
    <p class='ocr_par' dir='ltr' id='par_1_64' title="bbox 2099 2652 3694 2729">
     <span class='ocr_line' id='line_1_64' title="bbox 2099 2652 3694 2729; baseline 0.009 -26"><span class='ocrx_word' id='word_1_478' title='bbox 2099 2652 2336 2718; x_wconf 90' lang='lat' dir='ltr'><strong>quotidie</strong></span> <span class='ocrx_word' id='word_1_479' title='bbox 2366 2654 2718 2724; x_wconf 88' lang='lat' dir='ltr'><strong>adimpletur;</strong></span> <span class='ocrx_word' id='word_1_480' title='bbox 2757 2665 2813 2711; x_wconf 90' lang='lat' dir='ltr'><strong>et</strong></span> <span class='ocrx_word' id='word_1_481' title='bbox 2844 2659 3016 2724; x_wconf 90' lang='lat' dir='ltr'><strong>nobis,</strong></span> <span class='ocrx_word' id='word_1_482' title='bbox 3049 2660 3139 2728; x_wconf 89' lang='lat' dir='ltr'><strong>qui</strong></span> <span class='ocrx_word' id='word_1_483' title='bbox 3171 2676 3357 2715; x_wconf 86' lang='lat' dir='ltr'><strong>sumus</strong></span> <span class='ocrx_word' id='word_1_484' title='bbox 3405 2661 3462 2715; x_wconf 92' lang='lat' dir='ltr'><strong>in</strong></span> <span class='ocrx_word' id='word_1_485' title='bbox 3505 2671 3694 2729; x_wconf 62' lang='lat' dir='ltr'><strong>terra,</strong></span> 
     </span>
    </p>
   </div>
   <div class='ocr_carea' id='block_1_65' title="bbox 2101 2741 3687 2820">
    <p class='ocr_par' dir='ltr' id='par_1_65' title="bbox 2101 2741 3687 2820">
     <span class='ocr_line' id='line_1_65' title="bbox 2101 2741 3687 2820; baseline 0.01 -27"><span class='ocrx_word' id='word_1_486' title='bbox 2101 2749 2155 2794; x_wconf 93' lang='lat' dir='ltr'><strong>ct</strong></span> <span class='ocrx_word' id='word_1_487' title='bbox 2184 2741 2288 2797; x_wconf 89' lang='lat' dir='ltr'><strong>illis</strong></span> <span class='ocrx_word' id='word_1_488' title='bbox 2316 2744 2406 2812; x_wconf 93' lang='lat' dir='ltr'><strong>qui</strong></span> <span class='ocrx_word' id='word_1_489' title='bbox 2437 2755 2658 2815; x_wconf 87' lang='lat' dir='ltr'><strong>propter</strong></span> <span class='ocrx_word' id='word_1_490' title='bbox 2681 2749 2940 2817; x_wconf 80' lang='lat' dir='ltr'><strong>originale</strong></span> <span class='ocrx_word' id='word_1_491' title='bbox 2977 2759 3256 2820; x_wconf 88' lang='lat' dir='ltr'><strong>peccatum</strong></span> <span class='ocrx_word' id='word_1_492' title='bbox 3295 2752 3687 2811; x_wconf 76' lang='lat' dir='ltr'><strong>detinebantur.</strong></span> 
     </span>
    </p>
   </div>
   <div class='ocr_carea' id='block_1_66' title="bbox 2102 2831 3686 2916">
    <p class='ocr_par' dir='ltr' id='par_1_66' title="bbox 2102 2831 3686 2916">
     <span class='ocr_line' id='line_1_66' title="bbox 2102 2831 3686 2916; baseline 0.01 -31"><span class='ocrx_word' id='word_1_493' title='bbox 2102 2831 2242 2900; x_wconf 87' lang='lat' dir='ltr'><strong>apud</strong></span> <span class='ocrx_word' id='word_1_494' title='bbox 2270 2833 2501 2903; x_wconf 88' lang='lat' dir='ltr'><strong>inferos;</strong></span> <span class='ocrx_word' id='word_1_495' title='bbox 2532 2839 2624 2893; x_wconf 89' lang='lat' dir='ltr'><strong>sed</strong></span> <span class='ocrx_word' id='word_1_496' title='bbox 2651 2848 2705 2894; x_wconf 91' lang='lat' dir='ltr'><strong>et</strong></span> <span class='ocrx_word' id='word_1_497' title='bbox 2728 2840 2878 2909; x_wconf 90' lang='lat' dir='ltr'><strong>ipsis,</strong></span> <span class='ocrx_word' id='word_1_498' title='bbox 2896 2841 2986 2910; x_wconf 90' lang='lat' dir='ltr'><strong>qui</strong></span> <span class='ocrx_word' id='word_1_499' title='bbox 3009 2843 3063 2896; x_wconf 89' lang='lat' dir='ltr'><strong>in</strong></span> <span class='ocrx_word' id='word_1_500' title='bbox 3091 2842 3318 2898; x_wconf 84' lang='lat' dir='ltr'><strong>diversis</strong></span> <span class='ocrx_word' id='word_1_501' title='bbox 3341 2846 3527 2900; x_wconf 89' lang='lat' dir='ltr'><strong>mundi</strong></span> <span class='ocrx_word' id='word_1_502' title='bbox 3549 2861 3686 2916; x_wconf 85' lang='lat' dir='ltr'><strong>par-</strong></span> 
     </span>
    </p>
   </div>
   <div class='ocr_carea' id='block_1_67' title="bbox 2103 2923 3690 3000">
    <p class='ocr_par' dir='ltr' id='par_1_67' title="bbox 2103 2923 3690 3000">
     <span class='ocr_line' id='line_1_67' title="bbox 2103 2923 3690 3000; baseline 0.008 -23"><span class='ocrx_word' id='word_1_503' title='bbox 2103 2923 2245 2981; x_wconf 92' lang='lat' dir='ltr'><strong>tibus</strong></span> <span class='ocrx_word' id='word_1_504' title='bbox 2265 2926 2597 2982; x_wconf 89' lang='lat' dir='ltr'><strong>habitabant.</strong></span> <span class='ocrx_word' id='word_1_505' title='bbox 2624 2928 2741 3000; x_wconf 88' lang='lat' dir='ltr'><strong>Ipse</strong></span> <span class='ocrx_word' id='word_1_506' title='bbox 2768 2938 2851 2984; x_wconf 89' lang='lat' dir='ltr'><strong>est</strong></span> <span class='ocrx_word' id='word_1_507' title='bbox 2873 2931 3016 2987; x_wconf 88' lang='lat' dir='ltr'><strong>enim</strong></span> <span class='ocrx_word' id='word_1_508' title='bbox 3043 2947 3136 2986; x_wconf 79' lang='lat' dir='ltr'><strong>rex</strong></span> <span class='ocrx_word' id='word_1_509' title='bbox 3162 2933 3475 2999; x_wconf 61' lang='lat' dir='ltr'><strong>caelestium,</strong></span> <span class='ocrx_word' id='word_1_510' title='bbox 3502 2946 3690 2990; x_wconf 47' lang='lat' dir='ltr'><strong>terre-2</strong></span> 
     </span>
    </p>
   </div>
   <div class='ocr_carea' id='block_1_68' title="bbox 2107 3016 3689 3092">
    <p class='ocr_par' dir='ltr' id='par_1_68' title="bbox 2107 3016 3689 3092">
     <span class='ocr_line' id='line_1_68' title="bbox 2107 3016 3689 3092; baseline 0.006 -22"><span class='ocrx_word' id='word_1_511' title='bbox 2107 3016 2299 3070; x_wconf 90' lang='lat' dir='ltr'><strong>strium</strong></span> <span class='ocrx_word' id='word_1_512' title='bbox 2341 3025 2396 3072; x_wconf 88' lang='lat' dir='ltr'><strong>et</strong></span> <span class='ocrx_word' id='word_1_513' title='bbox 2438 3017 2806 3086; x_wconf 84' lang='lat' dir='ltr'><strong>infernorum,</strong></span> <span class='ocrx_word' id='word_1_514' title='bbox 2850 3031 2905 3074; x_wconf 89' lang='lat' dir='ltr'><strong>ut</strong></span> <span class='ocrx_word' id='word_1_515' title='bbox 2935 3022 3099 3076; x_wconf 83' lang='lat' dir='ltr'><strong>omnis</strong></span> <span class='ocrx_word' id='word_1_516' title='bbox 3140 3022 3318 3092; x_wconf 85' lang='lat' dir='ltr'><strong>lingua</strong></span> <span class='ocrx_word' id='word_1_517' title='bbox 3361 3025 3689 3092; x_wconf 80' lang='lat' dir='ltr'><strong>confiteatur</strong></span> 
     </span>
    </p>
   </div>
   <div class='ocr_carea' id='block_1_69' title="bbox 2027 3088 3690 3182">
    <p class='ocr_par' dir='ltr' id='par_1_69' title="bbox 2027 3088 3690 3182">
     <span class='ocr_line' id='line_1_69' title="bbox 2027 3088 3690 3182; baseline 0.007 -23"><span class='ocrx_word' id='word_1_518' title='bbox 2027 3088 2076 3154; x_wconf 71' lang='grc' dir='ltr'>ο</span> <span class='ocrx_word' id='word_1_519' title='bbox 2103 3108 2242 3178; x_wconf 86' lang='lat' dir='ltr'><strong>quod</strong></span> <span class='ocrx_word' id='word_1_520' title='bbox 2271 3108 2524 3163; x_wconf 86' lang='lat' dir='ltr'><strong>Dominus</strong></span> <span class='ocrx_word' id='word_1_521' title='bbox 2543 3109 2698 3165; x_wconf 76' lang='lat' dir='ltr'><strong>Iesus</strong></span> <span class='ocrx_word' id='word_1_522' title='bbox 2724 3110 2959 3166; x_wconf 82' lang='lat' dir='ltr'><strong>Christus</strong></span> <span class='ocrx_word' id='word_1_523' title='bbox 2983 3112 3036 3166; x_wconf 86' lang='lat' dir='ltr'><strong>in</strong></span> <span class='ocrx_word' id='word_1_524' title='bbox 3056 3088 3234 3182; x_wconf 42' lang='lat' dir='ltr'><strong>gloria&#39;</strong></span> <span class='ocrx_word' id='word_1_525' title='bbox 3251 3120 3325 3166; x_wconf 82' lang='lat' dir='ltr'><strong>est</strong></span> <span class='ocrx_word' id='word_1_526' title='bbox 3362 3088 3468 3168; x_wconf 73' lang='lat' dir='ltr'><strong>Dei</strong></span> <span class='ocrx_word' id='word_1_527' title='bbox 3497 3113 3690 3170; x_wconf 77' lang='lat' dir='ltr'><strong>Patris</strong></span> 
     </span>
    </p>
   </div>
   <div class='ocr_carea' id='block_1_70' title="bbox 2106 3197 3686 3274">
    <p class='ocr_par' dir='ltr' id='par_1_70' title="bbox 2106 3197 3686 3274">
     <span class='ocr_line' id='line_1_70' title="bbox 2106 3197 3686 3274; baseline 0.005 -23"><span class='ocrx_word' id='word_1_528' title='bbox 2106 3197 2272 3271; x_wconf 84' lang='lat' dir='ltr'><strong>(Phil.</strong></span> <span class='ocrx_word' id='word_1_529' title='bbox 2301 3217 2360 3265; x_wconf 82' lang='grc' dir='ltr'><strong>ιι,</strong></span> <span class='ocrx_word' id='word_1_530' title='bbox 2397 3200 2506 3272; x_wconf 91' lang='grc'><strong>11).</strong></span> <span class='ocrx_word' id='word_1_531' title='bbox 2538 3201 2732 3256; x_wconf 84' lang='lat' dir='ltr'><strong>Jacens</strong></span> <span class='ocrx_word' id='word_1_532' title='bbox 2758 3217 2885 3256; x_wconf 79' lang='lat' dir='ltr'><strong>vero</strong></span> <span class='ocrx_word' id='word_1_533' title='bbox 2917 3219 3047 3257; x_wconf 86' lang='lat' dir='ltr'><strong>crux</strong></span> <span class='ocrx_word' id='word_1_534' title='bbox 3081 3212 3312 3273; x_wconf 86' lang='lat' dir='ltr'><strong>quatuor</strong></span> <span class='ocrx_word' id='word_1_535' title='bbox 3338 3205 3526 3259; x_wconf 88' lang='lat' dir='ltr'><strong>mundi</strong></span> <span class='ocrx_word' id='word_1_536' title='bbox 3551 3221 3686 3274; x_wconf 87' lang='lat' dir='ltr'><strong>par-</strong></span> 
     </span>
    </p>
   </div>
   <div class='ocr_carea' id='block_1_71' title="bbox 2107 3289 3684 3362">
    <p class='ocr_par' dir='ltr' id='par_1_71' title="bbox 2107 3289 3684 3362">
     <span class='ocr_line' id='line_1_71' title="bbox 2107 3289 3684 3362; baseline 0.004 -20"><span class='ocrx_word' id='word_1_537' title='bbox 2107 3298 2186 3344; x_wconf 89' lang='lat' dir='ltr'><strong>tes</strong></span> <span class='ocrx_word' id='word_1_538' title='bbox 2220 3289 2444 3359; x_wconf 89' lang='lat' dir='ltr'><strong>appetit,</strong></span> <span class='ocrx_word' id='word_1_539' title='bbox 2475 3291 2736 3346; x_wconf 88' lang='lat' dir='ltr'><strong>orientem</strong></span> <span class='ocrx_word' id='word_1_540' title='bbox 2761 3291 3032 3355; x_wconf 82' lang='lat' dir='ltr'><strong>videlicet,</strong></span> <span class='ocrx_word' id='word_1_541' title='bbox 3055 3300 3110 3345; x_wconf 91' lang='lat' dir='ltr'><strong>et</strong></span> <span class='ocrx_word' id='word_1_542' title='bbox 3142 3292 3497 3356; x_wconf 86' lang='lat' dir='ltr'><strong>occidentem,</strong></span> <span class='ocrx_word' id='word_1_543' title='bbox 3522 3295 3684 3362; x_wconf 90' lang='lat' dir='ltr'><strong>aqui-</strong></span> 
     </span>
    </p>
   </div>
   <div class='ocr_carea' id='block_1_72' title="bbox 2106 3377 3684 3453">
    <p class='ocr_par' dir='ltr' id='par_1_72' title="bbox 2106 3377 3684 3453">
     <span class='ocr_line' id='line_1_72' title="bbox 2106 3377 3684 3453; baseline 0.006 -23"><span class='ocrx_word' id='word_1_544' title='bbox 2106 3377 2282 3434; x_wconf 90' lang='lat' dir='ltr'><strong>lonem</strong></span> <span class='ocrx_word' id='word_1_545' title='bbox 2321 3388 2370 3433; x_wconf 90' lang='lat' dir='ltr'><strong>et</strong></span> <span class='ocrx_word' id='word_1_546' title='bbox 2402 3381 2703 3445; x_wconf 89' lang='lat' dir='ltr'><strong>meridiem,</strong></span> <span class='ocrx_word' id='word_1_547' title='bbox 2733 3382 2860 3451; x_wconf 89' lang='lat' dir='ltr'><strong>quia</strong></span> <span class='ocrx_word' id='word_1_548' title='bbox 2890 3391 2945 3437; x_wconf 90' lang='lat' dir='ltr'><strong>et</strong></span> <span class='ocrx_word' id='word_1_549' title='bbox 2970 3383 3217 3438; x_wconf 90' lang='lat' dir='ltr'><strong>Christus</strong></span> <span class='ocrx_word' id='word_1_550' title='bbox 3243 3397 3338 3453; x_wconf 90' lang='lat' dir='ltr'><strong>per</strong></span> <span class='ocrx_word' id='word_1_551' title='bbox 3363 3385 3684 3452; x_wconf 86' lang='lat' dir='ltr'><strong>passionem</strong></span> 
     </span>
    </p>
   </div>
   <div class='ocr_carea' id='block_1_73' title="bbox 2106 3475 3686 3543">
    <p class='ocr_par' dir='ltr' id='par_1_73' title="bbox 2106 3475 3686 3543">
     <span class='ocr_line' id='line_1_73' title="bbox 2106 3475 3686 3543; baseline 0.004 -17"><span class='ocrx_word' id='word_1_552' title='bbox 2106 3486 2256 3526; x_wconf 90' lang='lat' dir='ltr'><strong>suam</strong></span> <span class='ocrx_word' id='word_1_553' title='bbox 2282 3485 2470 3526; x_wconf 91' lang='lat' dir='ltr'><strong>omnes</strong></span> <span class='ocrx_word' id='word_1_554' title='bbox 2498 3481 2683 3543; x_wconf 81' lang='lat' dir='ltr'><strong>gentes</strong></span> <span class='ocrx_word' id='word_1_555' title='bbox 2705 3476 2773 3528; x_wconf 91' lang='lat' dir='ltr'><strong>ad</strong></span> <span class='ocrx_word' id='word_1_556' title='bbox 2800 3489 2857 3529; x_wconf 89' lang='lat' dir='ltr'><strong>se</strong></span> <span class='ocrx_word' id='word_1_557' title='bbox 2897 3475 3062 3528; x_wconf 88' lang='lat' dir='ltr'><strong>trahit</strong></span> <span class='ocrx_word' id='word_1_558' title='bbox 3090 3493 3103 3528; x_wconf 91' lang='lat'>:</span> <span class='ocrx_word' id='word_1_559' title='bbox 3137 3483 3193 3530; x_wconf 90' lang='lat' dir='ltr'><strong>et</strong></span> <span class='ocrx_word' id='word_1_560' title='bbox 3221 3476 3402 3530; x_wconf 87' lang='lat' dir='ltr'><strong>omnia</strong></span> <span class='ocrx_word' id='word_1_561' title='bbox 3425 3477 3532 3532; x_wconf 91' lang='lat' dir='ltr'><strong>sibi</strong></span> <span class='ocrx_word' id='word_1_562' title='bbox 3553 3479 3686 3533; x_wconf 82' lang='lat' dir='ltr'><strong>sub-</strong></span> 
     </span>
    </p>
   </div>
   <div class='ocr_carea' id='block_1_74' title="bbox 2100 3561 3683 3634">
    <p class='ocr_par' dir='ltr' id='par_1_74' title="bbox 2100 3561 3683 3634">
     <span class='ocr_line' id='line_1_74' title="bbox 2100 3561 3683 3634; baseline 0.006 -23"><span class='ocrx_word' id='word_1_563' title='bbox 2100 3561 2498 3632; x_wconf 72' lang='lat' dir='ltr'><strong>jugavit,juxta</strong></span> <span class='ocrx_word' id='word_1_564' title='bbox 2537 3563 2679 3631; x_wconf 89' lang='lat' dir='ltr'><strong>quod</strong></span> <span class='ocrx_word' id='word_1_565' title='bbox 2724 3565 2835 3632; x_wconf 90' lang='lat' dir='ltr'><strong>ipse</strong></span> <span class='ocrx_word' id='word_1_566' title='bbox 2880 3579 3106 3634; x_wconf 86' lang='lat' dir='ltr'><strong>surgens</strong></span> <span class='ocrx_word' id='word_1_567' title='bbox 3146 3581 3178 3618; x_wconf 91' lang='lat' dir='ltr'><strong>a</strong></span> <span class='ocrx_word' id='word_1_568' title='bbox 3224 3567 3473 3630; x_wconf 89' lang='lat' dir='ltr'><strong>mortuis,</strong></span> <span class='ocrx_word' id='word_1_569' title='bbox 3507 3567 3683 3621; x_wconf 84' lang='lat' dir='ltr'><strong>dicit:</strong></span> 
     </span>
    </p>
   </div>
   <div class='ocr_carea' id='block_1_75' title="bbox 445 3651 3686 3725">
    <p class='ocr_par' dir='ltr' id='par_1_75' title="bbox 445 3651 3686 3725">
     <span class='ocr_line' id='line_1_75' title="bbox 445 3651 3686 3725; baseline 0 -13"><span class='ocrx_word' id='word_1_570' title='bbox 445 3673 513 3712; x_wconf 90' lang='lat' dir='ltr'><strong>eo</strong></span> <span class='ocrx_word' id='word_1_571' title='bbox 535 3657 619 3711; x_wconf 92' lang='lat' dir='ltr'><strong>die</strong></span> <span class='ocrx_word' id='word_1_572' title='bbox 646 3654 893 3710; x_wconf 88' lang='lat' dir='ltr'><strong>Christus</strong></span> <span class='ocrx_word' id='word_1_573' title='bbox 931 3652 1244 3723; x_wconf 88' lang='lat' dir='ltr'><strong>mysterium</strong></span> <span class='ocrx_word' id='word_1_574' title='bbox 1291 3651 1468 3706; x_wconf 91' lang='lat' dir='ltr'><strong>crucis</strong></span> <span class='ocrx_word' id='word_1_575' title='bbox 1492 3651 1741 3721; x_wconf 83' lang='lat' dir='ltr'><strong>explevit,</strong></span> <span class='ocrx_word' id='word_1_576' title='bbox 1789 3658 2054 3720; x_wconf 69' lang='lat' dir='ltr'><strong>proper</strong></span> <span class='ocrx_word' id='word_1_577' title='bbox 2107 3651 2247 3705; x_wconf 84' lang='lat' dir='ltr'><strong>Data</strong></span> <span class='ocrx_word' id='word_1_578' title='bbox 2299 3661 2374 3706; x_wconf 82' lang='lat' dir='ltr'><strong>est</strong></span> <span class='ocrx_word' id='word_1_579' title='bbox 2426 3654 2553 3706; x_wconf 87' lang='lat' dir='ltr'><strong>mihi</strong></span> <span class='ocrx_word' id='word_1_580' title='bbox 2614 3654 2782 3710; x_wconf 74' lang='lat' dir='ltr'><strong>omnis</strong></span> <span class='ocrx_word' id='word_1_581' title='bbox 2831 3664 3066 3725; x_wconf 80' lang='lat' dir='ltr'><strong>potestas.</strong></span> <span class='ocrx_word' id='word_1_582' title='bbox 3115 3657 3170 3709; x_wconf 88' lang='lat' dir='ltr'><strong>in</strong></span> <span class='ocrx_word' id='word_1_583' title='bbox 3205 3655 3329 3711; x_wconf 67' lang='lat' dir='ltr'><strong>cado</strong></span> <span class='ocrx_word' id='word_1_584' title='bbox 3366 3665 3416 3712; x_wconf 88' lang='lat' dir='ltr'><strong>et</strong></span> <span class='ocrx_word' id='word_1_585' title='bbox 3458 3659 3686 3712; x_wconf 83' lang='lat' dir='ltr'><strong>interra</strong></span> 
     </span>
    </p>
   </div>
   <div class='ocr_carea' id='block_1_76' title="bbox 448 3741 2011 3815">
    <p class='ocr_par' dir='ltr' id='par_1_76' title="bbox 448 3741 2011 3815">
     <span class='ocr_line' id='line_1_76' title="bbox 448 3741 2011 3815; baseline -0.004 -14"><span class='ocrx_word' id='word_1_586' title='bbox 448 3747 590 3815; x_wconf 84' lang='lat' dir='ltr'><strong>quod</strong></span> <span class='ocrx_word' id='word_1_587' title='bbox 621 3746 676 3799; x_wconf 88' lang='lat' dir='ltr'><strong>in</strong></span> <span class='ocrx_word' id='word_1_588' title='bbox 723 3745 865 3798; x_wconf 90' lang='lat' dir='ltr'><strong>hunc</strong></span> <span class='ocrx_word' id='word_1_589' title='bbox 911 3742 1168 3797; x_wconf 91' lang='lat' dir='ltr'><strong>mundum</strong></span> <span class='ocrx_word' id='word_1_590' title='bbox 1206 3751 1442 3807; x_wconf 90' lang='lat' dir='ltr'><strong>venerat,</strong></span> <span class='ocrx_word' id='word_1_591' title='bbox 1472 3750 1533 3795; x_wconf 92' lang='lat' dir='ltr'><strong>ut</strong></span> <span class='ocrx_word' id='word_1_592' title='bbox 1558 3741 1646 3810; x_wconf 92' lang='lat' dir='ltr'><strong>qui</strong></span> <span class='ocrx_word' id='word_1_593' title='bbox 1693 3741 1837 3812; x_wconf 89' lang='lat' dir='ltr'><strong>ligno</strong></span> <span class='ocrx_word' id='word_1_594' title='bbox 1886 3756 2011 3810; x_wconf 82' lang='lat' dir='ltr'><strong>per-</strong></span> 
     </span>
    </p>
   </div>
   <div class='ocr_carea' id='block_1_77' title="bbox 449 3831 2012 3902">
    <p class='ocr_par' dir='ltr' id='par_1_77' title="bbox 449 3831 2012 3902">
     <span class='ocr_line' id='line_1_77' title="bbox 449 3831 2012 3902; baseline -0.004 -10"><span class='ocrx_word' id='word_1_595' title='bbox 449 3835 592 3893; x_wconf 86' lang='lat' dir='ltr'><strong>cussi</strong></span> <span class='ocrx_word' id='word_1_596' title='bbox 621 3834 895 3889; x_wconf 84' lang='lat' dir='ltr'><strong>fueramus</strong></span> <span class='ocrx_word' id='word_1_597' title='bbox 915 3833 968 3886; x_wconf 91' lang='lat' dir='ltr'><strong>in</strong></span> <span class='ocrx_word' id='word_1_598' title='bbox 995 3831 1186 3897; x_wconf 86' lang='lat' dir='ltr'><strong>Adam,</strong></span> <span class='ocrx_word' id='word_1_599' title='bbox 1245 3847 1457 3886; x_wconf 90' lang='lat' dir='ltr'><strong>rursum</strong></span> <span class='ocrx_word' id='word_1_600' title='bbox 1503 3847 1602 3902; x_wconf 92' lang='lat' dir='ltr'><strong>per</strong></span> <span class='ocrx_word' id='word_1_601' title='bbox 1645 3831 1772 3901; x_wconf 88' lang='lat' dir='ltr'><strong>ligni</strong></span> <span class='ocrx_word' id='word_1_602' title='bbox 1819 3839 2012 3901; x_wconf 85' lang='lat' dir='ltr'><strong>myste-</strong></span> 
     </span>
    </p>
   </div>
   <div class='ocr_carea' id='block_1_78' title="bbox 448 3923 2010 3992">
    <p class='ocr_par' dir='ltr' id='par_1_78' title="bbox 448 3923 2010 3992">
     <span class='ocr_line' id='line_1_78' title="bbox 448 3923 2010 3992; baseline -0.005 -9"><span class='ocrx_word' id='word_1_603' title='bbox 448 3929 586 3982; x_wconf 92' lang='lat' dir='ltr'><strong>rium</strong></span> <span class='ocrx_word' id='word_1_604' title='bbox 614 3940 943 3982; x_wconf 89' lang='lat' dir='ltr'><strong>sanaremur.</strong></span> <span class='ocrx_word' id='word_1_605' title='bbox 973 3923 1142 3992; x_wconf 84' lang='lat' dir='ltr'><strong>Hujus</strong></span> <span class='ocrx_word' id='word_1_606' title='bbox 1166 3923 1309 3978; x_wconf 90' lang='lat' dir='ltr'><strong>enim</strong></span> <span class='ocrx_word' id='word_1_607' title='bbox 1337 3938 1500 3978; x_wconf 87' lang='lat' dir='ltr'><strong>causa</strong></span> <span class='ocrx_word' id='word_1_608' title='bbox 1517 3923 1780 3992; x_wconf 85' lang='lat' dir='ltr'><strong>triumphi</strong></span> <span class='ocrx_word' id='word_1_609' title='bbox 1819 3923 2010 3976; x_wconf 74' lang='lat' dir='ltr'><strong>huma-</strong></span> 
     </span>
    </p>
   </div>
   <div class='ocr_carea' id='block_1_79' title="bbox 451 4011 2013 4086">
    <p class='ocr_par' dir='ltr' id='par_1_79' title="bbox 451 4011 2013 4086">
     <span class='ocr_line' id='line_1_79' title="bbox 451 4011 2013 4086; baseline -0.004 -16"><span class='ocrx_word' id='word_1_610' title='bbox 451 4033 518 4071; x_wconf 89' lang='lat' dir='ltr'><strong>na</strong></span> <span class='ocrx_word' id='word_1_611' title='bbox 542 4015 868 4086; x_wconf 89' lang='lat' dir='ltr'><strong>possibilitas</strong></span> <span class='ocrx_word' id='word_1_612' title='bbox 885 4013 1100 4068; x_wconf 85' lang='lat' dir='ltr'><strong>Christo</strong></span> <span class='ocrx_word' id='word_1_613' title='bbox 1121 4027 1217 4081; x_wconf 88' lang='lat' dir='ltr'><strong>per</strong></span> <span class='ocrx_word' id='word_1_614' title='bbox 1238 4027 1451 4067; x_wconf 92' lang='lat' dir='ltr'><strong>omnem</strong></span> <span class='ocrx_word' id='word_1_615' title='bbox 1488 4011 1744 4066; x_wconf 90' lang='lat' dir='ltr'><strong>mundum</strong></span> <span class='ocrx_word' id='word_1_616' title='bbox 1787 4011 2013 4066; x_wconf 83' lang='lat' dir='ltr'><strong>celebri-</strong></span> 
     </span>
    </p>
   </div>
   <div class='ocr_carea' id='block_1_80' title="bbox 451 4103 2015 4175">
    <p class='ocr_par' dir='ltr' id='par_1_80' title="bbox 451 4103 2015 4175">
     <span class='ocr_line' id='line_1_80' title="bbox 451 4103 2015 4175; baseline -0.003 -13"><span class='ocrx_word' id='word_1_617' title='bbox 451 4117 616 4162; x_wconf 86' lang='lat' dir='ltr'><strong>tatem</strong></span> <span class='ocrx_word' id='word_1_618' title='bbox 647 4121 879 4162; x_wconf 89' lang='lat' dir='ltr'><strong>annuam</strong></span> <span class='ocrx_word' id='word_1_619' title='bbox 922 4105 1142 4175; x_wconf 84' lang='lat' dir='ltr'><strong>praebet,</strong></span> <span class='ocrx_word' id='word_1_620' title='bbox 1183 4118 1282 4174; x_wconf 92' lang='lat' dir='ltr'><strong>pro</strong></span> <span class='ocrx_word' id='word_1_621' title='bbox 1337 4118 1404 4158; x_wconf 87' lang='lat' dir='ltr'><strong>eo</strong></span> <span class='ocrx_word' id='word_1_622' title='bbox 1459 4103 1604 4172; x_wconf 90' lang='lat' dir='ltr'><strong>quod</strong></span> <span class='ocrx_word' id='word_1_623' title='bbox 1648 4103 1894 4173; x_wconf 86' lang='lat' dir='ltr'><strong>dignatus</strong></span> <span class='ocrx_word' id='word_1_624' title='bbox 1931 4111 2015 4158; x_wconf 90' lang='lat' dir='ltr'><strong>est</strong></span> 
     </span>
    </p>
   </div>
   <div class='ocr_carea' id='block_1_81' title="bbox 449 4193 2011 4268">
    <p class='ocr_par' dir='ltr' id='par_1_81' title="bbox 449 4193 2011 4268">
     <span class='ocr_line' id='line_1_81' title="bbox 449 4193 2011 4268; baseline -0.004 -14"><span class='ocrx_word' id='word_1_625' title='bbox 449 4198 708 4268; x_wconf 79' lang='lat' dir='ltr'><strong>sanguine</strong></span> <span class='ocrx_word' id='word_1_626' title='bbox 734 4195 999 4265; x_wconf 90' lang='lat' dir='ltr'><strong>passionis</strong></span> <span class='ocrx_word' id='word_1_627' title='bbox 1020 4208 1128 4248; x_wconf 63' lang='lat' dir='ltr'><strong>suae</strong></span> <span class='ocrx_word' id='word_1_628' title='bbox 1149 4195 1413 4248; x_wconf 88' lang='lat' dir='ltr'><strong>redimere</strong></span> <span class='ocrx_word' id='word_1_629' title='bbox 1469 4200 1752 4262; x_wconf 91' lang='lat' dir='ltr'><strong>peccatum</strong></span> <span class='ocrx_word' id='word_1_630' title='bbox 1803 4193 2011 4260; x_wconf 90' lang='lat' dir='ltr'><strong>mundi,</strong></span> 
     </span>
    </p>
   </div>
   <div class='ocr_carea' id='block_1_82' title="bbox 449 4282 1627 4357">
    <p class='ocr_par' dir='ltr' id='par_1_82' title="bbox 449 4282 1627 4357">
     <span class='ocr_line' id='line_1_82' title="bbox 449 4282 1627 4357; baseline -0.005 -15"><span class='ocrx_word' id='word_1_631' title='bbox 449 4298 506 4342; x_wconf 89' lang='lat' dir='ltr'><strong>et</strong></span> <span class='ocrx_word' id='word_1_632' title='bbox 531 4302 626 4357; x_wconf 90' lang='lat' dir='ltr'><strong>per</strong></span> <span class='ocrx_word' id='word_1_633' title='bbox 661 4300 874 4341; x_wconf 89' lang='lat' dir='ltr'><strong>crucem</strong></span> <span class='ocrx_word' id='word_1_634' title='bbox 903 4293 1072 4338; x_wconf 89' lang='lat' dir='ltr'><strong>morte</strong></span> <span class='ocrx_word' id='word_1_635' title='bbox 1097 4283 1306 4338; x_wconf 87' lang='lat' dir='ltr'><strong>devicta</strong></span> <span class='ocrx_word' id='word_1_636' title='bbox 1330 4282 1627 4338; x_wconf 89' lang='lat' dir='ltr'><strong>absolvere.</strong></span> 
     </span>
    </p>
   </div>
   <div class='ocr_carea' id='block_1_83' title="bbox 518 4371 2016 4446">
    <p class='ocr_par' dir='ltr' id='par_1_83' title="bbox 518 4371 2016 4446">
     <span class='ocr_line' id='line_1_83' title="bbox 518 4371 2016 4446; baseline -0.005 -15"><span class='ocrx_word' id='word_1_637' title='bbox 518 4377 809 4446; x_wconf 85' lang='lat' dir='ltr'><strong>Tripartita</strong></span> <span class='ocrx_word' id='word_1_638' title='bbox 836 4383 1013 4429; x_wconf 87' lang='lat' dir='ltr'><strong>autem</strong></span> <span class='ocrx_word' id='word_1_639' title='bbox 1037 4372 1176 4428; x_wconf 91' lang='lat' dir='ltr'><strong>ratio</strong></span> <span class='ocrx_word' id='word_1_640' title='bbox 1203 4371 1490 4427; x_wconf 68' lang='lat' dir='ltr'><strong>Dominicte</strong></span> <span class='ocrx_word' id='word_1_641' title='bbox 1526 4372 1795 4440; x_wconf 86' lang='lat' dir='ltr'><strong>passionis</strong></span> <span class='ocrx_word' id='word_1_642' title='bbox 1841 4381 2016 4427; x_wconf 90' lang='lat' dir='ltr'><strong>osten-</strong></span> 
     </span>
    </p>
   </div>
   <div class='ocr_carea' id='block_1_84' title="bbox 449 4462 2014 4532">
    <p class='ocr_par' dir='ltr' id='par_1_84' title="bbox 449 4462 2014 4532">
     <span class='ocr_line' id='line_1_84' title="bbox 449 4462 2014 4532; baseline -0.003 -11"><span class='ocrx_word' id='word_1_643' title='bbox 449 4468 611 4521; x_wconf 92' lang='lat' dir='ltr'><strong>ditur.</strong></span> <span class='ocrx_word' id='word_1_644' title='bbox 649 4466 848 4530; x_wconf 90' lang='lat' dir='ltr'><strong>Prima,</strong></span> <span class='ocrx_word' id='word_1_645' title='bbox 880 4473 939 4519; x_wconf 93' lang='lat' dir='ltr'><strong>ut</strong></span> <span class='ocrx_word' id='word_1_646' title='bbox 964 4464 1211 4520; x_wconf 88' lang='lat' dir='ltr'><strong>Christus</strong></span> <span class='ocrx_word' id='word_1_647' title='bbox 1246 4477 1346 4532; x_wconf 91' lang='lat' dir='ltr'><strong>pro</strong></span> <span class='ocrx_word' id='word_1_648' title='bbox 1394 4471 1547 4515; x_wconf 87' lang='lat' dir='ltr'><strong>reatu</strong></span> <span class='ocrx_word' id='word_1_649' title='bbox 1574 4463 1756 4516; x_wconf 89' lang='lat' dir='ltr'><strong>mundi</strong></span> <span class='ocrx_word' id='word_1_650' title='bbox 1802 4462 2014 4516; x_wconf 87' lang='lat' dir='ltr'><strong>redem-</strong></span> 
     </span>
    </p>
   </div>
   <div class='ocr_carea' id='block_1_85' title="bbox 449 4551 2016 4629">
    <p class='ocr_par' dir='ltr' id='par_1_85' title="bbox 449 4551 2016 4629">
     <span class='ocr_line' id='line_1_85' title="bbox 449 4551 2016 4629; baseline -0.004 -17"><span class='ocrx_word' id='word_1_651' title='bbox 449 4559 562 4629; x_wconf 88' lang='lat' dir='ltr'><strong>ptio</strong></span> <span class='ocrx_word' id='word_1_652' title='bbox 581 4557 820 4622; x_wconf 85' lang='lat' dir='ltr'><strong>daretur,</strong></span> <span class='ocrx_word' id='word_1_653' title='bbox 851 4563 906 4610; x_wconf 91' lang='lat' dir='ltr'><strong>et</strong></span> <span class='ocrx_word' id='word_1_654' title='bbox 943 4554 1111 4610; x_wconf 91' lang='lat' dir='ltr'><strong>hostis</strong></span> <span class='ocrx_word' id='word_1_655' title='bbox 1134 4553 1387 4622; x_wconf 88' lang='lat' dir='ltr'><strong>antiquus</strong></span> <span class='ocrx_word' id='word_1_656' title='bbox 1438 4551 1586 4605; x_wconf 89' lang='lat' dir='ltr'><strong>velut</strong></span> <span class='ocrx_word' id='word_1_657' title='bbox 1630 4553 1790 4606; x_wconf 91' lang='lat' dir='ltr'><strong>hamo</strong></span> <span class='ocrx_word' id='word_1_658' title='bbox 1838 4554 2016 4606; x_wconf 88' lang='lat' dir='ltr'><strong>crucis</strong></span> 
     </span>
    </p>
   </div>
   <div class='ocr_carea' id='block_1_86' title="bbox 451 4641 2012 4714">
    <p class='ocr_par' dir='ltr' id='par_1_86' title="bbox 451 4641 2012 4714">
     <span class='ocr_line' id='line_1_86' title="bbox 451 4641 2012 4714; baseline -0.004 -14"><span class='ocrx_word' id='word_1_659' title='bbox 451 4653 756 4714; x_wconf 86' lang='lat' dir='ltr'><strong>caperetur,</strong></span> <span class='ocrx_word' id='word_1_660' title='bbox 798 4644 1005 4700; x_wconf 89' lang='lat' dir='ltr'><strong>scilicet</strong></span> <span class='ocrx_word' id='word_1_661' title='bbox 1030 4651 1092 4696; x_wconf 90' lang='lat' dir='ltr'><strong>ut</strong></span> <span class='ocrx_word' id='word_1_662' title='bbox 1132 4656 1267 4710; x_wconf 92' lang='lat' dir='ltr'><strong>quos</strong></span> <span class='ocrx_word' id='word_1_663' title='bbox 1321 4641 1672 4696; x_wconf 88' lang='lat' dir='ltr'><strong>absorbuerat</strong></span> <span class='ocrx_word' id='word_1_664' title='bbox 1717 4651 2012 4706; x_wconf 84' lang='lat' dir='ltr'><strong>evomerct,</strong></span> 
     </span>
    </p>
   </div>
   <div class='ocr_carea' id='block_1_87' title="bbox 450 4731 2012 4804">
    <p class='ocr_par' dir='ltr' id='par_1_87' title="bbox 450 4731 2012 4804">
     <span class='ocr_line' id='line_1_87' title="bbox 450 4731 2012 4804; baseline -0.002 -16"><span class='ocrx_word' id='word_1_665' title='bbox 450 4748 557 4788; x_wconf 91' lang='lat' dir='ltr'><strong>non</strong></span> <span class='ocrx_word' id='word_1_666' title='bbox 578 4733 815 4804; x_wconf 87' lang='lat' dir='ltr'><strong>potentia</strong></span> <span class='ocrx_word' id='word_1_667' title='bbox 843 4733 1037 4797; x_wconf 91' lang='lat' dir='ltr'><strong>victus,</strong></span> <span class='ocrx_word' id='word_1_668' title='bbox 1063 4733 1156 4787; x_wconf 90' lang='lat' dir='ltr'><strong>sed</strong></span> <span class='ocrx_word' id='word_1_669' title='bbox 1177 4731 1408 4803; x_wconf 89' lang='lat' dir='ltr'><strong>justitia.</strong></span> <span class='ocrx_word' id='word_1_670' title='bbox 1445 4731 1688 4785; x_wconf 87' lang='lat' dir='ltr'><strong>Secunda</strong></span> <span class='ocrx_word' id='word_1_671' title='bbox 1715 4745 1878 4785; x_wconf 90' lang='lat' dir='ltr'><strong>causa</strong></span> <span class='ocrx_word' id='word_1_672' title='bbox 1911 4739 2012 4795; x_wconf 90' lang='lat' dir='ltr'><strong>est,</strong></span> 
     </span>
    </p>
   </div>
   <div class='ocr_carea' id='block_1_88' title="bbox 447 4821 2013 4892">
    <p class='ocr_par' dir='ltr' id='par_1_88' title="bbox 447 4821 2013 4892">
     <span class='ocr_line' id='line_1_88' title="bbox 447 4821 2013 4892; baseline -0.004 -13"><span class='ocrx_word' id='word_1_673' title='bbox 447 4835 508 4880; x_wconf 89' lang='lat' dir='ltr'><strong>ut</strong></span> <span class='ocrx_word' id='word_1_674' title='bbox 531 4824 866 4881; x_wconf 88' lang='lat' dir='ltr'><strong>secutoribus</strong></span> <span class='ocrx_word' id='word_1_675' title='bbox 879 4824 1186 4880; x_wconf 87' lang='lat' dir='ltr'><strong>hominibus</strong></span> <span class='ocrx_word' id='word_1_676' title='bbox 1211 4823 1331 4877; x_wconf 67' lang='lat' dir='ltr'><strong>vita:</strong></span> <span class='ocrx_word' id='word_1_677' title='bbox 1343 4822 1704 4892; x_wconf 79' lang='lat' dir='ltr'><strong>magisterium</strong></span> <span class='ocrx_word' id='word_1_678' title='bbox 1718 4821 1980 4890; x_wconf 64' lang='lat' dir='ltr'><strong>prmberet</strong></span> <span class='ocrx_word' id='word_1_679' title='bbox 1999 4836 2013 4873; x_wconf 92' lang='lat'><strong>:</strong></span> 
     </span>
    </p>
   </div>
   <div class='ocr_carea' id='block_1_89' title="bbox 445 4911 2013 4980">
    <p class='ocr_par' dir='ltr' id='par_1_89' title="bbox 445 4911 2013 4980">
     <span class='ocr_line' id='line_1_89' title="bbox 445 4911 2013 4980; baseline -0.003 -11"><span class='ocrx_word' id='word_1_680' title='bbox 445 4915 514 4969; x_wconf 88' lang='lat' dir='ltr'><strong>ad</strong></span> <span class='ocrx_word' id='word_1_681' title='bbox 537 4915 641 4969; x_wconf 88' lang='lat' dir='ltr'><strong>hoc</strong></span> <span class='ocrx_word' id='word_1_682' title='bbox 661 4913 803 4968; x_wconf 89' lang='lat' dir='ltr'><strong>enim</strong></span> <span class='ocrx_word' id='word_1_683' title='bbox 831 4913 1074 4968; x_wconf 88' lang='lat' dir='ltr'><strong>ascendit</strong></span> <span class='ocrx_word' id='word_1_684' title='bbox 1097 4913 1152 4967; x_wconf 92' lang='lat' dir='ltr'><strong>in</strong></span> <span class='ocrx_word' id='word_1_685' title='bbox 1174 4927 1410 4976; x_wconf 87' lang='lat' dir='ltr'><strong>erucem,</strong></span> <span class='ocrx_word' id='word_1_686' title='bbox 1441 4918 1501 4964; x_wconf 90' lang='lat' dir='ltr'><strong>ut</strong></span> <span class='ocrx_word' id='word_1_687' title='bbox 1548 4912 1702 4966; x_wconf 91' lang='lat' dir='ltr'><strong>nobis</strong></span> <span class='ocrx_word' id='word_1_688' title='bbox 1747 4911 2013 4980; x_wconf 90' lang='lat' dir='ltr'><strong>passionis</strong></span> 
     </span>
    </p>
   </div>
   <div class='ocr_carea' id='block_1_90' title="bbox 443 4999 2012 5070">
    <p class='ocr_par' dir='ltr' id='par_1_90' title="bbox 443 4999 2012 5070">
     <span class='ocr_line' id='line_1_90' title="bbox 443 4999 2012 5070; baseline -0.004 -11"><span class='ocrx_word' id='word_1_689' title='bbox 443 5013 499 5059; x_wconf 90' lang='lat' dir='ltr'><strong>et</strong></span> <span class='ocrx_word' id='word_1_690' title='bbox 529 5002 942 5058; x_wconf 89' lang='lat' dir='ltr'><strong>resurrectionis</strong></span> <span class='ocrx_word' id='word_1_691' title='bbox 966 5001 1229 5070; x_wconf 68' lang='lat' dir='ltr'><strong>praeberet</strong></span> <span class='ocrx_word' id='word_1_692' title='bbox 1268 4999 1588 5068; x_wconf 81' lang='lat' dir='ltr'><strong>exemplum.</strong></span> <span class='ocrx_word' id='word_1_693' title='bbox 1620 5001 1797 5056; x_wconf 88' lang='lat' dir='ltr'><strong>Tertia</strong></span> <span class='ocrx_word' id='word_1_694' title='bbox 1849 5015 2012 5055; x_wconf 88' lang='lat' dir='ltr'><strong>causa</strong></span> 
     </span>
    </p>
   </div>
   <div class='ocr_carea' id='block_1_91' title="bbox 443 5090 2015 5164">
    <p class='ocr_par' dir='ltr' id='par_1_91' title="bbox 443 5090 2015 5164">
     <span class='ocr_line' id='line_1_91' title="bbox 443 5090 2015 5164; baseline -0.004 -15"><span class='ocrx_word' id='word_1_695' title='bbox 443 5101 528 5149; x_wconf 90' lang='lat' dir='ltr'><strong>est</strong></span> <span class='ocrx_word' id='word_1_696' title='bbox 555 5102 820 5164; x_wconf 68' lang='lat' dir='ltr'><strong>suscepta:</strong></span> <span class='ocrx_word' id='word_1_697' title='bbox 852 5092 1047 5157; x_wconf 89' lang='lat' dir='ltr'><strong>crucis,</strong></span> <span class='ocrx_word' id='word_1_698' title='bbox 1072 5100 1130 5145; x_wconf 93' lang='lat' dir='ltr'><strong>ut</strong></span> <span class='ocrx_word' id='word_1_699' title='bbox 1157 5091 1407 5160; x_wconf 87' lang='lat' dir='ltr'><strong>superbia</strong></span> <span class='ocrx_word' id='word_1_700' title='bbox 1435 5091 1611 5144; x_wconf 73' lang='lat' dir='ltr'><strong>saeculi</strong></span> <span class='ocrx_word' id='word_1_701' title='bbox 1650 5100 1705 5144; x_wconf 90' lang='lat' dir='ltr'><strong>et</strong></span> <span class='ocrx_word' id='word_1_702' title='bbox 1725 5090 1906 5144; x_wconf 85' lang='lat' dir='ltr'><strong>inﬂata</strong></span> <span class='ocrx_word' id='word_1_703' title='bbox 1933 5105 2015 5143; x_wconf 88' lang='lat' dir='ltr'><strong>sa-</strong></span> 
     </span>
    </p>
   </div>
   <div class='ocr_carea' id='block_1_92' title="bbox 446 5180 2014 5255">
    <p class='ocr_par' dir='ltr' id='par_1_92' title="bbox 446 5180 2014 5255">
     <span class='ocr_line' id='line_1_92' title="bbox 446 5180 2014 5255; baseline -0.005 -15"><span class='ocrx_word' id='word_1_704' title='bbox 446 5185 668 5254; x_wconf 89' lang='lat' dir='ltr'><strong>pientia,</strong></span> <span class='ocrx_word' id='word_1_705' title='bbox 687 5200 785 5255; x_wconf 88' lang='lat' dir='ltr'><strong>per</strong></span> <span class='ocrx_word' id='word_1_706' title='bbox 810 5183 987 5239; x_wconf 90' lang='lat' dir='ltr'><strong>crucis</strong></span> <span class='ocrx_word' id='word_1_707' title='bbox 1009 5181 1225 5236; x_wconf 87' lang='lat' dir='ltr'><strong>stultam</strong></span> <span class='ocrx_word' id='word_1_708' title='bbox 1241 5222 1254 5246; x_wconf 93' lang='lat'><strong>,</strong></span> <span class='ocrx_word' id='word_1_709' title='bbox 1279 5190 1342 5235; x_wconf 93' lang='lat' dir='ltr'><strong>ut</strong></span> <span class='ocrx_word' id='word_1_710' title='bbox 1395 5188 1631 5250; x_wconf 81' lang='lat' dir='ltr'><strong>putatur,</strong></span> <span class='ocrx_word' id='word_1_711' title='bbox 1683 5180 2014 5248; x_wconf 77' lang='lat' dir='ltr'><strong>praedicatio-</strong></span> 
     </span>
    </p>
   </div>
   <div class='ocr_carea' id='block_1_93' title="bbox 449 5269 2014 5341">
    <p class='ocr_par' dir='ltr' id='par_1_93' title="bbox 449 5269 2014 5341">
     <span class='ocr_line' id='line_1_93' title="bbox 449 5269 2014 5341; baseline -0.003 -12"><span class='ocrx_word' id='word_1_712' title='bbox 449 5290 571 5330; x_wconf 85' lang='lat' dir='ltr'><strong>nem</strong></span> <span class='ocrx_word' id='word_1_713' title='bbox 596 5275 876 5333; x_wconf 90' lang='lat' dir='ltr'><strong>humiliata</strong></span> <span class='ocrx_word' id='word_1_714' title='bbox 903 5280 1198 5338; x_wconf 89' lang='lat' dir='ltr'><strong>corrueret,</strong></span> <span class='ocrx_word' id='word_1_715' title='bbox 1231 5280 1290 5324; x_wconf 91' lang='lat' dir='ltr'><strong>ut</strong></span> <span class='ocrx_word' id='word_1_716' title='bbox 1333 5277 1561 5341; x_wconf 90' lang='lat' dir='ltr'><strong>pateret,</strong></span> <span class='ocrx_word' id='word_1_717' title='bbox 1597 5270 1740 5340; x_wconf 91' lang='lat' dir='ltr'><strong>quod</strong></span> <span class='ocrx_word' id='word_1_718' title='bbox 1792 5269 2014 5324; x_wconf 91' lang='lat' dir='ltr'><strong>stultum</strong></span> 
     </span>
    </p>
   </div>
   <div class='ocr_carea' id='block_1_94' title="bbox 451 5358 2017 5436">
    <p class='ocr_par' dir='ltr' id='par_1_94' title="bbox 451 5358 2017 5436">
     <span class='ocr_line' id='line_1_94' title="bbox 451 5358 2017 5436; baseline -0.004 -15"><span class='ocrx_word' id='word_1_719' title='bbox 451 5366 546 5420; x_wconf 89' lang='lat' dir='ltr'><strong>Dei</strong></span> <span class='ocrx_word' id='word_1_720' title='bbox 575 5376 679 5428; x_wconf 77' lang='lat' dir='ltr'><strong>est,</strong></span> <span class='ocrx_word' id='word_1_721' title='bbox 702 5374 904 5436; x_wconf 89' lang='lat' dir='ltr'><strong>quanto</strong></span> <span class='ocrx_word' id='word_1_722' title='bbox 942 5364 1013 5420; x_wconf 87' lang='lat' dir='ltr'><strong>sit</strong></span> <span class='ocrx_word' id='word_1_723' title='bbox 1033 5362 1326 5432; x_wconf 89' lang='lat' dir='ltr'><strong>sapientius</strong></span> <span class='ocrx_word' id='word_1_724' title='bbox 1354 5359 1675 5415; x_wconf 89' lang='lat' dir='ltr'><strong>hominibus.</strong></span> <span class='ocrx_word' id='word_1_725' title='bbox 1711 5358 1816 5413; x_wconf 90' lang='lat' dir='ltr'><strong>Sed</strong></span> <span class='ocrx_word' id='word_1_726' title='bbox 1841 5359 2017 5415; x_wconf 88' lang='lat' dir='ltr'><strong>adhuc</strong></span> 
     </span>
    </p>
   </div>
   <div class='ocr_carea' id='block_1_95' title="bbox 452 5452 2018 5525">
    <p class='ocr_par' dir='ltr' id='par_1_95' title="bbox 452 5452 2018 5525">
     <span class='ocr_line' id='line_1_95' title="bbox 452 5452 2018 5525; baseline -0.002 -15"><span class='ocrx_word' id='word_1_727' title='bbox 452 5458 740 5513; x_wconf 87' lang='lat' dir='ltr'><strong>videndum</strong></span> <span class='ocrx_word' id='word_1_728' title='bbox 768 5464 874 5521; x_wconf 86' lang='lat' dir='ltr'><strong>est,</strong></span> <span class='ocrx_word' id='word_1_729' title='bbox 922 5469 1090 5525; x_wconf 88' lang='lat' dir='ltr'><strong>quare</strong></span> <span class='ocrx_word' id='word_1_730' title='bbox 1152 5453 1409 5509; x_wconf 89' lang='lat' dir='ltr'><strong>Dominus</strong></span> <span class='ocrx_word' id='word_1_731' title='bbox 1455 5452 1563 5506; x_wconf 87' lang='lat' dir='ltr'><strong>tale</strong></span> <span class='ocrx_word' id='word_1_732' title='bbox 1605 5465 1773 5521; x_wconf 84' lang='lat' dir='ltr'><strong>genus</strong></span> <span class='ocrx_word' id='word_1_733' title='bbox 1828 5452 2018 5507; x_wconf 86' lang='lat' dir='ltr'><strong>mortis</strong></span> 
     </span>
    </p>
   </div>
   <div class='ocr_carea' id='block_1_96' title="bbox 523 5568 1036 5639">
    <p class='ocr_par' dir='ltr' id='par_1_96' title="bbox 523 5568 1036 5639">
     <span class='ocr_line' id='line_1_96' title="bbox 523 5568 1036 5639; baseline -0.004 -16"><span class='ocrx_word' id='word_1_734' title='bbox 523 5581 549 5639; x_wconf 55' lang='grc' dir='ltr'><strong>ξ</strong></span> <span class='ocrx_word' id='word_1_735' title='bbox 576 5570 776 5639; x_wconf 71' lang='lat' dir='ltr'><strong>Amal.,</strong></span> <span class='ocrx_word' id='word_1_736' title='bbox 797 5584 914 5639; x_wconf 91' lang='lat' dir='ltr'><strong>cap.</strong></span> <span class='ocrx_word' id='word_1_737' title='bbox 950 5568 1036 5622; x_wconf 76' lang='grc'><strong>13.</strong></span> 
     </span>
    </p>
   </div>
   <div class='ocr_carea' id='block_1_97' title="bbox 531 5635 2012 5708">
    <p class='ocr_par' dir='ltr' id='par_1_97' title="bbox 531 5635 2012 5708">
     <span class='ocr_line' id='line_1_97' title="bbox 531 5635 2012 5708; baseline -0.003 -17"><span class='ocrx_word' id='word_1_738' title='bbox 531 5637 559 5676; x_wconf 69' lang='grc' dir='ltr'>δ</span> <span class='ocrx_word' id='word_1_739' title='bbox 583 5638 774 5692; x_wconf 79' lang='lat' dir='ltr'><strong>Annal.</strong></span> <span class='ocrx_word' id='word_1_740' title='bbox 801 5635 904 5692; x_wconf 78' lang='lat' dir='ltr'><strong>loc.</strong></span> <span class='ocrx_word' id='word_1_741' title='bbox 933 5638 1024 5691; x_wconf 90' lang='lat' dir='ltr'><strong>cit.</strong></span> <span class='ocrx_word' id='word_1_742' title='bbox 1055 5653 1174 5708; x_wconf 87' lang='lat' dir='ltr'><strong>cap.</strong></span> <span class='ocrx_word' id='word_1_743' title='bbox 1211 5637 1294 5690; x_wconf 79' lang='lat' dir='ltr'><strong>I5.</strong></span> <span class='ocrx_word' id='word_1_744' title='bbox 1328 5636 1454 5704; x_wconf 83' lang='lat' dir='ltr'><strong>Leg.</strong></span> <span class='ocrx_word' id='word_1_745' title='bbox 1491 5635 1686 5690; x_wconf 77' lang='lat' dir='ltr'><strong>Mabill.</strong></span> <span class='ocrx_word' id='word_1_746' title='bbox 1715 5635 2012 5690; x_wconf 85' lang='lat' dir='ltr'><strong>Comment.</strong></span> 
     </span>
    </p>
   </div>
   <div class='ocr_carea' id='block_1_98' title="bbox 2111 3740 2695 3816">
    <p class='ocr_par' dir='ltr' id='par_1_98' title="bbox 2111 3740 2695 3816">
     <span class='ocr_line' id='line_1_98' title="bbox 2111 3740 2695 3816; baseline 0.007 -22"><span class='ocrx_word' id='word_1_747' title='bbox 2111 3740 2322 3812; x_wconf 76' lang='lat' dir='ltr'><strong>(Matth.</strong></span> <span class='ocrx_word' id='word_1_748' title='bbox 2362 3759 2553 3809; x_wconf 81' lang='lat' dir='ltr'><strong>xxvm,</strong></span> <span class='ocrx_word' id='word_1_749' title='bbox 2584 3743 2695 3816; x_wconf 74' lang='lat' dir='ltr'><strong>l8).</strong></span> 
     </span>
    </p>
   </div>
   <div class='ocr_carea' id='block_1_99' title="bbox 2181 3831 3690 3906">
    <p class='ocr_par' dir='ltr' id='par_1_99' title="bbox 2181 3831 3690 3906">
     <span class='ocr_line' id='line_1_99' title="bbox 2181 3831 3690 3906; baseline 0.003 -20"><span class='ocrx_word' id='word_1_750' title='bbox 2181 3831 2208 3870; x_wconf 67' lang='grc' dir='ltr'>δ</span> <span class='ocrx_word' id='word_1_751' title='bbox 2237 3831 2346 3886; x_wconf 92' lang='lat' dir='ltr'><strong>Cur</strong></span> <span class='ocrx_word' id='word_1_752' title='bbox 2372 3841 2552 3887; x_wconf 92' lang='lat' dir='ltr'><strong>autem</strong></span> <span class='ocrx_word' id='word_1_753' title='bbox 2577 3833 2737 3888; x_wconf 88' lang='lat' dir='ltr'><strong>hodie</strong></span> <span class='ocrx_word' id='word_1_754' title='bbox 2761 3833 2924 3888; x_wconf 87' lang='lat' dir='ltr'><strong>missa</strong></span> <span class='ocrx_word' id='word_1_755' title='bbox 2949 3850 3053 3890; x_wconf 91' lang='lat' dir='ltr'><strong>non</strong></span> <span class='ocrx_word' id='word_1_756' title='bbox 3079 3845 3346 3900; x_wconf 87' lang='lat' dir='ltr'><strong>cantatur,</strong></span> <span class='ocrx_word' id='word_1_757' title='bbox 3377 3835 3474 3891; x_wconf 86' lang='lat' dir='ltr'><strong>sed</strong></span> <span class='ocrx_word' id='word_1_758' title='bbox 3508 3852 3690 3906; x_wconf 87' lang='lat' dir='ltr'><strong>neque</strong></span> 
     </span>
    </p>
   </div>
   <div class='ocr_carea' id='block_1_100' title="bbox 2111 3922 3690 3995">
    <p class='ocr_par' dir='ltr' id='par_1_100' title="bbox 2111 3922 3690 3995">
     <span class='ocr_line' id='line_1_100' title="bbox 2111 3922 3690 3995; baseline 0.003 -19"><span class='ocrx_word' id='word_1_759' title='bbox 2111 3923 2164 3976; x_wconf 92' lang='lat' dir='ltr'><strong>in</strong></span> <span class='ocrx_word' id='word_1_760' title='bbox 2206 3922 2442 3978; x_wconf 87' lang='lat' dir='ltr'><strong>Sabbato</strong></span> <span class='ocrx_word' id='word_1_761' title='bbox 2487 3933 2693 3990; x_wconf 88' lang='lat' dir='ltr'><strong>sancto,</strong></span> <span class='ocrx_word' id='word_1_762' title='bbox 2718 3925 2888 3980; x_wconf 92' lang='lat' dir='ltr'><strong>donec</strong></span> <span class='ocrx_word' id='word_1_763' title='bbox 2914 3926 2981 3979; x_wconf 89' lang='lat' dir='ltr'><strong>ad</strong></span> <span class='ocrx_word' id='word_1_764' title='bbox 3005 3927 3217 3995; x_wconf 81' lang='lat' dir='ltr'><strong>vigilias</strong></span> <span class='ocrx_word' id='word_1_765' title='bbox 3240 3927 3436 3990; x_wconf 88' lang='lat' dir='ltr'><strong>noctis,</strong></span> <span class='ocrx_word' id='word_1_766' title='bbox 3463 3936 3690 3980; x_wconf 83' lang='lat' dir='ltr'><strong>sanctus</strong></span> 
     </span>
    </p>
   </div>
   <div class='ocr_carea' id='block_1_101' title="bbox 2111 4010 3691 4086">
    <p class='ocr_par' dir='ltr' id='par_1_101' title="bbox 2111 4010 3691 4086">
     <span class='ocr_line' id='line_1_101' title="bbox 2111 4010 3691 4086; baseline 0.003 -22"><span class='ocrx_word' id='word_1_767' title='bbox 2111 4010 2451 4065; x_wconf 88' lang='lat' dir='ltr'><strong>Innocentius</strong></span> <span class='ocrx_word' id='word_1_768' title='bbox 2488 4027 2625 4082; x_wconf 90' lang='lat' dir='ltr'><strong>papa</strong></span> <span class='ocrx_word' id='word_1_769' title='bbox 2672 4013 2728 4066; x_wconf 87' lang='lat' dir='ltr'><strong>in</strong></span> <span class='ocrx_word' id='word_1_770' title='bbox 2761 4012 3129 4069; x_wconf 89' lang='lat' dir='ltr'><strong>Decretalibus</strong></span> <span class='ocrx_word' id='word_1_771' title='bbox 3161 4014 3294 4069; x_wconf 89' lang='lat' dir='ltr'><strong>dicit</strong></span> <span class='ocrx_word' id='word_1_772' title='bbox 3329 4033 3342 4068; x_wconf 91' lang='lat'><strong>:</strong></span> <span class='ocrx_word' id='word_1_773' title='bbox 3386 4015 3496 4070; x_wconf 92' lang='lat' dir='ltr'><strong>Isto</strong></span> <span class='ocrx_word' id='word_1_774' title='bbox 3522 4014 3691 4086; x_wconf 61' lang='lat'><strong>5,79</strong></span> 
     </span>
    </p>
   </div>
   <div class='ocr_carea' id='block_1_102' title="bbox 2111 4099 3691 4174">
    <p class='ocr_par' dir='ltr' id='par_1_102' title="bbox 2111 4099 3691 4174">
     <span class='ocr_line' id='line_1_102' title="bbox 2111 4099 3691 4174; baseline 0.002 -21"><span class='ocrx_word' id='word_1_775' title='bbox 2111 4099 2274 4155; x_wconf 87' lang='lat' dir='ltr'><strong>biduo</strong></span> <span class='ocrx_word' id='word_1_776' title='bbox 2324 4111 2660 4157; x_wconf 89' lang='lat' dir='ltr'><strong>sacramenta</strong></span> <span class='ocrx_word' id='word_1_777' title='bbox 2698 4103 2914 4174; x_wconf 90' lang='lat' dir='ltr'><strong>penitus</strong></span> <span class='ocrx_word' id='word_1_778' title='bbox 2955 4119 3061 4159; x_wconf 91' lang='lat' dir='ltr'><strong>non</strong></span> <span class='ocrx_word' id='word_1_779' title='bbox 3099 4101 3385 4168; x_wconf 84' lang='lat' dir='ltr'><strong>celebrari,</strong></span> <span class='ocrx_word' id='word_1_780' title='bbox 3410 4104 3538 4174; x_wconf 87' lang='lat' dir='ltr'><strong>quia</strong></span> <span class='ocrx_word' id='word_1_781' title='bbox 3565 4118 3691 4172; x_wconf 83' lang='lat' dir='ltr'><strong>per-</strong></span> 
     </span>
    </p>
   </div>
   <div class='ocr_carea' id='block_1_103' title="bbox 2113 4193 3687 4264">
    <p class='ocr_par' dir='ltr' id='par_1_103' title="bbox 2113 4193 3687 4264">
     <span class='ocr_line' id='line_1_103' title="bbox 2113 4193 3687 4264; baseline 0.001 -21"><span class='ocrx_word' id='word_1_782' title='bbox 2113 4205 2303 4244; x_wconf 86' lang='lat' dir='ltr'><strong>cussus</strong></span> <span class='ocrx_word' id='word_1_783' title='bbox 2331 4199 2413 4245; x_wconf 92' lang='lat' dir='ltr'><strong>est</strong></span> <span class='ocrx_word' id='word_1_784' title='bbox 2434 4200 2637 4260; x_wconf 89' lang='lat' dir='ltr'><strong>pastor,</strong></span> <span class='ocrx_word' id='word_1_785' title='bbox 2653 4201 2707 4246; x_wconf 90' lang='lat' dir='ltr'><strong>et</strong></span> <span class='ocrx_word' id='word_1_786' title='bbox 2726 4208 2854 4247; x_wconf 88' lang='lat' dir='ltr'><strong>oves</strong></span> <span class='ocrx_word' id='word_1_787' title='bbox 2876 4193 2993 4262; x_wconf 88' lang='lat' dir='ltr'><strong>ejus</strong></span> <span class='ocrx_word' id='word_1_788' title='bbox 3017 4194 3193 4264; x_wconf 82' lang='lat' dir='ltr'><strong>gregis</strong></span> <span class='ocrx_word' id='word_1_789' title='bbox 3219 4193 3495 4261; x_wconf 79' lang='lat' dir='ltr'><strong>dissipata:</strong></span> <span class='ocrx_word' id='word_1_790' title='bbox 3525 4200 3687 4257; x_wconf 84' lang='lat' dir='ltr'><strong>sunt;</strong></span> 
     </span>
    </p>
   </div>
   <div class='ocr_carea' id='block_1_104' title="bbox 2114 4280 3689 4350">
    <p class='ocr_par' dir='ltr' id='par_1_104' title="bbox 2114 4280 3689 4350">
     <span class='ocr_line' id='line_1_104' title="bbox 2114 4280 3689 4350; baseline 0.002 -17"><span class='ocrx_word' id='word_1_791' title='bbox 2114 4295 2209 4333; x_wconf 87' lang='lat' dir='ltr'><strong>seu</strong></span> <span class='ocrx_word' id='word_1_792' title='bbox 2237 4280 2380 4348; x_wconf 93' lang='lat' dir='ltr'><strong>quod</strong></span> <span class='ocrx_word' id='word_1_793' title='bbox 2408 4280 2696 4349; x_wconf 85' lang='lat' dir='ltr'><strong>apostolos,</strong></span> <span class='ocrx_word' id='word_1_794' title='bbox 2713 4297 2847 4350; x_wconf 93' lang='lat' dir='ltr'><strong>quos</strong></span> <span class='ocrx_word' id='word_1_795' title='bbox 2869 4283 3067 4336; x_wconf 87' lang='lat' dir='ltr'><strong>imitari</strong></span> <span class='ocrx_word' id='word_1_796' title='bbox 3096 4283 3373 4349; x_wconf 89' lang='lat' dir='ltr'><strong>debemus,</strong></span> <span class='ocrx_word' id='word_1_797' title='bbox 3392 4283 3495 4336; x_wconf 88' lang='lat' dir='ltr'><strong>isto</strong></span> <span class='ocrx_word' id='word_1_798' title='bbox 3525 4283 3689 4336; x_wconf 90' lang='lat' dir='ltr'><strong>biduo</strong></span> 
     </span>
    </p>
   </div>
   <div class='ocr_carea' id='block_1_105' title="bbox 2115 4369 3690 4444">
    <p class='ocr_par' dir='ltr' id='par_1_105' title="bbox 2115 4369 3690 4444">
     <span class='ocr_line' id='line_1_105' title="bbox 2115 4369 3690 4444; baseline 0 -19"><span class='ocrx_word' id='word_1_799' title='bbox 2115 4371 2168 4425; x_wconf 92' lang='lat' dir='ltr'><strong>in</strong></span> <span class='ocrx_word' id='word_1_800' title='bbox 2204 4369 2423 4424; x_wconf 89' lang='lat' dir='ltr'><strong>tristitia</strong></span> <span class='ocrx_word' id='word_1_801' title='bbox 2465 4378 2521 4424; x_wconf 92' lang='lat' dir='ltr'><strong>et</strong></span> <span class='ocrx_word' id='word_1_802' title='bbox 2566 4386 2799 4428; x_wconf 67' lang='lat' dir='ltr'><strong>moerere</strong></span> <span class='ocrx_word' id='word_1_803' title='bbox 2846 4371 3034 4438; x_wconf 83' lang='lat' dir='ltr'><strong>fuisse,</strong></span> <span class='ocrx_word' id='word_1_804' title='bbox 3077 4383 3132 4428; x_wconf 92' lang='lat' dir='ltr'><strong>et</strong></span> <span class='ocrx_word' id='word_1_805' title='bbox 3169 4373 3386 4444; x_wconf 89' lang='lat' dir='ltr'><strong>jejunos</strong></span> <span class='ocrx_word' id='word_1_806' title='bbox 3425 4388 3594 4442; x_wconf 84' lang='lat' dir='ltr'><strong>usque</strong></span> <span class='ocrx_word' id='word_1_807' title='bbox 3635 4373 3690 4426; x_wconf 89' lang='lat' dir='ltr'><strong>in</strong></span> 
     </span>
    </p>
   </div>
   <div class='ocr_carea' id='block_1_106' title="bbox 2119 4461 3691 4530">
    <p class='ocr_par' dir='ltr' id='par_1_106' title="bbox 2119 4461 3691 4530">
     <span class='ocr_line' id='line_1_106' title="bbox 2119 4461 3691 4530; baseline 0.001 -16"><span class='ocrx_word' id='word_1_808' title='bbox 2119 4461 2568 4522; x_wconf 89' lang='lat' dir='ltr'><strong>resurrectionem</strong></span> <span class='ocrx_word' id='word_1_809' title='bbox 2597 4463 2955 4530; x_wconf 85' lang='lat' dir='ltr'><strong>permansisse</strong></span> <span class='ocrx_word' id='word_1_810' title='bbox 2989 4465 3280 4518; x_wconf 87' lang='lat' dir='ltr'><strong>credimus.</strong></span> <span class='ocrx_word' id='word_1_811' title='bbox 3320 4463 3379 4517; x_wconf 92' lang='lat' dir='ltr'><strong>ln</strong></span> <span class='ocrx_word' id='word_1_812' title='bbox 3408 4464 3496 4518; x_wconf 90' lang='lat' dir='ltr'><strong>die</strong></span> <span class='ocrx_word' id='word_1_813' title='bbox 3527 4463 3691 4516; x_wconf 85' lang='lat' dir='ltr'><strong>Para-</strong></span> 
     </span>
    </p>
   </div>
   <div class='ocr_carea' id='block_1_107' title="bbox 2119 4552 3688 4624">
    <p class='ocr_par' dir='ltr' id='par_1_107' title="bbox 2119 4552 3688 4624">
     <span class='ocr_line' id='line_1_107' title="bbox 2119 4552 3688 4624; baseline 0.001 -17"><span class='ocrx_word' id='word_1_814' title='bbox 2119 4564 2274 4607; x_wconf 89' lang='lat' dir='ltr'><strong>sceve</strong></span> <span class='ocrx_word' id='word_1_815' title='bbox 2297 4552 2416 4606; x_wconf 90' lang='lat' dir='ltr'><strong>ideo</strong></span> <span class='ocrx_word' id='word_1_816' title='bbox 2439 4567 2546 4606; x_wconf 91' lang='lat' dir='ltr'><strong>non</strong></span> <span class='ocrx_word' id='word_1_817' title='bbox 2567 4555 2975 4622; x_wconf 86' lang='lat' dir='ltr'><strong>cantatur,quia</strong></span> <span class='ocrx_word' id='word_1_818' title='bbox 2999 4556 3114 4624; x_wconf 90' lang='lat' dir='ltr'><strong>ipsa</strong></span> <span class='ocrx_word' id='word_1_819' title='bbox 3141 4555 3229 4613; x_wconf 91' lang='lat' dir='ltr'><strong>die</strong></span> <span class='ocrx_word' id='word_1_820' title='bbox 3256 4555 3418 4613; x_wconf 77' lang='lat' dir='ltr'><strong>.[esus</strong></span> <span class='ocrx_word' id='word_1_821' title='bbox 3446 4556 3688 4610; x_wconf 87' lang='lat' dir='ltr'><strong>Christus</strong></span> 
     </span>
    </p>
   </div>
   <div class='ocr_carea' id='block_1_108' title="bbox 2119 4645 3687 4719">
    <p class='ocr_par' dir='ltr' id='par_1_108' title="bbox 2119 4645 3687 4719">
     <span class='ocr_line' id='line_1_108' title="bbox 2119 4645 3687 4719; baseline 0.002 -19"><span class='ocrx_word' id='word_1_822' title='bbox 2119 4645 2354 4714; x_wconf 88' lang='lat' dir='ltr'><strong>seipsum</strong></span> <span class='ocrx_word' id='word_1_823' title='bbox 2383 4646 2616 4699; x_wconf 89' lang='lat' dir='ltr'><strong>hostiam</strong></span> <span class='ocrx_word' id='word_1_824' title='bbox 2644 4646 2838 4701; x_wconf 90' lang='lat' dir='ltr'><strong>obtulit</strong></span> <span class='ocrx_word' id='word_1_825' title='bbox 2859 4647 2967 4703; x_wconf 88' lang='lat' dir='ltr'><strong>Deo</strong></span> <span class='ocrx_word' id='word_1_826' title='bbox 2993 4647 3142 4702; x_wconf 90' lang='lat' dir='ltr'><strong>Patri</strong></span> <span class='ocrx_word' id='word_1_827' title='bbox 3173 4665 3270 4717; x_wconf 89' lang='lat' dir='ltr'><strong>pro</strong></span> <span class='ocrx_word' id='word_1_828' title='bbox 3295 4650 3476 4714; x_wconf 88' lang='lat' dir='ltr'><strong>nobis,</strong></span> <span class='ocrx_word' id='word_1_829' title='bbox 3499 4658 3556 4704; x_wconf 92' lang='lat' dir='ltr'><strong>et</strong></span> <span class='ocrx_word' id='word_1_830' title='bbox 3577 4651 3687 4719; x_wconf 83' lang='lat' dir='ltr'><strong>ipsa</strong></span> 
     </span>
    </p>
   </div>
   <div class='ocr_carea' id='block_1_109' title="bbox 2117 4735 3272 4792">
    <p class='ocr_par' dir='ltr' id='par_1_109' title="bbox 2117 4735 3272 4792">
     <span class='ocr_line' id='line_1_109' title="bbox 2117 4735 3272 4792; baseline 0.001 -2"><span class='ocrx_word' id='word_1_831' title='bbox 2117 4736 2317 4790; x_wconf 89' lang='lat' dir='ltr'><strong>oblatio</strong></span> <span class='ocrx_word' id='word_1_832' title='bbox 2350 4735 2544 4790; x_wconf 76' lang='lat' dir='ltr'><strong>sufﬁcit</strong></span> <span class='ocrx_word' id='word_1_833' title='bbox 2571 4737 2640 4791; x_wconf 90' lang='lat' dir='ltr'><strong>ad</strong></span> <span class='ocrx_word' id='word_1_834' title='bbox 2673 4737 2894 4792; x_wconf 90' lang='lat' dir='ltr'><strong>salutem</strong></span> <span class='ocrx_word' id='word_1_835' title='bbox 2918 4738 3272 4792; x_wconf 90' lang='lat' dir='ltr'><strong>credentium.</strong></span> 
     </span>
    </p>
   </div>
   <div class='ocr_carea' id='block_1_110' title="bbox 2187 4825 3684 4897">
    <p class='ocr_par' dir='ltr' id='par_1_110' title="bbox 2187 4825 3684 4897">
     <span class='ocr_line' id='line_1_110' title="bbox 2187 4825 3684 4897; baseline 0.001 -19"><span class='ocrx_word' id='word_1_836' title='bbox 2187 4825 2243 4878; x_wconf 92' lang='lat' dir='ltr'><strong>In</strong></span> <span class='ocrx_word' id='word_1_837' title='bbox 2273 4826 2389 4894; x_wconf 89' lang='lat' dir='ltr'><strong>ipso</strong></span> <span class='ocrx_word' id='word_1_838' title='bbox 2417 4834 2596 4880; x_wconf 89' lang='lat' dir='ltr'><strong>autem</strong></span> <span class='ocrx_word' id='word_1_839' title='bbox 2639 4828 2724 4882; x_wconf 90' lang='lat' dir='ltr'><strong>die</strong></span> <span class='ocrx_word' id='word_1_840' title='bbox 2754 4829 2885 4882; x_wconf 89' lang='lat' dir='ltr'><strong>hora</strong></span> <span class='ocrx_word' id='word_1_841' title='bbox 2923 4829 3108 4897; x_wconf 87' lang='lat' dir='ltr'><strong>quinta</strong></span> <span class='ocrx_word' id='word_1_842' title='bbox 3134 4829 3452 4897; x_wconf 88' lang='lat' dir='ltr'><strong>deportatur</strong></span> <span class='ocrx_word' id='word_1_843' title='bbox 3486 4829 3684 4890; x_wconf 83' lang='lat' dir='ltr'><strong>lumen,</strong></span> 
     </span>
    </p>
   </div>
   <div class='ocr_carea' id='block_1_111' title="bbox 2117 4918 3685 4989">
    <p class='ocr_par' dir='ltr' id='par_1_111' title="bbox 2117 4918 3685 4989">
     <span class='ocr_line' id='line_1_111' title="bbox 2117 4918 3685 4989; baseline 0.001 -21"><span class='ocrx_word' id='word_1_844' title='bbox 2117 4923 2178 4968; x_wconf 92' lang='lat' dir='ltr'><strong>ut</strong></span> <span class='ocrx_word' id='word_1_845' title='bbox 2221 4931 2407 4985; x_wconf 91' lang='lat' dir='ltr'><strong>supra,</strong></span> <span class='ocrx_word' id='word_1_846' title='bbox 2443 4919 2510 4972; x_wconf 92' lang='lat' dir='ltr'><strong>ab</strong></span> <span class='ocrx_word' id='word_1_847' title='bbox 2544 4918 2922 4974; x_wconf 86' lang='lat' dir='ltr'><strong>archidiacono</strong></span> <span class='ocrx_word' id='word_1_848' title='bbox 2950 4934 3042 4973; x_wconf 88' lang='lat' dir='ltr'><strong>seu</strong></span> <span class='ocrx_word' id='word_1_849' title='bbox 3077 4919 3386 4989; x_wconf 65' lang='lat' dir='ltr'><strong>praeposito,</strong></span> <span class='ocrx_word' id='word_1_850' title='bbox 3412 4928 3468 4974; x_wconf 87' lang='lat' dir='ltr'><strong>et</strong></span> <span class='ocrx_word' id='word_1_851' title='bbox 3500 4919 3685 4974; x_wconf 62' lang='lat' dir='ltr'><strong>illumiv</strong></span> 
     </span>
    </p>
   </div>
   <div class='ocr_carea' id='block_1_112' title="bbox 2117 5007 3684 5079">
    <p class='ocr_par' dir='ltr' id='par_1_112' title="bbox 2117 5007 3684 5079">
     <span class='ocr_line' id='line_1_112' title="bbox 2117 5007 3684 5079; baseline 0 -19"><span class='ocrx_word' id='word_1_852' title='bbox 2117 5016 2316 5061; x_wconf 87' lang='lat' dir='ltr'><strong>nantur</strong></span> <span class='ocrx_word' id='word_1_853' title='bbox 2343 5007 2617 5076; x_wconf 88' lang='lat' dir='ltr'><strong>lampades</strong></span> <span class='ocrx_word' id='word_1_854' title='bbox 2647 5019 2849 5079; x_wconf 90' lang='lat' dir='ltr'><strong>septem</strong></span> <span class='ocrx_word' id='word_1_855' title='bbox 2877 5028 2888 5062; x_wconf 89' lang='lat'><strong>:</strong></span> <span class='ocrx_word' id='word_1_856' title='bbox 2911 5009 3150 5078; x_wconf 77' lang='lat' dir='ltr'><strong>pontifex</strong></span> <span class='ocrx_word' id='word_1_857' title='bbox 3186 5017 3368 5062; x_wconf 90' lang='lat' dir='ltr'><strong>autem</strong></span> <span class='ocrx_word' id='word_1_858' title='bbox 3391 5024 3490 5063; x_wconf 88' lang='lat' dir='ltr'><strong>seu</strong></span> <span class='ocrx_word' id='word_1_859' title='bbox 3518 5009 3684 5063; x_wconf 79' lang='lat' dir='ltr'><strong>clerus</strong></span> 
     </span>
    </p>
   </div>
   <div class='ocr_carea' id='block_1_113' title="bbox 2118 5094 3685 5165">
    <p class='ocr_par' dir='ltr' id='par_1_113' title="bbox 2118 5094 3685 5165">
     <span class='ocr_line' id='line_1_113' title="bbox 2118 5094 3685 5165; baseline 0.001 -18"><span class='ocrx_word' id='word_1_860' title='bbox 2118 5105 2280 5164; x_wconf 86' lang='lat' dir='ltr'><strong>atque</strong></span> <span class='ocrx_word' id='word_1_861' title='bbox 2303 5095 2528 5164; x_wconf 89' lang='lat' dir='ltr'><strong>populus</strong></span> <span class='ocrx_word' id='word_1_862' title='bbox 2566 5097 2954 5165; x_wconf 13' lang='lat' dir='ltr'><strong>procedunttad</strong></span> <span class='ocrx_word' id='word_1_863' title='bbox 2979 5096 3280 5150; x_wconf 87' lang='lat' dir='ltr'><strong>ecclesiam.</strong></span> <span class='ocrx_word' id='word_1_864' title='bbox 3315 5094 3540 5150; x_wconf 90' lang='lat' dir='ltr'><strong>Interim</strong></span> <span class='ocrx_word' id='word_1_865' title='bbox 3567 5109 3685 5148; x_wconf 74' lang='lat' dir='ltr'><strong>vero</strong></span> 
     </span>
    </p>
   </div>
   <div class='ocr_carea' id='block_1_114' title="bbox 2117 5183 3687 5254">
    <p class='ocr_par' dir='ltr' id='par_1_114' title="bbox 2117 5183 3687 5254">
     <span class='ocr_line' id='line_1_114' title="bbox 2117 5183 3687 5254; baseline -0.002 -16"><span class='ocrx_word' id='word_1_866' title='bbox 2117 5185 2392 5254; x_wconf 89' lang='lat' dir='ltr'><strong>egreditur</strong></span> <span class='ocrx_word' id='word_1_867' title='bbox 2425 5184 2833 5240; x_wconf 86' lang='lat' dir='ltr'><strong>archidiaconus</strong></span> <span class='ocrx_word' id='word_1_868' title='bbox 2867 5200 2989 5239; x_wconf 91' lang='lat' dir='ltr'><strong>cum</strong></span> <span class='ocrx_word' id='word_1_869' title='bbox 3025 5183 3144 5242; x_wconf 88' lang='lat' dir='ltr'><strong>aliis</strong></span> <span class='ocrx_word' id='word_1_870' title='bbox 3169 5184 3488 5239; x_wconf 86' lang='lat' dir='ltr'><strong>diaconibus</strong></span> <span class='ocrx_word' id='word_1_871' title='bbox 3514 5184 3581 5238; x_wconf 88' lang='lat' dir='ltr'><strong>de</strong></span> <span class='ocrx_word' id='word_1_872' title='bbox 3604 5199 3687 5237; x_wconf 84' lang='lat' dir='ltr'><strong>sa-</strong></span> 
     </span>
    </p>
   </div>
   <div class='ocr_carea' id='block_1_115' title="bbox 2117 5274 3686 5344">
    <p class='ocr_par' dir='ltr' id='par_1_115' title="bbox 2117 5274 3686 5344">
     <span class='ocr_line' id='line_1_115' title="bbox 2117 5274 3686 5344; baseline 0.003 -16"><span class='ocrx_word' id='word_1_873' title='bbox 2117 5274 2320 5340; x_wconf 88' lang='lat' dir='ltr'><strong>crario,</strong></span> <span class='ocrx_word' id='word_1_874' title='bbox 2351 5275 2522 5330; x_wconf 89' lang='lat' dir='ltr'><strong>induti</strong></span> <span class='ocrx_word' id='word_1_875' title='bbox 2558 5275 2761 5330; x_wconf 87' lang='lat' dir='ltr'><strong>scilicet</strong></span> <span class='ocrx_word' id='word_1_876' title='bbox 2787 5276 3016 5344; x_wconf 88' lang='lat' dir='ltr'><strong>planetis</strong></span> <span class='ocrx_word' id='word_1_877' title='bbox 3057 5275 3242 5342; x_wconf 84' lang='lat' dir='ltr'><strong>fuscis,</strong></span> <span class='ocrx_word' id='word_1_878' title='bbox 3271 5284 3327 5330; x_wconf 88' lang='lat' dir='ltr'><strong>et</strong></span> <span class='ocrx_word' id='word_1_879' title='bbox 3353 5278 3461 5333; x_wconf 88' lang='lat' dir='ltr'><strong>duo</strong></span> <span class='ocrx_word' id='word_1_880' title='bbox 3502 5292 3686 5332; x_wconf 82' lang='lat' dir='ltr'><strong>cereo—</strong></span> 
     </span>
    </p>
   </div>
   <div class='ocr_carea' id='block_1_116' title="bbox 2117 5368 3688 5439">
    <p class='ocr_par' dir='ltr' id='par_1_116' title="bbox 2117 5368 3688 5439">
     <span class='ocr_line' id='line_1_116' title="bbox 2117 5368 3688 5439; baseline 0.001 -19"><span class='ocrx_word' id='word_1_881' title='bbox 2117 5375 2284 5423; x_wconf 87' lang='lat' dir='ltr'><strong>strata</strong></span> <span class='ocrx_word' id='word_1_882' title='bbox 2313 5373 2436 5422; x_wconf 89' lang='lat' dir='ltr'><strong>ante</strong></span> <span class='ocrx_word' id='word_1_883' title='bbox 2478 5368 2624 5438; x_wconf 90' lang='lat' dir='ltr'><strong>ipsos</strong></span> <span class='ocrx_word' id='word_1_884' title='bbox 2666 5383 2789 5423; x_wconf 92' lang='lat' dir='ltr'><strong>cum</strong></span> <span class='ocrx_word' id='word_1_885' title='bbox 2831 5368 3003 5422; x_wconf 81' lang='lat' dir='ltr'><strong>cereis</strong></span> <span class='ocrx_word' id='word_1_886' title='bbox 3045 5369 3286 5423; x_wconf 89' lang='lat' dir='ltr'><strong>accensis</strong></span> <span class='ocrx_word' id='word_1_887' title='bbox 3332 5369 3688 5439; x_wconf 84' lang='lat' dir='ltr'><strong>procedentes</strong></span> 
     </span>
    </p>
   </div>
   <div class='ocr_carea' id='block_1_117' title="bbox 2121 5458 3688 5531">
    <p class='ocr_par' dir='ltr' id='par_1_117' title="bbox 2121 5458 3688 5531">
     <span class='ocr_line' id='line_1_117' title="bbox 2121 5458 3688 5531; baseline -0.004 -16"><span class='ocrx_word' id='word_1_888' title='bbox 2121 5475 2288 5531; x_wconf 86' lang='lat' dir='ltr'><strong>usque</strong></span> <span class='ocrx_word' id='word_1_889' title='bbox 2315 5460 2382 5515; x_wconf 92' lang='lat' dir='ltr'><strong>ad</strong></span> <span class='ocrx_word' id='word_1_890' title='bbox 2410 5460 2578 5514; x_wconf 88' lang='lat' dir='ltr'><strong>altare</strong></span> <span class='ocrx_word' id='word_1_891' title='bbox 2606 5474 2728 5514; x_wconf 89' lang='lat' dir='ltr'><strong>cum</strong></span> <span class='ocrx_word' id='word_1_892' title='bbox 2772 5458 3014 5525; x_wconf 85' lang='lat' dir='ltr'><strong>silentio,</strong></span> <span class='ocrx_word' id='word_1_893' title='bbox 3042 5466 3097 5514; x_wconf 92' lang='lat' dir='ltr'><strong>et</strong></span> <span class='ocrx_word' id='word_1_894' title='bbox 3121 5461 3366 5516; x_wconf 86' lang='lat' dir='ltr'><strong>oratione</strong></span> <span class='ocrx_word' id='word_1_895' title='bbox 3400 5459 3688 5530; x_wconf 62' lang='lat' dir='ltr'><strong>completa,</strong></span> 
     </span>
    </p>
   </div>
   <div class='ocr_carea' id='block_1_118' title="bbox 2120 5568 3675 5642">
    <p class='ocr_par' dir='ltr' id='par_1_118' title="bbox 2120 5568 3675 5642">
     <span class='ocr_line' id='line_1_118' title="bbox 2120 5568 3675 5642; baseline -0.002 -18"><span class='ocrx_word' id='word_1_896' title='bbox 2120 5571 2174 5624; x_wconf 88' lang='lat' dir='ltr'><strong>in</strong></span> <span class='ocrx_word' id='word_1_897' title='bbox 2195 5572 2437 5627; x_wconf 87' lang='lat' dir='ltr'><strong>ordinem</strong></span> <span class='ocrx_word' id='word_1_898' title='bbox 2469 5571 2698 5628; x_wconf 77' lang='lat' dir='ltr'><strong>Roman.</strong></span> <span class='ocrx_word' id='word_1_899' title='bbox 2731 5587 2852 5642; x_wconf 84' lang='lat' dir='ltr'><strong>pag.</strong></span> <span class='ocrx_word' id='word_1_900' title='bbox 2881 5586 3105 5637; x_wconf 73' lang='lat' dir='ltr'><strong>Luxm,</strong></span> <span class='ocrx_word' id='word_1_901' title='bbox 3131 5570 3261 5626; x_wconf 88' lang='lat' dir='ltr'><strong>edit.</strong></span> <span class='ocrx_word' id='word_1_902' title='bbox 3293 5569 3495 5637; x_wconf 71' lang='lat' dir='ltr'><strong>Paris,</strong></span> <span class='ocrx_word' id='word_1_903' title='bbox 3531 5568 3675 5624; x_wconf 58' lang='grc' dir='ltr'><strong>ιω.</strong></span> 
     </span>
    </p>
   </div>
  </div>
