3914 6178
330 265 468 328 i909

1136 259 1284 322 OPP.
1325 258 1724 316 S‘UPPOSITA.
1763 289 1830 296 —
1869 255 1996 320 LIB.
2036 257 2128 312 DE
2161 257 2410 321 DlVlNlS
2443 257 2745 322 OFFlCllS.

3427 266 3562 321 1210

330 390 489 448 atque
525 374 761 432 osculato
803 371 998 437 altari,
1041 373 1242 449 vadunt
1283 372 1350 426 ad
1397 371 1578 426 sedem
1622 368 1890 439 pontiﬁcis
1920 371 1964 428 Α
1991 368 2246 437 periculis
2290 371 2454 441 hujus
2481 373 2624 440 vitae,
2653 384 2707 429 et
2730 390 2829 444 pro
2871 377 3137 434 haereticis
3161 388 3215 434 et
3240 382 3478 450 paganis,
3509 393 3564 436 et

329 481 476 531 more
495 465 648 521 solito
664 482 679 519 :
695 463 882 521 deinde
905 462 1091 516 annuit
1111 460 1516 516 archidiaconus
1537 459 1887 522 subdiacono,

327 570 387 616 ut
414 561 622 630 legatur
646 557 807 620 lectio
835 556 1026 625 prima.
1051 554 1306 622 Sequitur
1334 553 1756 623 responsorium,
1780 548 1890 605 Do-

325 651 462 712 mine
480 690 494 714 ,
528 648 723 712 audivi.
768 646 913 699 Istud
943 645 1342 713 responsorium
1371 659 1492 698 cum
1518 650 1745 712 quatuor
1770 655 1892 694 ver-

326 737 474 790 sibus
501 735 777 813 signiﬁcat
805 734 1076 788 Christum
1098 772 1112 796 ,
1141 733 1232 802 qui
1278 739 1506 800 quatuor
1535 733 1795 786 elementa
1835 730 1890 795 in

324 824 495 893 efﬁgie
542 824 773 878 hominis
818 822 1124 890 assumpsit.
1169 821 1260 882 Illa
1302 821 1608 890 pendebant
1647 820 1700 874 in
1729 833 1892 875 cruce

325 915 464 980 inter
493 915 596 981 duo
625 913 894 976 animalia,
922 913 1026 966 hoc
1053 920 1136 965 est
1171 911 1312 965 inter
1336 911 1468 964 duos
1497 911 1751 964 latrones.
1787 908 1888 964 Se-

324 1009 504 1076 quitur
545 1008 713 1074 altera
746 1005 932 1071 lectio;
962 1004 1150 1069 deinde
1193 1018 1343 1057 more
1372 1003 1621 1058 Romano
1649 1001 1891 1070 sequitur

325 1077 550 1161 tractus,
582 1095 683 1161 Qui
712 1095 930 1148 habitat.
970 1093 1076 1159 Iste
1121 1091 1518 1150 tractustrahit
1555 1105 1652 1144 nos
1680 1089 1746 1143 ad
1777 1089 1890 1143 lon-

325 1188 616 1260 gitudinem
639 1187 762 1246 vita:
785 1193 1020 1248 aeternae,
1051 1185 1103 1243 in
1128 1199 1230 1252 qua
1267 1181 1500 1235 salutare
1524 1181 1640 1245 Dei,
1667 1180 1769 1234 hoc
1806 1187 1889 1234 est

323 1260 594 1337 Christum
616 1294 772 1348 quem
803 1276 1170 1332 nefandissimi
1191 1276 1359 1331 Judaei
1390 1275 1444 1328 in
1471 1289 1629 1330 cruce
1653 1275 1887 1344 positum

321 1370 481 1426 hodie
508 1371 774 1433 viderunt,
790 1377 856 1444 et
879 1384 975 1426 nos
1003 1367 1272 1422 credimus
1301 1366 1511 1420 visuros
1545 1364 1769 1419 faciead
1807 1363 1888 1418 fa-

321 1461 458 1516 ciem
483 1460 536 1513 in
567 1459 866 1522 aeternitate
891 1473 1008 1524 sua.
1058 1457 1285 1519 Canunt
1312 1456 1400 1511 hic
1444 1455 1608 1524 aliqui
1655 1462 1884 1509 tractum

320 1552 629 1621 nuperrime
669 1550 1009 1620 compilatum
1035 1563 1050 1602 :
1078 1549 1236 1618 Eripe
1274 1565 1380 1610 me,
1415 1547 1653 1613 Domine,
1689 1548 1753 1600 ab
1793 1547 1887 1608 Ιιοτ-

319 1639 478 1704 mine,
512 1647 640 1703 etc.;
668 1639 910 1707 sequitur
944 1639 1144 1706 absque
1173 1637 1496 1697 salutatione
1521 1653 1534 1689 :
1567 1633 1751 1695 Passio
1778 1635 1885 1689 Do-

1989 476 2086 530 per
2131 479 2318 527 omnes
2363 467 2496 521 alias
2543 469 2814 526 orationes
2863 485 3001 539 genu
3053 471 3339 537 ﬂectimus,
3385 484 3444 528 ut
3470 492 3565 543 per

1989 553 2133 609 hunc
2156 555 2398 610 habitum
2424 559 2666 627 corporis
2692 561 2889 615 mentis
2917 562 3278 618 humilitatem
3320 568 3565 620 attenda-

1989 659 2108 698 mus
2135 643 2354 716 [Amal.,
2378 648 2768 720 ostendamus],
2815 660 3040 722 excepto
3063 656 3278 722 quando
3307 672 3404 724 pro
3436 670 3562 725 per-

1988 732 2110 788 ﬁdis
2147 733 2364 790 ludatis.
2387 751 2602 793 oramus
2628 756 2646 791 ζ
2670 738 2746 795 illi
2782 741 2924 793 enim
2967 757 3105 810 genu
3141 742 3426 799 ﬂectebant
3455 748 3563 801 Do-

1988 823 2160 887 mino,
2187 839 2322 894 opus
2367 826 2567 880 bonum
2617 827 2754 883 male
2797 839 3104 898 operantes,
3135 835 3260 902 quia
3292 835 3562 893 illudendo

1987 912 2104 972 haec
2137 912 2425 968 faciebant.
2461 916 2570 970 Nos
2607 917 2673 970 ad
2703 918 3192 986 demonstrandum,
3224 927 3347 993 quia
3377 926 3562 997 fugere

1987 1005 2279 1060 debeamus
2305 1022 2465 1074 opera
2497 1023 2615 1076 quae
2640 1011 2940 1067 simulando
2969 1013 3122 1080 ﬁunt,
3160 1017 3390 1071 vitamus
3420 1035 3584 1088 genu-

1986 1095 2269 1154 ﬁexionem
2290 1114 2387 1168 pro
2411 1098 2628 1155 Judmis.
2662 1103 2898 1172 Denique
2919 1105 3408 1173 pontifexveniens
3434 1121 3560 1166 ante

1986 1190 2178 1255 altare,
2208 1191 2319 1245 sive
2349 1188 2430 1263 (ut
2476 1191 2529 1245 in
2574 1193 2678 1245 alio
2723 1193 2912 1248 ordine
2953 1194 3166 1267 legitur)
3208 1201 3474 1254 transiens
3504 1203 3558 1256 in

1986 1280 2260 1334 dexteram
2316 1289 2531 1349 partem.
2573 1281 2813 1342 ecclesia:
2859 1284 2997 1341 infra
3045 1287 3345 1353 thronum,
3387 1291 3557 1347 dicit:

1988 1369 2207 1424 Oremus
2221 1388 2240 1436 ;
2254 1370 2593 1436 etdiaconus,
2620 1371 2917 1426 Flectamus
2934 1391 3119 1444 genua.
3138 1377 3267 1432 Item
3283 1381 3557 1447 diaconus,

1983 1459 2190 1526 Lat-ate,
2225 1471 2278 1516 et
2298 1462 2536 1532 pontifex
2562 1463 2985 1528 datorationcm,
3009 1466 3148 1520 sicut
3172 1468 3223 1520 in
3243 1467 3562 1525 Sacramen-

1985 1552 2122 1605 tario
2136 1552 2458 1608 continetur.
2480 1553 2575 1607 llis
2594 1553 2782 1619 ﬁnitis,
2806 1570 2994 1611 omnes
3019 1568 3217 1614 exeunt
3238 1560 3400 1617 foras.
3415 1565 3561 1634 Apo-

1986 1642 2173 1696 stolico
2198 1643 2299 1697 hoc
2323 1651 2535 1711 agente,
2564 1659 2662 1696 nos
2688 1643 2818 1698 hora
2845 1661 2985 1698 nona
3012 1646 3344 1702 inchoamus.

318 1727 448 1780 mini
469 1728 650 1781 nostri.
681 1739 705 1766 α
729 1726 839 1782 Hac
859 1727 1090 1796 expleta,
1113 1725 1296 1779 statim
1318 1725 1423 1783 duo
1448 1724 1658 1786 diaconi
1680 1725 1887 1782 nudant
1919 1712 1978 1770 Β-
2061 1741 2083 1768 ο
2113 1730 2268 1784 Circa
2299 1746 2583 1800 vesperum
2619 1747 2744 1786 vero
2777 1733 2829 1785 in
2870 1733 3119 1787 omnibus
3146 1735 3389 1789 ecclesiis
3412 1753 3564 1806 pres-

320 1818 487 1871 altare
515 1818 757 1882 sindone,
789 1831 906 1886 qua:
929 1817 1079 1886 prius
1111 1815 1287 1869 fuerat
1332 1816 1430 1870 sub
1471 1815 1758 1885 Evangelio
1787 1831 1885 1884 po.-

321 1907 446 1971 sita,
475 1907 529 1960 in
557 1907 771 1960 modum
799 1905 1046 1963 furantis.
1077 1903 1255 1974 Aliqui
1277 1919 1405 1959 vero
1429 1914 1714 1973 antequam
1742 1904 1885 1976 lega-

264 1987 274 1992 ’
323 2008 409 2051 tur
451 1996 654 2062 Passio,
685 2002 1001 2066 praeparant
1035 1995 1287 2053 sindones
1332 1995 1465 2048 duas
1512 1994 1614 2047 sibi
1657 1994 1885 2052 invicem

319 2102 606 2157 parumper
645 2086 994 2149 cohaerentes,
1021 2092 1076 2137 et
1116 2085 1172 2138 in
1201 2099 1464 2139 eoversu
1513 2083 1605 2136 ubi
1649 2083 1846 2152 legitur
1870 2101 1901 2136 ει

321 2177 514 2245 Partiti
541 2185 660 2230 sunt
690 2177 991 2230 vestimenta
1031 2191 1146 2226 mea
1187 2173 1305 2238 sibi,
1338 2173 1586 2230 scindunt
1615 2173 1741 2227 hinc
1766 2174 1888 2228 inde

268 2275 273 2290 ‘
320 2269 466 2338 ipsas
518 2266 770 2321 sindones
821 2265 1049 2333 desuper
1108 2262 1265 2316 altari
1318 2262 1372 2316 in
1429 2261 1652 2316 modum
1697 2258 1884 2314 furan-

321 2358 409 2424 tis,
438 2364 491 2411 et
518 2371 698 2411 secum
726 2353 995 2409 auferunt.
1042 2352 1177 2419 Quia
1213 2351 1382 2406 altare
1425 2350 1695 2410 Christum
1725 2350 1889 2422 signi-

323 2449 465 2514 ficat,
513 2453 568 2501 et
610 2446 878 2516 apostolos
926 2446 1245 2500 vestimenta
1296 2444 1492 2513 ipsius;
1543 2444 1792 2497 convenit
1830 2451 1889 2498 ut

321 2519 510 2604 subtus
555 2537 897 2608 Evangelium
946 2536 1144 2605 aliquid
1183 2533 1364 2604 jaceat
1407 2535 1476 2589 ob
1523 2535 1884 2600 honestatem,

320 2643 426 2697 quo
448 2627 678 2692 sublato,
703 2628 906 2682 raditur
929 2626 1148 2697 [Amal.,
1169 2625 1396 2698 rapitur]
1420 2626 1560 2695 quod
1585 2626 1882 2695 subjectum

321 2717 608 2785 fuitzquia
655 2717 833 2771 dedito
881 2717 1094 2771 Christo
1137 2717 1278 2771 inter
1319 2733 1512 2772 manus
1559 2718 1903 2786 iniquorum,

320 2808 545 2878 apostoli
572 2807 836 2878 fugerunt.
869 2808 972 2861 Per
1000 2808 1276 2862 sindonem
1302 2823 1431 2862 vero
1455 2816 1636 2876 potest
1660 2809 1884 2878 intelligi

319 2895 569 2963 Joannes,
617 2898 709 2967 qui
758 2898 1120 2966 perseveravit
1169 2914 1290 2952 cum
1334 2899 1561 2953 Domino
1604 2915 1774 2968 usque
1817 2901 1885 2956 ad

319 2995 642 3054 crucem,_,et
680 2997 864 3057 postea
907 3002 963 3040 sc
1007 2987 1258 3041 occuluit.
1305 2987 1456 3054 Quod
1497 3004 1625 3043 vero
1654 2989 1768 3058 ipso
1796 2990 1880 3044 die

317 3077 837 3151 pannusgscinditur,
882 3077 985 3140 hoc
1011 3077 1328 3146 portendere
1354 3076 1593 3141 videtur,
1628 3077 1772 3146 quod
1802 3078 1884 3147 pi-

319 3151 474 3232 ctura
495 3169 548 3230 in
568 3167 862 3238 parietibus
884 3182 1158 3236 expressa,
1186 3167 1454 3233 videlicet,
1481 3175 1541 3221 ut
1563 3183 1776 3237 semper
1799 3182 1885 3223 rc-

321 3259 561 3322 colamus
605 3257 888 3311 Dominum
917 3273 1014 3326 pro
1041 3256 1198 3312 nobis
1221 3272 1456 3326 passum,
1482 3265 1538 3311 et
1567 3258 1883 3311 vestimenta

319 3349 436 3420 ejus
482 3348 641 3403 fuisse
681 3348 868 3402 divisa.
918 3347 1174 3402 Tenebras
1217 3346 1476 3403 luminum
1522 3348 1642 3402 ideo
1682 3350 1885 3402 exstin-

320 3441 497 3503 ctione
520 3440 837 3508 ﬁgurantur,
855 3439 979 3507 quia
1005 3446 1130 3501 tunc
1148 3453 1274 3492 vera
1296 3438 1385 3492 lux
1405 3439 1590 3501 mundi
1611 3440 1880 3503 occubuit,

320 3539 375 3599 et
416 3533 647 3587 tenebrae
675 3540 844 3584 totum
885 3530 1140 3584 mundum
1188 3538 1532 3599 operuerunt.
1580 3531 1880 3586 Notandum

318 3631 403 3680 est
426 3622 586 3684 enim,
609 3621 738 3689 quia
755 3621 808 3673 in
833 3619 1072 3686 Romana
1093 3619 1329 3674 Ecclesia
1359 3621 1716 3690 exstinguitur
1737 3629 1882 3675 totus

319 3712 459 3784 ignis
501 3711 554 3763 in
603 3715 756 3770 sexta
798 3707 930 3761 feria
952 3715 1048 3773 ,_et
1093 3707 1576 3761 reaccenditurzin
1607 3711 1711 3764 hoc
1740 3710 1884 3764 facta

320 3807 594 3874 imitamur
629 3801 978 3871 principalem
1022 3802 1222 3870 ignem,
1253 3801 1303 3854 id
1349 3807 1431 3855 est
1479 3803 1648 3856 solem
1692 3819 1884 3871 corpo-

318 3905 468 3955 reum
487 3936 502 3960 ,
529 3895 622 3964 qui
648 3894 714 3947 ab
742 3891 992 3946 humanis
1035 3889 1308 3945 obtutibus
1333 3905 1390 3944 sc
1417 3890 1698 3944 abscondit
1743 3899 1882 3945 tem-

319 4001 448 4057 pore
475 3982 739 4054 passionis
767 3997 797 4035 a
825 3988 974 4036 sexta
1003 3981 1136 4034 hora
1165 3994 1335 4048 usque
1361 3981 1427 4033 ad
1450 3993 1668 4044 nonam,
1691 3994 1757 4033 ne
1786 3995 1884 4034 suo

320 4077 518 4131 lumine
544 4074 851 4128 fruerentur
877 4073 966 4142 qui
998 4072 1134 4126 male
1161 4073 1464 4140 gaudebant
1495 4072 1561 4126 de
1589 4073 1881 4143 ignominia

321 4168 530 4228 Domini
556 4168 658 4222 sui.
687 4166 798 4220 Hac
819 4180 982 4220 causa
1005 4165 1359 4234 exstinguitur
1379 4165 1432 4230 in
1452 4180 1506 4221 γι
1532 4165 1684 4231 feria,
1709 4183 1760 4220 v1
1786 4168 1884 4221 ho-

320 4276 404 4325 ra,
431 4268 486 4315 et
509 4267 798 4316 renovatur
823 4259 967 4313 circa
990 4259 1176 4312 horam
1205 4273 1424 4323 nonam,
1447 4259 1588 4314 inter
1615 4276 1733 4329 quae
1755 4275 1884 4314 con-

319 4350 486 4418 venit,
506 4359 570 4405 ut
583 4351 667 4405 his
689 4349 835 4408 horis
859 4349 973 4402 haec
995 4349 1317 4413 recolantur,
1340 4349 1534 4417 quibus
1555 4359 1702 4420 gesta
1733 4361 1877 4406 sunt.

391 4442 512 4496 Mox
533 4447 828 4510 sequuntur
845 4441 1117 4495 orationes
1135 4440 1400 4495 solemnes
1426 4441 1492 4495 ad
1521 4441 1876 4498 Hierusalem.

320 4532 596 4588 Solemnes
632 4531 880 4585 dicuntur
899 4571 914 4594 ,
946 4531 1068 4598 quia
1095 4531 1162 4585 ab
1185 4531 1433 4586 omnibus
1460 4532 1770 4588 solemniter
1789 4535 1882 4588 de-

317 4624 448 4678 bent
473 4620 750 4676 celebrari.
780 4619 866 4673 Fit
887 4620 941 4673 in
969 4621 1047 4674 cis
1073 4621 1286 4674 mentio
1299 4622 1536 4675 omnium
1566 4622 1799 4677 ﬁdelium
1829 4633 1885 4679 et

320 4712 635 4768 inﬁdelium.
665 4711 774 4766 Nec
801 4712 868 4766 ab
897 4727 954 4765 rc
987 4720 1091 4777 est,
1117 4713 1258 4780 quod
1286 4714 1552 4782 pendente
1577 4715 1800 4771 Domino
1827 4718 1882 4772 in

319 4817 502 4866 cruce,
525 4808 579 4855 et
601 4799 805 4864 ludatis
822 4801 896 4854 illi
919 4801 1318 4868 insultantibus,
1342 4818 1438 4872 pro
1465 4803 1594 4872 ipsis
1622 4806 1878 4860 oraverit.

319 4892 399 4946 Ex
421 4891 523 4946 hoc
543 4899 598 4945 et
618 4905 718 4946 nos
733 4891 798 4956 ad
815 4892 1128 4947 memoriam
1152 4892 1494 4957 reducamus,
1509 4894 1652 4962 quod
1667 4895 1881 4964 quando

318 4981 519 5052 aliquid
558 4981 780 5036 moleste
825 4981 1089 5050 patimur,
1111 4989 1205 5035 aut
1235 4981 1303 5036 ab
1331 4982 1562 5036 inimicis
1601 4986 1882 5052 persequi-

319 5089 462 5137 mur,
491 5073 558 5128 ad
585 5072 878 5127 orationem
905 5072 1045 5127 illico
1071 5072 1357 5144 confugere
1387 5071 1695 5128 debeamus.
1727 5075 1754 5113 b
1777 5075 1882 5144 Pro

390 5196 416 5223 α
454 5183 656 5246 Amal.,
686 5181 787 5236 loc.
813 5181 904 5235 cit.

393 5253 420 5292 δ
458 5252 652 5313 Amal.,
682 5251 782 5306 loc.
808 5251 899 5304 cit.

393 5333 416 5359 θ
457 5322 654 5384 Amal.,
677 5337 795 5389 cap.
831 5321 912 5373 M.

389 5390 415 5429 ἀ
459 5391 669 5443 Orario.
712 5387 957 5444 Orarium
988 5388 1133 5442 varia
1179 5387 1566 5459 signiﬁcatione
1595 5389 1872 5459 accipitur.

321 5460 387 5514 de
423 5475 530 5529 quo
561 5461 666 5513 vid.
700 5461 956 5528 Cangium
978 5501 992 5524 ,
1027 5473 1142 5529 voc.
1186 5458 1450 5511 orarium.
1494 5459 1608 5513 Hoc
1640 5458 1756 5513 loco
1795 5470 1875 5514 est

319 5528 578 5600 oblongus
606 5539 752 5598 tapcs
775 5530 944 5582 instar
966 5528 1150 5600 orarii,
1169 5528 1257 5595 qui
1282 5529 1640 5600 substernitur
1660 5543 1871 5600 crucem

323 5597 988 5670 adoraturisfpertingcns
1034 5615 1064 5652 a
1102 5598 1221 5652 loco
1257 5597 1348 5652 ubi
1393 5613 1521 5651 crux
1563 5597 1736 5667 posita
1766 5608 1869 5665 est,

1909 4394 1961 4454 Ι)

1989 1822 2300 1901 byterorum
2357 1836 2450 1874 seu
2499 1822 2873 1891 episcoporum
2900 1863 2914 1888 ,
2977 1830 3137 1893 atque
3194 1827 3560 1882 cmnobiorum

1985 1919 2317 1981 prtepara-tur
2359 1927 2492 1967 crux
2537 1920 2660 1966 ante
2705 1912 2909 1978 altare,
2946 1922 3000 1968 et
3054 1923 3389 1970 sustentatur
3434 1918 3562 1972 hinc

1989 2002 2111 2056 inde
2137 2019 2167 2057 a
2200 2002 2406 2058 duobus
2449 2003 2695 2075 acolytis,
2726 2006 2901 2075 posito
2951 2015 3076 2061 ante
3128 2022 3250 2062 eam
3297 2009 3478 2063 orario
3505 2009 3557 2074 ἀ,

1987 2091 2134 2146 venit
2160 2091 2418 2164 pontifex.
2440 2073 2608 2157 solus,
2637 2101 2690 2146 et
2738 2073 3017 2148 adoratam
3062 2097 3405 2153 deosculatur
3440 2073 3558 2155 cru?

1989 2195 2125 2236 cem.
2169 2182 2370 2236 Deinde
2400 2184 2702 2252 presbyteri
2732 2193 2786 2238 et
2815 2185 3022 2240 diaconi
3046 2196 3100 2242 et
3125 2193 3305 2245 caeteri
3336 2207 3434 2260 per
3470 2209 3559 2247 or-

1988 2273 2189 2337 dinem,
2217 2273 2405 2327 deinde
2435 2273 2681 2348 populus.
2716 2274 2961 2338 Pontifex
2992 2294 3121 2332 vero
3162 2282 3311 2335 sedet
3350 2283 3404 2336 in
3432 2286 3557 2339 sede

1986 2361 2157 2418 donec
2180 2377 2366 2417 omnes
2392 2362 2644 2419 salutent.
2673 2375 2695 2402 θ
2719 2364 3023 2436 Presbyteri
3051 2384 3178 2424 vero
3201 2371 3304 2426 duo
3324 2374 3554 2441 priores,

1987 2452 2217 2506 salutata
2269 2467 2448 2518 cruce,
2495 2453 2698 2507 intrant
2752 2456 2806 2528 ip
2853 2458 3172 2524 sacrarium,
3203 2469 3258 2514 et
3308 2461 3556 2519 deferunt

1987 2559 2183 2614 corpus
2206 2544 2438 2607 Domini,
2469 2545 2609 2614 quod
2638 2547 2811 2616 pridie
2835 2550 3115 2615 remansit,
3143 2561 3401 2620 ponentes
3427 2554 3553 2610 illud

1987 2635 2040 2688 in
2071 2642 2286 2706 patena,
2317 2643 2371 2689 ct
2398 2634 2754 2691 subdiaconus
2773 2683 2779 2696 ε
2796 2645 2942 2696 tenet
2985 2650 3110 2696 ante
3157 2642 3301 2712 ipsos
3335 2645 3553 2700 calicem

1987 2741 2109 2780 cum
2153 2726 2278 2780 vino
2316 2740 2423 2778 non
2469 2735 2802 2790 consecrato,
2832 2736 2884 2781 et
2902 2727 3042 2793 alter
3073 2731 3434 2788 subdiaconus
3462 2750 3554 2803 pa-

1985 2822 2164 2870 tenam
2216 2830 2337 2870 cum
2391 2815 2696 2884 supradicto
2741 2832 2967 2886 corpore
3011 2819 3310 2895 Domini,la
3360 2825 3555 2892 quibus

1986 2905 2255 2972 accipiunt
2299 2904 2600 2974 presbyteri
2648 2913 2898 2973 patenam
2949 2915 3004 2960 et
3051 2908 3321 2976 calicem,
3355 2922 3409 2966 et
3461 2929 3554 2982 po-

1983 3001 2120 3047 nunt
2141 3008 2301 3061 super
2321 2993 2489 3047 altare
2515 2995 2790 3048 nudatum.
2817 2992 3059 3056 Pontifex
3082 3012 3207 3056 vero
3227 3001 3398 3058 sedet.
3427 3002 3552 3057 dum

1985 3084 2184 3138 salutat
2223 3083 2450 3153 populus
2494 3099 2730 3140 crucem.
2765 3083 3041 3146 Salutante
3075 3087 3217 3147 enim
3248 3090 3397 3158 prius
3422 3108 3554 3161 pon-

1987 3175 2127 3229 tiﬁce
2159 3189 2250 3228 seu
2295 3173 2513 3243 populo,
2547 3182 2796 3228 cantatur
2819 3175 3108 3244 antiphona
3136 3191 3150 3228 :
3181 3176 3312 3231 Ecce
3355 3178 3554 3250 lignum

1984 3265 2172 3318 crucis.
2220 3263 2364 3318 Psal.
2404 3263 2552 3316 Beati
2581 3263 2925 3317 immaculati.
2962 3263 3094 3325 Item
3132 3265 3385 3328 :Crucem
3409 3279 3553 3322 tuam

1983 3356 2298 3420 adoramus,
2356 3363 2460 3408 etc.
2509 3354 2649 3408 Psal.
2694 3353 2835 3408 Deus
2865 3355 3189 3411 misereatur.
3229 3358 3345 3412 Alia
3375 3378 3394 3413 ι.
3415 3345 3552 3421 Dum

1982 3447 2286 3516 fabricator.
2337 3446 2560 3513 Quando
2608 3448 2747 3502 hanc
2794 3462 3007 3503 crucem
3061 3451 3364 3517 adoramus,
3395 3467 3555 3510 omne

1983 3555 2179 3610 corpus
2205 3548 2447 3593 nostrum
2489 3539 2691 3594 hzereat
2721 3545 2910 3603 terra},
2948 3547 3002 3593 et
3032 3541 3205 3610 ipsum
3233 3558 3391 3612 quem
3419 3545 3552 3599 ado-

1985 3649 2184 3698 ramus,
2209 3635 2364 3703 quasi
2387 3635 2708 3704 pendentem
2736 3634 2790 3687 in
2816 3651 2878 3688 ea
2905 3643 3084 3690 mente
3114 3652 3418 3702 cernamus,
3447 3640 3554 3692 vir-

1985 3731 2257 3791 tutemque
2301 3740 2462 3792 quam
2493 3725 2702 3793 accepit
2745 3739 2811 3777 ex
2839 3725 2932 3778 Dei
2961 3724 3116 3790 Filio,
3148 3726 3318 3794 ipsam
3363 3726 3554 3780 adora-

1985 3827 2121 3867 mus.
2158 3811 2556 3867 Prosternimur
2590 3812 2610 3850 ί
2641 3827 2862 3879 corpore
2907 3820 3030 3867 ante
3075 3829 3289 3868 crucem
3311 3854 3326 3878 ,
3373 3826 3553 3870 mente

1985 3911 2108 3956 ante
2149 3902 2432 3954 Dominum
2459 3919 2472 3951 :
2499 3915 2818 3954 veneramur
2862 3917 3074 3955 crucem
3121 3917 3217 3970 per
3257 3919 3418 3972 quam
3468 3921 3552 3958 re-

1984 3991 2184 4070 dempti
2209 4004 2415 4051 sumus,
2441 3996 2497 4042 et
2515 3988 2664 4042 illum
2687 3989 3037 4058 deprecamur
3057 3992 3146 4060 qui
3169 3992 3413 4047 redemit.
3449 3993 3550 4060 Qui

1984 4096 2112 4135 vero
2140 4095 2245 4134 non
2272 4087 2496 4150 possunt
2526 4079 2728 4134 habere
2751 4079 2816 4134 de
2839 4079 2984 4150 ligno
3011 4081 3242 4147 Domini,
3271 4083 3417 4137 salva
3445 4082 3550 4139 ﬁde

1985 4172 2209 4225 adorant
2237 4156 2383 4224 illam
2425 4185 2590 4242 quam
2621 4169 2838 4236 habent,
2867 4169 2933 4224 de
2959 4171 3152 4240 quibus
3194 4174 3550 4228 venerationi-

1984 4263 2083 4315 bus
2111 4275 2230 4331 qua:
2256 4259 2600 4324 conveniunt,
2623 4274 2721 4334 per
2749 4259 2984 4329 singulas
3010 4262 3282 4316 orationes
3310 4263 3549 4331 superio-

1985 4369 2102 4418 res,
2132 4351 2322 4408 beatus
2368 4349 2604 4407 Joannes
2645 4351 3057 4423 Chrysostomus
3085 4353 3226 4408 inter
3251 4361 3440 4409 caatera
3469 4355 3548 4410 sic

1983 4443 2116 4496 dicit
2145 4443 2190 4495 δ.
2221 4458 2241 4492 ι
2269 4440 2414 4496 Crux
2437 4443 2465 4482 ιι
2487 4440 2650 4512 480
2669 4442 2919 4496 Ecclesiae
2942 4429 3367 4510 fundamentum,
3387 4453 3548 4514 atque

1981 4533 2128 4590 orbis
2161 4539 2319 4587 terra:
2346 4531 2575 4586 cautela.
2621 4530 2766 4585 Crux
2795 4533 3132 4588 annuntiatio
3160 4535 3543 4603 apostolorum,

1982 4622 2229 4692 gloriatio
2256 4629 2575 4692 martyrum,
2607 4636 2729 4690 spes
2757 4620 3206 4678 Christianorum.
3236 4624 3376 4679 Crux
3412 4643 3544 4696 gau-

1981 4713 2128 4766 dium
2175 4712 2528 4775 sacerdotum,
2571 4711 2836 4780 virginum
2879 4713 3131 4780 castitas,
3161 4718 3546 4772 monachorum

1983 4800 2324 4855 abstinentia.
2370 4799 2514 4853 Crux
2563 4799 2944 4869 imperatorum
2987 4803 3340 4874 philosophia,
3372 4817 3426 4860 et
3455 4822 3544 4860 re—

1983 4904 2108 4961 gum
2135 4888 2557 4958 magniﬁcentia,
2578 4897 2630 4943 et
2659 4889 2954 4944 destructio
2980 4894 3351 4962 superborum.
3402 4895 3546 4951 Crux

1981 4977 2356 5049 :egrotantium
2387 4977 2648 5042 medicus,
2693 4979 3056 5049 navigantium
3088 4983 3422 5051 gubernatio,
3459 4993 3544 5037 at-

1982 5084 2085 5140 que
2129 5067 2542 5139 periclitantium
2587 5077 2795 5140 portus.
2846 5070 2990 5125 Crux
3037 5072 3429 5128 insensatorum
3462 5091 3545 5128 sa-

1983 5196 2153 5250 usque
2182 5181 2248 5234 ad
2277 5181 2509 5236 medium
2538 5181 2761 5235 chorum
2799 5182 3017 5237 circiter
3041 5201 3052 5235 :
3077 5183 3215 5250 quod
3246 5185 3409 5237 etiam
3444 5181 3544 5240 hoc

1984 5263 2222 5320 tempore
2253 5251 2365 5304 ﬁeri
2396 5250 2529 5304 solet
2564 5251 2616 5303 in
2643 5252 2962 5320 quibusdam
2987 5253 3258 5314 ecclesiis.
3287 5262 3340 5306 et
3367 5255 3422 5310 in
3449 5269 3540 5307 no-

1982 5332 2094 5375 stra
2119 5321 2174 5373 S.
2206 5321 2547 5374 Emmerami.
2580 5320 2731 5376 Πυςο
2759 5321 3002 5375 Memno.
3032 5323 3087 5376 in
3113 5330 3223 5378 not.
3251 5323 3373 5378 288.

2058 5404 2080 5428 θ
2121 5390 2316 5452 Amal.,
2349 5405 2465 5458 cap.
2503 5389 2587 5442 15.

2056 5461 2074 5497 f
2117 5460 2312 5512 Amal..
2338 5459 2439 5512 loc.
2463 5460 2553 5512 cit.

2050 5534 2075 5640 ζ
2205 5499 2716 5653 Crrylrtostnllomil.
2737 5531 2788 5585 in
2817 5538 3060 5586 sanctam
3085 5531 3310 5588 Crucem
3331 5533 3531 5605 spuria.

2114 5642 2128 5651 .
2162 5614 2244 5653 ma
2273 5638 2309 5653 ..
2362 5615 2442 5653 oc.
2475 5607 2564 5652 ut.

2114 5614 2309 5666 amab,
2342 5614 2442 5654 loc.
2475 5614 2564 5652 cu.
