3914 6178
384 300 511 354 1211

1229 299 1291 354 B.
1332 299 1397 356 F.
1436 300 1665 355 ALBlNl
1702 300 1834 357 SEU
1872 298 2150 357 ALCUlNl
2185 302 2468 360 OPERUM
2505 302 2683 360 PARS
2716 304 2809 359 IX.

3496 308 3625 364 1212

376 416 603 486 pientia,
645 424 806 484 atque
846 414 1066 470 libertas
1105 430 1405 472 servorum.
1452 414 1596 470 Crux
1639 415 1950 471 scandalum
1978 417 2024 474 Δ
2056 427 2165 473 tam
2209 420 2404 475 audivi.
2437 419 2592 477 Unde
2641 422 2802 477 toties
2849 429 2903 477 te
2948 430 3226 493 rogantem
3273 424 3476 491 distuli,
3504 429 3627 497 quia

378 503 685 559 ludaorum
728 514 889 573 atque
927 504 1159 574 perditio
1187 505 1495 573 impiorum.
1542 505 1689 560 Crux
1729 504 1955 576 templo-

382 612 502 651 rum
532 598 830 653 destructio
854 605 909 651 et
939 597 1174 668 repulsio
1203 597 1486 652 idolorum.
1513 617 1531 649 ι

455 689 573 757 Qua
599 689 831 745 salutata
875 701 930 745 et
957 692 1193 762 reposita
1220 692 1273 744 in
1303 691 1422 746 loco
1448 706 1574 753 suo,
1604 692 1751 745 venit
1780 701 1954 761 ponti-

380 779 470 835 fex
501 789 627 838 ante
664 782 835 837 altare
880 790 936 838 et
962 783 1132 837 dicit:
1161 782 1442 853 Prmceptis
1487 782 1806 837 salutaribus
1844 799 1956 836 mo-

383 871 498 924 niti.
549 870 711 926 Pater
758 883 950 926 noster.
999 871 1187 925 Libera
1217 889 1331 935 nos,
1363 889 1681 944 qua'aumus,
1708 873 1949 927 Domine.

382 959 518 1016 Cum
543 977 672 1016 vero
711 962 966 1026 dixerint,
998 960 1184 1025 Amen,
1213 962 1377 1015 sumit
1399 963 1463 1016 de
1492 978 1630 1033 pane
1662 971 1870 1028 sancto,
1901 972 1956 1018 et

380 1055 533 1124 ponit
561 1055 614 1109 in
640 1055 859 1111 calicem
883 1053 1105 1108 silendo.
1138 1052 1257 1107 Paa:
1275 1052 1490 1108 Domini
1514 1070 1619 1108 non
1652 1055 1801 1118 dicit,
1829 1055 1954 1123 quia

383 1162 491 1201 non
518 1155 815 1215 sequuntur
847 1143 1029 1199 oscula
1056 1143 1544 1199 circumstantium.
1576 1143 1955 1198 Sanctificatur

383 1244 565 1289 autem
613 1236 795 1288 vinum
838 1250 945 1289 non
992 1246 1363 1289 consecratum
1412 1251 1512 1305 per
1565 1236 1957 1290 sanctificatum

383 1340 577 1394 panem
607 1337 655 1378 ιι.
704 1324 856 1379 Tunc
898 1325 1297 1379 communicant
1327 1341 1516 1380 omnes
1554 1342 1676 1382 cum
1721 1326 1953 1391 silentio,

382 1422 437 1469 et
465 1414 677 1484 expleta
704 1422 831 1468 sunt
856 1414 1129 1469 universa.
1158 1415 1235 1470 De
1262 1416 1364 1471 hac
1392 1425 1569 1472 autem
1600 1418 1961 1473 communica-

385 1506 530 1560 tione
554 1514 739 1559 utrum
759 1506 949 1561 debeat
977 1504 1112 1570 ﬁeri,
1141 1521 1307 1575 supra
1332 1508 1561 1562 relatum
1584 1516 1686 1563 est.
1720 1509 1959 1580 Denique

386 1606 603 1668 petente
622 1598 779 1651 hodie
795 1612 988 1666 corpus
1005 1597 1213 1652 Domini
1235 1597 1432 1667 Joseph
1454 1613 1599 1665 sero,
1623 1607 1678 1654 et
1691 1601 1957 1669 aspicien-

389 1689 536 1744 tibus
567 1688 881 1743 mulieribus
904 1703 1093 1758 usque,
1120 1687 1690 1757 sepulto,revertentes
1710 1699 1959 1744 emerunt

2053 526 2153 566 nec
2180 511 2294 575 tibi,
2325 526 2424 567 nec
2447 511 2742 581 quidquam
2773 508 3071 584 [cuiquam]
3105 512 3308 583 aliquid
3334 514 3516 572 dicere
3538 534 3631 574 vo-

2052 599 2159 666 lui,
2189 601 2332 669 quod
2379 615 2486 654 non
2531 601 2768 655 evidenti
2817 601 3057 663 ratione,
3089 611 3181 656 aut
3226 602 3633 675 Seripturarum

2052 690 2375 745 auctoritate
2401 704 2611 760 possem
2632 691 2880 760 probare.
2910 692 3050 760 Quid
3072 703 3251 750 autem
3279 698 3409 752 mihi
3434 701 3630 756 exinde

2051 781 2317 846 videatur,
2353 782 2475 835 viva
2502 798 2634 837 voce
2676 790 2946 853 utcunque
2971 784 3067 839 tibi
3110 786 3262 842 nisus
3289 803 3409 843 sum
3435 791 3629 860 expla-

2052 887 2200 934 nare,
2227 879 2288 925 ut
2315 871 2392 925 sic
2419 887 2505 927 me
2549 872 2902 928 subducerem
2929 876 2998 931 ab
3042 876 3147 933 hac
3192 881 3628 949 scrupulositate.

2052 959 2185 1014 Cum
2232 961 2377 1015 enim
2413 960 2558 1016 dicat
2599 960 2875 1028 Salomon,
2917 963 3119 1019 Altiora
3173 976 3227 1021 te
3276 986 3338 1023 ne
3380 974 3633 1025 scrutaris

2056 1048 2245 1119 (Eccli.
2276 1066 2358 1116 lli,
2387 1050 2500 1122 22),
2549 1066 2741 1107 vereor
2770 1052 2861 1107 illa
2886 1064 3138 1125 appetere
3164 1057 3233 1113 ad
3254 1074 3375 1128 quae
3396 1061 3635 1116 tenuitas

2056 1138 2305 1208 ingenioli
2347 1140 2454 1195 mei
2495 1157 2604 1196 non
2632 1142 2811 1197 valeat
2847 1160 3151 1217 assurgere.
3185 1148 3456 1205 Modulum
3485 1154 3636 1208 enim

2056 1246 2210 1282 suum
2236 1246 2671 1301 unumquemque
2698 1234 3041 1291 considerare
3073 1238 3369 1307 prudenter
3402 1256 3507 1296 nos
3533 1242 3631 1297 ad-

2058 1329 2240 1376 monet
2265 1320 2481 1393 lyricus.
2514 1322 2699 1378 dicens
2725 1342 2739 1378 :

2210 1411 2297 1461 Est
2318 1413 2552 1475 quoddam
2577 1416 2772 1477 prodire
2792 1424 2956 1478 tenus,
2983 1418 3023 1466 si
3051 1431 3146 1467 non
3168 1418 3311 1469 datur
3331 1420 3477 1472 ultra.

2058 1494 2190 1550 Cum
2220 1508 2349 1565 ergo
2392 1496 2549 1566 hujus
2577 1496 2655 1551 rei
2695 1497 3021 1552 audientiam
3069 1500 3164 1554 tibi
3194 1500 3437 1557 sufﬁcere
3467 1503 3636 1560 dixis-

2061 1599 2196 1649 sem,
2223 1592 2473 1639 causatus
2497 1599 2556 1641 es
2582 1584 2828 1657 fragilem
2866 1603 2985 1641 esse
3015 1589 3262 1643 humana:
3288 1592 3489 1647 mentis
3519 1609 3632 1649 nie-

2062 1675 2309 1741 moriam,
2339 1691 2438 1730 nec
2464 1675 2647 1730 audita
2686 1676 2777 1731 diu
2805 1679 3055 1741 retinere,
3084 1686 3137 1733 et
3173 1682 3242 1736 ob
3278 1682 3383 1737 hoc
3424 1684 3640 1739 litteras

389 1789 652 1846 aromata,
684 1789 738 1835 et
784 1751 1423 1852 unguenta,et-sabbato
1463 1784 1708 1849 sequenti
1734 1792 1955 1852 propter
1989 1751 2032 1811 Β
2060 1778 2178 1819 esse
2217 1773 2485 1835 repertas:
2531 1766 2726 1834 quibus
2766 1767 2929 1821 Oblita
2974 1783 3070 1838 Per
3117 1769 3400 1836 incuriam,
3426 1775 3642 1842 Ρθεείηί

390 1872 703 1925 mandatum
752 1872 1035 1935 siluerunt,
1080 1879 1438 1941 parantesque
1468 1882 1734 1938 aromata,
1779 1890 1969 1939 mane,

388 1970 449 2014 ιιι
469 1967 732 2030 ungerent
757 1976 951 2029 corpus
977 1959 1212 2026 Domini,
1244 1971 1530 2016 venerunt.

461 2048 697 2117 Quaestio
723 2068 735 2103 :
764 2050 942 2117 Quare
970 2052 1185 2106 dicatur
1210 2052 1470 2110 Dominus
1499 2055 1672 2111 tribus
1698 2054 1891 2112 diebus
1908 2066 1963 2112 et

392 2141 565 2197 tribus
613 2141 861 2196 noctibus
906 2139 1075 2197 fuisse
1115 2141 1169 2196 in
1217 2143 1380 2198 corde
1423 2152 1601 2207 terrm,
1644 2162 1797 2210 cum,
1826 2147 1966 2201 sicut

392 2231 720 2302 evangelista
770 2228 957 2295 refert,
986 2230 1286 2286 Parasceve
1333 2234 1465 2287 hora
1514 2242 1666 2288 sexta
1694 2234 1764 2288 sit
1792 2236 1965 2291 cruci-

391 2322 552 2389 fixus,
583 2331 640 2377 et
683 2322 900 2377 circiter
939 2324 1074 2378 hora
1104 2337 1264 2388 nona,
1297 2325 1551 2380 inclinato
1579 2326 1776 2396 capite,
1802 2327 1964 2397 spiri-

393 2424 505 2469 tum
535 2413 794 2478 emiserit,
818 2414 1042 2469 sabbato
1063 2415 1116 2468 in
1139 2415 1383 2484 sepulcro
1408 2416 1690 2485 quieverit,
1713 2426 1768 2471 et
1791 2416 1963 2487 prima

395 2503 608 2559 sabbati
635 2503 789 2558 valde
811 2503 1044 2558 diluculo
1067 2518 1098 2557 a
1118 2509 1345 2560 mortuis
1373 2508 1702 2560 surrexerit?
1732 2505 1839 2561 Sed
1863 2508 1966 2563 hoc

396 2592 816 2664 synecdochicos
869 2586 1238 2662 accipiendum
1289 2605 1409 2662 est,
1440 2610 1473 2649 a
1518 2604 1671 2666 parte
1717 2596 1967 2652 videlicet

395 2691 583 2738 totum.
637 2680 770 2736 Nam
810 2682 856 2737 si
897 2690 1107 2752 partem
1149 2683 1475 2739 Parasceves
1520 2701 1641 2740 cum
1692 2686 1964 2756 praeterita

396 2778 552 2826 nocte
581 2785 686 2840 qua
717 2773 1139 2841 comprehensus
1163 2782 1264 2839 est,
1294 2775 1544 2846 accipias,
1575 2776 1809 2846 itemque
1838 2778 1963 2832 sab-

393 2861 576 2915 batum
605 2875 728 2914 cum
757 2875 853 2940 sua
880 2861 1232 2917 nihilominus
1256 2872 1433 2931 nocte,
1458 2874 1511 2919 et
1540 2882 1727 2921 rursus
1753 2875 1966 2922 noctem

395 2949 727 3004 Dominicam
769 2965 891 3006 cum
940 2952 1130 3007 eodem
1177 2953 1284 3019 die,
1310 2970 1415 3025 quo
1461 2955 1804 3012 illucescente
1849 2974 1966 3014 sur-

2060 1854 2366 1924 recuperari
2395 1870 2492 1924 per
2519 1854 2871 1927 diligentiam,
2898 1866 2953 1911 et
2991 1859 3112 1914 ideo
3150 1860 3328 1915 aerius
3368 1862 3641 1928 institisti,

2059 1952 2121 1998 ut
2146 1944 2261 1998 haec
2293 1944 2388 1999 tibi
2417 1943 2772 2015 qualicunque
2801 1947 2938 2017 stylo
2976 1948 3172 2004 litteris
3215 1952 3468 2005 mandata
3513 1969 3643 2007 corr

2064 2035 2349 2089 traderem.
2399 2033 2456 2089 Si
2499 2036 2628 2105 quid
2674 2052 2802 2106 ergo
2852 2037 3089 2106 ineptum
3136 2041 3480 2109 processerit,
3528 2058 3643 2096 non

2061 2139 2193 2179 mea:
2225 2125 2537 2191 temeritati,
2565 2126 2661 2181 sed
2684 2127 3003 2197 tuaajustius
3044 2128 3394 2198 imputabitur
3427 2129 3645 2200 impor-

2064 2217 2297 2271 tunitati.
2328 2216 2643 2288 Quanquam
2667 2218 2811 2273 haud
2840 2220 2973 2285 scio,
3002 2226 3315 2274 utrumnam
3342 2220 3489 2290 quod
3519 2236 3647 2276 sen-

2063 2310 2158 2377 tio,
2180 2312 2361 2365 verbis
2383 2311 2588 2366 valeam
2617 2311 2908 2382 explicare.

2133 2398 2340 2466 Qumris
2371 2400 2534 2469 igitur
2574 2415 2697 2454 cum
2721 2409 3031 2455 sanctorum
3058 2402 3189 2464 dies,
3218 2401 3415 2471 quibus
3441 2401 3510 2456 de
3537 2402 3645 2457 hoc

2064 2489 2259 2544 saeculo
2288 2490 2676 2560 migraverunt,
2715 2492 3027 2547 solemniter
3053 2499 3108 2547 et
3142 2507 3265 2546 cum
3313 2507 3511 2562 magna
3547 2506 3646 2546 ex-

2063 2577 2353 2633 sultatione
2396 2578 2753 2644 celebremus,
2780 2581 2913 2636 adeo
2939 2588 2997 2635 ut
3027 2582 3079 2636 in
3111 2582 3265 2652 ipsis,
3293 2581 3643 2637 abstinentia:

2064 2668 2451 2737 aliquantulum
2498 2669 2675 2740 rigore
2705 2669 2912 2736 laxato,
2944 2672 3218 2743 paululum
3253 2673 3537 2727 remissius
3563 2672 3645 2726 vi-

2064 2774 2275 2836 vamus,
2293 2772 2391 2812 cur
2409 2757 2549 2813 diem
2574 2760 2839 2829 passionis
2859 2759 3078 2825 Christi,
3096 2777 3204 2831 quo
3224 2761 3293 2816 de
3314 2763 3420 2817 hoc
3440 2763 3647 2816 mundo

2063 2863 2162 2917 per
2203 2856 2431 2902 mortem
2469 2848 2698 2912 transiit,
2733 2850 2870 2904 sicut
2910 2848 3257 2921 Evangelium
3300 2859 3552 2915 testatur,
3584 2851 3647 2904 in

2066 2953 2256 3008 magna
2288 2938 2573 2993 alllictione
2614 2946 2668 2993 et
2713 2940 2894 2994 carnis
2939 2940 3304 2995 maceratione
3352 2940 3649 3009 cordisque

395 3042 557 3108 rexit,
594 3042 836 3097 invenies
881 3042 1121 3111 profecto
1166 3044 1433 3116 integrum
1468 3047 1704 3102 triduum
1751 3057 1806 3103 et
1855 3059 1965 3105 tres
1989 3079 2035 3141 Β
2066 3027 2388 3141 contritio“
2406 3024 2693 3141 Ῑυδίίίξξηιξτ
2719 3027 3023 3141 εθιξδξθτθν
3052 3043 3214 3141 (Ira?
3241 3028 3324 3132 (.“l
3351 3026 3453 3132 θξδ)
3480 3042 3649 3141 0P?"

394 3140 600 3187 noctes.
654 3130 944 3187 Sciendum
975 3133 1159 3201 etiam,
1188 3135 1330 3204 quod
1360 3136 1516 3206 dupla
1542 3148 1659 3192 erat
1687 3154 1833 3194 mors
1870 3155 1966 3194 no-

395 3233 530 3287 stra,
558 3223 610 3277 in
644 3224 825 3278 anima
855 3223 1103 3280 videlicet
1147 3233 1201 3279 et
1237 3226 1290 3279 in
1321 3242 1567 3296 corpore.
1595 3227 1794 3283 Christi
1836 3245 1966 3285 vero

394 3330 544 3369 mors
570 3317 758 3386 simpla
785 3317 906 3383 fuit,
931 3319 1055 3388 quia
1078 3329 1379 3388 peccatum,
1408 3323 1549 3391 quod
1571 3333 1652 3378 est
1677 3339 1822 3379 mors
1852 3326 1967 3380 ani—

395 3419 517 3467 mm,
547 3420 653 3458 non
682 3407 932 3473 admisit;
964 3408 1104 3463 sicut
1134 3410 1248 3477 ejus
1279 3414 1602 3467 resurrectio
1628 3416 1817 3484 simpla
1846 3414 1964 3470 fuit.

394 3492 655 3547 Dominus
679 3504 859 3549 autem
887 3497 1108 3566 triginta
1136 3514 1229 3552 sex
1260 3500 1409 3554 horis
1423 3499 1595 3568 jacuit
1616 3503 1669 3555 in
1696 3504 1965 3573 sepulcro,

395 3596 503 3635 uno
535 3580 783 3636 videlicet
805 3583 893 3638 die
921 3592 977 3638 et
1003 3584 1209 3641 duabus
1234 3588 1499 3642 noctibus.
1528 3587 1818 3644 Duodecim
1842 3606 1969 3647 vero

396 3672 543 3727 horae
559 3670 686 3737 diei,
708 3673 774 3726 ad
796 3673 982 3742 viginti
1009 3682 1238 3743 quatuor
1265 3676 1427 3732 horas
1449 3678 1676 3733 duarum
1706 3680 1964 3747 noctium,

396 3763 646 3834 simplum
697 3766 765 3819 ad
806 3765 1043 3836 duplum.
1097 3767 1164 3821 Et
1216 3768 1496 3824 duodecim
1556 3771 1773 3841 quidem
1822 3772 1969 3829 horae

398 3855 845 3925 diurnm,simplm
865 3858 1025 3912 morti
1052 3860 1220 3914 nostri
1246 3861 1597 3932 redemptoris
1621 3866 1964 3921 conveniunt:

394 3948 584 4018 viginti
612 3959 843 4017 quatuor
868 3958 1045 4004 autem
1067 3959 1363 4020 nocturnaz,
1392 3955 1459 4009 ad
1483 3955 1698 4026 duplam
1725 3968 1968 4013 nostram

396 4039 739 4093 consentiunt
768 4050 1018 4097 mortem.
1056 4041 1246 4113 Magno
1291 4044 1456 4115 igitur
1500 4059 1839 4103 sacramento
1864 4066 1969 4104 una

396 4130 484 4185 die
507 4138 562 4185 et
587 4132 793 4188 duabus
818 4134 1065 4189 noctibus
1084 4132 1255 4203 jacuit
1275 4136 1328 4191 in
1352 4138 1619 4208 sepulcro,
1645 4140 1768 4209 quia
1793 4140 1968 4196 lucem

396 4221 602 4293 simpla:
652 4223 840 4277 mortis
889 4238 1018 4287 suae,
1049 4226 1283 4280 tenebris
1335 4226 1505 4298 dupla:
1549 4230 1739 4284 mortis
1771 4241 1970 4287 nostra:

316 4350 317 4353 η
397 4310 657 4378 adjunxit.
703 4312 935 4368 Veniens
968 4312 1110 4367 enim
1141 4314 1207 4368 ad
1239 4329 1356 4380 nos,
1385 4316 1475 4386 qui
1507 4316 1560 4371 in
1590 4326 1762 4373 morte
1792 4321 1971 4375 carnis

2068 3126 2245 3173 luerat
2273 3125 2422 3173 tanto
2451 3118 2763 3185 sublimius,
2794 3126 3048 3189 tantoque
3084 3119 3350 3185 festivius,
3380 3120 3492 3174 imo
3526 3119 3646 3173 ala-

2063 3208 2207 3263 crius
2247 3208 2516 3273 excolere,
2544 3217 2744 3279 quanto
2774 3216 2987 3264 constat
3012 3208 3286 3264 Christum
3325 3217 3675 3265 sanctorum.

2063 3299 2302 3353 omnium
2348 3300 2599 3353 meritum
2653 3298 3051 3355 transcendere.
3100 3298 3274 3367 Quod,
3305 3309 3364 3356 ut
3392 3310 3645 3367 autumo,

2065 3396 2212 3443 recte
2238 3389 2527 3453 diceretur,
2550 3385 2803 3458 justeque
2827 3388 2942 3443 dies
2986 3388 3075 3443 illa
3104 3391 3313 3445 cunctis
3337 3387 3653 3445 festivitati-

2064 3478 2166 3533 bus
2187 3477 2479 3532 solemnior
2507 3476 2818 3545 haberetur,
2845 3493 2909 3534 ac
2932 3476 3225 3547 jucundius
3252 3479 3647 3546 celebraretur,

2065 3568 2111 3622 si
2143 3567 2411 3633 Christus,
2437 3577 2497 3622 ut
2519 3583 2686 3638 purus
2714 3569 2894 3635 homo,
2916 3583 3014 3640 per
3039 3568 3390 3639 temporalem
3410 3578 3671 3625 mortem.

2066 3661 2136 3714 ad
2175 3674 2295 3714 eam
2344 3659 2569 3731 gloriam
2618 3660 2922 3726 transisset,
2951 3674 3113 3729 quam
3159 3668 3317 3714 antea
3364 3674 3648 3729 nunquam

2067 3749 2359 3804 habuisset.
2406 3747 2535 3805 Jure
2578 3751 2721 3805 enim
2771 3751 2887 3822 ejus
2934 3751 3116 3821 gloriae
3157 3750 3646 3821 congauderemus,

2066 3854 2229 3908 quam
2257 3853 2378 3893 eum
2407 3854 2504 3909 per
2530 3848 2758 3894 mortem
2788 3847 3136 3895 consecutum
3162 3840 3327 3895 fuisse
3356 3841 3645 3896 sciremus.

2066 3927 2137 3981 At
2165 3942 2294 3981 vero
2314 3942 2435 3981 cum
2460 3927 2694 3983 sciamus
2722 3926 2995 3983 Christum
3023 3928 3122 3983 Dei
3151 3928 3349 3983 Filium
3376 3939 3504 3984 ante
3530 3945 3648 3984 om-

2067 4017 2157 4072 nia
2207 4017 2401 4073 saecula
2429 4033 2641 4089 semper
2668 4018 2902 4073 existere
2941 4018 3249 4090 gloriosum,
3278 4018 3506 4089 ejusque
3539 4020 3651 4092 glo-

2068 4110 2224 4174 riam,
2263 4110 2419 4165 sicuti
2461 4124 2561 4165 nec
2604 4109 2796 4176 minui,
2827 4110 2902 4165 ita
2931 4125 3033 4168 nec
3061 4111 3244 4182 augeri
3269 4126 3462 4181 posse;
3492 4126 3649 4165 eum.

2067 4201 2188 4256 dem
2234 4210 2409 4256 tamen
2446 4217 2547 4273 pro
2584 4209 2769 4257 nostra
2810 4203 3179 4274 redemptione
3220 4211 3430 4259 tantum
3459 4218 3516 4259 se
3546 4203 3649 4259 hu-

2069 4294 2327 4359 miliasse,
2370 4302 2431 4348 ut
2461 4309 2567 4349 non
2607 4293 2778 4349 solum
2823 4301 3022 4349 nostra:
3048 4295 3231 4349 carnis
3272 4294 3648 4349 morticinium

395 4403 567 4470 pressi
615 4417 853 4468 eramus,
897 4418 1062 4457 unum
1115 4419 1290 4468 suam,
1318 4405 1371 4460 id
1401 4384 1484 4460 εει
1517 4408 1696 4463 carnis
1741 4419 1966 4464 mortem
1999 4406 2049 4467 υ
2072 4384 2383 4455 dignaretur
2409 4401 2705 4452 assumere,
2734 4401 2923 4441 verum
2956 4386 3121 4442 etiam
3143 4386 3236 4455 qui
3271 4396 3391 4440 erat
3420 4387 3647 4442 immor-

396 4492 623 4560 detnlit,
671 4500 728 4548 et
772 4495 906 4549 duas
957 4501 1173 4549 nostras
1225 4494 1763 4567 absolvitzsimplam
1814 4516 1968 4555 suam

397 4584 570 4654 duplae
619 4593 817 4641 nostra:
869 4585 1115 4653 contulit,
1144 4592 1199 4641 et
1228 4586 1444 4657 duplam
1475 4597 1715 4644 nostram
1733 4592 1965 4663 subegit.

400 4694 806 4763 Qua'atio:Cur
850 4696 1095 4752 natalitia
1145 4708 1445 4753 sanctorum
1487 4701 1545 4755 in
1598 4700 1807 4767 (milia,
1859 4700 1970 4757 Pa-

468 4783 671 4842 rasceve
694 4783 809 4842 vero
831 4768 884 4821 in
909 4767 1453 4824 tristitia'celebremus
1469 4787 1490 4837 ;
1523 4770 1587 4826 ab
1617 4767 1831 4842 Elprico
1860 4789 1973 4827 mo-

468 4838 634 4892 nacho
653 4838 682 4877 δ
710 4837 851 4891 edita
875 4847 923 4891 ο.

468 4930 825 4998 Qumstionem
855 4945 885 4983 a
919 4939 1008 4984 tua
1040 4930 1326 4986 dilectione
1356 4932 1487 4987 mihi
1527 4933 1878 5003 propositam,
1905 4949 1972 4989 eo

396 5019 660 5078 diliicilius
705 5020 991 5092 aggredior
1035 5021 1426 5088 elucidandam,
1457 5038 1565 5093 quo
1608 5023 1747 5079 hanc
1775 5041 1875 5081 nec
1915 5026 1972 5082 in

396 5115 615 5169 Patrum
644 5114 860 5184 scriptis
889 5113 1190 5181 expositam
1218 5112 1477 5167 hactenus
1505 5115 1702 5183 reperi,
1730 5131 1830 5171 nec
1859 5132 1974 5171 ma-

396 5204 688 5274 gistrorum
721 5202 1009 5257 traditione
1035 5203 1276 5273 percepi,
1302 5202 1395 5257 sed
1426 5218 1523 5259 nec
1548 5204 1617 5259 ab
1645 5204 1756 5259 ullo
1780 5206 1977 5275 quasi-

340 5372 347 5381 ,
470 5332 493 5359 ι
533 5317 656 5373 Haec
694 5335 800 5375 non
839 5325 910 5372 ita
959 5319 1292 5388 accipienda,
1322 5334 1480 5388 quasi
1501 5319 1683 5374 vinum
1710 5335 1818 5374 non
1846 5336 1974 5375 con—

399 5397 665 5459 secratum
692 5403 788 5457 per
812 5389 1074 5459 ejusmodi
1100 5390 1476 5444 admistionem
1504 5397 1743 5444 transeat
1769 5390 1820 5444 in
1850 5406 1976 5445 san-

399 5459 611 5529 guinem
635 5458 864 5524 Christi;
895 5460 990 5514 sed
1013 5461 1155 5527 quod
1177 5459 1660 5515 sanctificationem
1683 5461 1975 5529 quamdam

399 5527 724 5600 exteriorem
750 5529 807 5583 in
848 5530 1113 5600 ejusmodi
1144 5531 1519 5586 commistione
1561 5527 1839 5600 percipiat.
1891 5531 1973 5585 Ex

398 5611 506 5667 quo
533 5598 779 5669 notanda
796 5598 891 5669 est
914 5599 1133 5669 antiqua
1166 5601 1518 5664 wnsuetudo,
1545 5598 1667 5669 qua:
1691 5598 1869 5655 adhuc
1894 5601 1974 5655 vi-

401 5666 510 5736 get,
541 5666 683 5732 quod
730 5667 982 5720 nimirum
1025 5666 1304 5724 celebrans
1350 5672 1403 5724 in
1439 5666 1625 5725 sancta
1673 5669 1973 5727 Parasceve

2074 4477 2197 4530 talis
2223 4477 2276 4530 in
2298 4492 2393 4531 sua
2414 4484 2623 4541 natura,
2646 4476 2780 4532 mori
2805 4476 3120 4547 dignaretur
3140 4476 3194 4530 in
3218 4484 3406 4531 nostra
3428 4484 3647 4542 natura,

2069 4567 2124 4622 in
2155 4583 2258 4637 qua
2288 4575 2461 4622 morte
2497 4566 2619 4636 plus
2652 4567 2962 4623 humiliatus
2995 4566 3207 4622 videtur
3242 4583 3408 4638 quam
3435 4568 3645 4623 exalta-

2070 4668 2187 4725 tus;
2215 4669 2272 4715 et
2294 4659 2437 4714 nulla
2462 4660 2545 4715 sui
2571 4660 2894 4716 necessitate
2910 4700 2927 4726 ,
2953 4660 3048 4715 sed
3079 4659 3315 4731 benigna
3341 4667 3399 4715 et
3423 4668 3648 4730 sponta-

2070 4767 2171 4806 nea
2216 4751 2510 4819 voluntate,
2537 4766 2639 4805 nec
2664 4766 2764 4822 pro
2802 4766 2881 4817 se,
2906 4757 3091 4820 utpote
3119 4749 3213 4819 qui
3241 4750 3407 4804 morti
3437 4750 3517 4804 nil
3554 4751 3647 4804 de-

2069 4842 2206 4907 buit,
2256 4841 2351 4896 sed
2400 4857 2499 4912 pro
2546 4840 2729 4907 nobis,
2780 4842 2870 4911 qui
2919 4840 3081 4895 morti
3128 4854 3350 4895 eramus
3404 4840 3647 4904 obnoxii,

2071 4933 2324 4988 sustinuit
2358 4933 2592 5004 :justum
2626 4940 2713 4989 est
2728 4942 2785 4988 ut
2810 4933 2889 4997 hi,
2913 4932 3072 5005 (‘81
3102 4947 3201 5004 pro
3225 4932 3425 5001 quibus
3452 4947 3644 5003 passus

2071 5038 2155 5081 est
2201 5024 2563 5095 impassibilis,
2591 5039 2713 5079 cum
2753 5023 2901 5078 omni
2943 5021 3103 5091 hujus
3144 5022 3328 5078 saeculi
3375 5031 3641 5092 tempore,

2073 5127 2186 5171 tum
2214 5116 2480 5186 praecipue
2506 5116 2559 5171 in
2604 5116 2692 5171 die
2720 5131 2830 5170 suae
2856 5115 3125 5185 passionis
3145 5114 3194 5169 ei
3223 5116 3643 5185 compatiantur,

2072 5222 2171 5278 pro
2212 5220 2272 5260 se
2311 5206 2510 5262 dolenti
2543 5205 2885 5271 condoleant,
2911 5221 3012 5275 pro
3053 5220 3111 5260 se
3140 5205 3380 5260 tristanti
3414 5204 3645 5259 tristitiae

2073 5319 2175 5373 sub
2192 5319 2346 5372 unica
2372 5319 2632 5373 duntaxat
2651 5318 2827 5387 specie
2848 5317 3229 5372 communicet.
3257 5315 3413 5374 Ηυςο
3434 5315 3645 5371 Meuan-

2074 5406 2172 5444 ncs
2196 5397 2311 5443 not.
2347 5389 2453 5443 293
2480 5390 2532 5444 in
2564 5388 2654 5442 lib.
2688 5389 2932 5443 Sacram.
2965 5387 3023 5442 S.
3054 5387 3322 5455 Gregorii.

2144 5460 2173 5499 δ
2211 5458 2289 5513 Ab
2332 5458 2573 5529 Elperico
2612 5458 2888 5529 ntonacho,
2919 5458 3012 5529 qui
3058 5454 3194 5529 vigit
3237 5472 3365 5511 saec.
3398 5472 3455 5510 ι.

2075 5529 2330 5584 Monitum
2359 5523 2634 5597 praevium.
2670 5526 2868 5581 Mabitl.
2902 5523 3095 5581 A'nnal.
3120 5525 3212 5597 lih.
3243 5541 3439 5597 sum,
3469 5542 3524 5580 n.
3550 5523 3638 5589 95,

2073 5608 2129 5657 et
2150 5595 2392 5653 Analect.
2420 5614 2541 5668 pag.
2564 5597 2687 5661 451,
2711 5598 2851 5652 Edit.
2880 5597 3052 5653 Paris.
3069 5596 3206 5668 anni
3234 5595 3393 5651 i723.

2150 5682 2170 5708 ι
2213 5664 2538 5724 Titulus—hic
2562 5668 2613 5723 in
2645 5682 2745 5722 ms.
2779 5668 3023 5725 habetur.
3055 5664 3333 5734 Qusncer.
