3914 6178
297 310 430 362 tm?»

333 351 384 362 -.

333 351 384 363 αι

1098 307 1244 363 ΟΡΡ.
1289 307 1684 362 ΒΕΡΡΟΞΙΤΑ.
1725 339 1792 347 -
1832 305 1958 359 Ll‘B.
2002 305 2088 359 DE
2127 303 2375 359 DlVlNlS
2411 302 2715 360 OFFlCIIS.

3392 309 3526 364 19η

296 421 464 471 vit-cm
516 415 828 485 rependant,
859 430 1040 469 amore
1084 431 1179 485 pro
1227 430 1284 470 se
1332 414 1610 469 morientis
1657 413 1708 466 in
1755 414 1857 466 hac
1885 415 1930 469 Α
1961 410 2026 464 de
2069 425 2291 465 carcere
2320 412 2387 465 ad
2431 412 2761 480 libertatem,
2793 414 2858 468 de
2902 415 3156 471 servitute
3190 416 3256 470 ad
3286 431 3525 487 regnum.

294 509 632 578 potissimum
671 507 755 561 die
784 507 851 560 ab
879 507 1022 559 omni
1062 506 1240 560 carnis
1282 505 1634 560 delectatione
1664 512 1860 558 semet-

294 598 437 663 ipsos
461 594 922 651 commortilicent.
948 593 1006 648 Si
1033 595 1194 658 enim,
1215 593 1368 663 juxta
1393 593 1723 663 Apostolum,
1755 608 1860 648 uno

292 687 472 754 aliquo
522 687 734 740 dolente
779 686 1038 749 membro,
1073 685 1359 739 condolent
1407 686 1630 754 reliqua,
1658 692 1860 754 quanto

293 752 464 844 nTagis
505 791 716 829 summo
757 776 994 844 patiente
1040 776 1304 838 membro,
1337 776 1388 829 id
1418 785 1501 831 est
1539 776 1711 845 capite
1755 790 1861 843 quo

290 871 550 934 reguntur
576 865 754 918 omnia
783 863 1040 927 membra,
1067 865 1299 933 compati
1327 865 1520 919 debent
1545 865 1631 918 illa
1653 880 1771 933 quas
1793 864 1862 918 ab

291 969 356 1006 eo
401 961 656 1022 reguntur
694 952 968 1004 membra?
997 951 1196 1006 Christi
1233 961 1412 1006 autem
1456 967 1576 1007 esse
1619 952 1861 1006 membra

292 1043 573 1099 credentes
620 1043 674 1096 in
715 1057 870 1106 eum,
901 1042 1180 1112 ipsumque
1227 1051 1388 1112 caput
1429 1041 1668 1097 omnium
1713 1043 1764 1095 in
1806 1057 1862 1095 se

293 1131 645 1198 credentium,
676 1131 853 1185 nullus
897 1131 1108 1200 ignorat
1137 1130 1389 1185 fidelium.
1437 1129 1587 1184 Sicut
1615 1145 1644 1183 e
1674 1139 1862 1183 contra

294 1223 460 1292 iniqui
505 1222 744 1275 membra
789 1230 914 1276 sunt
944 1221 1158 1285 diaboli,
1207 1222 1349 1274 inter
1376 1236 1494 1290 qua:
1535 1221 1862 1290 praecipuum

293 1314 470 1368 locum
503 1320 683 1366 tenent
713 1310 878 1365 Judzei
914 1319 1287 1380 persecutores
1317 1309 1551 1376 Christi,
1577 1325 1710 1378 quos
1745 1308 1864 1363 luce

294 1403 490 1458 clarius
512 1411 724 1456 constat
745 1402 1003 1456 invidiose
1027 1403 1237 1471 gavisos
1261 1401 1424 1455 fuisse
1447 1403 1498 1454 in
1521 1409 1692 1454 morte
1715 1399 1865 1453 Chri-

293 1493 362 1548 sti
408 1510 420 1545 :
463 1493 601 1546 sicut
635 1508 664 1546 e
712 1499 895 1545 contra
947 1491 1246 1560 apostolos,
1276 1491 1365 1560 qui
1415 1498 1539 1544 sunt
1595 1489 1864 1559 praecipua

294 1583 534 1638 membra
561 1581 778 1643 Christi,
805 1581 1190 1636 admirabiliter
1209 1582 1556 1636 contristatos
1575 1579 1640 1633 de
1665 1578 1862 1646 injusta

295 1692 427 1730 nece
451 1676 674 1730 Christi.
705 1674 857 1740 Quod
886 1675 930 1728 si
961 1689 1059 1728 nos
1089 1673 1226 1727 inter
1250 1673 1488 1727 membra
1536 1671 1735 1726 Christi
1778 1670 1860 1724 vel

1965 498 2114 554 Unde
2150 507 2204 554 et
2233 515 2347 554 mos
2388 500 2785 556 ecclesiasticus
2824 502 3073 569 obtinuit,
3121 504 3235 559 dies
3268 503 3385 558 illos
3425 522 3528 559 non

1961 588 2231 656 funebres,
2272 590 2366 645 sed
2399 591 2669 647 natalitios
2715 593 3004 662 appellare.
3040 591 3168 650 Jure
3208 595 3350 650 enim
3383 596 3530 650 nasci

1960 679 2234 746 dicuntur,
2262 682 2352 750 qui
2391 682 2456 736 de
2496 684 2764 752 pressuris
2791 683 2948 752 hujus
2976 687 3156 740 mundi
3190 695 3440 755 tanquam
3466 685 3533 739 de

1960 770 2220 839 angustiis
2256 769 2528 839 cujusdam
2560 774 2847 828 arctissimi
2877 777 3104 841 ventris,
3140 779 3207 830 ad
3237 777 3380 831 illam
3411 793 3534 846 spa-

1961 856 2306 910 tiosissimant
2356 866 2411 912 et
2455 859 2840 915 lucidissimam
2893 862 3129 918 cmlestis
3186 864 3533 920 habitationis

1961 946 2278 1000 emittuntur
2319 947 2675 1002 latitudinem.
2717 950 2772 1004 Si
2811 966 2937 1022 ergo
2971 969 3068 1006 nos
3106 969 3292 1008 eorum
3338 954 3535 1010 fratres

1961 1049 2081 1088 esse
2119 1036 2522 1104 prassumimus,
2558 1054 2693 1106 quos
2734 1040 2811 1093 ita
2855 1041 3177 1111 gloriﬁcatos
3221 1045 3532 1114 aspicimus,

1963 1124 2180 1194 dignum
2207 1134 2289 1179 est
2316 1141 2503 1180 eorum
2528 1127 2770 1184 felicitati
2797 1132 3250 1201 congratulemur,
3275 1143 3328 1188 et
3349 1148 3535 1188 eorum

1963 1211 2158 1268 laetitiae
2193 1214 2536 1282 collzetemur,
2571 1216 2796 1272 fratrum
2831 1228 3138 1274 nostrorum
3182 1221 3363 1290 gloriae
3411 1237 3536 1275 con-

1949 1302 2310 1373 gaudeamus,
2333 1320 2625 1375 eorumque
2645 1309 2946 1379 triumphis,
2971 1310 3162 1379 quibus
3183 1327 3278 1380 per
3299 1312 3536 1365 divinum

1965 1392 2220 1447 auxilium
2253 1394 2524 1450 diabolum
2553 1399 2794 1453 vicerunt
2821 1411 2875 1454 et
2902 1401 3176 1466 szeculum,
3216 1402 3390 1472 dignis
3425 1402 3537 1456 lau-

1965 1483 2122 1537 dibus
2163 1484 2414 1540 ctnlestes
2445 1501 2633 1540 eorum
2681 1489 2888 1543 natales
2931 1490 3107 1544 debita
3150 1489 3428 1545 alacritate
3453 1507 3542 1545 ve—

1965 1587 2236 1625 neremur.
2287 1571 2422 1627 Nam
2472 1575 2516 1628 si
2553 1591 2646 1630 eos
2695 1576 2988 1647 lugubriter
3030 1587 3122 1632 aut
3159 1594 3280 1632 cum
3310 1593 3541 1633 maerore

1969 1664 2356 1732 transigamus,
2394 1664 2590 1734 duplici
2643 1666 3026 1737 redarguemur
3070 1683 3274 1734 errore,
3304 1670 3427 1738 quia
3469 1671 3544 1724 vi-

293 1765 513 1819 ultimos
538 1764 854 1818 conﬁdimus
877 1763 1142 1832 deputari,
1169 1763 1424 1817 debemus
1443 1777 1566 1818 cum
1590 1760 1865 1816 sublimio-

1977 1754 2155 1807 Jemur
2181 1762 2274 1807 aut
2299 1769 2406 1808 non
2434 1757 2654 1811 credere
2687 1771 2779 1811 eos
2817 1759 2885 1812 ad
2921 1757 3144 1828 gloriam
3175 1760 3456 1824 transisse,
3486 1770 3542 1815 et

295 1855 444 1909 ribus
475 1853 732 1908 membris
773 1852 914 1907 illius
957 1852 1009 1906 in
1048 1853 1293 1922 passione
1321 1852 1510 1924 capitis
1541 1851 1708 1906 nostri
1739 1866 1867 1904 con-

297 1946 518 2009 tristari,
546 1960 632 2010 ne,
666 1945 711 2000 si
741 1945 796 1998 in
826 1946 928 2000 hac
957 1945 1044 2000 die
1069 1944 1396 1999 voluerimus
1435 1944 1702 2014 corporali
1735 1944 1868 1997 laeti-

296 2039 384 2094 tia:
412 2052 623 2102 vacare,
653 2051 760 2091 non
794 2053 916 2092 cum
960 2037 1215 2106 apostolis
1243 2035 1516 2092 Christum
1543 2051 1746 2100 amare,
1774 2035 1868 2090 sed

295 2143 417 2182 cum
459 2125 658 2181 Judreis
702 2127 984 2182 videamur
1019 2125 1138 2194 ejus
1179 2126 1336 2180 morti
1382 2125 1672 2188 insultare;
1708 2133 1868 2192 atque

296 2216 590 2284 ideo,quod
607 2230 941 2283 consequens
962 2221 1066 2279 est,
1092 2229 1197 2268 non
1217 2214 1358 2268 inter
1380 2213 1620 2266 membra
1641 2213 1864 2274 Christi,

296 2326 415 2380 qua:
431 2311 678 2364 nolumus
693 2309 912 2372 imitari,
927 2308 1018 2364 sed
1039 2309 1216 2380 potius
1231 2308 1372 2362 inter
1388 2307 1624 2361 membra
1651 2307 1866 2372 diaboli,

295 2403 490 2472 quibus
536 2401 776 2454 videmur
810 2401 1096 2463 collectam,
1144 2414 1452 2455 mereamur
1494 2398 1658 2471 (quod
1705 2397 1866 2469 absit)

291 2491 412 2560 jure
432 2491 751 2561 computari.
782 2491 1081 2545 Tristemur
1100 2507 1225 2560 ergo
1250 2491 1304 2544 in
1333 2498 1504 2544 morte
1525 2489 1720 2544 Christi
1746 2505 1869 2543 cum

299 2581 576 2651 apostolis,
610 2579 712 2652 [ut]
743 2595 1048 2635 mereamur
1075 2582 1126 2634 in
1164 2580 1554 2635 resurrectione
1592 2580 1706 2650 ejus
1741 2596 1869 2651 gau-

298 2673 428 2727 dere
476 2688 598 2726 cum
651 2673 778 2727 illis.
820 2673 1103 2728 Doleamus
1137 2674 1530 2729 exsultantibus
1569 2673 1786 2743 iniquis,
1815 2681 1873 2728 ut

297 2763 636 2834 postmodum
667 2765 991 2831 gaudeamus
1018 2763 1321 2832 lugentibus
1358 2764 1481 2818 illis.
1519 2761 1685 2818 Judaei
1727 2778 1874 2817 nam-

299 2869 428 2922 que,
457 2853 596 2906 sicut
627 2853 678 2906 in
703 2861 874 2907 morte
901 2851 1016 2919 ejus
1043 2853 1234 2922 gavisi,
1258 2854 1329 2907 ita
1360 2853 1654 2922 probantur
1677 2852 1730 2905 in
1757 2851 1872 2921 ejus

302 2942 695 2997 resurrectione
743 2942 960 2996 tristati.
999 2942 1159 3006 Ecce,
1187 2949 1248 2996 ut
1292 2943 1459 3012 potui,
1510 2941 1695 3010 paucis
1735 2955 1871 2995 euu-

1967 1843 2087 1896 ideo
2111 1844 2264 1912 quasi
2297 1851 2541 1899 mortuos
2567 1846 2748 1915 lugere
2775 1865 2786 1898 :
2823 1854 2913 1900 aut
2955 1848 3001 1901 si
3028 1849 3229 1903 scimus
3264 1865 3356 1903 eos
3379 1849 3544 1904 felici-

1967 1933 2062 1985 tati
2091 1933 2335 1998 donatos,
2381 1942 2436 1988 et
2481 1950 2586 1989 non
2616 1936 3067 2006 congratulemur,
3105 1937 3285 2007 gloriae
3333 1938 3541 1993 illorum

1968 2019 2207 2076 invidere
2228 2023 2614 2077 convincimur.
2644 2025 2709 2077 Et
2737 2040 2858 2079 cum
2882 2025 3131 2094 antiquos
3157 2027 3398 2082 natalitia
3425 2046 3541 2093 sua,

1972 2113 2052 2166 vel
2083 2128 2302 2166 suorum
2327 2114 2586 2179 allinium,
2615 2116 2809 2184 quibus
2853 2117 2904 2170 in
2935 2119 3077 2172 hanc
3106 2121 3358 2174 miseram
3390 2120 3546 2174 effusi

1969 2209 2094 2254 sunt
2119 2203 2306 2267 vitam,
2333 2210 2483 2257 tanta
2509 2204 2788 2258 alacritate
2812 2206 3112 2262 invenimus
3139 2209 3464 2273 celebrasse,
3489 2219 3549 2262 ut

1971 2291 2024 2344 iu
2061 2290 2143 2344 his
2185 2290 2346 2344 etiam
2377 2293 2523 2345 omni
2558 2306 2830 2362 corporeae
2873 2293 3132 2364 voluptati
3170 2297 3394 2354 licenter
3420 2316 3547 2370 ope-

1972 2396 2087 2434 ram
2123 2382 2349 2436 darent:
2379 2393 2579 2453 quanto
2608 2400 2706 2440 nos
2741 2387 3006 2454 spirituali
3031 2389 3302 2445 hilaritate
3329 2403 3545 2448 sancto-

1971 2486 2089 2523 rum
2114 2471 2332 2524 Patrum
2356 2472 2597 2527 natalitia
2623 2477 2871 2530 convenit
2896 2456 3189 2545 celebrare,
3222 2480 3416 2548 quibus
3441 2497 3548 2536 non

1971 2561 2040 2615 ad
2079 2563 2330 2618 miserias
2380 2574 2698 2632 nascuntur,
2726 2568 2820 2623 sed
2869 2569 2936 2624 de
2972 2570 3203 2626 miseriis
3249 2573 3315 2626 ad
3356 2574 3548 2643 gaudia

1974 2656 2301 2712 transierunt
2331 2657 2448 2713 sine
2485 2657 2590 2713 line
2635 2661 2986 2729 possidenda;
3021 2677 3127 2716 non
3163 2678 3261 2719 nos
3299 2679 3552 2733 corpora-

1972 2747 2112 2802 libus
2135 2748 2400 2804 illecebris
2430 2749 2782 2817 resolventes,
2815 2760 2874 2805 ut
2908 2751 3178 2808 faciebant
3213 2756 3435 2825 pagani;
3465 2771 3553 2810 ve-

1974 2859 2094 2897 rum
2131 2844 2358 2898 canticis
2384 2845 2773 2914 spiritualibus,
2809 2849 3126 2918 hymnisque
3157 2851 3468 2908 coelestibus
3494 2851 3548 2906 in

1975 2934 2190 2990 Christo
2238 2937 2620 3007 tripudiantes,
2679 2949 2737 2992 ut
2779 2939 3093 2995 Christiani.
3141 2942 3395 3009 Quamvis
3442 2962 3550 3000 non

300 3033 493 3097 cleavi,
519 3048 616 3087 cur
636 3032 722 3086 die
744 3033 1016 3087 Passionis
1048 3033 1247 3087 Christi
1278 3034 1331 3087 in
1357 3032 1645 3087 alllictione
1672 3032 1870 3095 carnis,
1902 3066 1948 3128 Ο
1979 3027 2334 3098 denegemus,
2369 3029 2530 3084 etiam
2567 3031 2922 3100 corporaliter
2955 3032 3340 3102 aliquantulum
3369 3038 3554 3092 remis-

301 3133 357 3175 et
382 3121 704 3176 contritione
739 3120 959 3189 spiritus
987 3120 1272 3174 conveniat
1304 3120 1586 3183 celebrari,
1629 3121 1876 3189 quamvis

303 3213 464 3266 verba
511 3226 615 3264 non
663 3210 1138 3279 suppeditaverint,
1173 3210 1366 3280 quibus
1393 3209 1534 3280 quod
1565 3210 1744 3265 sentio
1780 3224 1876 3264 ex-

303 3303 539 3373 primere
564 3315 668 3354 non
704 3299 874 3354 valeo.

378 3392 561 3445 Restat
603 3406 764 3456 nunc,
791 3399 950 3460 prout
992 3390 1236 3445 facundia
1264 3390 1476 3462 linguae,
1508 3390 1734 3444 Domino
1762 3389 1878 3444 lar-

304 3482 506 3552 gicnte,
534 3479 828 3544 suffecerit,
854 3481 1038 3534 itidem
1069 3481 1304 3534 breviter
1328 3480 1601 3549 expedire,
1627 3495 1726 3534 cur
1752 3493 1879 3534 san-

305 3579 517 3624 ctorum
542 3569 675 3633 dies,
701 3569 895 3636 quibus
920 3568 987 3622 ab
1015 3568 1116 3622 hoc
1137 3569 1331 3623 saeculo
1361 3568 1706 3630 transierunt,
1730 3582 1878 3621 sum-

305 3659 412 3713 mis
451 3655 698 3710 laudibus
728 3662 783 3709 et
826 3670 1020 3724 magna
1067 3656 1365 3710 recolamus
1413 3655 1725 3710 alacritate?
1773 3654 1874 3710 Ubi

305 3749 487 3822 primo
536 3746 876 3802 recolendum
931 3759 1158 3810 censeo,
1203 3759 1388 3799 omnes
1441 3743 1773 3798 Christianos
1822 3745 1876 3798 in

306 3841 526 3898 Christo
553 3837 750 3892 fratres
775 3850 916 3900 esse,
943 3837 1058 3906 ipso
1093 3836 1316 3889 Domino
1360 3835 1566 3890 cunctis
1592 3836 1643 3888 in
1670 3852 1728 3890 se
1763 3850 1881 3889 cre-

311 3929 561 3986 dentibus
592 3928 670 3982 sic
693 3934 1028 3998 protestante
1053 3944 1065 3978 :
1105 3923 1317 3978 Patrem
1349 3923 1504 3977 nolite
1535 3925 1671 3978 vobis
1699 3940 1881 3977 vocare

311 4038 465 4092 super
489 4031 701 4074 terram.
749 4018 893 4072 Unus
918 4027 991 4072 est
1016 4019 1152 4070 enim
1183 4015 1341 4069 Pater
1380 4025 1559 4079 vester,
1587 4031 1763 4069 omnes
1793 4031 1880 4068 vos

313 4115 502 4185 fratres
545 4113 666 4166 estis
698 4110 912 4182 (Matth.
937 4125 1088 4174 χχιιι,
1114 4110 1188 4178 9).
1216 4107 1416 4164 Omnes
1454 4109 1633 4177 itaque
1657 4109 1746 4177 qui
1768 4107 1879 4176 jam

315 4206 381 4259 de
406 4206 506 4259 hoc
533 4204 731 4257 mundo
761 4208 1117 4265 recesserunt,
1147 4201 1260 4254 sive
1285 4201 1375 4269 qui
1407 4201 1580 4256 adhuc
1598 4208 1884 4254 versantur

317 4295 370 4348 in
396 4293 611 4358 mundo,
643 4293 754 4347 sive
774 4293 865 4362 qui
893 4291 1056 4346 futuri
1079 4298 1203 4344 sunt
1226 4306 1392 4360 usque
1421 4291 1488 4344 ad
1514 4290 1674 4345 linem
1698 4289 1881 4345 saeculi

1980 3119 2092 3172 sius
2129 3133 2289 3187 quam
2312 3120 2522 3175 caeteris
2551 3135 2671 3176 esse
2692 3122 2975 3177 vivendum
2993 3165 3007 3188 ,
3049 3135 3268 3195 propter
3294 3129 3554 3196 quosdam

1977 3207 2057 3279 (ut
2084 3210 2226 3280 reor)
2253 3209 2577 3275 hebetiores,
2607 3212 2698 3281 qui
2722 3212 2855 3266 nihil
2883 3223 3074 3283 putant
3117 3230 3238 3270 esse
3279 3214 3552 3289 festivum,

1974 3301 2077 3356 nisi
2100 3301 2242 3370 quod
2273 3301 2504 3356 viderint
2525 3303 2791 3372 corporali
2817 3303 3172 3361 delectatione
3200 3306 3478 3361 mellitum.

2046 3389 2188 3443 Sane
2215 3389 2339 3460 quia
2369 3398 2585 3445 sanctos
2611 3392 2829 3446 eosdem
2861 3394 2929 3448 ad
2964 3394 3103 3448 hanc
3133 3410 3294 3465 quam
3323 3395 3555 3450 diximus

1973 3478 2304 3544 felicitatem,
2341 3493 2437 3548 per
2478 3478 2818 3535 aﬂlictionem
2866 3497 2971 3536 non
3009 3484 3321 3554 ignoramus
3363 3499 3555 3554 perve-

1975 3570 2121 3624 nisse
2162 3569 2543 3638 temporalem,
2576 3585 2799 3626 necesse
2833 3581 2916 3627 est
2937 3580 3018 3638 ut,
3047 3574 3186 3629 sicut
3214 3583 3427 3629 aeternae
3467 3589 3558 3629 eo-

1977 3675 2096 3713 rum
2120 3659 2519 3730 congaudemus
2548 3659 2767 3726 baetitiae,
2794 3661 2872 3716 sic
2897 3662 3175 3732 temporali
3200 3677 3412 3732 quoque
3443 3663 3559 3717 illo-

1980 3766 2097 3804 rum
2128 3750 2518 3818 compatiamur
2543 3751 2821 3819 angustize,
2850 3760 3114 3819 quatenus
3142 3767 3240 3820 per
3266 3752 3446 3805 omnia
3472 3767 3558 3806 eo-

1979 3856 2098 3893 rum
2140 3848 2428 3908 sequentes
2474 3840 2728 3908 vestigia,
2763 3841 2831 3892 ad
2865 3840 3054 3894 eadem
3089 3840 3191 3893 illis
3225 3840 3558 3894 interceden-

1981 3929 2123 3982 tibus
2153 3942 2458 3981 mercamur
2485 3928 2792 3997 pertingere
2820 3928 3031 3998 gaudia.
3057 3928 3137 3982 Ad
3172 3929 3314 3996 quod
3343 3929 3558 4000 signan-

1982 4018 2109 4072 dum
2160 4015 2587 4086 pratcedentibus
2645 4016 2832 4070 eadem
2889 4015 3131 4069 natalitia
3179 4017 3388 4082 diebus,
3424 4033 3560 4088 quas

1982 4108 2138 4179 vulgo
2171 4105 2388 4177 Vigilias
2417 4121 2602 4160 eorum
2640 4105 2986 4176 appellamus,
3013 4105 3170 4161 solito
3210 4108 3426 4176 parcius
3467 4125 3560 4163 ve-

1985 4206 2196 4254 scentes
2221 4197 2406 4252 eadem
2432 4195 2688 4251 solemnia
2716 4197 2910 4251 debitis
2928 4196 3253 4268 jejuniorum
3286 4199 3558 4268 obsequiis

1985 4297 2040 4343 et
2081 4285 2442 4341 maceratione
2481 4287 2660 4340 carnis
2700 4287 2888 4341 devote
2940 4288 3317 4357 praevenimus,
3364 4297 3422 4343 ut
3462 4306 3558 4359 per

312 4383 595 4438 credentes
627 4383 681 4436 in
711 4381 947 4445 Christo,
973 4379 1165 4434 fratres
1191 4393 1311 4434 esse
1344 4381 1610 4434 veraciter
1647 4388 1879 4446 constat,
1914 4407 1962 4468 υ
1985 4377 2287 4448 pridianam
2324 4372 2592 4443 puriticati
2633 4374 3034 4442 abstinentiam,
3072 4378 3284 4449 dignius
3321 4379 3560 4434 celebre-

316 4481 376 4526 ut
416 4479 539 4541 pote
589 4487 696 4525 una
744 4470 1080 4540 baptismatis
1124 4472 1527 4540 regeneratione
1575 4471 1629 4525 in
1670 4471 1886 4526 Christo

317 4571 554 4626 renatos,
594 4564 753 4615 unius
788 4561 976 4615 matris
1021 4559 1272 4615 Ecclesim
1309 4561 1564 4615 uberibus
1607 4561 1884 4626 educatos,

317 4652 479 4706 unius
511 4650 632 4705 fidei
663 4651 874 4706 vinculo
907 4663 1158 4720 tanquam
1186 4650 1510 4704 dulcissimae
1537 4649 1889 4705 fraternitatis

331 4741 575 4795 illinitate
617 4755 906 4805 connexos,
952 4740 1017 4793 ad
1056 4754 1216 4808 unam
1263 4738 1614 4806 eamdemque
1656 4739 1888 4792 caelestis

322 4832 469 4902 regni
510 4830 875 4885 luereditatcm
903 4829 969 4883 ab
995 4831 1183 4885 eodem
1208 4829 1450 4899 piissimo
1480 4828 1636 4883 Patre
1665 4829 1773 4882 Deo
1801 4830 1888 4899 pia

320 4921 604 4990 adoptione
622 4929 859 4974 vocatos.
885 4919 1148 4974 Debemus
1170 4920 1349 4988 itaque
1374 4919 1575 4983 omnia,
1600 4934 1717 4989 quae
1738 4920 1891 4973 nobis

321 5012 597 5076 accidunt,
628 5009 864 5064 fraterno
900 5008 1093 5063 aﬂ‘ectu
1134 5009 1362 5062 invicem
1392 5009 1812 5074 communicare,
1838 5009 1891 5062 id

321 5112 422 5167 est,
452 5110 508 5156 et
532 5103 586 5155 in
610 5099 850 5154 adversis
878 5099 1076 5168 pariter
1101 5099 1427 5162 contristari,
1453 5107 1508 5152 et
1535 5098 1587 5150 in
1621 5097 1894 5168 prosperis

322 5194 680 5248 communiter
718 5189 1096 5260 congratulari.
1127 5188 1322 5242 Notum
1363 5175 1542 5243 autem
1570 5187 1732 5242 habet
1775 5203 1894 5242 om-

324 5285 426 5348 nis,
465 5283 554 5353 qui
602 5296 728 5336 vere
762 5279 1095 5335 Christianus
1123 5286 1224 5343 est,
1257 5285 1492 5342 sanctos,
1522 5293 1644 5332 cum
1682 5277 1750 5332 ab
1792 5277 1894 5333 hac

329 5372 656 5443 corruptibili
702 5372 809 5427 vita
839 5369 1122 5433 decedunt,
1164 5369 1229 5422 ad
1254 5367 1553 5432 meliorem,
1585 5367 1636 5420 id
1670 5377 1774 5432 est,
1806 5367 1892 5422 in-

328 5462 744 5534 corruptibilem,
769 5469 825 5516 et
852 5458 1244 5514 interminalem
1268 5457 1669 5528 transmigrare,
1693 5457 1899 5512 scilicet

331 5559 395 5613 de
425 5557 654 5612 tenebris
675 5556 741 5610 ad
768 5555 940 5610 lucem
964 5560 1296 5624 perpetuam,
1325 5551 1390 5606 de
1420 5564 1653 5604 mmrore
1676 5551 1742 5605 ad
1768 5566 1897 5622 gau-

332 5651 480 5706 dium.
504 5647 902 5721 sempiternum,
929 5645 995 5701 de
1021 5644 1202 5699 labore
1227 5643 1292 5696 ad
1313 5641 1552 5712 requiem
1580 5655 1892 5711 perennem,

1985 4483 2106 4522 mus
2127 4469 2401 4537 sequentis
2422 4467 2544 4524 festi
2569 4470 2830 4525 laetitiam.
2857 4471 3006 4527 Unde
3030 4481 3083 4527 et
3111 4475 3163 4528 in
3185 4473 3358 4529 oliicio
3380 4475 3560 4530 missa:

1985 4560 2293 4615 earumdem
2341 4560 2644 4631 vigiliarum
2711 4561 3111 4616 festivissimum
3178 4563 3559 4618 alleluiaticum

1986 4651 2154 4705 melos
2187 4651 2608 4716 intermittimus,
2646 4652 2785 4706 sicut
2826 4652 2945 4707 aliis
2977 4650 3304 4721 jejuniorum
3349 4653 3556 4719 diebus,

1986 4743 2090 4797 nisi
2118 4741 2258 4796 forte
2292 4743 2567 4796 Dominica
2595 4743 2710 4797 dies
2739 4741 2918 4810 fuerit,
2948 4759 3106 4814 quam
3137 4745 3282 4800 nullo
3316 4754 3558 4815 tempore

1983 4832 2248 4902 jejunare,
2273 4831 2365 4886 sed
2399 4845 2612 4902 semper
2640 4832 2887 4888 festivam
2914 4849 3032 4889 esse
3058 4835 3348 4890 Dominicae
3384 4850 3563 4890 resur-

1992 4921 2243 4975 rectionis
2267 4921 2558 4975 auctoritas
2584 4923 2744 4993 cogit.
2770 4922 2923 4990 Quod
2948 4933 3254 4994 utrumque,
3283 4934 3337 4980 et
3362 4942 3562 4996 praece—

1990 5013 2203 5067 dentem
2249 5013 2412 5067 totius
2451 5013 2704 5069 Ecclesize
2741 5025 3045 5070 sanctorum
3086 5016 3359 5072 al'llictioni
3413 5034 3562 5073 com-

1990 5103 2317 5172 passionem,
2345 5112 2400 5156 et
2426 5103 2492 5158 de
2521 5119 2706 5158 eorum
2730 5105 2894 5175 gloria
2919 5115 3230 5174 sequentem
3258 5108 3565 5162 exsultatio

1993 5207 2117 5246 nem
2150 5192 2407 5247 Dominus
2432 5193 2484 5246 in
2508 5194 2797 5265 Evangelio
2819 5195 2917 5249 sub
2939 5198 3118 5266 specie
3147 5197 3385 5253 mulieris
3414 5215 3564 5269 para-

1994 5283 2167 5338 bolice
2195 5282 2460 5354 designat,
2497 5299 2618 5338 cum
2661 5299 2781 5338 eam
2816 5287 3203 5356 parturientem
3235 5291 3427 5344 asserit
3465 5291 3562 5344 tri-

1995 5374 2168 5429 stari:
2208 5389 2330 5428 cum
2370 5381 2545 5428 autem
2580 5375 2816 5444 peperit,
2859 5376 2913 5429 in
2945 5375 3264 5432 immensum
3306 5381 3562 5451 gratulari

1999 5461 2178 5532 (Joau.
2203 5478 2322 5527 xvi,
2347 5461 2458 5532 2|).
2494 5461 2629 5527 Quia
2675 5463 2818 5516 enim
2847 5465 3118 5533 parturire
3159 5467 3407 5531 dicimus,
3440 5476 3564 5523 ante

1999 5563 2209 5623 partum
2243 5553 2480 5619 anxiari;
2515 5569 2708 5623 parere
2741 5563 2950 5618 autem,
2997 5565 3212 5625 partum
3252 5558 3562 5614 eﬂ'undere:

1994 5641 2113 5710 jure
2135 5642 2346 5707 mulier,
2370 5656 2466 5711 per
2487 5657 2646 5711 quam
2670 5651 2851 5697 sancta
2879 5643 3136 5713 figuratur
3157 5645 3414 5710 Ecclesia,
3442 5660 3562 5702 cum
