3914 6178
430 328 565 386 1215

1264 338 1326 393 Β.
1366 340 1429 395 F.
1462 340 1689 395 ALBINI
1724 341 1854 397 SEU
1894 340 2172 399 ALCUINI
2209 341 2492 401 OPERUM
2530 345 2710 403 PARS
2747 347 2840 402 IX.

3545 362 3681 419 12l6

427 442 685 515 parturit,
713 445 897 503 dolere
931 436 1145 515 dicitur,
1173 449 1301 519 quia
1347 465 1470 505 cum
1501 450 1641 509 ﬁlios
1680 466 1829 517 suos,
1869 467 2004 521 quos
2031 461 2079 513 Δ
2104 452 2225 518 bus,
2253 461 2469 509 sanctus
2492 453 2804 526 Gregorius,
2833 457 3014 513 oleum
3038 459 3293 530 instituit,
3324 468 3541 536 quando
3567 488 3680 545 my-

428 531 534 587 ﬁde
562 537 892 605 conceperit,
919 546 1208 608 antequam
1235 539 1289 593 in
1325 547 1583 597 aeternam
1612 540 1790 609 pariat
1813 541 2001 609 vitam,

427 620 655 677 diversis
680 624 1114 682 tribulationibus
1144 628 1210 682 ab
1240 628 1419 703 impiis
1446 628 1691 698 impediri
1720 629 2000 699 conspicit,

426 719 681 780 tanquam
710 713 1024 771 diﬁlcultate
1050 717 1292 788 pariendi
1320 718 1644 795 angustiam,
1673 719 1881 790 magnis
1909 720 2005 774 do-

425 800 627 857 loribus
665 802 842 875 482
877 807 1181 877 ingemiscit
1210 824 1222 859 :
1254 822 1378 863 cum
1419 822 1548 861 vero
1593 823 1705 873 eos,
1744 824 1880 877 quos
1926 809 2002 863 ita

423 894 770 961 parturierat,
798 895 866 951 de
889 896 1048 965 hujus
1076 897 1259 956 mundi
1289 898 1550 968 angustiis
1577 899 1640 952 ad
1664 899 1883 953 caeleste
1909 913 2003 968 pe-

420 985 563 1053 perit
603 1001 847 1057 regnum,
881 988 983 1043 dici
1029 1004 1135 1043 non
1171 998 1348 1061 potest
1390 998 1653 1059 quantum
1692 991 1759 1045 de
1803 990 2002 1053 felicis-

420 1075 558 1132 simo
605 1077 834 1133 ﬁliorum
863 1088 1019 1157 partu
1063 1081 1336 1150 tripudiat.
1365 1081 1516 1148 Quod
1560 1083 1834 1151 primitiva
1877 1086 1998 1154 qui-

418 1169 539 1223 dem
604 1171 840 1228 Ecclesia
898 1175 1288 1244 persecutionis
1339 1184 1577 1245 tempore
1647 1177 2000 1232 historialiter

417 1256 652 1329 agebat:
681 1262 773 1316 sed
814 1278 911 1327 ea,
953 1279 1072 1332 quae
1113 1280 1256 1319 nunc
1294 1273 1376 1318 est
1404 1264 1665 1330 Ecclesia,
1710 1281 1740 1320 a
1781 1265 1997 1327 Christo

414 1366 548 1425 pace
574 1350 687 1420 jam
724 1354 951 1419 reddita,
979 1355 1065 1425 pia
1091 1355 1432 1409 temulatione
1462 1356 1776 1426 spiritaliter
1806 1372 1997 1427 reprae-

413 1449 609 1494 sentat.
653 1440 962 1498 Praeteritos
1003 1444 1167 1515 igitur
1204 1445 1581 1514 parturiti0nis
1606 1445 1721 1513 ejus
1759 1446 1993 1513 dolores,

413 1529 470 1583 in
513 1530 711 1601 vigiliis
757 1542 1098 1598 sanctorum,
1128 1531 1351 1602 jejuniis
1385 1543 1439 1589 et
1484 1533 1769 1597 afﬂictione
1815 1538 1995 1593 carnis

412 1619 687 1675 imitamur
711 1640 723 1675 :
753 1631 1067 1692 sequentem
1092 1639 1219 1679 vero
1255 1622 1371 1692 ejus
1394 1624 1510 1694 jam
1533 1626 1706 1680 enixa:
1741 1626 1994 1685 alacrita-

410 1716 552 1771 tem,
585 1708 750 1777 ipsius
785 1709 1123 1779 jucunditate
1173 1712 1481 1773 festivitatis
1520 1713 1857 1768 zemulamur.
1889 1716 2009 1769 ἰηι-¹

2103 543 2266 597 steria
2293 542 2568 599 Paschalis
2597 546 2722 615 agni
2754 550 3038 605 reseravit.
3067 550 3221 619 Quod
3248 554 3276 594 τι
3298 558 3445 612 enim
3465 576 3496 614 a
3524 542 3677 623 nobis

2102 650 2290 691 cereus
2326 637 2683 705 benetlicitur,
2714 640 2962 698 Zosimus
3005 660 3149 715 papa
3172 658 3196 686 ε
3224 648 3678 726 instituit._Signi-

2102 724 2227 780 ﬁcat
2256 726 2400 780 enim
2427 726 2738 796 Dominum,
2764 732 2856 799 qui
2883 734 3224 801 praecedebat
3258 736 3400 794 ﬁlios
3418 724 3607 799 lsrael‘
3624 748 3674 802 in

2100 816 2348 871 columna
2378 816 2537 886 ignis.
2574 818 2711 874 Cera
2742 821 3135 879 humanitatem
3160 825 3361 887 Christi
3409 830 3673 905 designat.

2100 904 2203 960 Mel
2257 905 2453 980 quippe
2505 907 2559 961 in
2606 924 2731 963 cera
2783 919 2868 967 est
2909 911 3165 970 divinitas
3211 917 3268 971 in
3320 904 3670 981 humanitate.

2098 994 2403 1049 Concordat
2429 1012 2619 1053 cereus
2648 999 2737 1054 hic
2766 1001 2820 1054 in
2852 1001 3246 1073 signiﬁcatione
3274 1001 3407 1068 cum,
3426 1011 3672 1072 columna

2099 1081 2257 1150 ignis,
2293 1085 2385 1153 qui
2435 1085 2773 1143 illuminabat
2803 1092 3059 1161 populum
3103 1094 3266 1151 Israel
3311 1098 3364 1152 in
3413 1111 3593 1170 nocte,
3615 1113 3673 1161 ut

2097 1171 2226 1232 illud
2272 1173 2325 1226 in
2358 1174 2474 1247 ipsa
2516 1176 2927 1235 benedictione:
2956 1181 3061 1236 Sed
3097 1185 3217 1255 jam
3257 1187 3517 1245 columine
3563 1196 3672 1263 ejus

2094 1265 2357 1330 praeconia
2386 1266 2639 1321 novimus.
2664 1268 2921 1326 Columna
2950 1275 3039 1328 illa
3080 1276 3357 1335 Christum
3382 1284 3667 1350 signiﬁcat.

2101 1351 2121 1390 τ
2148 1352 2239 1409 Illa
2283 1355 2531 1412 columna
2568 1363 2906 1429 praecedebat
2950 1365 3089 1421 ﬁlios
3129 1369 3327 1425 lsrael:
3360 1384 3551 1430 nostra
3580 1394 3671 1434 co-

2094 1442 2297 1511 lumna,
2341 1447 2392 1502 id
2443 1456 2557 1514 est,
2593 1466 2782 1509 cereus
2823 1458 3074 1524 praecedit
3119 1463 3542 1521 catechumenos
3580 1485 3673 1526 no—

2092 1543 2252 1592 stros.
2281 1537 2486 1596 Lumen
2517 1542 2686 1611 ipsius
2714 1544 2985 1602 Christum
3015 1551 3300 1621 signiﬁcat,
3324 1572 3432 1625 quo
3457 1567 3522 1614 et.
3538 1578 3673 1631 prae-

2091 1638 2216 1677 sens
2245 1626 2689 1696 nolelustratur,
2717 1635 2891 1703 gratia
2920 1638 3127 1697 scilicet
3154 1626 3595 1713 resurrectionis,
3617 1662 3670 1706 et

2092 1716 2468 1773 catechumeni
2498 1720 2566 1775 ad
2594 1720 2919 1792 baptismum
2943 1730 3176 1784 venturi.
3204 1730 3355 1799 Quod
3383 1751 3416 1790 a
3445 1737 3670 1795 diacono

410 1797 728 1865 portunitati
766 1805 887 1863 tuae,
924 1798 1231 1863 dulcissime
1260 1799 1355 1867 ﬁli,
1386 1800 1487 1855 etsi
1530 1816 1635 1855 non
1663 1799 1985 1879 [utlgdebuh
2024 1798 2066 1857 Β
2091 1806 2446 1875 benedicitur,
2471 1827 2678 1868 morem
2703 1818 2980 1886 sequimur
3005 1797 3326 1879 Romanum.
3350 1824 3411 1880 In
3434 1843 3504 1884 eo
3527 1833 3669 1887 enim

409 1897 470 1940 ut
501 1890 651 1958 potui
701 1898 897 1956 tamen,
925 1891 1238 1949 satisfacere
1279 1894 1470 1960 institi,
1502 1910 1811 1964 quanquam
1855 1896 1994 1955 diﬂ‘t-

411 1964 608 2037 cultate
623 1982 936 2058 quaestionis
953 1991 1198 2053 cogente,
1224 1983 1506 2040 verbosior
1538 1984 1762 2040 forsitan
1781 1986 1989 2042 exstiti.

795 2136 813 2173 \
1000 2073 1226 2131 CAPUT
1262 2074 1405 2129 XIX.

683 2183 749 2221 DE
786 2182 1022 2223 εΑΒΒΑτο
1049 2183 1250 2224 ΒΔΝΟΤΟ
1277 2184 1440 2224 γιωι..
1474 2185 1705 2225 Ρλεειω.

480 2256 700 2313 Sabbati
741 2256 1018 2312 Paschalis
1060 2258 1338 2312 veneratio
1380 2258 1506 2312 hinc
1549 2258 1874 2325 celebratur,
1922 2275 1989 2315 eo

405 2350 550 2425 quod
589 2350 703 2423 ipso
739 2349 825 2404 die
872 2349 1130 2404 Dominus
1177 2350 1249 2411 in,
1276 2351 1540 2421 sepulcro.
1566 2352 1790 2422 quievit.
1834 2354 1986 2410 Unde

405 2441 666 2499 Hebraice
707 2443 1086 2521 requies,sive
1111 2448 1253 2516 quod
1282 2448 1474 2503 eo.die
1508 2449 1987 2520 mundoperfecto

402 2534 687 2609 requievit.
706 2533 806 2589 Hic
825 2536 1147 2594 autemdies
1170 2536 1311 2591 inter
1337 2546 1564 2593 mortem
1594 2538 1795 2595 Christi
1823 2551 1876 2594 et
1901 2557 1986 2597 re.-

402 2624 797 2680 surrectionem
836 2626 1045 2681 medius
1071 2635 1173 2693 est,
1217 2628 1528 2699 signiﬁcans
1570 2632 1862 2699 quamdam
1898 2649 1985 2689 re—

2090 1897 2501 1957 archidiaconus
2528 1904 2745 1960 conﬁcit
2770 1922 2958 1977 agnos.
2987 1908 3087 1976 Qui
3115 1926 3311 1989 cereus.
3333 1931 3426 1984 per
3456 1930 3666 1989 septem

2088 1987 2204 2042 dies
2230 1992 2621 2062 neophytorum
2648 1997 2907 2064 praecedit
2929 1999 3260 2067 pontiﬁcem,
3394 2015 3478 2061 est
3503 1987 3672 2080 caput

2087 2081 2289 2152 populi,
2316 2084 2443 2153 quia
2470 2085 2717 2141 columna
2745 2089 2886 2158 ignis
2907 2094 3186 2160 praecessit
3212 2097 3467 2165 populum
3490 2116 3665 2171 usque

2087 2172 2155 2226 ad
2187 2181 2386 2229 terram
2414 2180 2865 2245 repromissionis.

2153 2262 2273 2331 Ipso
2301 2264 2387 2318 die
2417 2266 2548 2330 hora
2584 2271 2810 2338 septima
2840 2276 3141 2343 procedunt
3173 2293 3362 2335 omnes
3389 2284 3458 2338 ad
3488 2286 3662 2341 eccle-

2085 2352 2243 2420 siam,
2268 2361 2324 2410 et
2351 2356 2666 2427 deportatur
2705 2361 2885 2418 lumen
2916 2367 2984 2421 ab
3011 2369 3265 2441 episcopo
3293 2373 3409 2429 sive
3447 2377 3660 2444 abbate,

2082 2453 2442 2514 prosequente
2467 2464 2589 2503 eum
2617 2452 2812 2520 populo
2832 2455 2976 2509 sicut
2999 2473 3185 2528 supra,
3212 2462 3662 2521 etilluminantur

2084 2543 2287 2606 septem
2312 2537 2605 2608 lampades.
2632 2542 2835 2599 Cereus
2860 2559 2988 2601 vero
3009 2550 3101 2617 qui
3130 2550 3536 2615 benedicendus
3558 2568 3658 2624 est,

2075 2625 2188 2695 jam
2213 2625 2373 2681 debet
2411 2641 2531 2683 esse
2568 2642 2903 2701 praaparatus
2944 2635 2998 2689 in
3030 2638 3204 2693 medio
3233 2640 3495 2707 ecclesiae,
3539 2659 3659 2705 oon-

402 2714 585 2790 quiem
614 2716 916 2770 animarum
950 2716 1019 2771 ab
1052 2718 1199 2789 omni
1233 2717 1416 2773 labore
1454 2729 1578 2790 post
1605 2730 1856 2788 mortem,
1887 2738 1983 2792 per
2024 2764 2032 2771 .
2080 2721 2301 2783 gregato
2330 2715 2454 2775 hinc
2480 2717 2604 2773 inde
2630 2721 2777 2773 omni
2805 2721 2950 2777 Clem
2976 2739 3069 2779 se“
3095 2728 3292 2796 Ρορυίο
3316 2747 3329 2783 ε
3357 2732 3552 2788 deinde
3576 2750 3655 2790 Ve-

402 2817 564 2871 (ιιιριη
588 2803 647 2856 σι
671 2805 930 2859 transitus
953 2821 1051 2876 per
1073 2809 1520 2863 resurrectionem
1547 2812 1727 2866 carnis
1747 2813 1813 2867 ad
1836 2814 1981 2875 illam
2080 2805 2234 2859 niens
2264 2807 2674 2865 archidiaconus
2717 2809 2847 2867 facit
2875 2829 3091 2871 crucem
3116 2819 3172 2871 in
3198 2834 3287 2885 eo,
3312 2830 3368 2875 et
3394 2822 3661 2881 illuminat

401 2892 596 2958 vitam,
643 2908 808 2962 quam
851 2893 1099 2950 Christus
1142 2898 1537 2960 Dominussua
1580 2907 1980 2963 resurrectione
2080 2893 2228 2948 illum
2257 2896 2322 2950 de
2352 2899 2661 2968 ηοῖύιίίέηθν
2691 2909 2852 2970 θιψιθ
2893 2906 3193 2975 compleuit
3234 2910 3304 2965 ab
3335 2926 3399 2965 eo
3434 2913 3655 2970 benedi-

400 2988 817 3051 przcmoustrare
844 2982 1090 3052 dignatus
1113 2992 1215 3039 est.
1249 2984 1315 3040 Et
1338 2987 1464 3056 quia
1494 2988 1547 3047 in
1579 2997 1729 3050 tanta
1752 3005 1980 3046 venera-
2077 2984 2185 3041 cLio
2220 2986 2382 3041 cerei.
2421 2986 2599 3043 Prima
2632 2992 2785 3060 quasi
2818 2993 2872 3046 in
2904 2996 3122 3049 modum
3147 2996 3375 3068 legentis
3402 3003 3513 3056 ita:
3546 3004 3657 3057 Ea:-

402 3068 547 3124 tione
590 3070 658 3125 ab
706 3072 956 3128 omnibus
988 3073 1311 3137 Christianis
1355 3078 1637 3145 excolitur,
1686 3097 1782 3136 seu
1834 3083 1977 3151 quod
2016 3152 2049 3159 _
2078 3072 2233 3128 δυίιετ
2267 3076 2394 3146 jam
2421 3078 2658 3148 angelica
2708 3082 2861 3135 turba
2892 3082 3168 3152 εωίοηιηι.
3195 3095 3251 3141 θι
3296 3089 3520 3159 reliqua.
3555 3090 3653 3149 Se-

397 3174 568 3230 usque
591 3162 659 3216 ad
684 3164 919 3218 medium
943 3166 1116 3222 noctis
1142 3167 1334 3238 vigilia:
1356 3170 1736 3238 extenduntur,
1759 3182 1977 3233 sanctus
2005 3152 2050 3214 Ο
2082 3167 2254 3221 ευυά³
2286 3167 2620 3222 decantandi!
2651 3178 2738 3224 (δεῖ
2764 3171 2818 3224 in
2859 3173 3076 3227 mOdum
3105 3175 3456 3244 Ρῐτὲἷθιίοηίε·
3488 3181 3653 3237 (ἷετθο

399 3250 759 3324 Hieronymus
792 3253 881 3309 ita'
910 3256 1105 3327 docet:
1136 3270 1162 3298 ι
1198 3257 1438 3314 Traditio
1483 3262 1842 3331 apostolorum
1893 3266 1980 3324 vel

398 3341 705 3400 Iudaeorum
736 3355 863 3421 est,
892 3347 1376 3413 Christummedia
1416 3360 1573 3413 nocte
1608 3363 1894 3411 venturum
1924 3357 1978 3412 in

400 3436 804 3492 similitudinem
830 3438 1073 3516 Egyptii
1105 3445 1381 3511 temporis,
1411 3446 1627 3514 quando
1655 3446 1860 3503 Pascha
1891 3466 1980 3506 ce-

397 3526 665 3582 lebratum
694 3537 796 3584 est.
838 3530 990 3585 Unde
1016 3539 1071 3585 et
1102 3548 1223 3587 reor
1252 3535 1596 3591 traditionem
1628 3540 1978 3608 apostolicam

398 3619 784 3695 permansisse,
809 3628 870 3673 ut
912 3619 999 3677 die
1035 3622 1340 3693 vigiliarum
1378 3625 1599 3681 Pascha;
1644 3637 1770 3684 ante
1804 3633 1979 3688 noctis

346 3710 355 3715 ’
400 3708 638 3771 medium
686 3710 906 3780 populos
939 3711 1212 3768 dimittere
1257 3729 1361 3768 non
1391 3714 1571 3782 liceat,
1601 3728 1977 3789 exspectantes

398 3800 684 3853 adventum
747 3799 968 3856 Christi.
1022 3802 1313 3873 Postquam
1379 3821 1508 3862 vero
1573 3809 1703 3865 illud
1765 3819 1977 3884 tempus

401 3888 706 3954 transierit,
759 3891 1045 3946 securitate
1099 3903 1458 3964 praesumpta,
1506 3895 1702 3953 festum
1765 3903 1976 3959 cunctis

396 3992 555 4049 agere
584 3979 745 4034 diem.
775 3980 1084 4038 Manifestat
1111 3984 1291 4045 ethoc
1315 3986 1620 4043 benedictio
1646 3992 1811 4058 cerei,
1842 3992 1974 4051 Haec

397 4083 502 4121 nox
529 4075 605 4122 est
631 4080 649 4120 :
672 4078 727 4125 et
759 4071 812 4124 in
839 4072 1080 4127 oratione
1101 4073 1157 4128 in
1185 4074 1350 4130 missa
1375 4095 1388 4132 :
1420 4076 1580 4145 Deus,
1610 4081 1698 4152 qui
1724 4082 1860 4141 hanc
1887 4092 2007 4144 ιιι-⁸

395 4159 741 4216 cratissimam
770 4171 988 4218 noctem.
1018 4164 1076 4219 In
1108 4165 1351 4222 Romana
1374 4170 1519 4226 enim
1548 4171 1791 4233 Ecclesia
1833 4176 1972 4232 infra

396 4251 625 4319 Urbem,
658 4269 816 4309 mane
844 4256 1021 4326 primo
1051 4258 1260 4313 sabbati
1288 4261 1435 4315 venit
1480 4264 1890 4321 archidiaconus
1916 4268 1971 4323 in

393 4343 703 4411 ecclesiam,
730 4353 785 4400 et
818 4344 993 4401 fundit
1016 4363 1197 4403 ceram
1227 4350 1285 4404 in
1310 4366 1439 4406 vase
1470 4354 1689 4420 mundo,
1716 4363 1774 4410 et
1795 4357 1972 4411 misci-

393 4440 474 4487 tat
496 4434 551 4488 in
578 4449 642 4490 ea
668 4434 865 4501 oleum,
890 4438 1015 4492 inde
1042 4438 1311 4495 benedicit
1337 4456 1538 4509 ceram,
1576 4453 1630 4499 et
1658 4460 1724 4499 ex
1751 4461 1813 4500 ea
1847 4446 1967 4502 fun-

392 4527 473 4582 dit
513 4528 918 4585 similitudinem
959 4545 1218 4602 agnorum
1244 4532 1296 4599 b,
1331 4541 1387 4588 et
1423 4543 1603 4590 servat
1640 4550 1734 4591 eos
1763 4537 1818 4591 in
1849 4539 1965 4594 loco

392 4621 610 4677 mundo.
640 4620 699 4677 In
739 4622 948 4678 octavis
974 4637 1101 4678 vero
1137 4623 1359 4679 Paschae
1387 4625 1582 4681 dantur
1610 4626 1711 4696 ipsi
1745 4629 1869 4697 agni
1899 4629 1967 4685 ab

390 4712 772 4769 archidiacono
799 4722 922 4785 post
966 4715 1162 4771 missas
1190 4715 1247 4770 in
1270 4716 1499 4772 ecclesia
1533 4726 1588 4773 et
1627 4721 1964 4775 communio-

390 4823 517 4865 nem
543 4808 946 4879 populo,e.t.ex
978 4808 1057 4863 eis
1102 4807 1307 4863 faciunt
1347 4809 1400 4863 in
1430 4810 1677 4866 domibus
1722 4813 1836 4866 suis
1875 4829 1966 4869 ac—
2006 4800 2019 4807 ’

388 4902 543 4958 cendi
567 4902 869 4967 incensum,
890 4909 946 4955 et
974 4901 1042 4956 ad
1080 4900 1447 4972 fumigandum
1474 4901 1530 4955 in
1560 4902 1807 4957 domibus
1830 4904 1961 4970 suis,

386 5009 484 5063 pro
510 5006 827 5064 quacunque
852 4990 931 5045 eis
964 4990 1287 5046 necessitate
1315 4991 1571 5045 evenerit.
1606 4990 1864 5048 Similiter
1904 4995 1958 5048 in

386 5081 712 5139 suburbanis
732 5081 1050 5137 ‘civitatibus
1074 5081 1139 5136 de
1184 5081 1305 5136 oleo
1347 5079 1574 5135 faciunt.
1604 5093 1626 5121 ο
1656 5080 1793 5152 Agni
1823 5098 1960 5152 quos

386 5172 617 5229 Romani
648 5171 874 5237 faciunt,
916 5187 1111 5242 agnum
1138 5187 1237 5242 pro
1276 5172 1431 5227 nobis
1474 5170 1677 5230 factum
1707 5173 1961 5227 immacu-

382 5264 550 5322 latum
580 5266 860 5337 designant
885 5278 900 5318 :
927 5265 1189 5319 omnibus.
1209 5265 1354 5318 enim
1385 5266 1546 5320 rebus
1579 5265 1826 5320 Christus
1864 5281 1961 5320 no-

381 5354 465 5414 bis
503 5361 570 5417 ad
600 5360 917 5416 memoriam
957 5357 1292 5427 frequentius
1327 5360 1664 5416 reducendus
1697 5367 1800 5415 est.
1831 5358 1955 5427 Qui:

450 5506 476 5564 τι
515 5494 712 5559 Amal.,
737 5510 856 5564 cap.
885 5492 968 5548 l6.

450 5562 477 5601 ι’
516 5566 635 5636 Vid.
667 5562 838 5635 llugo.
858 5563 1119 5632 Menard.,
1147 5566 1201 5622 in
1222 5564 1317 5619 tib.
1345 5564 1657 5622 Sacramen.
1687 5563 1749 5619 S.
1788 5563 1950 5636 Greg.

380 5640 492 5688 not.
520 5634 625 5688 500
651 5635 703 5687 in
732 5634 856 5688 line.

451 5713 473 5742 ο
514 5704 711 5768 Atual.,
736 5718 853 5773 cap.
885 5705 968 5759 ιτ.

2078 3253 2361 3311 benedicto
2387 3256 2529 3312 illico
2554 3258 2925 3315 illuminantur
2944 3263 3011 3317 ab
3035 3265 3225 3320 eodem
3246 3267 3336 3323 alii
3362 3272 3506 3325 cerei
3531 3271 3667 3335 duo..

2078 3351 2341 3403 staturam
2377 3346 2611 3402 hominis
2638 3349 2921 3406 habentes.
2962 3350 3184 3421 Cereus,
3227 3358 3318 3426 qui
3358 3374 3495 3415 novo
3534 3362 3653 3433 igne

2077 3435 2407 3501 accenditur,
2432 3451 2624 3490 novam
2652 3438 2855 3495 Christi
2879 3442 3181 3499 doctrinam
3204 3448 3318 3502 sive
3339 3451 3571 3519 gratiam
3599 3455 3652 3510 in

2077 3541 2216 3581 novo
2254 3534 2598 3594 testamento,
2630 3545 2929 3602 novamque
2957 3536 3223 3605 gratiam,
3247 3554 3355 3608 qua
3393 3558 3499 3596 nox
3543 3543 3648 3598 Do-

2077 3616 2273 3673 minica
2321 3616 2647 3685 illustratur,
2679 3621 2945 3693 designat.
2990 3624 3107 3680 Duo
3149 3628 3258 3696 qui.
3283 3629 3652 3689 illuminantur

2076 3704 2145 3758 ab
2174 3719 2260 3771 eo,
2287 3706 2586 3762 doctrinam
2618 3710 2979 3779 apostolorum
3010 3714 3323 3787 designant,
3352 3720 3546 3788 quibus
3575 3724 3652 3777 di-

2076 3795 2246 3850 citur:
2283 3794 2382 3852 Vos
2405 3798 2526 3852 estis
2549 3797 2642 3852 lux
2670 3801 2848 3855 mundi
2878 3803 3090 3875 (Matth.
3117 3821 3171 3872 v,
3198 3808 3306 3879 14).
3334 3808 3485 3876 Quod
3509 3813 3647 3868 enim

2074 3887 2494 3945 catechumenos
2539 3891 2851 3958 praecedunt
2889 3894 2958 3948 ad
2994 3896 3354 3966 baptismum,
3386 3902 3650 3972 signiﬁcat

2074 3978 2198 4044 hoc,
2224 3980 2364 4049 quod
2391 3982 2639 4035 columna
2665 3983 2805 4053 ignis
2830 3988 3171 4053 praecedebat
3193 3989 3331 4047 ﬁlios
3356 3991 3540 4058 Israel,
3563 4012 3648 4049 an-

2075 4078 2290 4138 tequam
2320 4086 2469 4126 mare
2508 4071 2746 4128 Rubrum
2779 4077 3095 4133 transirent.
3128 4079 3229 4136 Ubi
3255 4083 3419 4138 etiam
3455 4085 3646 4157 ﬁgura—
3678 4144 3687 4150 ,

2072 4160 2195 4215 liter
2221 4161 2687 4235 initiumsumpsit
2725 4165 3022 4236 baptismus
3047 4187 3059 4222 :
3089 4169 3414 4242 Baptizavit,
3444 4176 3641 4246 inquit,

2073 4249 2296 4320 Moyses,
2326 4253 2381 4304 in
2409 4252 2543 4307 nube
2578 4263 2625 4307 et
2670 4256 2803 4308 mari
2836 4255 2887 4328 (I
2911 4255 3032 4311 Cor.
3058 4274 3123 4325 Χ,
3155 4261 3232 4332 2).
3274 4261 3476 4319 Habuit
3518 4282 3665 4337 ergo—

2070 4357 2220 4397 mare
2241 4342 2469 4398 formam
2488 4344 2761 4415 baptismi,
2787 4347 2958 4403 nubes
2978 4348 3210 4421 Spiritus
3230 4356 3425 4420 sancti,
3450 4372 3643 4411 manna

2069 4448 2198 4489 vero
2230 4435 2383 4503 panis
2408 4435 2548 4489 vitaz.
2577 4436 2777 4514 Deinde
2804 4436 3099 4507 baptizavit
3125 4439 3362 4499 Joannes
3388 4446 3443 4503 in
3472 4449 3639 4517 pinni-

1998 4503 2044 4561 D
2069 4525 2255 4588 tentia,
2282 4532 2404 4593 post
2436 4524 2580 4580 hunc
2618 4503 3189 4600 Christus-perfectum
3224 4503 3520 4604 baptizavit
3547 4503 3636 4595 ba-

2064 4617 2321 4687 ptismum
2346 4616 2399 4670 in
2417 4614 2822 4685 Spiritusancto
2845 4626 2900 4673 et
2918 4620 3058 4690 igne.
3084 4621 3210 4681 Tria
3235 4626 3435 4681 etenim
3448 4643 3635 4697 genera

2068 4715 2194 4760 sunt
2219 4707 2472 4777 baptismi
2499 4724 2512 4761 :
2540 4708 2797 4778 primum,
2829 4725 2936 4779 quo
2961 4713 3148 4768 sordes
3176 4726 3520 4784 peccatorum
3547 4736 3637 4791 per

2065 4795 2341 4851 lavacrum
2371 4796 2681 4855 abluuntur.
2716 4796 3045 4867 Secundum,
3073 4818 3181 4873 quo
3216 4806 3339 4874 quis
3382 4811 3635 4879 sanguine

2066 4901 2163 4941 suo
2197 4902 2294 4957 per
2319 4889 2636 4958 martyrium
2677 4888 3139 4962 baptizatur,,quo
3184 4896 3351 4950 etiam
3391 4898 3636 4956 Christus

2061 4975 2323 5044 baptizari
2354 4976 2606 5047 dignatus
2630 4986 2731 5035 est.
2760 4979 3001 5035 Tertium
3029 4982 3426 5055 lacrymarum,
3448 4992 3634 5061 quibus

2064 5065 2229 5119 David
2253 5072 2308 5118 et
2334 5063 2582 5120 Ninivita:
2607 5067 3032 5129 misericordiam
3062 5076 3341 5129 consecuti
3366 5090 3514 5133 sunt.
3547 5081 3635 5135 De-

2061 5156 2221 5227 nique
2248 5157 2303 5210 in
2329 5155 2600 5226 baptismo
2627 5166 2836 5228 septem
2865 5160 3066 5230 gradus
3110 5172 3257 5229 sunt,
3304 5174 3415 5222 tres
3460 5170 3511 5223 in
3542 5170 3632 5225 de-

2059 5261 2270 5312 scensu,
2295 5255 2518 5317 propter
2540 5248 2645 5307 tria
2667 5248 2860 5318 quibus
2884 5250 3258 5308 renuntiamus
3283 5273 3300 5308 ι
3327 5259 3558 5314 tresalii
3580 5259 3631 5318 in

2058 5352 2304 5404 ascensu,
2322 5349 2544 5408 propter
2565 5339 2668 5393 tria
2689 5355 2810 5409 quae
2831 5339 3166 5397 conﬁtemur.
3190 5343 3464 5415 Septimus
3481 5365 3629 5415 vero,

2125 5468 2153 5508 ἀ
2192 5469 2390 5533 Amal.,
2414 5483 2533 5538 cap.
2564 5469 2648 5522 18.

2130 5551 2154 5613 e
2192 5538 2431 5613 Zosimus
2453 5555 2609 5613 papa.
2642 5538 2757 5597 Vid.
2784 5540 2955 5613 Hugo.
2983 5541 3257 5611 Menum,
3278 5555 3392 5603 not.
3417 5549 3510 5604 cit.

2133 5608 2151 5647 τ
2192 5608 2402 5675 Annal,
2419 5609 2521 5664 loc.
2547 5609 2638 5666 cit.
