3914 6178
1206 144 1234 162 κ

405 165 439 198 ο(

246 266 374 320 121⁸2
1049 267 1193 322 OPP.
1239 267 1634 324 SUPPOSITA.
1674 300 1745 308 —
1780 268 1906 323 LIB.
1949 270 2031 324 DE
2071 269 2316 327 DlVlNIS
2349 272 2649 332 OFFlCllS.
3345 279 3475 333 liis

241 384 330 452 qui
362 389 582 450 quartus
607 380 796 435 similis
825 380 933 434 ﬁlio
971 381 1222 445 hominis,
1254 382 1604 451 exstingueus
1633 383 1811 435 forna—
1835 381 1884 438 Α
1912 381 2030 435 oleo
2085 387 2420 456 perungitur,
2475 396 2534 441 ut
2582 387 2733 456 signo
2784 398 2983 444 sanctae
3036 392 3214 446 crucis
3265 393 3476 449 diabolo

243 487 354 526 cem
383 472 519 542 ignis
531 484 576 522 ιι.
602 469 882 525 Lectiones
906 471 1087 538 itaque
1105 478 1354 538 quatuor,
1375 485 1493 539 qua:
1513 479 1811 538 sequuntur
1906 471 2190 527 claudatur
2217 476 2518 545 ingressus.
2552 476 2847 546 Signantur
2870 487 2924 533 et
2949 480 3200 550 scapulrc,
3232 491 3289 534 ut
3316 485 3473 538 undi-

241 567 364 614 ante
405 560 727 628 baptismum
775 574 897 613 cum
948 561 1174 614 canticis
1214 574 1308 612 seu
1355 559 1710 623 orationibus,
1739 560 1806 614 ad

241 652 642 704 instructionem
674 650 1184 704 catechumenorum
1226 660 1388 719 atque
1416 654 1804 723 neophytorum

235 740 522 807 pertinent.
555 739 751 804 bQuod
776 753 904 792 vero
933 755 1036 793 non
1059 743 1496 807 pronuntiantur
1524 745 1576 796 in
1606 743 1800 812 capite,

235 836 290 880 ut
322 826 437 880 aliae
469 825 744 889 lectiones,
772 827 929 879 sicuti
954 835 1058 890 est,
1083 828 1267 883 Lectio
1292 829 1412 883 libri
1441 829 1666 886 Genesis
1690 833 1803 887 sive

233 917 420 978 Exodi,
454 925 508 969 et
535 925 742 969 cetera:
779 932 875 985 per
902 917 1164 981 ordinem,
1197 919 1310 972 hazc
1341 921 1478 974 ratio
1511 929 1595 974 est
1621 940 1634 974 :
1662 921 1801 976 Dicit

230 1008 373 1062 enim
394 1007 681 1076 Apostolus
698 1026 709 1060 :
728 1007 1123 1078 Sapientibuset
1141 1012 1501 1081 insipientibus
1521 1013 1683 1084 483
1709 1013 1801 1067 de-

228 1099 362 1151 bitor
374 1113 488 1149 sum
505 1095 681 1166 (Rom.
700 1114 740 1161 ι,
763 1096 1254 1168 14).Οίιῐθοὴυωειιὶ
1268 1101 1644 1170 insipientibus
1660 1118 1800 1156 com-

225 1197 515 1256 parantur,
540 1189 661 1244 ideo
683 1185 1054 1246 eis'lectiones
1079 1181 1410 1248 dissimiliter
1443 1195 1796 1264 pronuntian-

224 1289 332 1342 tur,
349 1288 407 1332 ut
429 1281 716 1335 reducatur
735 1282 803 1336 ad
818 1284 1132 1337 memoriam
1155 1285 1371 1338 caecitas
1391 1285 1570 1340 cordis
1582 1301 1788 1350 eorum,

221 1372 312 1438 qui
343 1373 578 1426 nondum
619 1386 949 1443 cognoscunt.
985 1376 1130 1429 cives
1168 1375 1406 1430 caelestis
1431 1365 1788 1431 Hierusalem.

220 1460 442 1516 Frustra
457 1463 536 1516 eis
552 1464 930 1531 pronuntiatur
951 1475 1142 1518 auctor
1158 1465 1480 1534 incognitus,
1496 1466 1687 1534 quibus
1703 1464 1792 1517 ﬁr-

219 1553 461 1607 missima
485 1555 778 1608 auctoritas
800 1563 976 1623 potest
1008 1556 1267 1610 vilescere
1287 1570 1384 1624 per
1406 1556 1784 1627 ignorantiam.

285 1645 588 1714 Antequam
619 1647 762 1700 enim
797 1646 1043 1716 legantur
1069 1646 1348 1713 lectiones,
1387 1649 1656 1716 accipiunt
1681 1650 1785 1702 duo

214 1739 414 1791 notarii
465 1740 857 1808 suprascriptos
900 1755 1088 1794 cereos
1117 1755 1392 1805 accensos,
1421 1748 1475 1794 et
1507 1746 1690 1794 tenent
1721 1738 1780 1790 il.
1814 1711 1859 1773 Β

213 1830 314 1895 los,
347 1847 486 1886 unus
515 1832 568 1884 in
600 1832 822 1886 dextero
851 1848 1020 1890 cornu
1050 1833 1254 1899 altaris,
1305 1833 1441 1888 alter
1461 1833 1522 1886 .iu
1553 1834 1779 1888 sinistro

213 1937 383 1990 usque
426 1922 492 1975 ad
518 1921 713 1976 fontes.
769 1922 970 1980 Deinde
998 1926 1237 1980 ascendit
1275 1925 1446 1980 lector
1473 1925 1540 1979 ad
1597 1925 1778 1993 legen-

212 2009 364 2073 dum,
395 2010 596 2079 absque
629 2013 1066 2079 pronuntiatione
1091 2015 1358 2069 lectionis.
1396 2015 1581 2068 Lectio
1607 2015 1778 2084 prima

209 2114 277 2153 ex
311 2099 447 2153 libro
480 2098 750 2155 Geneseos
780 2102 854 2155 ita
905 2102 1225 2156 inchoatur:
1261 2103 1326 2156 In
1352 2105 1604 2174 principio
1636 2121 1780 2158 crea-

206 2191 276 2242 vit
312 2189 448 2242 Deus
476 2189 658 2242 caelum
683 2199 755 2244 tet
782 2201 998 2254 terram,
1029 2201 1083 2246 et
1112 2193 1335 2261 reliqua.
1379 2192 1636 2261 Sequitur
1658 2209 1778 2246 ora-

207 2280 283 2334 tio
321 2282 523 2350 absque
549 2279 870 2336 salutatione
897 2297 910 2333 :
951 2281 1093 2334 Deus
1119 2283 1208 2350 qui
1252 2283 1562 2335 mirabiliter
1590 2283 1777 2335 creasti

205 2368 484 2422 hominem.
525 2368 711 2423 Lectio
758 2370 993 2424 secunda
1044 2385 1109 2422 ex
1141 2369 1278 2424 libro
1305 2370 1474 2423 Exodi
1506 2389 1518 2423 :
1553 2369 1775 2424 Factum

205 2467 279 2510 est
305 2458 358 2511 in
387 2457 560 2527 vigilia
587 2460 864 2513 matutina.
897 2458 1028 2513 Can.
1063 2458 1341 2513 Cantemus
1374 2460 1615 2514 Domino.
1649 2461 1778 2515 Ora-

205 2548 282 2601 tio
309 2566 322 2600 :
359 2548 497 2602 Deus
514 2551 598 2603 cui
621 2548 878 2602 miracula
903 2551 1140 2620 antiqua.
1165 2550 1231 2604 Et
1253 2551 1414 2605 lectio
1439 2553 1598 2606 tertia
1624 2551 1775 2607 Isaiae

199 2639 476 2707 propheta:
504 2653 517 2692 :
549 2640 940 2708 Apprehendent
980 2651 1170 2711 septem
1210 2640 1472 2695 mulieres.
1506 2640 1638 2696 Can.
1678 2641 1772 2696 Vi-

199 2748 298 2784 nea
327 2731 471 2800 {acta
491 2739 585 2783 est.
631 2729 872 2785 Oremus.
915 2731 1056 2785 Deus
1079 2733 1167 2802 qui
1197 2749 1290 2786 nos
1313 2733 1381 2786 ad
1403 2731 1770 2787 celebrandum

196 2817 420 2872 Pasclue
444 2830 845 2872 sacramentum.
873 2821 1054 2876 Lectio
1077 2832 1270 2890 quarta
1289 2823 1441 2877 Isaiae
1460 2825 1767 2892 prophetae:

198 2905 331 2960 licet:
362 2908 777 2970 estIIuereditas.
818 2907 950 2962 Can.
1002 2909 1219 2961 Attende
1265 2909 1466 2963 caelum.
1524 2908 1765 2965 Oremus.

195 2999 337 3051 Deus
359 2999 447 3068 qui
469 2996 763 3050 Ecclesium
791 3007 954 3051 tuam.
987 2998 1060 3052 De
1099 2998 1306 3067 psalmo
1336 3015 1423 3052 xu
1453 3000 1722 3054 canticum
1751 3019 1762 3054 :

1903 576 2007 630 quc
2034 564 2325 618 muniatur.
2358 563 2501 619 "Item
2556 568 2608 620 in
2633 569 2866 636 pectoris
2903 569 3008 642 [ΑΙ.
3061 572 3208 637 add.,
3262 582 3314 627 et
3350 590 3469 629 sca-

1900 651 2060 724 pulm]
2108 655 2358 710 unctione
2400 657 2644 726 signatur
2679 658 2800 714 ﬁdei
2853 660 3097 727 ﬁrmitas,
3136 675 3190 719 et
3243 681 3465 732 operum

1899 740 2161 796 bonorum
2214 747 2654 813 perseverantia:
2690 749 2880 803 deinde
2932 763 3132 807 sanet-.1:
3185 754 3467 810 Trinitatis

1900 831 2042 912 trina
2088 833 2458 904 submersione
2512 837 2833 903 baptizatur.
2874 841 2940 894 Et
2962 851 3106 896 recte
3162 846 3340 909 homo,
3372 849 3464 916 qui

1899 922 1965 975 ad
1993 923 2280 992 imaginem
2325 935 2522 980 sancte
2547 924 2827 985 Trinitatis
2849 943 2931 985 est
2955 935 3221 1002 conditus,
3253 953 3350 1006 per
3375 939 3458 991 in-

1896 1013 2231 1068 vocationem
2259 1025 2460 1071 sanctae
2482 1012 2762 1075 Trinitatis
2799 1023 2867 1077 ad
2901 1026 3144 1079 eamdem
3171 1011 3463 1084 renovatur

1895 1102 2202 1172 imaginem,
2239 1115 2294 1158 et
2325 1108 2416 1176 qui
2447 1111 2608 1163 tertio
2652 1114 2818 1180 gradu
2844 1117 3073 1183 peccati,
3122 1117 3175 1170 id
3203 1127 3305 1180 est,
3337 1135 3464 1174 con-

1895 1205 2074 1256 sensu,
2102 1195 2294 1250 cecidit
2323 1197 2376 1250 iu
2421 1208 2670 1264 mortem,
2706 1203 2866 1256 tertio
2909 1203 3149 1258 elevatur
3191 1207 3259 1260 de
3289 1209 3459 1274 fonte,

1891 1291 1951 1336 ut
1976 1297 2072 1351 per
2098 1286 2326 1354 gratiam
2355 1297 2539 1358 surgat
2563 1291 2628 1343 ad
2663 1292 2848 1344 vitam.
2887 1293 3089 1349 Deinde
3127 1297 3262 1352 albis
3286 1301 3462 1354 indui-

1877 1380 1979 1425 tur
2007 1375 2340 1430 vestimentis
2374 1388 2591 1447 propter
2637 1383 2863 1447 gratiam
2909 1382 3042 1454 [Al.,
3075 1389 3352 1462 gaudium]
3381 1407 3462 1446 re-

1888 1469 2267 1534 generationis,
2316 1478 2370 1524 et
2396 1473 2698 1526 castitatem
2733 1475 2875 1539 vitae,
2917 1484 2970 1530 et
3001 1480 3230 1548 angelici
3280 1483 3458 1551 splen-

1889 1561 2034 1614 doris
2057 1562 2322 1617 decorem.
2362 1563 2512 1618 Tunc
2538 1581 2693 1620 sacro
2734 1569 3030 1626 chrismate
3069 1583 3228 1643 caput
3259 1592 3458 1644 perun-

1887 1650 2051 1718 gitur,
2090 1660 2144 1706 et
2169 1654 2399 1724 mystico
2435 1655 2633 1724 tegitur
2684 1657 2969 1726 velamine,
3010 1669 3068 1714 ut
3107 1663 3371 1734 intelligat
3398 1683 3458 1721 se

1885 1741 2128 1796 diadema
2151 1745 2319 1814 regni,
2347 1754 2401 1799 et
2434 1749 2717 1801 sacerdotii
2738 1749 3053 1819 dignitatem
3080 1764 3314 1824 portare,
3336 1757 3458 1827 jux-

1884 1839 1938 1884 ta
1966 1832 2282 1902 Apostolum
2337 1853 2349 1887 :
2392 1835 2494 1889 Vos
2523 1838 2831 1908 estisvgenus
2863 1841 3102 1909 electum,
3137 1847 3330 1915 regale,
3367 1867 3455 1903 sa-

1861 1922 2158 1984 cerdotale,
2205 1925 2475 1993 offerentes
2530 1934 2860 2001 vosmetipsos
2909 1932 3017 1987 Deo
3062 1944 3193 2001 vivo,
3223 1937 3449 1994 hostiam

1880 2020 2114 2064 sanctam
2147 2023 2194 2065 et
2224 2013 2332 2066 Deo
2365 2015 2649 2083 placentem
2681 2017 2728 2088 (1
2765 2018 2882 2073 Pet.
2907 2037 2966 2087 ιι,
2993 2022 3069 2095 9).
3103 2023 3194 2080 Sic
3221 2042 3450 2097 corpore

1880 2107 1936 2154 et
1967 2103 2224 2171 sanguine
2271 2103 2550 2161 Dominico
2583 2108 2952 2178 conﬁrmatur,
2995 2124 3052 2170 ut
3096 2118 3236 2174 illius
3265 2122 3336 2177 sit
3361 2139 3453 2176 ca-

1878 2191 2004 2258 pitis
2033 2194 2352 2260 membrum,
2380 2197 2472 2264 qui
2499 2212 2597 2266 pro
2626 2213 2690 2252 eo
2709 2215 2901 2268 passus
2925 2213 3025 2264 est.
3044 2215 3099 2260 e-t
3128 2215 3448 2268 resurrexit.

1877 2278 2179 2336 Novissime
2206 2298 2301 2351 per
2321 2285 2716 2355 impositionem
2750 2306 2943 2348 manus
2968 2309 2998 2347 a
3020 2311 3233 2353 summo
3268 2317 3450 2358 sacer-

1863 2372 2001 2427 ‘dote
2031 2372 2358 2442 septiformis
2382 2378 2566 2447 gratia:
2594 2377 2854 2448 Spiritum
2896 2385 3110 2454 accipit,
3151 2397 3210 2442 ut
3236 2391 3450 2448 robore-

1876 2470 1967 2516 tur
1991 2479 2088 2532 per
2111 2461 2370 2533 Spiritum
2392 2475 2635 2521 sanctum
2666 2469 2733 2522 ad
2754 2472 3183 2542 prtedicandum,
3209 2479 3329 2533 aliis
3356 2482 3446 2550 qui

1875 2555 1976 2608 fuit
2006 2556 2059 2609 in
2093 2555 2361 2625 baptismo
2389 2573 2486 2626 per
2511 2559 2742 2628 gratiam
2768 2561 2879 2615 vita
2907 2564 3136 2621 donatus
3160 2577 3382 2624 aeterna.
3423 2591 3442 2623 ι

1945 2641 2113 2697 Hodie
2138 2651 2315 2698 autem
2346 2645 2476 2699 hora
2501 2662 2640 2700 nona
2673 2647 2969 2718 baptismus
2997 2653 3317 2723 celebratur,
3349 2663 3448 2715 sic-

1873 2742 1932 2786 ut
1961 2733 2014 2786 iu
2041 2732 2379 2799 Pentecoste,
2410 2751 2472 2789 ea
2500 2737 2565 2790 de
2601 2752 2786 2802 causa,
2833 2742 2959 2808 quia
2987 2743 3206 2813 angelus
3231 2747 3444 2804 Domini

1872 2825 2021 2878 venit
2044 2825 2110 2879 ad
2138 2825 2443 2880 Cornelium
2479 2829 2612 2882 hora
2645 2845 2784 2885 nona
2816 2833 2952 2903 (Act.
2991 2851 3046 2902 ι,
3077 2839 3111 2892 5
3141 2839 3270 2911 seq.)
3302 2881 3316 2906 ,
3353 2857 3445 2896 an-

1872 2919 2126 2972 nuntians
2165 2920 2215 2973 ei
2269 2920 2410 2989 quod
2476 2921 2749 2977 orationes
2815 2924 2930 2992 ejus
2982 2943 3047 2982 ac
3091 2929 3444 3002 eleemosyuae

1871 3009 2213 3064 ascenderint
2257 3011 2308 3064 in
2348 3020 2690 3080 conspectum
2735 3013 2965 3070 Domini.
3010 3017 3108 3084 Qui
3145 3036 3269 3074 mox
3295 3022 3442 3076 misit

194 3091 341 3144 Sicut
372 3108 568 3144 cervus.
603 3089 787 3145 Oratio
814 3109 826 3144 :
868 3089 1126 3155 Concede,
1153 3107 1471 3161 quwsumus.
1500 3091 1620 3144 Alia
1645 3107 1767 3146 ora-
1790 3073 1838 3136 ο
1869 3099 1936 3153 ad
1965 3099 2203 3165 Petrum,
2255 3112 2310 3155 et
2355 3105 2656 3172 promeruit
2713 3073 3110 3162 sacramentum
3165 3111 3436 3181 baptismi.

194 3183 289 3245 tio,
322 3181 376 3234 in
423 3182 610 3235 eodem
659 3179 862 3250 psalmo
904 3197 991 3234 xu
1031 3195 1044 3233 :
1078 3179 1415 3250 Omnipotens
1460 3182 1767 3252 sempiterne

189 3267 354 3333 Deus,
387 3269 580 3338 respice
606 3269 865 3339 propitius
891 3268 959 3321 ad
984 3268 1513 3340 devotionempopuli
1545 3272 1642 3324 tui.
1673 3269 1761 3324 In-

189 3371 274 3416 ter
309 3362 421 3416 haec
446 3363 551 3416 duo
581 3363 814 3426 cantica,
845 3368 1060 3416 non-est
1089 3362 1249 3417 lectio
1273 3364 1603 3425 necessaria.
1634 3363 1760 3432 quia

185 3463 409 3522 propter
445 3453 872 3508 convenientiam
922 3453 1166 3507 lectionis
1189 3461 1242 3508 et
1271 3455 1496 3508 duorum
1525 3455 1760 3524 psalmo-

188 3563 330 3609 rum,
350 3547 465 3599 sine
492 3547 658 3600 altera
675 3546 904 3600 lectione
925 3560 1159 3615 congrue
1183 3546 1599 3615 conjunguntur.
1619 3545 1760 3599 Fini-

186 3636 256 3689 tis
284 3634 606 3688 lectionibus
648 3633 1080 3688 descendendum
1111 3646 1198 3688 est
1233 3634 1301 3686 ad
1351 3634 1750 3701 baptizandum.

252 3723 368 3789 Qua
404 3724 539 3776 hora
563 3722 860 3790 haptismus
891 3721 1052 3774 hodie
1085 3722 1281 3775 debeat
1328 3721 1610 3785 celebrari,
1643 3723 1756 3776 sive

181 3815 518 3878 Pentecoste,
541 3813 626 3867 vel
651 3814 779 3882 quid
802 3812 1108 3867 sacerdotes
1135 3812 1417 3880 neophytis
1437 3812 1751 3878 praedicent,

182 3908 271 3962 hic
305 3919 598 3975 parumper
619 3903 974 3958 intimandum
1023 3911 1124 3957 est.
1166 3919 1183 3951 ι
1221 3901 1403 3954 Primo
1433 3912 1455 3938 ο
1489 3915 1751 3969 paganus,

179 4007 238 4052 ut
267 4000 688 4053 catechumenos
717 3998 827 4061 ﬁat,
874 3995 1138 4051 accedens
1168 3993 1234 4048 ad
1281 3993 1628 4062 baptismum,
1668 4006 1751 4045 re-

179 4090 392 4143 nuntiet
425 4089 659 4160 maligno
694 4089 907 4158 spiritui
950 4096 1003 4142 et
1029 4088 1278 4142 omnibus
1312 4085 1588 4141 damnosis
1635 4086 1752 4156 ejus

176 4183 424 4250 pompis;
458 4180 772 4236 exsuﬁlatur
798 4182 982 4245 etiam,
1011 4191 1071 4234 ut
1095 4179 1277 4250 fugato
1306 4178 1540 4242 diabolo,
1589 4178 1748 4234 Chri-

175 4284 258 4327 sto
288 4273 516 4327 Domino
559 4282 787 4342 paretur
836 4273 1125 4338 introitus;
1160 4271 1526 4336 exorcizatur,
1557 4271 1612 4325 id
1643 4278 1745 4335 est,

173 4363 490 4431 conjuratur
519 4365 784 4434 malignus
828 4364 1069 4432 spiritus,
1116 4371 1177 4416 ut
1210 4371 1367 4416 exeat
1401 4369 1456 4414 et
1504 4363 1740 4428 recedat,

170 4454 308 4507 dans
343 4453 518 4508 locum
539 4469 668 4508 vero
697 4454 922 4509 Domino
949 4452 1081 4525 [Al.,
1113 4453 1223 4507 Deo
1267 4451 1439 4524 vero].
1472 4452 1742 4508 Catechu~

167 4559 360 4598 menus
387 4544 608 4599 audiens
639 4545 750 4598 sive
779 4544 1009 4613 adjutor,
1036 4543 1201 4598 salem
1227 4544 1438 4614 accipit,
1473 4551 1533 4598 ut
1566 4545 1743 4614 putri--

166 4636 231 4688 da
265 4643 320 4690 et
346 4634 486 4688 ﬂuxa
515 4633 630 4703 ejus
664 4644 888 4705 peccata
927 4636 1206 4704 sapientiae
1251 4636 1362 4690 sale
1414 4635 1596 4691 divino
1622 4652 1741 4690 mu-

164 4741 294 4782 nere
334 4728 676 4782 mundentur.
701 4727 904 4782 Deinde
932 4727 1173 4797 Symboli
1207 4726 1487 4795 apostolici
1511 4726 1743 4780 traditur

161 4817 212 4872 ei
247 4817 404 4882 ﬁdes,
437 4825 496 4871 ut
518 4833 686 4872 vacua
711 4820 921 4884 domus,
973 4827 1028 4871 et
1053 4833 1084 4871 a
1105 4817 1287 4887 prisco
1320 4817 1622 4872 habitatore
1647 4815 1739 4871 de-

161 4905 352 4960 relicta
395 4904 500 4961 ﬁde
536 4916 777 4971 ornetur,
829 4913 883 4961 et
933 4914 1269 4976 praeparetur
1321 4903 1583 4958 habitatio
1634 4903 1738 4955 Do—

161 4997 328 5049 mino.
358 4995 524 5050 Fiunt
569 4997 850 5062 scrutinia,
905 5007 964 5051 ut
1008 4997 1319 5066 exploretur
1359 4995 1553 5064 saepius
1603 4993 1734 5066 [Al.,

158 5083 391 5158 servus],
425 5102 492 5140 an
515 5097 634 5157 post
659 5089 1106 5143 renuntiationem
1131 5086 1366 5151 Satanae,
1389 5101 1547 5141 saera
1573 5087 1734 5142 verba

159 5178 296 5232 datae
323 5177 446 5232 ﬁdei
492 5179 749 5234 radicitus
791 5181 952 5234 corde
980 5178 1282 5233 deﬁxerint.
1340 5177 1656 5248 Tanguntur
1681 5187 1735 5232 et

160 5282 337 5330 nares,
364 5275 419 5322 ut
464 5269 700 5337 quandiu
744 5269 994 5338 spiritum
1043 5267 1261 5322 naribus
1301 5268 1503 5331 trahat,
1538 5266 1593 5320 in
1626 5265 1732 5320 ﬁde

156 5369 376 5426 accepta
405 5359 660 5427 perduret
684 5376 696 5410 :
729 5367 915 5427 peetus
932 5372 1143 5428 quoque
1159 5358 1349 5413 eodem
1379 5354 1730 5428 [Al.,eidem]

226 5485 250 5512 ³
291 5474 470 5529 Locus
488 5483 796 5543 corruptus.

227 5543 254 5581 δ
291 5543 614 5609 Amalarius,
645 5559 763 5612 cap.
789 5543 878 5598 2t.

228 5623 251 5651 ε
299 5613 605 5682 νίάκρρίεῑ.
643 5614 713 5668 90
739 5613 967 5677 Alcuiui,
999 5627 1119 5682 pag.
1163 5612 1261 5666 109
1297 5613 1438 5668 circa
1470 5613 1729 5679 ﬁncm,et

1869 3189 1974 3244 Sed
2000 3199 2054 3244 et
2097 3192 2198 3245 hoc
2229 3192 2666 3248 decentissimum
2715 3206 2816 3259 est,
2847 3207 2906 3251 ut
2960 3200 3086 3268 quia
3137 3202 3269 3256 hora
3296 3219 3438 3260 noua

1865 3291 2056 3336 auctor
2075 3283 2199 3338 vita:
2221 3283 2402 3338 emisit
2425 3285 2692 3353 spiritum,
2717 3289 2905 3340 eadem
2929 3288 3058 3342 hora
3086 3305 3223 3345 nona
3255 3293 3439 3348 Eccle-

1862 3373 1942 3426 sia
1978 3382 2164 3427 saucta
2193 3373 2456 3442 percipiat
2500 3384 2747 3429 sanctum
2798 3377 3081 3446 baptisma.
3125 3381 3277 3448 Quod
3305 3399 3438 3439 vero

1859 3477 1965 3516 non
1997 3462 2159 3516 liceat
2178 3472 2374 3532 praeter
2423 3464 2580 3517 hodie
2609 3474 2664 3518 et
2714 3464 3068 3522 Pentecosten
3113 3472 3439 3540 generaliter

1857 3551 2183 3619 baptismum
2235 3549 2518 3615 celebrari,
2554 3560 2772 3607 sanctus
2821 3551 2928 3606 Leo
2957 3569 3098 3624 papa
3124 3557 3256 3612 satis
3280 3559 3438 3612 dene-

1857 3648 1964 3708 gat,
1993 3640 2094 3693 nisi
2126 3639 2266 3693 forte
2285 3639 2570 3694 inﬁrmitas
2591 3641 2918 3696 interfuerit.
2946 3642 3130 3714 Neque
3157 3646 3259 3702 hoc
3279 3648 3438 3703 omit-

1856 3731 2073 3784 tendum
2108 3740 2192 3783 est
2238 3731 2380 3797 quod
2411 3730 2638 3784 Romani
2667 3730 2806 3784 infra
2834 3732 3310 3802 Quadragesimam
3337 3753 3428 3792 sex

1855 3821 2115 3874 scrutinia
2167 3819 2462 3881 celebrant,
2502 3830 2556 3871 et
2593 3821 2751 3873 hodie
2796 3821 3101 3888 septimum.
3141 3824 3196 3877 ln
3224 3824 3328 3878 isto
3353 3840 3439 3878 sc-

1854 3909 2101 3977 ptenario
2136 3907 2503 3974 intelliguntur
2537 3917 2741 3975 septem
2792 3909 2930 3961 dona
2973 3909 3206 3979 Spiritus
3255 3918 3427 3970 sancti

1854 3997 1908 4050 iu
1933 3998 2255 4066 baptismate
2311 3997 2456 4049 data.
2513 3996 2642 4050 Post
2692 3998 2879 4050 horam
2920 3998 3152 4067 denique
3208 4003 3424 4060 tertiam

1852 4088 2076 4142 sabbato
2129 4095 2501 4155 praeparantur
2558 4088 2625 4141 ad
2664 4087 2946 4142 ecclesiam
2985 4091 3075 4159 qui
3117 4092 3426 4164 baptizandi

1850 4186 1994 4243 sunt,
2025 4177 2185 4232 simul
2225 4193 2346 4232 cum
2377 4177 2605 4246 patrinis
2649 4187 2702 4232 et
2727 4179 2992 4244 matrinis,
3022 4190 3076 4236 et
3111 4183 3426 4242 ordinantur

1848 4269 1918 4322 ab
1946 4268 2194 4338 acolyto:
2229 4267 2452 4320 masculi
2499 4268 2565 4322 ad
2595 4269 2893 4334 dexteram,
2938 4268 3152 4328 femina:
3200 4290 3328 4330 vero
3359 4279 3424 4331 ad

1849 4361 2146 4423 sinistram,
2191 4367 2246 4412 et
2275 4367 2403 4413 tunc
2422 4358 2512 4428 qui
2561 4367 2805 4428 possunt,
2857 4360 3085 4418 reddunt
3114 4364 3425 4422 Orationem
3474 4400 3476 4403 -

1845 4451 2183 4506 Dominicam
2217 4459 2273 4506 et
2309 4448 2646 4520 Symbolum,
2679 4453 2793 4507 sive
2831 4454 3031 4523 patrini
3057 4470 3156 4525 pro
3190 4456 3324 4526 ipsis
3351 4467 3433 4512 at-

1843 4557 1948 4614 que
1981 4541 2227 4594 matrinae
2255 4555 2466 4606 eorum,
2500 4541 2591 4609 qui
2638 4557 2733 4597 eos
2785 4545 3086 4614 suscepturi
3136 4554 3282 4600 sunt.
3316 4545 3424 4602 De-

1843 4632 1967 4686 inde
1991 4629 2122 4684 facit
2144 4629 2430 4700 presbyter
2472 4646 2592 4685 cum
2629 4630 2818 4699 pollice
2863 4631 2917 4684 in
2946 4632 3215 4688 frontibus
3236 4649 3423 4691 eorum

1842 4724 2053 4794 signum
2081 4722 2276 4786 crucis,
2305 4720 2533 4776 dicendo
2564 4739 2576 4773 :
2617 4719 2684 4772 In
2719 4722 2926 4774 nomine
2953 4721 3154 4786 Patris,
3194 4733 3243 4778 et
3267 4723 3420 4792 Filii,

1841 4824 1888 4868 et
1918 4815 2146 4885 Spiritus
2199 4814 2388 4867 sancti.
2425 4812 2555 4866 Post
2584 4812 2699 4866 haec
2725 4812 2875 4881 ponit
2917 4828 3112 4867 manus
3142 4829 3303 4884 super
3325 4830 3420 4870 ca-

1840 4907 1952 4976 pita
1999 4920 2207 4971 eorum,
2245 4915 2300 4958 et
2356 4902 2484 4956 dicit
2526 4902 2826 4957 orationem
2862 4903 2930 4956 ad
2977 4905 3418 4961 eatechumenum

1840 4996 2145 5051 faciendum
2174 5013 2189 5048 :
2222 4992 2558 5062 Omnipotens
2595 4992 2901 5061 sempiterna
2939 4991 3096 5046 Deus.
3129 4993 3228 5048 Hic
3262 4993 3416 5064 juxta

1840 5099 2084 5144 sanctum
2120 5085 2441 5158 Gregorium
2495 5085 2723 5138 reddunt
2769 5083 3083 5153 Symbolum
3121 5096 3175 5139 et
3204 5087 3417 5141 Oratio-

1838 5197 1961 5236 nem
2015 5179 2374 5241 Dominicam,
2430 5183 2522 5229 aut
2555 5173 2752 5243 patrini
2801 5190 2898 5243 pro
2935 5174 3087 5243 ipsis.
3137 5173 3266 5230 Post
3299 5178 3415 5233 haec

1837 5281 2136 5344 sequuntur
2165 5269 2440 5324 orationes
2465 5268 2517 5320 in
2565 5264 2790 5320 sabbato
2831 5271 3018 5318 sancto
3063 5263 3130 5318 ad
3179 5267 3414 5320 catechi-

1837 5364 2068 5419 zandum
2095 5359 2376 5415 infantem.
2408 5357 2533 5411 Inde
2567 5369 2694 5408 vero
2738 5352 2912 5423 tangit
2951 5352 3029 5408 eis
3053 5368 3212 5408 nares
3240 5362 3292 5407 et
3318 5370 3412 5408 an-

1837 5479 1993 5555 epist.
2030 5477 2094 5531 ad
2121 5473 2391 5555 Oudinum
2433 5470 2499 5526 de
2527 5468 2824 5524 Cmrcmon.
2856 5465 3133 5535 Baptismi,
3171 5465 3274 5520 col.
3309 5465 3402 5520 (ill

1835 5550 2054 5619 hujusce
2090 5550 2238 5601 tomi.
