3914 6178
1208 300 1269 353 B.
1308 295 1369 349 [θ’.
1410 287 1634 347 ALBINI
1671 282 1800 340 SEU
1843 276 2001 334 ALCI

2103 275 2114 328 l
2153 268 2435 328 OPERUM
2473 265 2651 321 PARS
2689 263 2782 319 IX.
3491 248 3632 305 1220

405 446 496 486 res
524 427 589 483 de
615 431 791 495 sputo,
826 429 881 474 et
904 416 1038 472 dicit
1061 414 1127 467 ad
1176 424 1360 464 aurem
1390 407 1721 495 dexteram}
1756 395 1965 495 Ephata
1993 390 2045 450 A
2068 386 2279 495 £13331;
3082 364 3518 495 ἢᾚξῖξὶῗείθθιθ
3541 378 3639 421 δι’

1051 457 1352 570 dii-aperire;
1371 494 1438 548 ad
1462 504 1636 552 nares,
1668 485 1733 540 In
1757 483 1969 538 odorem
2070 475 2281 529 trahere
2319 485 2447 526 suos
2482 468 2638 530 ﬁlios,
2666 479 2773 518 non
2793 462 2987 533 legitur
3007 462 3061 514 in
3082 457 3381 513 ordinibus.

1158 587 1196 590 _
1495 579 1531 590 ..
1758 572 1798 590 μ
1840 571 1859 590 ι
1879 569 1945 590 -1-
2138 563 2213 590 nn
2233 563 2334 590 tu...
2383 574 2442 590 ..η
2471 554 2796 590 σιηηοηιιίηιιει
2830 564 2856 590 ι
2887 551 3026 590 nnisd
3078 548 3351 590 ananna

406 569 682 663 maritalis
738 569 804 651 ad
830 594 1121 663 sinistram,
1155 587 1233 639 Tu
1260 596 1432 637 autem
1454 579 1705 647 e/I'ugare,
1742 569 1967 663 diabole,

409 659 839 766 appropinquabit
862 659 997 737 enim
1014 676 1276 766 judicium
1300 671 1420 766 Dei.
1443 668 1637 762 Postea
1655 677 1784 766 vero
1803 659 1973 766 tangit

411 754 459 838 ei
477 754 684 853 pec-tus,
703 784 755 831 et
779 775 919 828 inter
939 765 1183 836 scapulas
1205 762 1269 833 de
1287 760 1405 815 oleo
1425 754 1733 853 exorcizato
1755 762 1972 853 crucem

411 840 658 930 faciendo
670 840 803 924 tcum
823 862 1029 935 pollice,
1059 866 1113 911 ct
1131 859 1321 907 vocato
1343 847 1560 935 nomine
1572 841 1718 935 pejus,
1744 840 1968 935 dicitur:

414 928 756 1019 librenuntias
809 928 1072 1008 Satanw?
1116 939 1467 1010 Respondet:
1517 930 1855 1019 Ahrenuntio.
1904 928 1974 1019 ξε

415 1012 909 1112 ξιλι-τίὶ-δξιεορετὶὺιιε
963 1032 1075 1101 ejus
1098 1029 1123 1081 ?
1150 1021 1458 1113 Respondet
1487 1014 1869 1113 :‘dbrenuntio:
1905 1012 1976 1113 [ξε

415 1100 651 1190 omnibus
676 1100 878 1201 pompis
916 1100 1028 1191 ejus
1056 1120 1079 1172 Ζ)
1108 1111 1413 1201 Respondet
1440 1123 1455 1161 :
1481 1103 1823 1201 Abrenuntio.
1850 1100 1978 1156 Inde

414 1191 1034 1292 sequitur'Symbolum.
1066 1206 1164 1259 llic
1205 1199 1499 1257 secundum
1546 1191 1863 1263 Gregorium
1894 1205 1981 1244 se-

415 1317 651 1381 quuntur
671 1305 927 1364 lectiones
955 1309 1010 1355 et
1030 1298 1257 1353 cantica.

484 1397 580 1452 His
614 1394 857 1465 expletis,
882 1388 1125 1462 procedit
1166 1383 1405 1456 pontifex
1433 1381 1497 1436 ad
1547 1379 1723 1434 fontes
1762 1374 1982 1465 benedi-

2138 563 2215 617 De
2233 563 2336 615 hac
2383 574 2443 613 re
2471 554 2796 627 apostolicus
2830 564 2856 592 ι
2886 551 3029 620 apud
3078 548 3351 603 Romanos
3402 546 3479 600 Ita
3506 545 3639 617 agit.

2068 657 2358 726 Postquam
2406 648 2648 723 pontifex
2693 644 3067 718 baptizaverit,
3091 640 3177 696 vel
3197 640 3391 711 quibus
3415 637 3648 707 jusserit

2070 748 2205 818 ipse,
2240 744 2423 798 levant
2462 741 2607 810 ipsos
2649 735 2885 791 infantes
2912 735 2970 789 in
3003 730 3270 794 manibus,
3309 737 3367 784 et
3412 726 3649 782 offerunt

2070 852 2165 893 eos
2190 835 2284 891 uni
2312 834 2378 889 de
2406 828 2756 902 presbyteris.
2804 827 2925 896 Ipse
2970 838 3102 879 vero
3152 821 3285 876 facit
3333 835 3552 875 crucem
3579 820 3649 874 de

2072 927 2364 983 chrismate
2410 937 2535 978 cum
2582 918 2775 990 pollice
2818 918 2872 971 in
2917 916 3120 971 vertice
3162 927 3371 978 eorum,
3416 911 3604 965 dicens
3628 929 3645 963 :

2073 1023 2214 1077 Deus
2242 1018 2584 1088 omnipotens,
2628 1011 2792 1066 Pater
2824 1010 3037 1065 Domini
3080 1008 3245 1064 nostri
3271 1006 3399 1061 Iesu
3430 1002 3646 1067 Christi,

2076 1120 2138 1166 ut
2160 1122 2339 1180 supra.
2376 1103 2490 1170 Qua
2517 1101 2689 1167 ﬁnita,
2716 1108 2844 1156 sunt
2882 1101 3056 1170 parati
3100 1097 3195 1167 qui
3221 1111 3315 1151 eos
3348 1093 3649 1163 suscepturi

2077 1208 2222 1265 sunt,
2252 1212 2374 1254 cum
2408 1194 2588 1249 linteis
2618 1195 2671 1248 in
2701 1192 2948 1248 manibus
2985 1190 3118 1245 suis.
3151 1189 3355 1243 Deinde
3381 1186 3652 1256 accipiunt

2078 1292 2223 1362 ipsos
2252 1305 2284 1343 a
2314 1288 2569 1358 pontiﬁce
2609 1284 2695 1339 vel
2748 1299 2779 1337 a
2814 1280 3128 1338 diaconibus
3162 1279 3257 1349 qui
3284 1292 3379 1333 eos
3407 1276 3652 1346 baptiza—

2078 1388 2291 1436 verunt.
2337 1379 2631 1448 Postquam
2676 1388 2807 1429 vero
2835 1372 3017 1427 vestiti
3052 1369 3269 1433 fuerint,
3299 1369 3656 1437 deportantur

417 1487 615 1543 cendos
657 1456 779 1539 cum
821 1456 965 1535 omni
1016 1479 1229 1540 decore,
1283 1479 1642 1544 prosequente
1670 1482 1792 1523 eum
1838 1464 1983 1520 clero
2082 1479 2204 1525 ante
2249 1468 2560 1540 pontiﬁcem
2591 1466 2660 1520 ad
2702 1462 3149 1519 conﬁrmandum.
3182 1458 3390 1527 Quibus
3426 1458 3521 1513 dat
3547 1456 3657 1511 sin.

418 1590 511 1631 seu
536 1572 752 1642 populo,
776 1568 1028 1643 praecedit
1059 1565 1219 1620 etiam
1268 1563 1582 1617 benedictus
1632 1572 1840 1623 cereus,
1871 1557 1984 1611 sive
2082 1558 2217 1629 gulis
2253 1556 2443 1612 stolam
2486 1553 2792 1643 candidam,
2830 1549 3192 1643 chrismalem,
3226 1556 3279 1643 et

419 1636 622 1719 duo-illi
642 1636 806 1724 cerei,
842 1673 978 1727 quos
1010 1663 1193 1710 tenent
1219 1653 1435 1717 notarii,
1464 1652 1532 1705 ab
1560 1650 1750 1705 eodem
1778 1647 1985 1703 scilicet
2016 1713 2059 1727 __
2083 1663 2216 1717 quas
2241 1646 2290 1712 ι),
2318 1654 2373 1700 et
2399 1645 2478 1700 sic
2506 1642 2820 1698 vestiuntur.
2843 1640 2911 1694 Et
2934 1647 3216 1710 postquam
3239 1638 3411 1693 induti
3437 1636 3656 1701 fuerint,

752 1713 820 1803 et
852 1713 1082 1815 ampulla
1127 1759 1247 1800 cum
1299 1713 1495 1796 olco'et
1521 1739 1762 1793 balsamo
1790 1738 1843 1790 in
1870 1750 1986 1789 ma—
2016 1713 2062 1773 Β
2088 1713 2182 1796 (lat
2203 1736 2440 1810 pontifex
2467 1751 2636 1807 super
2685 1749 2780 1790 eos
2823 1733 3142 1797 orationem,
3177 1730 3427 1801 imposita
3456 1729 3664 1785 scilicet

422 1858 522 1914 gna
562 1839 878 1895 reverentia.
929 1836 1062 1890 Nam
1124 1841 1178 1887 et
1207 1831 1280 1886 illi
1328 1832 1433 1885 duo
1483 1829 1626 1914 cerei
1654 1826 1990 1914 praecedunt
2088 1844 2250 1885 manu
2301 1842 2464 1899 super
2510 1825 2687 1895 capita
2736 1837 2947 1889 eorum,
3125 1819 3667 1914 invocationem“;-

423 1909 620 1993 ubique
647 1919 953 1992 pontiﬁcem
988 1932 1156 1985 usque
1179 1916 1232 1968 in
1264 1921 1485 1968 octavas
1513 1911 1752 1965 Paschte.
1788 1909 1990 1963 Euntes

424 2016 493 2071 ad
526 2014 716 2076 fontes,
755 2017 954 2067 canunt
986 2007 1201 2062 litanias
1230 2014 1310 2060 ter
1357 2003 1726 2059 tantummodo
1746 2009 1993 2070 repeten-

424 2106 494 2162 do
516 2146 530 2159 .
562 2102 726 2177 484
750 2102 951 2170 Quibus
977 2099 1142 2154 ﬁnitis
1189 2105 1313 2152 ante
1338 2095 1535 2161 fontes,
1563 2104 1621 2150 et
1650 2092 1794 2148 facto
1820 2091 1992 2146 silen-

425 2195 521 2260 tio,
572 2200 748 2249 stante
799 2191 1093 2252 sacerdote,
1145 2188 1387 2257 sequitur
1436 2185 1742 2242 benedictio
1784 2181 1989 2237 fontis:

431 2281 765 2354 Omnipotens
810 2281 1114 2351 sempiterna
1161 2278 1324 2343 Deus,
1380 2283 1436 2331 et
1474 2274 1702 2345 reliqua.
1740 2271 1998 2341 Sequitur

429 2370 761 2426 consecratio
817 2368 1000 2433 fontis,
1035 2368 1089 2421 in
1139 2367 1357 2422 modum
1413 2362 1745 2435 praelationis
1796 2361 1993 2417 decan-

427 2459 625 2515 tanda:
666 2444 886 2513 literne
924 2456 1086 2521 Deus,
1116 2456 1205 2527 qui
1244 2453 1491 2509 invisibili
1538 2452 1769 2523 potentia
1812 2466 1996 2504 sacra-

428 2557 721 2603 mentorum
770 2556 1000 2601 tuorum.
1037 2546 1120 2600 Ad
1162 2545 1551 2599 invocationem
1598 2556 1729 2596 vero
1764 2539 1999 2610 Spiritus

429 2638 626 2703 sancti,
656 2652 817 2707 quem
842 2637 1093 2693 sacerdos
1115 2634 1259 2690 celsa
1290 2648 1419 2688 voce
1456 2631 1783 2702 proclamat,
1816 2630 1869 2684 id
1893 2637 1996 2694 est,

429 2725 543 2781 alto
585 2726 782 2780 mentis
826 2723 1039 2789 aﬁ‘ectu,
1069 2722 1353 2792 deponitur
1386 2735 1578 2776 cereus
1602 2718 1917 2774 benedictus
1944 2717 1999 2771 in

433 2828 656 2885 aquam,
702 2813 815 2867 sive
848 2812 944 2877 illi,
994 2812 1087 2881 qui
1117 2811 1189 2865 ab
1218 2826 1283 2865 eo
1306 2809 1592 2865 illuminati
1626 2817 1773 2872 sunt,
1812 2807 1879 2861 ad
1910 2806 2003 2861 de—

438 2892 839 2949 monstrandam
887 2892 1094 2948 scilicet
1138 2890 1369 2960 Spiritus
1412 2889 1587 2946 sancti
1635 2887 2000 2959 praesentiam,

434 2981 718 3038 sacerdote
736 2981 850 3051 jam
872 2981 1083 3036 dicente
1110 2999 1123 3034 :
1152 2979 1441 3035 Descendat
1471 2980 1527 3033 in
1547 2978 1682 3034 hanc
1717 2976 2002 3048 plenitudi-

2092 1920 2280 1976 formis
2313 1918 2501 1991 gratia:
2555 1916 2790 1989 Spiritus
2833 1913 3028 1969 sancti.
3059 1911 3284 1967 Oratio:
3318 1909 3664 1982 Omnipotens

2089 2013 2392 2083 sempiterna
2438 2008 2599 2073 Deus,
2652 2007 2741 2079 qui
2784 2022 3105 2077 regenerare.
3162 2004 3275 2059 Hac
3313 2003 3484 2071 ﬁnita,
3535 2004 3667 2060 facit

2091 2116 2305 2158 crucem
2350 2101 2416 2155 de
2468 2099 2760 2153 chrismate
2808 2112 2932 2152 cum
2986 2095 3178 2166 pollice
3227 2095 3281 2150 in
3328 2094 3666 2166 singulorum

2093 2192 2378 2255 frontibus,
2417 2191 2489 2245 ita
2531 2190 2795 2245 dicendo:
2828 2187 2897 2242 In
2948 2188 3152 2242 nomine
3203 2184 3399 2250 Putris,
3432 2195 3485 2240 et
3512 2184 3661 2252 Filii;

2093 2293 2143 2338 et
2168 2280 2393 2353 Spiritus
2423 2280 2612 2346 sancti,
2650 2295 2754 2350 pax
2780 2278 2892 2332 tibi.
2921 2277 3304 2347 Respondeant
3333 2290 3525 2331 omnes
3557 2292 3573 2329 :
3600 2276 3675 2330 Et

2094 2391 2213 2429 cum
2241 2372 2425 2444 spiritu
2462 2381 2573 2425 tuo.
2606 2369 2731 2424 Haec
2757 2369 2919 2424 verba
2946 2377 3071 2423 sunt
3108 2367 3450 2422 salutationis
3481 2367 3549 2422 ad
3572 2383 3665 2421 no-

2095 2480 2223 2518 vum
2271 2461 2563 2525 hominem,
2588 2461 2679 2530 qui
2726 2467 3091 2529 regeneratur.
3130 2455 3274 2512 Sane
3305 2457 3438 2511 illud
3464 2472 3665 2528 prince-

2095 2553 2328 2609 vendam
2366 2558 2469 2617 est,
2521 2560 2581 2604 ut
2631 2550 2735 2604 hoc
2759 2564 2866 2603 non
2921 2547 3239 2619 negligatur.
3281 2546 3418 2613 Quia
3464 2547 3519 2601 in
3566 2547 3665 2601 hoc

2098 2658 2257 2699 omne
2283 2641 2609 2710 baptismum
2641 2638 2936 2710 legitimum
2976 2637 3398 2691 Christianitatis
3454 2637 3667 2692 nomine

2099 2731 2468 2786 conﬁrmatur.
2496 2728 2602 2783 Sed
2629 2736 2684 2784 et
2722 2729 2826 2783 hoc
2876 2728 3281 2797 pne-videndum
3337 2735 3442 2792 est,
3470 2736 3533 2781 ut
3559 2725 3669 2780 nul-

2100 2823 2214 2879 lum
2255 2822 2434 2877 cibum
2486 2820 2776 2890 accipiant,
2834 2833 3011 2889 neque
3062 2818 3333 2873 laetentur
3381 2828 3672 2888 antequam

2102 2912 2519 2970 communicent.
2550 2907 2709 2964 Omni
2763 2915 2943 2962 autem
3000 2908 3108 2973 die,
3150 2921 3322 2977 usque
3347 2907 3399 2961 in
3422 2913 3671 2970 octavas,

2108 3004 2176 3058 ad
2203 3003 2423 3058 missam
2481 3001 2698 3056 veniant
2725 3006 2778 3054 et
2803 2999 3222 3063 communicent,
3260 3006 3513 3068 parentes
3534 3013 3670 3053 vero

437 3085 555 3125 nem
580 3068 759 3139 fontis.
784 3067 951 3124 Fonte
980 3069 1282 3133 benedicto,
1336 3067 1532 3137 accipit
1573 3065 1814 3137 pontifex
1854 3065 2001 3121 chri—

2108 3057 2404 3148 oblationes
2438 3106 2536 3162 pro
2573 3090 2704 3161 ipsis
2756 3088 2976 3143 faciant.
3014 3057 3281 3143 Similiter:
3308 3096 3366 3143 et
3388 3089 3443 3142 in
3479 3088 3674 3143 Pente-

437 3176 555 3216 sma
595 3176 719 3216 cum
767 3159 887 3216 oleo
933 3160 1102 3215 mixto
1154 3160 1207 3214 in
1243 3173 1371 3215 vase
1400 3159 1468 3213 ab
1520 3156 1914 3213 archidiacono.
1954 3163 2012 3208 et

437 3248 675 3319 aspergit
706 3262 806 3318 per
835 3246 1068 3301 medium
1095 3245 1257 3302 fontis
1277 3247 1331 3301 in
1374 3246 1593 3301 modum
1633 3245 1829 3300 crucis.
1857 3243 2009 3298 Tunc

439 3335 680 3406 pontifex
707 3335 941 3405 aspergit
969 3351 1090 3390 cum
1120 3349 1280 3389 manu
1314 3336 1379 3390 de
1402 3336 1518 3404 ipsa
1565 3350 1704 3404 aqua
1736 3348 1896 3404 super
1920 3348 2011 3401 po-

439 3421 643 3492 pulum.
662 3422 778 3489 Quo
802 3421 962 3486 facto,
993 3422 1425 3493 accipitpopulus
1438 3424 1503 3478 de
1525 3423 1638 3492 ipsa
1661 3437 1799 3491 aqua
1823 3422 1878 3475 in
1893 3436 2012 3476 vas-

442 3510 579 3564 culis
606 3509 675 3564 ad
709 3510 1061 3580 spargendum
1089 3508 1146 3562 in
1174 3509 1420 3565 domibus
1448 3509 1560 3564 suis
1590 3509 1703 3564 sive
1736 3509 1900 3580 agris.

514 3600 715 3655 Deinde
757 3607 967 3654 tenente
989 3599 1200 3669 patrino
1222 3599 1500 3665 infantem,
1526 3616 1556 3654 a
1586 3615 1692 3670 quo
1721 3600 2011 3671 suscipien-

444 3688 547 3744 dus
568 3695 652 3742 est
669 3727 686 3753 ,
718 3687 1011 3758 interrogat
1034 3703 1156 3743 cum
1179 3687 1431 3744 sacerdos
1458 3689 1534 3743 ita
1563 3707 1576 3743 :
1615 3688 1744 3755 Quis
1768 3690 2011 3744 uocaris?

444 3777 749 3847 Respondet
807 3778 913 3832 ille.
975 3779 1045 3833 Et
1102 3780 1344 3848 sequitur
1403 3780 1695 3836 sacerdos:
1748 3777 1930 3835 Credis
1954 3781 2010 3835 in

444 3866 614 3920 Deum
642 3864 854 3921 Patrem
891 3869 1332 3939 omnipotentem?
1359 3868 1428 3923 Et
1456 3871 1748 3940 respondet
1773 3888 1787 3924 :
1817 3869 2009 3926 Credo.

447 3954 516 4010 Et
545 3957 599 4010 in
619 3956 802 4012 Iesum
853 3956 1117 4013 Christum
1157 3956 1378 4024 Filium,
1406 3975 1598 4030 usque,
1625 3963 1881 4031 passum?
1905 3962 2011 4017 Re-

448 4048 674 4121 spondet
698 4066 711 4101 :
746 4046 932 4103 Credo.
966 4048 1148 4112 Credis
1176 4059 1224 4105 et
1253 4051 1310 4106 in
1334 4051 1588 4122 Spiritum
1619 4065 2013 4119 sanetum,san-

448 4149 591 4195 ctam
612 4138 902 4201 Ecclesium
926 4143 953 4195 .’
980 4142 1289 4214 Respondet
1313 4160 1329 4199 :
1367 4141 1555 4203 Credo.
1615 4146 1816 4205 Deinde
1838 4147 2012 4217 bapti—

447 4241 537 4289 zat
557 4247 680 4288 eum
724 4232 974 4291 sacerdos
996 4234 1094 4289 sub
1130 4235 1270 4291 trina
1321 4237 1608 4302 mersione,
1643 4246 1852 4295 tantum
1887 4255 2013 4295 san-

2108 3190 2256 3238 coste
2281 3184 2460 3236 omnia
2497 3180 2647 3234 ﬁant.
2699 3179 2777 3234 De
2803 3180 2906 3233 hac
2931 3194 3061 3234 vero
3113 3178 3524 3234 conﬁrmatione
3548 3195 3673 3234 san-

2111 3280 2232 3327 ctus
2263 3271 2606 3326 Innocentius
2631 3285 2771 3341 papa
2797 3285 2902 3325 non
2923 3270 2990 3324 ab
3016 3269 3122 3325 alio
3147 3285 3310 3340 quam
3336 3270 3405 3324 ab
3423 3271 3672 3341 episcopo

2111 3361 2227 3415 ﬁeri
2269 3360 2433 3416 licere
2483 3361 2694 3415 asserit.
2733 3359 2988 3426 Quamvis
3039 3360 3184 3414 enim
3235 3359 3542 3431 presbyteri
3569 3362 3676 3415 sint

2108 3452 2433 3510 sacerdotes.
2483 3453 2825 3522 pontilicatus
2873 3461 3050 3507 tamen
3082 3453 3288 3522 apicem
3317 3467 3420 3507 non
3451 3453 3672 3515 habent,

2110 3550 2164 3597 et
2193 3543 2312 3597 ideo
2349 3543 2478 3597 solis
2505 3543 2847 3612 pontiﬁcibus
2883 3542 3194 3608 debetur,ut
3228 3542 3565 3614 consignant,
3595 3542 3677 3595 vel

2108 3634 2437 3704 paracletum
2470 3634 2729 3705 Spiritum
2783 3636 3018 3700 tradant,
3051 3636 3191 3689 sicut
3217 3634 3378 3689 lectio
3422 3634 3677 3704 apostoli-

2110 3739 2296 3779 corum
2321 3723 2552 3779 Actuum
2585 3726 2940 3791 demonstrat,
2992 3741 3111 3794 qua:
3159 3725 3353 3779 asserit
3380 3723 3601 3779 Petrum
3628 3734 3679 3778 et

2110 3813 2370 3870 Joannem
2399 3831 2519 3870 esse
2548 3816 2800 3880 directos,
2836 3825 2897 3871 ut
2919 3817 3206 3887 baptizatis
3251 3822 3533 3870 traderent
3560 3815 3677 3887 Spi—

2111 3907 2274 3960 ritum
2304 3917 2570 3961 sanctum.
2618 3907 2952 3979 Presbyteris
2983 3923 3109 3964 vero
3134 3909 3246 3963 sive
3294 3916 3446 3962 extra
3475 3910 3678 3977 episco-

2108 4013 2261 4067 pum,
2292 3997 2405 4052 sive
2437 4008 2703 4067 praasente
2732 3998 3009 4069 episcOpo,
3063 4013 3187 4054 cum
3215 3999 3516 4066 baptizant,
3550 3998 3681 4053 ebri-

2111 4094 2283 4142 smate
2308 4087 2612 4156 baptizatos
2641 4103 2842 4159 ungere
2866 4087 3012 4153 licet,
3045 4088 3147 4143 sed
3162 4088 3313 4158 quod
3331 4089 3401 4142 ab
3430 4090 3679 4158 episcopo

2112 4174 2277 4231 fuerit
2310 4178 2712 4241 consecratum,
2742 4193 2848 4232 non
2903 4185 3086 4234 tamen
3138 4179 3369 4234 frontem
3400 4195 3467 4235 ex
3497 4179 3677 4233 eodem

2114 4266 2234 4322 oleo
2264 4268 2500 4337 signare,
2531 4269 2673 4330 Quod
2699 4270 2827 4324 solis
2855 4270 3080 4325 debetur
3112 4272 3399 4341 episcopis,
3429 4287 3553 4327 cum
3579 4280 3679 4325 tra-

447 4333 589 4430 οιθίῗι
638 4322 955 4430 Plini?“
1002 4325 1168 4430 θεηλξιί
1217 4326 1534 4430 ίιζνοοέαάίξο
1578 4330 1654 4385 ita
1680 4331 1865 4386 άίοθηε
1893 4348 1907 4384 τ
1940 4330 2009 4430 ζει
2041 4356 2245 4430 “dunt
2283 4322 3681 4430 sane.'p..i..i.;;..;;i.;.ai.;:i;.'eam;is.

446 4431 540 4485 ego
558 4424 608 4469 te
632 4414 847 4487 baptiso-
883 4417 940 4473 in
986 4418 1191 4475 nomine
1233 4418 1433 4485 Patris,
1462 4428 1521 4476 et
1544 4429 1754 4491 mergat
1802 4422 2008 4492 semel;
2039 4406 2099 4470 Ι)

446 4520 497 4564 et
521 4509 670 4576 Filii,
693 4520 749 4567 et
772 4519 982 4584 mergat
1003 4512 1236 4578 iterum;
1267 4522 1315 4567 et
1344 4512 1581 4585 Spiritus
1592 4517 1782 4582 sancti,
1810 4525 1867 4572 et
1878 4534 2014 4573 mer-

448 4610 540 4674 gat
567 4602 747 4660 tertio.
775 4603 847 4659 Ut
866 4612 1047 4661 autem
1092 4607 1386 4663 surrexerit
1414 4622 1444 4662 a
1473 4605 1639 4676 fonte,
1674 4608 1836 4667 faciat
1864 4627 2016 4682 pres-

449 4694 606 4766 byter
654 4696 868 4767 signum
912 4698 1093 4754 crucis
1125 4699 1192 4754 de
1235 4700 1530 4756 chrismate
1569 4717 1694 4757 cum
1734 4703 1926 4774 pollice
1960 4707 2015 4761 in

450 4790 652 4845 vertice
673 4790 790 4858 ejus
816 4791 1021 4859 dicens,
1054 4794 1193 4849 banc
1234 4795 1535 4851 orationem
1563 4812 1576 4849 :
1610 4796 1752 4850 Deus
1781 4798 2017 4868 omnipo-

449 4887 582 4943 tens,
615 4876 779 4933 Pater
798 4878 1010 4934 Domini
1050 4884 1213 4936 nostri
1238 4881 1368 4937 Iesu
1400 4882 1613 4940 Clu-isti.
1665 4884 1817 4941 Tuae
1846 4887 2017 4941 susci-

449 4967 632 5038 piatur
669 4968 747 5025 ab.
778 4968 895 5039 ipso
929 4984 965 5024 α
986 4984 1093 5039 quo
1136 4972 1507 5043 suscipiendus
1538 4981 1661 5040 est;
1691 4983 1881 5045 postea
1920 4991 2016 5031 ve-

449 5058 612 5115 stitur
659 5058 837 5115 infans
881 5059 1219 5115 vestimentis
1272 5061 1404 5116 suis.
1442 5061 1500 5117 Si
1553 5078 1685 5119 vero
1733 5064 2018 5135 episcOpus

450 5147 624 5213 adest,
655 5148 835 5206 stah'm
883 5146 1191 5205 conﬁrmari
1214 5164 1337 5204 eum
1384 5159 1597 5222 oportet
1630 5153 1940 5219 chrismate,
1965 5163 2021 5209 et

452 5247 637 5310 postea
672 5242 1107 5308 communicare;
1138 5251 1197 5297 et
1222 5244 1266 5298 si
1290 5243 1572 5315 episcOpus
1590 5245 1758 5309 deest,
1785 5262 2023 5303 commu-

454 5331 665 5387 nicatur
715 5332 1088 5405 apresbytero
1142 5333 1355 5390 dicente
1403 5335 1517 5390 ita:
1557 5333 1759 5406 Corpus
1805 5337 2018 5393 Domini

456 5423 619 5476 nostri
668 5423 805 5479 Jesu
842 5423 1035 5481 Christi
1064 5425 1323 5482 custodiat
1368 5435 1417 5481 te
1440 5426 1495 5481 in
1542 5429 1702 5484 vitam
1751 5439 2018 5497 aeternam,

530 5544 556 5607 ξι
594 5532 671 5607 De
702 5534 800 5607 Itac
832 5552 885 5589 re
912 5535 1254 5607 Apostolicus.
1283 5536 1399 5594 Vid.
1427 5539 1731 5607 Menardus,
1756 5554 1868 5599 not.
1897 5545 2019 5599 534.

531 5599 558 5640 δ
596 5602 663 5656 Et
692 5603 866 5658 decem
890 5599 1124 5676 siliquas.
1184 5608 1408 5678 Siliqua,
1454 5625 1519 5665 ex
1552 5599 1754 5669 Isidoro
1779 5614 1897 5670 libr.
1936 5632 2019 5670 xv:

2115 4463 2236 4505 mus
2261 4452 2407 4504 venit
2444 4450 2512 4504 ad
2565 4451 2967 4521 baptizandum,
2999 4468 3104 4507 non
3135 4452 3301 4509 facies
3359 4469 3527 4526 supra
3553 4454 3680 4509 scri-

2113 4546 2265 4608 ptum
2297 4540 2564 4605 ordinem,
2612 4541 2707 4596 sed
2753 4550 2960 4596 tantum
2988 4551 3146 4612 post:
3178 4543 3460 4598 Afternam
3483 4562 3546 4598 ac
3566 4545 3679 4613 jus-

2115 4629 2369 4683 tissimam
2395 4631 2664 4700 pietatem,
2711 4632 2877 4687 addes
2924 4634 3225 4688 orationem
3279 4633 3439 4688 istam
3472 4651 3487 4686 :
3521 4633 3683 4687 Hede-

2118 4718 2225 4773 lam
2251 4729 2397 4773 tuam
2423 4719 2690 4788 deprecor,
2720 4720 2943 4777 Domine
2986 4731 3165 4777 sancte
3213 4719 3396 4787 Pater,
3428 4737 3600 4793 usque
3622 4721 3682 4775 ad

2117 4809 2343 4879 gratiam
2371 4807 2615 4879 baptismi
2645 4810 2739 4863 tui;
2780 4810 2902 4865 Per.
2934 4811 3048 4865 Hac
3084 4810 3254 4875 ﬁnita,
3300 4811 3439 4866 dicis
3466 4811 3683 4881 Symbo-

2121 4897 2233 4952 lum
2260 4906 2315 4953 et
2371 4899 2673 4955 orationem
2726 4899 3085 4966 Dominicam,
3135 4901 3329 4956 deinde
3382 4902 3683 4959 catechisss

2122 5004 2249 5045 eum
2275 4989 2361 5044 his
2386 4990 2565 5045 verbis
2592 5008 2607 5046 :
2643 4990 2755 5045 Nec
2800 5001 2851 5046 te
2877 4992 3002 5047 tates
3055 4993 3305 5057 Satanas,
3347 5000 3407 5047 et
3429 4994 3638 5063 reliqua
3666 5010 3679 5045 :

2122 5089 2185 5137 et
2204 5097 2309 5137 non
2346 5083 2495 5138 dicas
2522 5083 2675 5137 illam
2698 5083 3124 5140 benedictionem
3185 5085 3451 5155 majorem
3480 5086 3555 5139 ad
3579 5085 3687 5154 fun-

2123 5179 2221 5235 tcs,
2251 5170 2355 5226 sed-
2374 5171 2534 5227 istam
2565 5172 2837 5228 minorem-
2884 5174 2952 5228 ad
3000 5181 3433 5230 succurrendum.
3482 5174 3688 5229 Exaudi

2125 5277 2239 5326 nos,
2272 5263 2613 5332 omnipotens,
2643 5272 2691 5316 et
2716 5263 2873 5334 hujus
2903 5279 3052 5334 aqua:
3070 5264 3427 5318 substantiam
3456 5266 3689 5326 immitte,

2126 5365 2318 5420 usque,
2344 5353 2501 5406 vitam
2529 5361 2791 5407 mereatur
2815 5363 3082 5407 (sternam.
3111 5352 3234 5418 Per,
3265 5361 3368 5409 etc.
3403 5353 3688 5424 Postquam

2127 5454 2250 5494 eum
2278 5441 2713 5504 catechizaveris,
2767 5442 3050 5497 benedices
3096 5457 3292 5511 aquam
3339 5443 3427 5499 bis
3475 5443 3686 5500 verus:

2128 5548 2429 5626 Orig._cap.
2476 5551 2568 5626 ξι,
2611 5558 2695 5607 est
2729 5553 2985 5626 vigesima
3021 5564 3211 5626 quarta
3255 5571 3385 5626 pars
3428 5556 3605 5622 solidi,
3630 5554 3693 5611 ab

2130 5621 2339 5676 arboris
2371 5622 2573 5677 semine
2602 5621 2917 5678 vocabulum
2941 5621 3148 5681 tenens.
3180 5621 3435 5682 Cassius.
