3914 6178
278 267 407 323 1221

1086 271 1236 327 ΟΡΡ.
1280 270 1684 330 SUPPOSITA.
1716 302 1783 310 —
1822 271 1948 329 LIB.
1991 272 2078 326 DE
2114 272 2360 330 DIVINIS
2397 273 2705 333 OFFICIIS.

3388 286 3526 343 {222

278 382 538 437 Exorcizo
560 392 629 445 te,
659 391 900 437 creatura
922 399 1092 454 aqum,
1116 386 1170 439 in
1192 387 1401 439 nomine
1429 382 1630 450 Patris,
1660 394 1709 438 et
1740 383 1845 437 Do-
1875 389 1919 444 Α
1948 395 2178 453 tantum,
2202 396 2428 457 possunt
2459 389 2683 462 intelligi
2709 402 2952 449 aromata
2987 396 3100 462 illa,
3125 413 3245 467 qum
3273 401 3527 460 mulieres

273 474 405 526 mini
439 470 603 526 nostri
653 469 785 525 Iesu
820 470 1014 527 Christi
1070 471 1194 526 Filii
1239 473 1338 526 Dei
1366 473 1486 538 vivi,
1523 482 1571 527 et
1620 470 1849 542 Spiritus

272 563 466 627 sancti,
497 562 543 615 si
588 561 726 631 quod
768 562 1100 632 phantasma,
1154 577 1345 631 usque,
1386 563 1444 615 in
1496 562 1849 615 remissionem

273 652 509 704 omnium
548 659 896 723 peccatorum,
959 652 1014 704 in
1046 652 1253 705 nomine
1282 651 1494 705 Domini
1522 652 1687 705 nostri
1717 650 1849 705 Iesu
1878 662 1891 673 '

272 736 489 803 Christi,
526 739 617 808 qui
667 750 912 793 venturus
947 748 1022 794 est
1064 740 1312 810 judicare
1345 741 1480 795 vivos
1512 751 1561 795 et
1594 751 1846 806 mortuos,

270 836 319 881 et
351 827 603 883 steculum
624 846 733 900 per.
772 829 1022 898 Baptizas
1042 844 1185 893 eum,
1228 837 1284 885 et
1309 829 1435 885 linis
1468 832 1533 886 de
1559 831 1849 887 chrismate

270 916 326 971 in
350 918 598 983 cerebro,
637 926 692 973 et
739 919 875 974 dicis
920 919 995 973 illi
1028 937 1041 972 :
1077 918 1300 990 Baptizo
1334 929 1382 974 te
1408 921 1463 976 in
1492 923 1702 976 nomine
1733 921 1843 975 Pa—

270 1008 389 1073 tris,
422 1017 472 1061 et
505 1005 653 1071 Filii,
687 1016 735 1061 et
759 1007 989 1078 Spiritus
1040 1011 1227 1063 sancti.
1274 1008 1469 1065 Postea
1520 1010 1698 1082 tangis
1722 1025 1847 1065 eum

270 1101 651 1156 dechrismate
700 1100 754 1153 in
790 1101 988 1170 capite,
1021 1107 1077 1155 et
1122 1100 1257 1156 dicis
1309 1101 1611 1155 orationem
1665 1100 1845 1156 hanc:

268 1191 411 1246 Deus
434 1192 774 1262 omnipotens,
827 1191 989 1245 Pater
1013 1190 1224 1246 Domini
1265 1193 1429 1246 nostri
1461 1190 1592 1246 Iesu
1627 1189 1842 1245 Christi.

267 1281 646 1339 Communicas
667 1292 721 1338 et
741 1282 1031 1338 conﬁrmas
1061 1298 1207 1347 eum,
1240 1291 1300 1338 ut
1334 1298 1515 1355 supra.

336 1381 515 1438 Finito
537 1383 703 1445 etiam
734 1383 1043 1454 supradicto
1067 1382 1337 1453 baptismo
1372 1383 1426 1437 in
1452 1381 1690 1438 Sabbato
1717 1396 1844 1435 san-

263 1482 378 1540 cto,
426 1473 561 1529 ﬁunt
591 1474 790 1531 litanize
836 1488 904 1528 ex
952 1472 1111 1543 jussu
1144 1474 1416 1545 pontiﬁcis
1450 1482 1576 1530 ante
1630 1474 1839 1528 altare:

261 1568 439 1637 primo
490 1576 745 1638 septenas,
772 1567 1063 1638 quintenze,
1100 1576 1155 1622 et
1200 1576 1383 1629 ternm,
1453 1566 1589 1620 ﬁunt
1640 1564 1842 1619 litanias

261 1658 409 1713 circa
438 1658 735 1727 baptisterii
763 1656 1241 1722 consecrationem,
1276 1655 1688 1711 intercessiones
1712 1669 1837 1708 san-

1951 481 2074 529 ante
2094 474 2266 529 lucem
2288 477 2356 530 ad
2370 480 2673 549 ungendum
2706 481 2990 539 Dominum
3012 486 3340 545 detulerunt.
3369 491 3524 558 Quod

1950 570 2127 616 autem
2149 571 2270 632 post
2311 563 2659 636 Evangelium
2706 586 2810 625 non
2848 581 3098 629 cantatur
3135 575 3444 647 afferenda,
3468 591 3526 638 et

1950 658 2199 706 cantores
2220 660 2461 724 tempore
2477 658 2726 712 sacriﬁcii
2746 661 2924 728 silent,
2945 664 3010 717 ad
3029 668 3347 722 memoriam
3361 671 3522 725 redu-

1949 736 2092 791 citur
2111 738 2436 795 sacriﬁcium
2458 757 2551 797 seu
2577 744 2846 802 silentium
2870 751 3153 806 mulierum
3180 772 3192 808 :
3219 756 3348 823 ipsa:
3376 759 3522 814 enim

1952 834 2079 882 tunc
2095 836 2463 915 tantummodo
2483 849 2753 907 unguenta
2772 842 3096 898 detulerunt.
3122 845 3368 915 Sanctus,
3387 850 3523 906 San-

1950 920 2083 978 ctus,
2102 912 2343 985 Sanctus,
2362 921 2501 989 quod
2522 932 2605 978 est
2625 927 2932 995 angelorum
2957 941 3167 999 cantus,
3186 934 3306 991 ideo
3331 912 3517 992 canta-

1950 1008 2059 1066 tur,
2081 1003 2204 1070 quia
2222 1007 2396 1077 angeli
2420 1024 2525 1063 non
2555 1018 2838 1070 tacuerunt
2855 1018 2919 1072 de
2940 1016 3055 1084 ejus
3076 1006 3512 1081 resurrectione.

1946 1087 2146 1182 Iterum
2184 1093 2302 1148 vice
2340 1096 2624 1154 mulierum
2659 1104 2884 1159 reticent
2921 1116 3171 1164 cantores
3191 1110 3371 1182 Agnus
3392 1114 3516 1180 Dei,

1948 1180 2072 1248 quia
2088 1184 2303 1251 quando
2323 1184 2675 1258 interrogavit
2690 1191 2854 1248 Maria
2874 1195 3216 1253 hortulanum
3237 1180 3253 1254 ξ
3273 1201 3516 1269 Domine,

1946 1270 1993 1322 si
2009 1280 2070 1365 tu
2086 1272 2345 1365 sustulisti
2364 1292 2502 1343 eum,
2537 1279 2696 1334 dicito
2717 1284 2844 1337 mihi
2868 1284 3049 1356 (Joan.
3090 1306 3188 1356 xx,
3212 1291 3324 1365 I5),
3345 1295 3520 1364 magis

1940 1361 2201 1416 credebat
2222 1363 2371 1454 illum
2394 1365 2538 1422 furto
2559 1382 2679 1426 esse
2702 1374 2996 1441 sublatum,
3023 1395 3183 1449 quam
3203 1361 3390 1437 tollere
3400 1361 3519 1454 pec-

1940 1453 2262 1545 cata-mundi
2282 1472 2295 1507 :
2312 1470 2375 1510 ac
2391 1467 2673 1528 propterea
2687 1464 2910 1531 audivit,
2933 1468 3118 1525 volens
3131 1489 3195 1527 eu
3205 1489 3253 1526 m
3274 1453 3512 1545 tangere,

1946 1537 2073 1629 l‘loli
2092 1556 2171 1594 me
2184 1550 2412 1612 tangere.
2434 1545 2698 1605 Sacerdos
2713 1554 2804 1621 qui
2818 1564 2900 1609 est
2922 1557 3157 1615 vicarius
3178 1537 3399 1629 Christi,
3417 1537 3517 1621 im;

1944 1626 2220 1696 pletsuum
2241 1633 2499 1690 ofﬁcium.
2527 1636 2783 1709 Sequitur
2820 1647 2889 1701 ad
2909 1648 3282 1717 complendam
3319 1626 3511 1710 oratio.

259 1755 471 1804 ctorum
530 1764 629 1819 pro
679 1748 1118 1803 renascentibus:
1150 1748 1228 1801 ita
1266 1745 1409 1800 enim
1471 1745 1835 1800 inchoantur:
1875 1717 2233 1819 813°“qu
2263 1739 2452 1819 om?“
2473 1734 3011 1804 θοιηωυηίοᾶνθΐὶηῑ,
3040 1741 3171 1795 diei!
3209 1743 3469 1800 diacomls
3499 1761 3513 1800 :

260 1839 382 1894 Stat
411 1840 746 1909 primicerius
783 1853 922 1892 unus
955 1839 1010 1893 in
1065 1837 1288 1894 dextero
1343 1837 1535 1903 choro,
1594 1846 1651 1899 et
1702 1836 1838 1895 dicit

258 1945 383 1984 cum
407 1929 542 1999 ipso,
576 1927 739 2000 Kyrie
770 1928 984 1994 eleison,
1015 1938 1068 1983 et
1091 1929 1379 1999 respondet
1418 1928 1839 1986 .secundicerius

260 2034 384 2074 cum
415 2019 634 2075 sinistro
686 2019 873 2083 choro,
939 2018 1100 2088 Kyrie
1151 2018 1364 2081 eleison,
1425 2030 1597 2086 usque
1624 2025 1834 2087 quater.

259 2109 461 2165 Deinde
492 2107 695 2163 Christe
719 2108 930 2175 eleison,
955 2123 1127 2178 usque
1154 2115 1255 2173 ter,
1291 2107 1346 2162 id
1372 2107 1506 2161 ﬁunt
1533 2116 1735 2175 septem
1758 2108 1840 2161 vi-

258 2216 352 2256 ces
384 2200 643 2271 repetitae,
676 2200 818 2253 unde
845 2206 900 2253 et
921 2205 1155 2267 septenas
1189 2198 1459 2252 dicuntur.
1506 2195 1619 2250 Hoc
1646 2196 1838 2252 ordine

260 2290 396 2345 ﬁunt
416 2291 687 2361 quintente
710 2296 766 2344 et
788 2298 968 2343 ternm.
1000 2287 1126 2342 Post
1149 2288 1284 2352 haac,
1314 2285 1540 2350 Christe,
1563 2284 1688 2338 audi
1717 2301 1834 2349 nos,

259 2395 430 2451 usque
452 2380 672 2450 septies,
721 2386 776 2433 et
807 2378 886 2432 sic
920 2392 1018 2447 per
1043 2376 1289 2430 ordinem
1322 2373 1606 2429 intervallo
1669 2371 1831 2427 facto.

260 2470 571 2541 Sequuntur
617 2469 815 2524 litanias
872 2467 1049 2537 quina:
1092 2465 1380 2536 quinquies
1435 2464 1700 2533 repetitae.
1741 2462 1836 2518 His

255 2561 447 2626 ﬁnitis,
482 2560 765 2630 pulsantur
817 2558 968 2628 signa
1005 2555 1074 2610 ad
1105 2556 1325 2610 missam
1376 2552 1669 2623 publicam.
1697 2551 1835 2606 Nam

250 2650 493 2705 ministri
519 2650 594 2703 ita
637 2647 831 2703 debent
887 2660 1006 2701 esse
1044 2643 1333 2714 praeparati
1363 2649 1489 2697 ante
1515 2641 1711 2695 ostium
1743 2656 1833 2695 sa-

246 2742 506 2806 ‘crarii,ut
528 2755 649 2795 cum
671 2746 860 2792 cantor
880 2737 1107 2792 dixerit:
1125 2734 1424 2799 Accendite,
1443 2733 1646 2802 absque
1681 2746 1833 2786 mora

248 2832 554 2903 procedant
585 2845 758 2901 usque
787 2831 854 2884 ad
882 2829 1072 2883 altare.
1105 2825 1630 2897 Sequunturlitania:
1654 2824 1828 2889 trinae,

255 2924 422 2996 Kyrie
450 2922 679 2987 eleison,
724 2929 779 2977 et
823 2920 1051 2990 reliqua,
1087 2932 1278 2987 usque,
1303 2915 1413 2970 Fili
1449 2915 1566 2980 Dei,
1605 2924 1652 2969 te
1683 2932 1835 2983 roga-

250 3033 393 3071 mus.
412 3014 564 3069 Tunc
586 3012 858 3084 egreditur
879 3008 1121 3082 pontifex
1147 3009 1213 3064 de
1235 3006 1475 3062 sacrario
1498 3022 1618 3061 cum
1643 3006 1830 3078 ingen-

253 3107 297 3161 ti
338 3105 554 3169 decore,
600 3111 656 3158 et
708 3101 967 3171 praedicta
998 3105 1330 3154 cereostrata
1371 3105 1496 3151 ante
1522 3096 1672 3151 illum
1705 3113 1827 3151 cum

246 3194 419 3269 ωε
452 3190 919 3265 thymiamateriis,
943 3199 998 3245 et
1025 3204 1146 3244 cum
1183 3187 1381 3244 dixerit
1408 3187 1613 3251 schola,
1646 3187 1827 3257 Agnus

252 3285 373 3351 Dei,
406 3283 552 3338 dicat
581 3289 771 3336 cantor
804 3279 1013 3335 excelsa
1034 3292 1188 3343 voce,
1213 3276 1508 3331 Accendite.
1545 3275 1696 3330 Tunc
1717 3276 1829 3346 pri-

250 3391 399 3431 mum
436 3373 806 3428 illuminantur
829 3385 1015 3427 omnes
1058 3369 1202 3424 cerei
1251 3369 1663 3440 neophytorum,
1689 3383 1826 3437 quos

249 3465 500 3521 manibus
524 3472 731 3530 tenent,
765 3463 1195 3518 demonstrantes
1229 3460 1333 3515 hoc
1382 3459 1523 3529 quod
1547 3474 1644 3530 per
1675 3458 1825 3513 illum

247 3556 482 3627 Agnum,
521 3555 613 3624 qui
668 3553 805 3608 tollit
841 3560 1063 3623 peccata
1090 3550 1292 3613 mundi,
1346 3549 1716 3619 unusquisque
1740 3548 1827 3602 lu-

249 3658 375 3701 men
397 3645 644 3712 accipere
666 3643 873 3697 debeat.
901 3641 1054 3708 Quod
1086 3655 1216 3695 vero
1246 3640 1314 3693 ab
1340 3640 1602 3709 imperitis
1627 3640 1829 3694 exstin-

242 3745 491 3809 guuntur
525 3737 579 3789 in
612 3735 1018 3789 consecratione
1045 3732 1228 3796 fontis,
1251 3734 1464 3801 quando
1495 3732 1573 3786 illi
1595 3731 1828 3799 majores

247 3828 536 3885 illuminati
570 3828 932 3897 deponuntur,
968 3823 1043 3878 nil
1073 3822 1410 3877 auctoritatis
1456 3830 1557 3877 est.
1595 3821 1726 3877 Sine
1748 3823 1829 3876 lu-

249 3919 395 3974 mine
427 3917 572 3971 enim
608 3923 733 3969 sunt
758 3927 931 3983 usque
976 3912 1043 3967 ad
1091 3913 1235 3967 hanc
1261 3911 1470 3975 horam,
1507 3925 1614 3980 qua
1644 3912 1825 3967 caat'eri

244 4006 392 4063 cerei
424 4005 793 4060 illuminantur
846 4001 1107 4066 ecclesiae,
1138 4013 1202 4056 ea
1251 3999 1501 4054 videlicet
1554 4014 1741 4064 causa,
1770 4007 1828 4053 ut

247 4099 399 4170 prius
431 4098 698 4168 accipiant
721 4094 1118 4164 impositionem
1152 4109 1345 4149 manus
1378 4092 1636 4164 episcopi,
1673 4100 1728 4146 et
1750 4092 1828 4147 sic

247 4204 343 4243 eos
367 4189 650 4244 credamus
676 4186 967 4241 illuminari
1005 4185 1212 4255 Spiritu
1242 4194 1431 4239 sancto
1455 4199 1470 4239 :
1502 4193 1666 4255 atque
1690 4184 1828 4241 sicut

245 4280 419 4352 gloria
443 4277 854 4334 resurrectionis
903 4276 1167 4331 illustrata
1194 4283 1279 4330 est
1310 4290 1438 4341 nox,
1471 4275 1524 4329 in
1551 4290 1657 4345 qua
1688 4274 1827 4330 cele-

246 4372 469 4427 bramus
503 4371 745 4434 missam,
775 4368 850 4422 ita
875 4366 1171 4421 illustretur
1199 4372 1255 4419 et
1291 4364 1494 4419 lumine
1514 4379 1816 4420 cereorum.

248 4461 504 4532 Sequitur
532 4460 708 4531 Agnus
735 4459 827 4513 Dei
850 4477 869 4524 ;
905 4473 969 4513 ea
991 4473 1122 4512 vero
1144 4472 1262 4525 quae
1284 4463 1601 4525 sequuntur,
1631 4456 1819 4511 tandiu

245 4553 441 4608 debent
465 4566 676 4607 morose
705 4551 896 4621 repeti,
922 4558 979 4604 ut
1002 4548 1233 4603 ministri
1276 4558 1477 4618 queant
1504 4548 1815 4619 procedere.

247 4643 525 4713 Sequitur,
557 4639 759 4696 Christe
783 4640 909 4693 audi
946 4656 1061 4703 nos,
1090 4636 1253 4708 Kyrie
1282 4636 1498 4691 eleison.
1524 4636 1619 4691 His
1641 4634 1823 4704 exple-

245 4732 339 4797 tis,
372 4731 502 4786 dicit
526 4728 790 4802 pontifex,
815 4726 998 4782 Gloria
1032 4728 1088 4781 in
1115 4725 1332 4781 excelsis
1358 4726 1490 4779 Deo.
1517 4725 1597 4779 Ex
1628 4724 1822 4778 Decre-

245 4820 445 4875 talibus
489 4818 783 4873 Innocentii
834 4830 985 4887 papa:
1026 4812 1303 4879 diximus,’
1328 4813 1555 4869 sabbato
1598 4812 1819 4867 missam

243 4924 354 4966 non
386 4909 649 4964 celebrari
679 4925 692 4962 :
717 4907 860 4978 quod
881 4906 956 4961 ita
982 4920 1102 4961 esse
1121 4903 1485 4975 comperimus
1516 4918 1583 4957 ex
1608 4901 1813 4967 Olﬁcio,

243 5001 388 5072 quod
436 5008 608 5056 totam
645 5008 855 5054 noctem
890 4997 1124 5052 illustrat
1154 4994 1415 5060 futuram,
1451 5003 1512 5048 ut
1563 4994 1617 5048 in
1643 4994 1816 5063 prima

242 5091 491 5147 oratione
532 5091 752 5145 missa:
787 5088 925 5142 Deus
966 5088 1063 5159 qui.
1103 5088 1240 5141 hanc
1266 5084 1687 5140 sacratissimam
1718 5099 1817 5137 no-

243 5192 394 5237 ctem.
432 5180 571 5236 Nota
604 5195 737 5236 voce
762 5179 1132 5237 ministrorum
1157 5174 1536 5244 adneophytos
1558 5187 1728 5243 usque
1750 5172 1819 5227 ad

244 5272 611 5341 Evangelium,
644 5270 850 5326 utillud
879 5287 893 5324 :
928 5268 987 5324 Si
1011 5266 1412 5324 consurrexistis
1440 5281 1561 5319 cum
1587 5264 1814 5320 Christo.

243 5361 507 5418 Cantatur
529 5363 678 5432 prius
708 5359 957 5425 Alleluia,
994 5359 1238 5430 quodest
1275 5357 1560 5413 Hebrmum
1597 5363 1820 5425 propter

243 5455 536 5526 primatum
577 5454 738 5525 hujus
757 5453 953 5523 lingua:
974 5469 988 5505 :
1011 5451 1139 5507 hinc
1167 5451 1398 5506 Tractus
1430 5448 1642 5503 Latine.
1669 5448 1820 5515 Quod

244 5555 426 5604 autem
448 5553 573 5599 ante
596 5543 943 5615 Evangelium
973 5557 1083 5598 non
1099 5548 1369 5613 portatur,
1396 5540 1499 5601 nisi
1522 5538 1818 5609 thymiama

317 5669 339 5697 ιι
378 5654 704 5721 Amalarius,
722 5670 840 5726 cap.
866 5653 955 5710 54.

1940 1809 2040 1878 Ite,
2063 1815 2225 1869 missa
2237 1827 2330 1871 est.
2352 1818 2756 1891 Respondetur:
2782 1827 2887 1882 Deo
2911 1833 3130 1900 gratias.
3158 1833 3215 1888 In
3239 1836 3340 1890 hac
3355 1847 3512 1893 nocte

1938 1901 2007 1957 de
2018 1906 2362 1999 vespertinali
2377 1914 2566 1980 synaxi
2585 1917 2725 1984 apud
2735 1916 3005 1976 Romanos
3026 1923 3101 1976 nil
3115 1926 3311 1994 agitur,
3335 1943 3513 1999 neque

1938 2001 2063 2048 ante
2076 1995 2314 2060 missam,
2340 2014 2515 2069 neque
2531 2013 2652 2072 post
2665 2005 2912 2074 missam,
2936 2011 3063 2080 quia
3081 2015 3375 2069 secundum
3397 1995 3511 2074 Au-

1936 2087 2211 2155 gustinum
2236 2099 2291 2143 et
2304 2090 2441 2147 alios
2461 2094 2730 2163 doctores,
2747 2099 2888 2156 istud
2907 2100 3083 2159 Sabba
3092 2114 3204 2161 tum
3227 2123 3334 2163 non
3352 2109 3515 2167 habet

1935 2187 2237 2244 vesperam.

2515 2253 2744 2311 CAPUT
2774 2258 2871 2312 XX
2899 2298 2912 2311 .

2370 2367 2436 2405 DE
2474 2368 2561 2406 DIE
2600 2370 2802 2411 SANCTO
2841 2374 3067 2414 PASCIIE.

2004 2448 2031 2478 α
2063 2438 2158 2495 Die
2178 2448 2366 2496 sancto
2390 2442 2634 2510 Pasclue,
2658 2446 2711 2500 in
2734 2447 2957 2505 introitu
2983 2467 3079 2522 per
3097 2469 3195 2510 ora
3225 2459 3513 2527 propheta-

1935 2541 2053 2581 rum
2080 2538 2372 2598 praesentat
2396 2545 2454 2586 se
2478 2532 2723 2590 Christus
2756 2537 2811 2597 in
2839 2538 3080 2596 Ecclesia
3105 2542 3254 2599 Patri
3281 2561 3401 2613 suo,
3431 2549 3514 2602 div

1933 2630 2062 2708 cens
2085 2635 2098 2671 :
2120 2617 2422 2675 Resurreai.
2445 2622 2630 2680 Oratio
2650 2628 2824 2695 prima
2850 2639 3116 2687 monstrat
3134 2635 3338 2690 aditum
3360 2639 3511 2708 regni

1933 2707 2166 2763 ccclestis
2187 2718 2437 2778 apertum
2455 2714 2610 2769 nobis
2628 2731 2766 2782 esse,
2794 2733 2893 2787 per
2916 2708 3112 2791 capitis
3134 2726 3304 2779 nostri
3331 2707 3514 2781 resur-

1934 2799 2250 2854 rectionem.
2277 2800 2517 2872 Epistola
2564 2806 2818 2863 admonet
2859 2825 2960 2865 nos
2998 2815 3235 2882 separari
3278 2830 3309 2869 a
3340 2816 3504 2881 vitiis,

1931 2897 2119 2945 contra
2165 2907 2284 2960 qua
2334 2897 2662 2950 certavimus
2710 2911 2805 2965 per
2836 2900 3331 2973 quadragesimales
3372 2908 3506 2961 dies.

1934 2980 2353 3052 Responsorium
2402 2995 2687 3055 monstrat,
2745 3003 3009 3061 quantum
3056 2996 3231 3052 laetari
3265 3009 3510 3070 Oporteat

1931 3088 2026 3127 eos
2053 3074 2145 3144 qui
2173 3083 2471 3145 purgantur
2495 3093 2525 3131 a
2568 3079 2732 3135 vitiis.
2760 3080 2816 3135 In
2846 3082 3073 3139 Alleluia
3101 3091 3422 3156 ostenditur,
3454 3093 3506 3148 in

1931 3180 2038 3234 quo
2065 3166 2135 3219 sit
2158 3166 2320 3221 totius
2347 3183 2511 3224 causa
2536 3169 2753 3227 ltetitite.
2779 3174 3125 3246 Evangelium
3148 3182 3367 3249 exponit
3391 3199 3509 3252 per-

1930 3258 2123 3313 fectius
2147 3273 2364 3315 causam
2397 3262 2559 3317 totius
2596 3262 2815 3320 laetitias.
2846 3267 3047 3323 Eodem
3093 3271 3179 3326 die
3209 3273 3283 3326 ad
3305 3273 3505 3341 VeSpe-

1928 3364 2019 3404 ras
2045 3349 2110 3403 ad
2140 3348 2396 3406 Sanctum
2427 3351 2689 3409 Joannem
2710 3367 3076 3429 congregatur
3105 3364 3366 3419 maturius
3390 3366 3507 3419 uni-

1928 3454 2113 3495 versus
2160 3441 2361 3511 gradus
2410 3443 2808 3501 ecclesiasticus
2845 3447 2899 3501 in
2927 3450 3153 3505 ecclesia
3195 3452 3419 3522 majore,
3450 3456 3507 3511 in

1926 3528 2046 3584 loco
2090 3531 2184 3600 qui
2211 3539 2436 3586 vocatur
2470 3532 2763 3590 Cruciﬁxio
2794 3550 2808 3589 :
2836 3537 3017 3607 ibique
3052 3539 3273 3596 inchoat
3298 3544 3503 3609 schola,

1930 3617 2092 3689 Kyrie
2124 3620 2317 3676 eleison
2345 3635 2364 3674 :
2391 3629 2448 3677 et
2490 3637 2557 3679 eo
2599 3634 2859 3680 concentu
2895 3630 3215 3696 perveniunt
3243 3649 3411 3703 usque
3438 3635 3504 3689 ad

1927 3711 2119 3765 altare.
2140 3712 2392 3768 Posthaec
2408 3714 2694 3769 inchoatur
2710 3716 2938 3770 Alleluia
2958 3719 3024 3774 ad
3047 3721 3335 3788 psalmum,
3361 3724 3506 3778 Biait

1928 3802 2182 3857 Dominus
2202 3804 2448 3856 Domino.
2474 3803 2602 3859 Inde
2623 3804 2939 3873 Conﬁtebor,
2964 3824 3085 3863 cum
3111 3811 3340 3865 Alleluia
3365 3828 3385 3865 :
3414 3816 3504 3881 Et,

1925 3892 2120 3948 Beatus
2139 3896 2236 3960 vir,
2251 3892 2639 3948 cu-mAlleluia.
2666 3895 2783 3961 Quo
2799 3896 2970 3960 linito,
2996 3902 3241 3970 sequitur
3254 3904 3502 3962 Alleluia.

1929 3983 2136 4039 Pascha
2155 3994 2414 4047 nostrum,
2435 3999 2554 4037 cum
2571 4000 2751 4051 versu,
2775 3987 3081 4056 Epulemur.
3102 3992 3228 4047 Inde
3251 3994 3499 4058 melodia,

1926 4077 2050 4131 inde
2078 4075 2314 4147 Epistula
2344 4078 2637 4132 secundum
2660 4076 2952 4134 Romanos.
2983 4079 3206 4151 Antiph.
3231 4083 3346 4138 Cito
3382 4103 3505 4140 eun-

1925 4177 2020 4221 tes.
2052 4168 2208 4223 Yers.
2249 4167 2385 4223 Ecce
2412 4168 2665 4240 praeedet
2690 4186 2801 4225 vos.
2842 4170 2976 4225 Item
3005 4173 3284 4242 antiphon.
3326 4175 3396 4229 Et
3426 4192 3503 4230 re-

1926 4260 2166 4330 spicicns.

1994 4350 2051 4404 In
2079 4352 2182 4405 hac
2218 4348 2555 4405 hebdomada
2595 4367 2703 4406 non
2730 4352 2975 4421 sequitur
3001 4361 3124 4424 post
3151 4354 3499 4425 Evangelium

1928 4441 2089 4513 Kyrie
2111 4442 2328 4506 eleison,
2350 4442 2443 4497 sed
2469 4442 2723 4497 sacerdos
2749 4443 2880 4498 dicit
2900 4445 3221 4511 orationem,
3251 4460 3357 4515 qua
3387 4445 3503 4500 llni-

1929 4540 2003 4599 ta,
2026 4532 2357 4588 descendunt
2382 4532 2450 4586 ad
2474 4531 2657 4588 fontes
2679 4548 2800 4588 cum
2819 4532 3108 4603 Antiphon.
3134 4534 3205 4589 In
3220 4534 3306 4589 die
3330 4552 3503 4590 resur-

1927 4625 2190 4679 rectionis.
2242 4622 2497 4693 Sequitur
2546 4624 2785 4693 psalmus
2816 4641 2829 4677 :
2861 4622 3098 4678 Laudate
3155 4627 3325 4695 pueri,
3372 4641 3500 4681 cum

1924 4712 2172 4768 Alleluia.
2197 4713 2326 4768 Inde
2352 4712 2579 4767 Alleluia
2595 4753 2611 4779 ,
2640 4713 2896 4768 Dominus
2920 4714 3170 4784 regnavit.
3203 4716 3358 4771 Vens.
3384 4713 3499 4770 Pa-

1925 4815 2041 4859 rata
2062 4804 2206 4859 sedes
2228 4813 2339 4857 tua.
2367 4803 2496 4857 Item
2521 4819 2664 4858 vers.
2682 4803 3046 4858 Eleuaverunt.
3089 4803 3218 4860 Inde
3239 4806 3494 4871 melodia,

1923 4898 2047 4955 inde
2095 4894 2460 4964 Evangelium,
2513 4892 2733 4964 Antiph.
2806 4892 2950 4947 Venit
2998 4893 3195 4949 Har-ia.
3241 4893 3502 4965 Sequitur

1922 4987 2127 5043 Oratio.
2156 4986 2284 5041 Inde
2308 4986 2511 5041 vadunt
2534 4986 2604 5040 ad
2632 4984 2889 5041 Sanctum
2912 4984 3171 5047 Joannem
3202 4976 3271 5041 ad
3297 4986 3501 5042 Fontes

1922 5094 2016 5135 seu
2037 5078 2104 5134 ad
2131 5076 2370 5143 Vestem,
2393 5092 2517 5133 cum
2538 5076 2742 5146 amipli;
2770 5075 3039 5147 Lapidem
3071 5074 3330 5147 Sequitur
3348 5076 3496 5145 psal-

1924 5186 2076 5236 mus,
2116 5169 2183 5224 In
2218 5170 2393 5235 exitu,
2432 5184 2559 5224 cum
2599 5167 3004 5239 Alleluia:quo
3050 5166 3223 5234 ﬁnito,
3253 5167 3501 5237 sequitur

1920 5261 2169 5316 Alleluia.
2209 5256 2410 5325 Venite,
2454 5256 2790 5312 exsultantis.
2844 5256 2998 5313 Vere.
3040 5253 3494 5326 Praoccupcmus.

1919 5354 2051 5409 Item
2080 5366 2225 5407 vers.
2259 5348 2430 5403 Hodie
2450 5348 2497 5402 si
2517 5364 2706 5401 uocem.
2736 5346 2867 5402 Inde
2892 5347 3151 5412 melodia,
3173 5346 3230 5402 in
3255 5346 3499 5415 Evange-

1919 5445 1992 5500 lio
2018 5443 2348 5512 antiphona:
2380 5439 2480 5504 Ite,
2506 5437 2759 5492 nuntiate.
2789 5437 2944 5493 Vers.
2972 5437 3062 5493 Ibi
3081 5454 3219 5492 sunt.
3243 5436 3497 5493 Iterumn-

1923 5537 2163 5607 tiphona,
2214 5531 2389 5587 Nolite
2432 5544 2787 5601 expavescere.
2838 5526 3097 5601 Sequitur
3142 5527 3341 5585 oratio.
3381 5526 3493 5597 Qua
