3914 6178
351 269 485 323 I225

1181 266 1238 321 Β.
1279 265 1340 320 F.
1388 262 1610 319 ALBlNI
1647 260 1779 316 SEU
1819 257 2097 316 ALCUINI
2133 255 2418 315 OPERUM
2456 252 2638 310 PARS
2678 252 2765 308 IX.

3475 249 3626 305 129.4

347 384 517 450 ﬁnita,
573 390 803 454 pergunt
852 381 919 437 ad
967 396 1184 436 crucem
1245 396 1367 434 cum
1432 376 1751 446 antiphona,
1806 371 1927 426 Vidi
1956 374 1998 429 Α
2029 378 2336 425 canuntur:
2372 368 2628 439 primum,
2669 366 2795 435 quia
2836 365 2952 454 vita
2992 364 3261 428 redditur;
3295 365 3626 426 secundum.

345 489 558 544 aquam.
601 471 786 541 Ibique
839 478 1040 524 canunt
1085 470 1281 523 iterum
1326 467 1596 536 psalmum
1636 460 1750 517 :In
1786 462 1930 516 exitu

347 563 540 627 Israel,
571 570 625 617 et
650 560 896 615 Alleluia.
924 558 1113 614 Venite
1141 557 1477 621 exsullemus,
1502 563 1563 609 ut
1590 568 1774 624 supra.
1803 552 1933 607 Inde

348 653 602 724 Evangcl.
649 652 867 721 Antiph.
911 649 1218 704 Prmcedam
1257 665 1366 713 vos,
1399 655 1453 701 et
1480 647 1724 716 sequitur
1757 645 1932 700 oratio

349 741 662 797 sacerdotis.
691 740 785 794 llis
809 740 996 802 ﬁnitis,
1020 746 1073 792 et
1093 736 1322 807 eulogiis
1350 735 1607 805 acceptis,
1635 733 1934 788 remittitur

350 832 721 901 unusquisque
751 832 817 885 ad
862 830 1076 884 titulum
1118 842 1293 891 suum,
1344 834 1405 879 ut
1439 822 1640 880 ibidem
1669 816 1934 893 Vesperas

350 922 605 979 celebret.
668 921 773 991 Ipsi
819 921 966 974 enim
1021 933 1181 987 super
1230 915 1495 986 psalmum
1562 913 1934 968 tantummodo

351 1010 577 1064 Alleluia
609 1010 810 1072 dicunt,
840 1017 895 1062 et
924 1016 1048 1061 ante
1072 1006 1418 1076 Evangelium
1445 1004 1628 1059 dicunt
1652 1017 1935 1071 responso-

352 1103 493 1156 rium
527 1118 542 1157 :
579 1100 708 1155 Ha'c
745 1100 875 1165 dies,
908 1099 1024 1153 sine
1063 1114 1243 1153 versu.
1279 1096 1403 1152 Haec
1440 1098 1614 1152 oratio
1640 1112 1736 1166 per
1765 1103 1935 1151 totam

352 1191 743 1246 hebdomadam
800 1199 1050 1245 servatur
1104 1204 1275 1258 usque
1323 1190 1376 1243 in
1427 1188 1764 1243 Dominicam
1813 1197 1939 1257 post

350 1280 536 1347 Albas,
577 1280 825 1345 Alleluia,
856 1289 911 1336 et
938 1282 1248 1351 antiphonis
1274 1280 1494 1334 mutatis
1522 1288 1727 1333 tantum
1755 1279 1938 1350 singu-

352 1372 420 1430 lis
445 1373 653 1440 diebus,
685 1373 919 1443 psalmos
946 1387 1074 1427 vero
1093 1371 1309 1427 eosdem
1340 1378 1567 1441 canunt.

910 1496 937 1524 ει
988 1482 1215 1538 CAPUT
1253 1481 1395 1537 XXI.

828 1594 896 1631 DE
935 1592 1171 1633 SABBATO
1202 1592 1255 1630 IN
1294 1590 1465 1630 ALBIS.

425 1672 598 1728 Hodie
627 1671 826 1735 Albati,
856 1671 981 1739 quia
1030 1670 1082 1722 in
1116 1668 1352 1723 Sabbato
1391 1664 1650 1736 baptizati
1695 1662 1932 1727 fuerunt,

357 1764 600 1818 vestibus
622 1762 758 1816 albis
782 1769 1071 1816 exuuntur.
1100 1759 1277 1814 Albati
1306 1766 1486 1812 autem
1514 1765 1736 1826 propter
1759 1763 1937 1810 vestes

358 1850 509 1905 albas
549 1849 708 1920 vulgo
739 1848 1074 1918 appellantur
1102 1848 1150 1900 δ.
1184 1846 1337 1900 Sicut
1373 1854 1575 1915 septem
1626 1844 1743 1899 dies
1769 1843 1938 1913 perti-

263 1974 272 1983 -
360 1950 491 1995 nent
519 1941 586 1995 ad
631 1948 787 1994 vetus
828 1945 1208 1992 testamentum
1246 1945 1467 2006 propter
1505 1935 1824 1998 sabbatum,
1866 1933 1941 1987 ita

361 2038 484 2086 octo
506 2030 622 2084 dies
659 2030 726 2083 ad
754 2043 951 2082 novum
993 2034 1214 2097 propter
1242 2034 1490 2080 octavum
1530 2022 1944 2078 resurrectionis

361 2123 529 2177 diem.
555 2121 602 2176 A
630 2121 855 2176 sabbato
881 2133 1051 2187 usque
1086 2117 1153 2171 ad
1182 2117 1465 2171 sabbatum
1497 2121 1781 2184 portantur
1811 2112 1945 2166 alba:

360 2194 563 2277 vestes,
592 2227 712 2282 quae
736 2210 890 2265 nobis
920 2209 1153 2279 speciem
1183 2213 1463 2278 pmstant,
1492 2203 1680 2273 quales
1702 2217 1821 2257 esse
1846 2201 1943 2256 de-

360 2305 583 2359 beamus
612 2302 667 2355 in
708 2315 849 2354 novo
877 2306 1221 2363 testamento,
1247 2305 1303 2351 et
1332 2295 1512 2366 qualia
1543 2308 1769 2362 corpora
1797 2306 1946 2346 rece-

362 2394 506 2464 pturi
549 2394 604 2447 in
653 2400 847 2446 octava
895 2390 1003 2455 die,
1033 2389 1087 2443 in
1117 2404 1221 2458 qua
1268 2385 1585 2456 praesentari
1615 2398 1712 2438 nos
1735 2389 1949 2452 Oportet

363 2493 490 2540 ante
513 2483 798 2539 Dominum
818 2496 941 2536 cum
970 2481 1088 2550 ipso
1111 2479 1357 2548 pignore,
1389 2475 1531 2545 quod
1562 2473 1872 2541 accepimus
1893 2471 1946 2523 in

362 2575 651 2645 baptismo.
676 2571 811 2627 Alba
840 2579 1019 2625 autem
1068 2569 1388 2623 vestimenta
1429 2564 1750 2626 albatorum,
1784 2574 1948 2629 opera

365 2674 491 2720 sunt
528 2665 819 2734 iustorum,
853 2660 1051 2714 munda
1078 2665 1133 2713 et
1171 2656 1397 2712 candida
1425 2654 1594 2727 486
1632 2653 1780 2707 omni
1814 2661 1953 2707 tem-

363 2770 515 2827 pore.
545 2752 699 2820 Quod
722 2766 851 2806 vero
878 2751 930 2803 in
955 2748 1179 2804 sabbato
1198 2753 1468 2801 exuuntur
1489 2743 1605 2813 ipsa
1624 2742 1949 2798 vestimenta

364 2851 470 2904 hoc
508 2844 795 2917 signiﬁcat,
838 2841 981 2912 quod
1020 2840 1198 2894 anima
1241 2835 1606 2905 cujuscunque
1653 2833 1827 2890 ﬁdelis
1850 2834 1951 2889 mi-

366 2953 529 3009 grans
547 2951 578 2990 e
599 2948 844 3003 corpore,
872 2931 1107 2986 inveniet
1127 2928 1429 2989 sabbatum,
1461 2926 1513 2980 id
1536 2932 1638 2989 est,
1665 2924 1907 2993 requiem
1933 2940 1947 2978 :

368 3035 423 3080 et
446 3025 766 3080 vestimenta
808 3035 906 3075 sua
929 3019 1019 3074 hic
1040 3017 1294 3081 dimittet,
1329 3014 1382 3069 id
1405 3021 1510 3078 est,
1541 3026 1755 3082 corpus,
1785 3019 1843 3064 ut
1868 3025 1950 3064 re-

368 3117 534 3186 cipiat
560 3114 688 3181 illud
716 3114 910 3168 iterum
939 3110 993 3165 in
1024 3107 1315 3164 novissima
1351 3106 1456 3161 die.
1495 3104 1629 3160 Octo
1658 3103 1772 3157 dies
1821 3118 1949 3157 neo-

368 3208 659 3277 phytorum
702 3218 919 3259 cursum
958 3199 1238 3270 pmentis
1279 3197 1405 3251 vitae
1434 3200 1757 3250 monstrant.
1799 3191 1951 3248 Sicut

369 3297 514 3350 enim
554 3294 852 3349 Hebraicus
893 3290 984 3345 ille
1018 3288 1266 3360 populus,
1307 3285 1532 3341 transito
1561 3284 1696 3338 mari
1744 3282 1947 3346 Rubro,

371 3385 624 3440 columna
654 3384 795 3454 ignis
820 3382 922 3436 sibi
946 3379 1281 3450 praecedente
1317 3384 1500 3441 noctu,
1526 3391 1623 3445 per
1647 3390 1807 3430 omne
1848 3375 1952 3428 iter

372 3480 429 3534 in
476 3485 677 3533 terram
723 3473 1157 3545 repromissionis
1206 3473 1546 3541 triumphans
1593 3473 1658 3526 de
1707 3471 1953 3526 hostibus

372 3567 585 3624 introiit
608 3584 623 3619 :
646 3566 721 3621 ita
750 3565 922 3620 nostri
947 3562 1227 3632 baptizati,
1250 3562 1537 3616 exstinctis
1556 3560 1793 3629 peccatis
1816 3576 1973 3629 pnes

374 3657 570 3720 teritis,
622 3655 893 3711 ducuntur
935 3652 1175 3725 quotidie
1227 3652 1295 3707 ad
1343 3651 1663 3717 Ecclesiam,
1704 3651 1952 3707 columna

375 3749 519 3804 cerei
546 3747 846 3801 illuminata
886 3744 1222 3816 prtecedente
1258 3759 1371 3799 eos.
1412 3743 1565 3799 Unde
1615 3743 1949 3813 intelligitur,

376 3839 445 3893 ad
470 3837 644 3893 nullos
684 3836 819 3890 alios
860 3850 991 3891 usus
1019 3835 1074 3889 in
1096 3833 1422 3903 quibuslibet
1450 3832 1581 3887 locis
1610 3847 1730 3888 eam
1758 3832 1956 3888 debere

377 3929 620 3995 accendi,
650 3927 752 3983 nisi
779 3927 834 3982 in
859 3925 1233 3981 recordatione
1256 3924 1478 3978 luminis
1501 3922 1738 3994 Spiritus
1756 3923 1953 3988 sancti,

377 4025 506 4080 dum
534 4024 642 4077 itur
684 4022 752 4076 ad
777 4021 1079 4076 ecclesiam.
1112 4018 1246 4075 Octo
1272 4018 1389 4073 dies
1423 4018 1816 4088 necphytorum
1843 4017 1956 4072 dis-

376 4119 694 4188 tinguuntur
721 4131 753 4169 a
802 4115 1029 4177 ueteris,
1059 4113 1113 4169 id
1141 4120 1244 4176 est,
1286 4121 1532 4178 octavus,
1562 4109 1746 4165 Primo
1785 4111 1959 4164 conci-

378 4213 473 4265 nil.
496 4210 629 4266 Octo
649 4208 984 4279 ofﬁcia,qu:e
1003 4205 1138 4260 ﬁunt
1159 4207 1213 4260 in
1238 4204 1805 4261 commemorationem
1828 4217 1958 4257 neo-

376 4305 688 4375 phytorum,
711 4301 1116 4371 distinguuntur
1132 4314 1163 4351 a
1187 4298 1397 4352 caeteris
1416 4294 1764 4365 sequentibus
1787 4309 1957 4364 usque

378 4393 433 4448 in
462 4393 835 4448 Pentecosten.
885 4388 1129 4445 Primum
1172 4386 1335 4440 habet
1372 4384 1506 4439 duas
1534 4384 1740 4447 laudes,
1769 4383 1821 4437 id
1850 4389 1956 4448 est,
1985 4401 2036 4462 υ

379 4482 630 4548 Alleluia,
659 4479 1012 4551 Conﬁtemini,
1035 4485 1091 4532 et
1116 4486 1370 4541 tractum,
1395 4475 1632 4529 Laudate
1655 4475 1954 4529 Dominum.
1980 4516 1990 4523 .

380 4575 642 4633 Octavum
682 4573 816 4628 duas
857 4570 1136 4634 similiter,
1168 4569 1221 4624 id
1247 4576 1359 4633 est,
1399 4569 1504 4623 duo
1544 4566 1800 4631 Alleluia,
1829 4566 1960 4621 Hlec

381 4668 515 4734 dies,
543 4672 602 4723 et
624 4664 863 4719 Laudato
885 4662 1052 4733 pueri.
1082 4660 1236 4728 Quod
1266 4676 1372 4715 non
1402 4658 1464 4713 ﬁt
1487 4660 1541 4714 in
1572 4658 1681 4713 ullo
1709 4658 1814 4713 alio
1839 4657 1962 4712 sab-

378 4758 507 4815 bato
530 4773 701 4829 usque
716 4757 771 4810 in
792 4756 1165 4811 Pentecosten.
1193 4751 1301 4806 Sex
1326 4751 1502 4805 media
1522 4751 1725 4805 habent
1744 4764 1963 4819 respon-

379 4851 586 4908 sorium
613 4857 670 4906 et
691 4846 939 4902 Alleluia.
966 4845 1026 4900 in
1051 4844 1369 4900 memoriam
1398 4842 1579 4911 itaque
1603 4841 1791 4911 prima:
1813 4841 1958 4905 vitae,

379 4958 543 5014 quam
561 4939 750 4996 habuit
782 4938 976 5003 Adam,
996 4936 1174 5006 primo
1197 4933 1415 4990 canitur
1438 4930 1668 4985 Alleluia
1695 4948 1714 4985 :
1739 4938 1796 4985 et
1832 4930 1960 5001 quia

385 5051 488 5092 non
528 5033 633 5089 fuit
660 5030 1010 5101 sempiterna,
1038 5035 1244 5082 tractus
1270 5022 1514 5093 sequitur
1546 5021 1837 5077 humiliore
1860 5020 1963 5075 lin-

383 5140 509 5196 gua,
535 5132 596 5179 ut
620 5120 897 5178 humilitas
920 5116 1237 5189 posterioris
1270 5113 1395 5168 vita:
1422 5111 1755 5167 recordetur.
1785 5108 1844 5164 In
1875 5124 1963 5164 re-

383 5216 696 5272 cordatione
722 5225 853 5267 vero
877 5209 1174 5280 potissima:
1192 5203 1629 5267 restaurationis,
1657 5201 1711 5256 id
1735 5208 1821 5257 est
1837 5200 1963 5255 ulti—

386 5320 488 5362 mae
518 5303 750 5377 requiei,
775 5315 897 5372 quae
918 5300 1161 5356 redditur
1185 5296 1239 5351 in
1278 5294 1507 5365 septima
1535 5293 1642 5359 die,
1668 5300 1726 5347 et
1747 5289 1963 5360 perﬁci-

385 5402 471 5450 tur
512 5396 568 5452 in
608 5402 799 5452 octavo
830 5392 932 5450 _die
974 5398 1031 5446 et
1073 5396 1266 5446 octavo
1312 5384 1525 5449 ofﬁcio,
1577 5384 1684 5439 duo
1736 5380 1964 5437 Alleluia

455 5519 481 5549 ⁸
517 5508 577 5564 ln
613 5523 718 5563 ms.
752 5514 857 5571 est,
895 5502 975 5558 De
1001 5503 1217 5559 sabbato
1244 5499 1456 5572 quando
1501 5495 1648 5553 albas
1677 5494 1962 5566 deponunt.

385 5575 737 5644 Quence'ua.

362 5646 367 5649 ’
409 5642 427 5644 ”
457 5647 485 5688 δ
522 5644 853 5707 Amalarius,
884 5642 1114 5711 cap.29.

2031 459 2156 528 quia
2184 458 2530 528 sempiterna.
2564 454 2828 511 Similiter
2855 456 2909 510 in
2944 450 3242 511 Dominicis
3285 456 3475 512 diebus
3509 460 3629 515 duo

2016 548 2259 613 .Alleluia
2299 548 2679 612 terminantur,
2703 562 2873 616 usque
2903 547 2955 601 in
2986 546 3362 603 Pentecosten.

2100 637 2217 692 Duo
2246 646 2393 703 sunt,
2439 637 2585 691 unde
2637 638 2815 693 anima
2843 638 2897 692 in
2940 640 3171 709 septima
3210 640 3315 705 die,
3346 640 3401 696 id
3429 651 3532 708 est,
3562 642 3630 699 in

2030 728 2217 798 requie
2242 728 2427 782 laudet
2448 727 2734 782 Dominum
2769 745 2782 781 :
2815 744 3005 794 unum,
3036 730 3101 784 de
3126 738 3379 801 percepta
3402 732 3578 803 gloria
3605 749 3623 799 ;

2031 816 2285 883 alterum,
2317 817 2382 872 de
2401 817 2754 888 percipienda
2787 819 3223 874 resurrectione:
3251 820 3415 875 homo
3436 831 3628 877 autem

2032 904 2087 959 in
2119 906 2515 961 resurrectione
2542 907 2816 961 constabit
2854 922 2921 961 ex
2967 923 3192 977 corpore
3231 917 3286 964 et
3320 912 3533 977 anima;
3567 921 3629 968 et

2031 995 2159 1065 quia
2203 997 2532 1052 resurrectio
2560 997 2841 1052 Dominica
2867 996 3145 1067 prmeessit
3188 1000 3243 1054 in
3277 1008 3472 1055 octava
3507 1003 3625 1067 die,

2034 1084 2175 1153 quod
2215 1081 2455 1138 futurum
2482 1095 2567 1139 est
2597 1085 2651 1139 in
2694 1087 3110 1152 resurrectione,
3150 1087 3255 1142 hoc
3285 1089 3497 1159 agimus
3522 1105 3629 1159 per

2032 1175 2344 1231 Dominicos
2368 1175 2483 1232 dies
2498 1192 2670 1247 usque
2693 1178 2747 1232 in
2768 1178 3144 1245 Pentecosten,
3171 1180 3225 1235 id
3246 1193 3352 1245 est,
3384 1190 3446 1236 ut
3466 1199 3627 1238 mens

2033 1277 2090 1324 et
2115 1284 2313 1340 corpus
2337 1269 2520 1324 laudet
2540 1270 2857 1337 Dominum;
2889 1272 3089 1342 et-quia
3116 1273 3335 1328 interim
3358 1276 3481 1330 sine
3497 1292 3623 1331 cor-

2032 1374 2164 1429 pore
2192 1352 2370 1414 anima
2394 1360 2576 1416 laudat
2599 1361 2901 1427 Dominum,
2930 1378 3027 1432 per
3049 1363 3288 1435 singulos
3310 1366 3427 1421 dies
3452 1383 3620 1422 unum

2034 1448 2260 1503 Alleluia
2305 1450 2629 1506 celebratur.
2672 1451 2742 1507 At
2783 1453 2960 1508 media
3006 1470 3097 1510 sex
3128 1454 3307 1512 ofﬁcia
3343 1457 3623 1516 Paschalis

2035 1539 2383 1595 hebdomada:
2418 1543 2819 1611 responsorium
2851 1552 3044 1623 tenent
3071 1555 3126 1601 et
3173 1547 3423 1603 Alleluia.
3470 1550 3621 1608 Sicut

2034 1632 2375 1700 septenarius
2398 1648 2655 1687 numerus
2678 1634 2919 1704 requiem
2946 1635 3234 1705 signiﬁcat,
3264 1638 3341 1693 ita
3371 1642 3622 1696 senarius

1968 1707 2011 1766 Β
2038 1733 2203 1789 opera
2236 1736 2251 1774 :
2279 1730 2335 1776 et
2378 1720 2432 1775 in
2475 1722 2579 1777 hae
2612 1723 2725 1776 vita
2771 1723 2927 1778 bonis
2968 1725 3219 1794 operibus
3264 1727 3623 1783 insiStendum

2039 1818 2140 1873 est,
2168 1818 2224 1864 et
2249 1826 2280 1865 a
2307 1805 2402 1866 Dei
2432 1811 2590 1867 laude
2631 1828 2738 1867 non
2777 1815 3119 1869 cessandum.
3144 1815 3203 1870 In
3233 1814 3338 1871 ﬁne
3365 1832 3625 1872 versuum

2041 1899 2387 1968 responsorii,
2436 1898 2567 1953 Haec
2595 1900 2727 1962 dies,
2771 1910 3134 1972 praeposterus
3161 1905 3292 1960 ordo
3320 1913 3420 1959 est.
3452 1904 3625 1962 Bene-

2041 1987 2211 2040 dictus
2242 1988 2332 2058 qui
2359 1989 2516 2054 venit,
2541 1990 2873 2059 prazponitur
2906 1990 2960 2044 in
3002 1993 3189 2061 quinta
3241 1993 3373 2049 feria
3409 1997 3625 2059 versui,

2044 2077 2294 2148 Lapidem
2322 2096 2471 2151 quem
2492 2082 2910 2151 reprobaverunt,
2942 2083 3031 2153 qui
3058 2082 3221 2137 estin
3252 2083 3443 2138 ordine
3480 2085 3631 2155 psal-

2020 2167 2118 2235 ‘mi
2147 2168 2296 2238 prior
2323 2183 2337 2221 :
2369 2170 2464 2224 sed
2486 2181 2636 2224 sexta
2667 2170 2801 2225 feria
2831 2181 3098 2240 cantatur,
3139 2174 3265 2244 quia
3296 2174 3441 2230 inter
3467 2186 3629 2230 eane-

2046 2274 2135 2313 ros
2178 2260 2447 2329 praecipue
2475 2272 2631 2316 sonat
2670 2262 2736 2316 de
2762 2264 3014 2332 passione
3057 2263 3293 2331 Domini,
3320 2280 3441 2334 qua:
3482 2266 3623 2321 facta

2046 2357 2130 2403 est
2156 2360 2307 2403 sexta
2332 2349 2486 2404 feria.
2508 2352 2565 2404 In
2592 2351 2681 2405 illa
2705 2354 3129 2423 reprobaverunt
3144 2354 3431 2410 Dominum
3456 2355 3624 2412 Judzri

2047 2438 2398 2505 aediﬁcantes,
2431 2441 2485 2494 in
2528 2440 2617 2495 illa
2646 2441 2821 2497 factus
2854 2455 2936 2499 est
2967 2444 3020 2498 in
3051 2455 3212 2515 caput
3235 2447 3440 2516 anguli.
3472 2448 3621 2515 Quod

2048 2536 2227 2582 autem
2270 2529 2435 2584 semel
2463 2530 2639 2599 agitur
2664 2533 2984 2602 baptismus,
3018 2534 3287 2604 signiﬁcat
3315 2538 3442 2605 quia
3471 2534 3623 2591 Chri-

2048 2628 2162 2674 stus
2190 2620 2356 2675 semel
2390 2636 2488 2690 pro
2538 2623 2694 2678 nobis
2729 2633 2972 2680 mortuus
3004 2634 3105 2681 est.
3136 2626 3194 2681 In
3225 2642 3334 2696 quo
3361 2629 3625 2699 baptismo

2050 2712 2185 2767 duas
2203 2713 2480 2782 pactiones
2506 2713 2621 2769 ﬁeri
2664 2730 2769 2770 non
2796 2718 3015 2772 dubium
3044 2726 3144 2784 est,
3175 2720 3416 2790 primum
3435 2722 3624 2778 videli-

2050 2812 2136 2861 cet
2176 2805 2557 2861 abrenuntiare
2608 2807 2819 2863 diabolo
2863 2818 2919 2863 et
2962 2810 3171 2880 pompis
3212 2810 3361 2879 ejus;
3394 2815 3624 2869 secundo

2051 2899 2274 2956 credere
2295 2900 2347 2953 in
2372 2901 2688 2971 mysterium
2718 2912 2916 2956 sancta
2939 2910 2992 2957 et
3014 2902 3304 2957 individua:
3325 2903 3623 2971 Trinitatis.

2050 2991 2265 3046 Parvuli
2294 3000 2493 3058 autem,
2524 2992 2628 3045 alio
2656 2992 2942 3062 proﬁtente
2974 2992 3132 3047 ﬁdem
3161 2993 3400 3060 illorum,
3431 2996 3627 3051 idcirco

2050 3082 2411 3152 baptizantur,
2445 3083 2569 3151 quia
2595 3082 2771 3137 adhuc
2798 3080 2942 3153 loqui
2970 3082 3051 3137 vel
3083 3085 3306 3140 credere
3336 3096 3621 3157 nequeunt.

2049 3173 2173 3240 Qui,
2206 3174 2251 3228 si
2290 3174 2604 3243 priusquam
2641 3183 3048 3244 regenerentur,
3078 3175 3416 3241 transierint,
3444 3177 3627 3246 procul

2050 3264 2214 3319 dubio
2242 3280 2272 3318 a
2302 3280 2467 3335 regno
2514 3264 2717 3331 Christi
2747 3266 2905 3333 alieni
2952 3268 3212 3323 existunt.
3245 3268 3451 3323 Patrini
3500 3284 3628 3325 vero

2051 3353 2262 3409 illorum
2291 3356 2587 3425 praevidere
2631 3356 2849 3423 debent,
2884 3366 2944 3412 ut
2977 3374 3100 3414 cum
3127 3360 3196 3414 ad
3238 3358 3628 3430 intelligibilem

2051 3456 2264 3501 aetatem
2289 3449 2653 3517 pervenerint,
2681 3450 2785 3505 ﬁde
2814 3458 2867 3505 et
2891 3451 3049 3506 bonis
3076 3453 3316 3508 moribus
3336 3453 3628 3517 instruant,

2052 3535 2363 3591 Orationem
2404 3535 2736 3592 Dominieam
2780 3547 2835 3592 et
2872 3537 3185 3609 Symbolum
3230 3524 3324 3595 eos
3368 3541 3633 3595 instanter

2053 3626 2324 3680 erudiant.
2374 3625 2525 3694 Quod
2561 3626 2605 3681 si
2645 3627 2996 3698 neglexerint,
3032 3629 3215 3684 norint
3256 3645 3317 3685 se
3365 3632 3631 3686 rationem

2052 3732 2152 3786 pro
2171 3717 2250 3771 eis
2280 3717 2585 3772 reddituros
2609 3726 2733 3773 ante
2759 3718 3063 3783 Dominum,
3086 3735 3317 3790 quorum
3344 3736 3630 3791 sponsores

2055 3808 2379 3866 exstiterint:
2431 3808 2642 3875 Quanto
2676 3818 2855 3866 autem
2906 3820 3146 3881 tempore
3198 3813 3527 3883 generaliter
3569 3814 3634 3869 ab

2057 3900 2297 3955 Ecclesia
2347 3899 2650 3955 celebratur
2701 3901 2962 3958 adventus
3000 3901 3230 3973 Spiritus
3272 3906 3446 3959 sancti
3476 3920 3633 3975 super

2058 3991 2364 4061 apostolos,
2410 3998 2560 4046 tanto
2606 4001 2849 4063 tempore
2901 3993 3059 4048 debet
3113 3994 3395 4049 observari
3454 3995 3635 4050 unctio

2058 4083 2372 4138 chrismatis
2407 4083 2547 4153 apud
2581 4098 3041 4153 unumquemque,
3079 4085 3171 4156 qui
3219 4086 3423 4154 accipit
3451 4100 3638 4140 manus

2059 4174 2477 4243 impositionem,
2517 4181 2572 4229 et
2618 4188 2723 4229 non
2755 4174 3024 4230 immerito
3057 4189 3072 4228 :
3104 4176 3358 4245 quoniam
3410 4174 3639 4244 Spiritus

2058 4273 2280 4318 sanctus
2324 4263 2389 4317 in.
2427 4272 2631 4334 septem
2664 4262 2999 4331 mulieribus,
3028 4265 3131 4319 hoc
3157 4272 3264 4330 est,
3299 4274 3508 4334 septem
3537 4265 3641 4318 vir-

2060 4352 2262 4407 tutibus
2281 4353 2430 4406 venit
2450 4352 2515 4406 ad
2536 4351 2801 4421 hospitem
2826 4367 3000 4406 suum.
3025 4352 3304 4407 Dominica
3323 4362 3447 4423 post
3469 4353 3639 4416 albas,

2062 4444 2115 4499 id
2136 4451 2240 4509 est,
2263 4444 2320 4499 in
2345 4442 2551 4498 octavis
2577 4444 2817 4507 Pascbte,
2854 4443 3026 4498 danda
3069 4451 3153 4498 est
3195 4457 3323 4499 cera
3362 4441 3641 4497 benedicta

2059 4553 2183 4613 post
2223 4541 2441 4596 Missam
2469 4537 2536 4594 ad
2563 4538 3035 4607 sull‘umigandum,
3066 4536 3273 4592 scilicet
3302 4536 3358 4591 in
3396 4535 3641 4590 domibus

2061 4634 2193 4698 suis,
2240 4648 2334 4688 seu
2358 4631 2666 4704 ponendum
2690 4631 2744 4685 in
2771 4631 2915 4700 agris
2936 4629 3019 4684 vel
3045 4629 3238 4693 vineis,
3269 4635 3495 4698 propter
3524 4625 3640 4681 illu-

2063 4723 2242 4779 siones
2270 4721 2586 4784 diabolicas,
2617 4722 2730 4775 sive
2754 4728 2941 4775 contra
2969 4718 3176 4788 fulgura
3202 4717 3286 4773 vel
3313 4718 3577 4772 tonitrua.

2645 4831 2871 4888 CAPUT
2909 4829 3068 4884 XXII.

2572 4939 2639 4976 DE
2670 4937 2888 4979 UHNIA
2924 4934 3145 4974 IIAJORE.

2138 5029 2159 5057 ε
2187 5017 2431 5073 Romana
2464 5015 2799 5073 consuetudo
2822 5029 2990 5070 unum
3028 5013 3194 5077 diem,
3230 5010 3443 5066 scilicet
3484 5007 3646 5078 septi-

2065 5124 2211 5163 mum
2243 5106 2512 5163 Kalendas
2539 5106 2684 5172 Maii,
2712 5104 3026 5175 interponit,
3053 5117 3215 5173 quem
3240 5108 3400 5156 vocat
3422 5100 3481 5153 in
3502 5098 3647 5153 Lita-

2064 5195 2153 5249 nia
2192 5194 2426 5266 majore,
2477 5210 2586 5249 non
2624 5194 2680 5248 in
2719 5191 2941 5264 jejunio.
2969 5194 3206 5249 Λιτανιία
3235 5200 3416 5245 autem
3440 5187 3643 5251 Graece,

2065 5286 2257 5340 Latine
2283 5284 2593 5355 deprecatio
2614 5283 2697 5338 vel
2718 5282 2928 5353 rogatio
2949 5281 3165 5346 dicitur,
3194 5279 3317 5334 inde
3338 5288 3395 5334 et
3416 5277 3650 5347 rogatio-

2067 5393 2183 5433 nes.
2222 5376 2408 5432 Potest
2430 5376 2574 5432 enim
2603 5390 2793 5432 serena
2822 5389 2976 5430 mens
3002 5381 3059 5429 et
3099 5371 3274 5427 aliena
3310 5385 3343 5425 a
3374 5368 3650 5425 voluntate

2141 5501 2165 5529 ε
2193 5489 2518 5554 Amalarius,
2541 5503 2664 5558 cap.
2689 5487 2778 5552 37,
2803 5494 2936 5558 tom.
2959 5484 3074 5558 le
3110 5483 3213 5558 BD.
3234 5483 3348 5558 _PP.
3373 5479 3647 5558 pag.

2069 5560 2196 5615 inde
2246 5552 2745 5628 defectus'qui'dam
2787 5553 3083 5627 supplendi.
3132 5553 3284 5610 Adde
3333 5552 3455 5625 qtae
3508 5552 3649 5604 idem

2074 5628 2241 5685 refert
2269 5629 2391 5685 libr.
2419 5645 2492 5697 iv,
2519 5624 2638 5700 cap.
2665 5624 2735 5681 24
2774 5635 2829 5682 et
2854 5624 3012 5694 seqq.
