3914 6178
272 303 294 358 1
305 305 410 360 2‘25

1097 299 1244 359 OPP.
1288 301 1689 358 SUPPOSITA.
1725 331 1794 340 --
1832 301 1960 356 LIB.
2004 299 2092 354 DE
2130 297 2378 354 DIVIle
2415 297 2719 356 OFFICIIS.

3384 302 3522 360 £226

264 419 412 474 mala
439 417 649 488 precari
685 416 992 482 Dominum,
1035 414 1280 486 quamvis
1320 413 1608 468 manducet
1643 412 1838 467 sobrie.
1874 428 1918 482 Α
1949 417 2137 467 sancto
2157 409 2398 464 Paschze.
2429 411 2733 481 Antequam
2757 409 2902 464 enim
2932 411 3288 467 descendatur
3308 413 3376 467 ad
3405 415 3522 468 t'on-

267 509 350 564 Eo
369 509 514 563 enim
537 517 796 577 tempore,
821 507 875 561 id
902 515 1004 571 est,
1030 506 1259 574 septimo
1287 503 1555 558 Kalendas
1577 502 1724 569 Maii,
1753 518 1842 558 so-

267 598 382 654 lent
409 599 612 653 inimici
647 611 983 653 commovere
1017 595 1214 650 bellum
1241 596 1496 650 adversus
1535 594 1714 650 vicina
1761 610 1845 648 re-

265 704 404 759 gna;
437 689 566 744 hinc
597 703 722 743 reor
759 696 915 741 caute
953 687 1055 740 hoc
1079 699 1200 740 esse
1242 686 1538 756 provisum.
1585 683 1684 738 Vel
1719 684 1845 753 quia

267 789 401 833 tunc
433 780 617 833 omnia
646 780 700 833 in
730 778 960 849 quodam
995 777 1239 848 profectu
1266 784 1410 842 sunt,
1442 792 1648 833 messes
1677 777 1848 848 pullu-

263 868 404 934 lant,
431 868 642 923 arborei
668 868 872 922 fructus
893 882 956 920 ex
979 866 1108 921 ﬂore
1127 867 1411 936 prodeunt,
1430 867 1600 920 vinea:
1621 873 1674 920 et
1695 865 1847 920 oliva:

266 959 382 1014 suis
411 958 693 1012 arboribus
712 965 1022 1026 erumpunt,
1049 956 1301 1010 animalia
1335 970 1555 1025 campos
1603 955 1843 1009 tondent.

267 1049 533 1116 Quoniam
554 1049 862 1104 necessaria
885 1049 1000 1103 haec
1029 1057 1156 1102 sunt
1185 1049 1389 1103 nostris
1414 1049 1624 1116 usibus,
1658 1056 1848 1119 peten-

268 1142 396 1196 dum
424 1150 507 1196 est
535 1149 593 1194 ut
621 1157 651 1196 a
674 1140 900 1196 Domino
925 1149 1334 1195 conserventur.

828 1248 1055 1304 CAPUT
1093 1248 1277 1303 XXIII.

698 1353 722 1380 ⁸
747 1355 813 1394 DE
854 1356 1038 1395 DIEBUS
1058 1356 1416 1396 BOGATIONUII.

337 1429 369 1469 ιι
405 1426 537 1484 Tres
563 1439 740 1484 autem
791 1429 909 1483 dies
951 1430 1330 1500 Rogationum,
1369 1431 1461 1499 qui
1508 1431 1850 1486 celebrantur

263 1529 394 1573 ante
426 1519 809 1574 Ascensionem
847 1519 1082 1585 Domini,
1121 1520 1276 1588 juxta
1313 1537 1520 1576 morem
1557 1521 1849 1578 Gallicana:

268 1607 527 1664 Ecclesia:
554 1609 836 1664 constituit
860 1618 1082 1664 sanctus
1100 1610 1446 1666 Mammertus
1471 1623 1494 1650 ο
1529 1612 1848 1666 Viennensis

262 1700 574 1770 episcopus,
618 1701 688 1754 ob
731 1699 1096 1756 incursionem
1126 1702 1330 1756 scilicet
1355 1703 1618 1756 malarum
1646 1697 1847 1756 bestia-

1944 510 2027 559 tes
2067 503 2135 558 ad
2170 501 2568 573 baptizandum,
2620 501 2817 572 legitur
2843 501 3005 557 lectio
3048 503 3246 573 prima,
3287 504 3523 559 Tentavit

1943 592 2086 647 Deus
2112 593 2397 646 Abraham.
2443 592 2591 648 Orat.
2628 591 2769 646 Deus
2801 593 2890 663 qui
2931 593 3159 648 Abralur
3185 595 3393 664 famuli.
3427 595 3524 650 Le—

1942 682 2054 737 ctio
2073 681 2327 747 secunda,
2358 681 2580 752 Scripsit
2611 680 2815 751 Moyses
2843 683 3124 736 canticum.
3148 683 3280 738 Can.
3308 685 3526 738 Attende

1943 772 2147 828 uelum.
2185 773 2336 830 Orat.
2366 773 2528 838 Deus,
2559 775 2646 844 qui
2677 774 2822 827 nobis
2872 791 2964 844 per
2992 776 3361 844 prophetarum
3401 794 3525 830 ora-

1945 862 2085 928 cula,
2109 871 2215 918 etc.
2245 863 2432 918 Lectio
2467 863 2646 928 tertia,
2683 863 3076 932 Apprehcndent
3121 875 3311 934 septem
3341 865 3528 919 millia-

1947 969 2047 1008 res.
2072 954 2204 1008 Can.
2250 952 2410 1007 Vinea
2441 954 2584 1022 facta
2609 961 2702 1007 est.
2733 953 2882 1008 Orat.
2909 955 3074 1019 Deus,
3099 957 3184 1026 qui
3223 973 3315 1008 nos
3341 956 3409 1008 ad
3445 972 3526 1010 ce-

1945 1044 2271 1098 lebrandum.
2299 1044 2484 1098 Lectio
2505 1053 2722 1112 quarta,
2747 1041 3349 1115 Audi,Israel,pra’cepta
3374 1047 3524 1109 vitat;

1943 1133 2088 1187 Deus
2134 1135 2588 1188 incommutabilis.
2618 1133 2747 1188 Can.
2781 1134 2929 1189 Sicut
2971 1140 3166 1190 cervus.
3212 1136 3362 1191 Orat.
3390 1139 3529 1192 ϐου-ο

1948 1226 2088 1289 cede,
2109 1242 2425 1295 quaesumus,
2453 1226 2769 1296 omnipotens
2792 1225 2954 1290 Deus,
2979 1237 3032 1278 ut
3053 1228 3139 1297 qui
3162 1227 3292 1297 festa
3313 1227 3518 1298 pascim-

1946 1317 2021 1371 lia
2049 1318 2266 1388 egimus.
2298 1317 2493 1372 Finitis
2517 1318 2859 1383 lectionibus,
2890 1319 3320 1375 descendendum
3355 1321 3524 1374 estad

1947 1409 2126 1464 fontes
2171 1425 2294 1463 cum
2341 1417 2529 1465 sancto
2572 1410 2865 1464 chrismate
2912 1419 2968 1463 et
2995 1412 3188 1474 cereis,
3237 1413 3291 1464 in
3329 1427 3523 1482 magna

1949 1500 2250 1553 reverentia
2287 1499 2620 1555 decantando
2658 1499 2922 1552 litaniam.
2954 1499 3050 1555 llis
3078 1502 3322 1570 expletis,
3354 1501 3526 1572 baptio

1949 1591 2180 1645 zandum
2207 1600 2311 1656 est,
2343 1593 2484 1646 sicut
2507 1593 2563 1646 in
2587 1591 2768 1662 vigilia
2799 1589 3038 1645 Paschm.
3077 1592 3206 1645 Post
3241 1607 3525 1647 ascensum

1948 1697 2078 1738 vero
2104 1682 2289 1748 fontis,
2325 1684 2734 1754 ingrediendum
2777 1694 2861 1740 est
2903 1683 2968 1737 ad
2996 1684 3214 1736 missam
3259 1681 3524 1748 publicam

264 1805 416 1854 rum,
439 1804 560 1858 quae
581 1799 708 1844 tunc
730 1791 988 1860 temporis
1007 1792 1326 1861 gravissime
1350 1792 1660 1848 afliciebant
1683 1808 1849 1862 ρομιι.
1876 1770 1924 1830 Β
1949 1772 2018 1826 ad
2047 1771 2305 1862 Sanctum
2349 1773 2632 1827 Joannem.
2676 1773 2734 1827 1n
2782 1773 2971 1843 primis
3013 1771 3387 1862 ﬁunt‘litanize
3425 1771 3528 1825 iter

271 1878 383 1932 lum
412 1879 526 1933 Dei.
572 1879 709 1932 Nam
751 1895 872 1934 cum
919 1880 1256 1950 exigentibus
1288 1881 1526 1950 peccatis
1553 1880 1849 1937 Galliarum

264 1970 451 2040 populi
478 1971 720 2039 luporum
743 1970 893 2025 rabie
913 1971 1112 2026 acriter
1138 1971 1597 2037 interimerentur,
1623 1987 1724 2027 nec
1751 1973 1850 2027 hu-

259 2063 352 2132 jus
386 2062 576 2132 ﬂagelli
606 2061 821 2132 aliquod
849 2062 1146 2116 remedium
1166 2062 1522 2126 inveniretur,
1536 2061 1700 2132 487
1721 2078 1850 2117 con-

266 2155 473 2226 gregati
502 2154 791 2208 traduntur
813 2152 1108 2208 Galliarum
1143 2154 1382 2223 episcopi
1408 2155 1549 2222 apud
1586 2153 1849 2208 Viennam

261 2247 596 2318 praecipuam
621 2243 808 2299 Gallia:
853 2245 1059 2309 urbem,
1091 2243 1183 2312 qui
1213 2244 1268 2298 in
1312 2258 1598 2297 commune
1641 2251 1846 2298 statue-

266 2347 417 2403 runt,
457 2346 516 2391 ut
541 2337 794 2391 triduano
813 2333 1019 2403 jejunio
1045 2335 1478 2390 misericordiam
1507 2334 1718 2389 Domini
1744 2335 1847 2388 im-

263 2431 565 2500 plorarent,
603 2429 950 2498 antiquorum
1001 2425 1226 2481 Patrum
1270 2426 1498 2497 vestigia
1537 2435 1844 2496 sequentes.

267 2521 510 2590 Cumque
545 2521 610 2574 ad
651 2534 840 2574 eorum
866 2531 1056 2589 preces
1082 2517 1270 2572 oculus
1300 2517 1494 2572 divina:
1517 2517 1736 2586 pietatis
1763 2532 1848 2572 re-

267 2612 520 2680 spiciens,
555 2609 744 2677 ﬂagelli
779 2607 937 2677 hujus
965 2615 1173 2677 pestem
1209 2606 1634 2662 misericorditer
1662 2606 1848 2660 abstu-

255 2701 436 2765 lisset,
463 2700 520 2754 hi
555 2699 670 2754 dies
717 2699 771 2752 in
796 2697 1239 2753 consuetudinem
1284 2711 1476 2750 annuae
1516 2696 1847 2752 celebritatis

260 2801 552 2853 venerunt,
583 2796 640 2842 ut
670 2803 766 2858 per
807 2787 1101 2843 Galliarum
1148 2787 1452 2857 provincias
1485 2796 1612 2842 ante
1641 2788 1844 2844 Ascen-

260 2881 437 2937 sionis
478 2880 621 2936 diem
666 2879 1068 2935 celebrarentur
1105 2897 1119 2932 :
1157 2895 1276 2948 quae
1323 2881 1660 2934 consuetudo
1704 2882 1845 2950 apud

259 2988 367 3027 nos
402 2987 572 3042 usque
599 2973 756 3026 hodie
783 2986 882 3042 pro
909 2971 1136 3026 diversis
1175 2971 1574 3027 calamitatibus
1615 2973 1848 3030 devotis-

259 3065 405 3120 sime
430 3063 707 3120 recolitur.

831 3132 1058 3190 CAPUT
1088 3134 1277 3190 XXIV.

737 3236 804 3276 DE
838 3239 1151 3280 ASCENSIONE
1185 3240 1346 3279 οοιηΝ
1352 3241 1389 3280 ι.

334 3315 678 3369 Ascensionis
707 3313 997 3370 Dominieae
1037 3316 1350 3371 solemnitas
1377 3317 1497 3394 ideo
1521 3315 1847 3384 celebratur,

258 3408 393 3477 quia
436 3407 623 3462 eodem
653 3407 740 3461 die
779 3415 902 3477 post
928 3409 1112 3462 mundi
1149 3409 1454 3475 victoriam,
1485 3418 1606 3478 post
1653 3409 1849 3466 inferni

265 3510 566 3565 regressum
589 3497 882 3552 ascendere
904 3504 1235 3552 memoratur
1256 3499 1322 3552 ad
1343 3499 1530 3564 caelos,
1555 3500 1694 3553 sicut
1713 3501 1851 3555 scri-

261 3597 414 3659 ptum
439 3597 521 3643 est
546 3607 558 3641 :
591 3587 834 3642 Ascendit
859 3589 913 3641 in
936 3588 1121 3652 altum,
1149 3590 1278 3658 cepit
1310 3591 1676 3659 captivitatem,
1703 3591 1846 3645 dedit

261 3681 408 3731 dona
446 3678 739 3730 hominibus
781 3676 996 3746 (Ephes.
1021 3691 1094 3741 iv,
1119 3677 1195 3746 8).
1247 3677 1376 3743 Quae
1421 3679 1682 3734 festivitas
1728 3681 1848 3736 ideo

266 3781 366 3836 per
381 3763 683 3819 revolutum
705 3779 970 3817 annorum
996 3764 1260 3817 circulum
1287 3764 1614 3830 celebratur,
1641 3777 1702 3821 ut
1730 3771 1849 3824 uni-

267 3867 352 3912 tas
379 3861 669 3923 assumptae
691 3853 872 3908 carnis
897 3853 1236 3908 ascendentis
1261 3853 1328 3907 ad
1348 3854 1628 3911 dexteram
1648 3856 1848 3925 Patris,

265 3951 324 4004 in
353 3947 670 4002 memoriam
701 3953 1023 4000 revocetur:
1076 3943 1230 4015 cujus
1275 3960 1470 4015 corpus
1510 3948 1585 4001 ita
1629 3949 1685 4003 in
1713 3951 1850 4006 ccelo

273 4055 395 4096 esse
424 4038 714 4104 credimus,
739 4045 797 4092 ut
817 4043 955 4102 erat,
977 4039 1193 4107 quando
1214 4038 1472 4094 ascendit.
1501 4038 1652 4106 Quod
1677 4049 1731 4096 et
1750 4057 1850 4097 vox

260 4131 504 4201 angelica
519 4137 870 4199 protestatur,
893 4129 1106 4184 dicens:
1135 4127 1224 4184 Sic
1240 4129 1400 4184 veniet
1418 4131 1849 4200 quemadmodum

268 4223 467 4277 vidistis
494 4239 614 4276 eum
637 4231 840 4275 euntem
865 4221 921 4274 in
960 4220 1143 4274 caelum
1176 4220 1315 4290 (Act.
1343 4237 1383 4284 ι,
1418 4221 1527 4292 ll),
1558 4220 1626 4277 'id
1661 4232 1764 4287 est,
1799 4225 1848 4278 in

259 4319 453 4373 eadem
479 4318 658 4372 carnis
697 4317 875 4386 specie
907 4327 1066 4384 atque
1103 4315 1442 4369 substantia:
1495 4317 1581 4370 cui
1611 4316 1851 4386 profecto

264 4409 418 4464 carni
445 4407 905 4463 immortalitatem
931 4406 1166 4468 donavit,
1193 4414 1442 4460 naturam
1471 4422 1577 4461 non
1606 4407 1845 4463 abstulit.

1951 1862 2243 1930 repetendo
2277 1860 2329 1928 ἀ,
2356 1870 2413 1916 et
2457 1878 2578 1917 cum
2630 1862 2882 1928 dixerint,
2925 1863 3105 1932 Agnus
3152 1860 3271 1924 Dei,
3319 1860 3528 1915 dicatur

1946 1953 2162 2008 excelsa
2178 1968 2328 2019 voce,
2353 1955 2646 2008 Accendite.
2665 1954 2928 2009 Accensis
2943 1954 3194 2008 omnibus
3212 1952 3523 2016 luminibus,

1948 2044 2194 2112 procedit
2219 2045 2461 2112 pontifex
2489 2062 2610 2100 cum
2637 2047 2786 2101 omni
2813 2055 3010 2101 ornatu
3038 2060 3208 2114 usque
3238 2045 3306 2099 ad
3335 2045 3522 2107 altare,

1949 2142 2005 2187 et
2031 2133 2201 2188 dicit:
2247 2132 2428 2190 Gloria
2465 2138 2521 2191 in
2562 2138 2778 2191 excelsis
2816 2138 2948 2204 Deo,
2979 2147 3033 2193 et
3061 2138 3337 2208 peragitur
3362 2136 3526 2193 missa

1949 2223 2003 2276 in
2026 2223 2213 2278 ordine
2238 2239 2354 2278 suo.

2522 2295 2747 2350 CAPUT
2778 2297 2966 2352 XXVI.

2513 2401 2576 2439 DE
2599 2401 2953 2440 PENTECOSTE.

2016 2474 2236 2529 Initium
2291 2490 2420 2530 sane
2472 2483 2527 2529 et
2578 2491 2741 2531 causa
2796 2475 3109 2530 festivitatis
3161 2476 3525 2542 Pentecostes,

1947 2565 2106 2634 paulo
2134 2565 2296 2621 latius
2343 2568 2634 2636 repetenda
2681 2573 2784 2624 est.
2833 2567 3178 2623 Pentecostes
3224 2567 3366 2620 enim
3416 2567 3529 2646 dies

1945 2654 2072 2710 hinc
2097 2656 2240 2726 cepit
2261 2656 2563 2722 exordium,
2591 2658 2804 2727 quando
2834 2657 2928 2712 Dei
2959 2673 3060 2712 vox
3107 2658 3160 2711 in
3189 2656 3319 2710 Sina
3349 2665 3530 2710 monte

1946 2744 2176 2817 desuper
2205 2747 2499 2801 intonantis
2528 2749 2710 2802 audita
2739 2757 2842 2813 est,
2883 2756 2937 2802 et
2967 2747 3048 2801 lex
3074 2747 3196 2801 data
3223 2755 3306 2800 est
3338 2746 3525 2817 Moysi.

1945 2835 2002 2894 In
2030 2836 2178 2892 Novo
2206 2847 2389 2893 autem
2415 2839 2759 2893 Testamento
2779 2839 3124 2894 Pentecostes
3146 2839 3328 2906 erepit,
3361 2854 3532 2907 quam

1947 2929 2016 2984 do
2039 2929 2330 2984 adventum
2359 2929 2530 2984 sancti
2567 2927 2819 2998 Spiritus,
2860 2945 3021 2998 quem
3050 2929 3301 2984 Christus
3325 2929 3528 2996 promi-

1949 3019 2040 3086 sit,
2072 3019 2336 3086 exhibuit,
2363 3035 2524 3090 quem
2563 3021 2638 3073 ait
2663 3035 2769 3074 non
2799 3034 2919 3074 esse
2944 3028 3252 3085 venturum,
3289 3019 3392 3073 nisi
3419 3020 3532 3088 ipse

1873 3130 1916 3191 ο
1950 3109 2266 3164 ascenderet
2314 3110 2367 3164 in
2416 3111 2633 3165 coelum.
2687 3110 2928 3179 Denique
2980 3111 3106 3165 dum
3147 3118 3362 3180 portam
3408 3110 3532 3164 coeli

1951 3198 2199 3254 Christus
2225 3199 2499 3266 intrasset,
2547 3201 2732 3255 decem
2760 3199 2949 3254 diebus
2975 3199 3325 3269 interpositis,
3367 3199 3533 3253 intre-

1951 3290 2088 3343 muit
2135 3289 2334 3356 subito,
2385 3291 2666 3346 orantibus
2709 3290 2985 3360 apostolis,
3031 3289 3198 3352 locus,
3225 3301 3279 3343 et
3305 3289 3530 3344 descen-

1949 3383 2110 3436 dente
2135 3391 2323 3438 sancto
2353 3383 2558 3452 Spiritu
2587 3398 2748 3453 super
2772 3397 2885 3447 eos,
2919 3380 3235 3437 inﬂammati
3274 3387 3399 3437 sunt
3432 3381 3529 3445 ita,

1948 3483 2007 3527 ut
2022 3473 2217 3545 linguis
2232 3476 2471 3530 omnium
2486 3476 2725 3545 gentium
2753 3475 2852 3530 Dei
2880 3473 3146 3546 magnalia
3159 3473 3529 3544 loquerentur.

1946 3570 2226 3626 Adventus
2250 3573 2432 3642 itaque
2461 3572 2634 3627 sancti
2659 3569 2892 3640 Spiritus
2920 3585 3082 3642 super
3105 3567 3396 3640 apostolos,
3415 3585 3534 3640 gra-

1949 3659 2024 3714 tia
2080 3660 2134 3714 in
2188 3661 2450 3715 varietate
2503 3661 2809 3731 linguarum
2864 3657 3076 3725 di’ﬂ‘usa,
3136 3658 3534 3715 solemnitatem

1949 3750 2256 3803 transmisit
2287 3750 2340 3803 in
2369 3759 2637 3818 posteros,
2669 3765 2842 3819 eaque
2873 3750 2939 3803 de
2981 3765 3143 3803 causa
3191 3749 3536 3806 Pentecostes

1949 3837 2274 3903 celebratur,
2321 3847 2376 3892 et
2425 3840 2540 3893 dies
2589 3841 2701 3907 ipse
2748 3838 2965 3906 proprie
3011 3839 3233 3908 insignis
3283 3840 3530 3896 habetur.

1950 3927 2255 3983 Concordat
2277 3938 2456 3982 autem
2495 3929 2608 3983 hzec
2633 3929 2899 3983 festivitas
2929 3927 3204 3998 Evangelii
3231 3945 3352 3983 cum
3379 3930 3533 3986 festi-

1949 4021 2116 4076 vitate
2161 4023 2338 4092 Legis.
2378 4023 2490 4078 lllic
2538 4023 2680 4077 enim
2718 4031 3070 4093 posteaquam
3119 4039 3290 4094 agnus
3337 4026 3532 4082 immo-

1952 4113 2092 4169 latus
2120 4122 2221 4177 est,
2255 4114 2586 4184 interpositis
2626 4114 3014 4184 quinquaginta
3055 4114 3262 4180 diebus,
3297 4116 3418 4170 data
3454 4129 3537 4173 cst

1953 4209 2037 4266 lex
2072 4208 2236 4279 Moysi
2262 4210 2462 4278 scripta
2501 4209 2668 4279 digito
2691 4209 2822 4264 Dei:
2872 4210 2961 4264 hic
3003 4217 3289 4280 postquam
3324 4212 3535 4267 occisus

1951 4311 2035 4357 est
2058 4302 2330 4367 Christus,
2361 4303 2452 4372 qui
2483 4313 2738 4372 tanquam
2775 4303 2892 4358 ovis
2917 4303 2984 4357 ad
3016 4302 3399 4358 immolandum
3437 4305 3526 4357 du-

1951 4403 2071 4449 ctus
2097 4401 2202 4458 est,
2245 4393 2550 4449 celebratur
2581 4409 2768 4450 verum
2817 4395 3064 4460 Pascha;
3112 4403 3166 4449 et
3203 4395 3535 4464 interpositis

271 4499 504 4554 Dextera
545 4507 724 4552 autem
772 4497 968 4562 Patris,
1000 4497 1069 4551 ad
1099 4512 1259 4566 quam
1295 4497 1438 4552 idem
1468 4497 1635 4553 Filius
1662 4500 1848 4555 sedere
1877 4491 1929 4552 D
1950 4485 2333 4555 quinquaginta
2361 4485 2571 4551 diebus.
2601 4486 2757 4540 datur
2797 4486 3027 4556 Spiritus
3069 4497 3310 4550 sanctus.
3337 4487 3428 4556 qui
3453 4501 3538 4545 «νει

272 4589 530 4652 creditur,
577 4605 686 4644 non
715 4596 798 4643 est
831 4603 1112 4658 corporea,
1163 4588 1306 4658 quod
1356 4589 1508 4644 nefas
1536 4597 1620 4644 est
1650 4591 1714 4645 de
1741 4591 1851 4646 Deo

265 4681 491 4745 sentire,
535 4681 630 4734 sed
657 4681 875 4747 dextera
921 4678 1098 4733 Patris
1136 4689 1220 4735 est
1254 4680 1530 4735 beatitudo
1572 4690 1846 4750 perpetua,

269 4786 391 4841 qua:
417 4771 620 4826 sanctis
648 4771 701 4824 in
725 4771 1124 4824 resurrectione
1159 4771 1514 4839 promittitur,
1545 4772 1598 4826 id
1621 4781 1726 4836 est,
1757 4773 1852 4826 Ec-

271 4865 471 4926 clesiae,
521 4879 641 4933 qtae
686 4871 769 4918 est
811 4878 1007 4931 corpus
1051 4863 1289 4918 Christi:
1345 4865 1486 4918 sicut
1532 4873 1587 4918 et
1633 4865 1852 4921 sinistra

266 4955 388 5023 ejus
449 4962 597 5008 recte
642 4953 962 5024 intelligitur
1004 4953 1221 5008 miseria
1268 4963 1323 5007 et
1366 4967 1524 5022 pmna
1570 4965 1848 5024 perpetua,

271 5065 392 5120 qua:
422 5047 599 5116 impiis
626 5047 860 5101 dabitur.
1205 5033 1222 5050 ’

849 5135 1076 5191 CAPUT
1111 5134 1276 5191 XXV.

909 5244 974 5280 DE
1005 5242 1222 5281 VIGILIA.

343 5322 400 5378 In
430 5322 612 5392 vigilia
640 5321 985 5375 Pentecostes
1017 5319 1092 5372 ita
1133 5320 1328 5387 agitur,
1362 5316 1501 5370 sicut
1532 5317 1585 5370 in
1617 5315 1852 5371 Sabbato

349 5488 376 5516 ι
407 5473 518 5538 AL,
547 5474 624 5528 De
658 5472 1054 5542 Rogationibus.

346 5545 374 5586 δ
398 5545 702 5601 Amalarius
733 5540 883 5606 ibid.,
912 5559 1034 5606 pag.
1064 5540 1186 5596 964.

349 5559 374 5586 ο
398 5559 702 5601 Amalarius
733 5559 883 5606 1010.,
950 5559 975 5594 a
1021 5581 1034 5594 .
1064 5559 1186 5596 una.

349 5629 370 5654 ε
414 5617 472 5671 S.
514 5615 874 5692 Mgmmcrtus.
912 5559 1245 5692 1ἰ⁷ἰξ-.Λ-11ιι;ζο
1281 5609 1588 5692 .lllenardus‘
1632 5610 1693 5692 in.
1724 5610 1846 5692 libr.

277 5685 522 5743 Sacram.
558 5685 616 5741 S.
658 5684 817 5753 Greg.
850 5692 960 5737 not.
998 5682 1133 5747 593;
1180 5691 1234 5735 ct
1280 5681 1519 5736 Martcne
1558 5681 1623 5736 de
1667 5682 1848 5752 Antiq.

679 5779 952 5839 Parnm.
1005 5773 1105 5836 CI.

1952 4579 2150 4650 digitus
2181 4581 2294 4644 Dei,
2326 4596 2489 4649 super
2515 4589 2732 4635 centum
2759 4580 2949 4650 viginti
2976 4579 3282 4649 discipulos,
3333 4580 3518 4637 Mosai-

1955 4685 2032 4726 θέε
2055 4671 2230 4726 :ntatis
2261 4686 2485 4726 numero
2513 4670 2854 4726 constitutos.

2507 4777 2734 4835 CAPUT
2770 4777 2982 4834 XXVII.

2504 4886 2568 4924 DE
2595 4884 2846 4925 DOMINTCA
2872 4886 2978 4924 DIE.

2027 4965 2364 5020 Dominieum
2417 4964 2557 5018 diem
2603 4961 2827 5032 apostoli
2875 4962 2997 5016 ideo
3045 4962 3292 5031 religiosa
3339 4962 3532 5017 solem-

1955 5057 2122 5109 nitate
2143 5061 2456 5118 sanxerunt,
2486 5053 2612 5122 quia
2642 5053 2695 5106 in
2723 5053 2916 5106 eodem
2942 5051 3198 5106 Dominus
3221 5061 3277 5106 et
3308 5052 3534 5114 Redem:

1954 5154 2078 5214 ptor
2109 5153 2293 5198 noster
2311 5159 2342 5196 a
2373 5143 2600 5197 m‘ortuis
2621 5142 2954 5197 resurrexit:
2981 5142 3178 5210 quique
3213 5141 3332 5196 ideo
3354 5141 3532 5197 Domiv

1954 5237 2110 5290 nicus
2153 5234 2472 5305 appellatur,
2513 5242 2574 5288 ut
2620 5235 2674 5288 in
2723 5248 2788 5288 eo
2819 5249 2850 5288 a
2880 5233 3115 5288 terrenis
3155 5234 3408 5303 operibus
3452 5233 3530 5286 vel

1955 5327 2138 5380 mundi
2167 5325 2432 5379 illecebris
2457 5323 2808 5390 abstinentes,
2840 5333 3048 5378 tantum
3079 5321 3276 5378 divinis
3303 5323 3532 5378 cultibus

1953 5477 2095 5532 Eccl.
2127 5477 2370 5547 Discipl.,
2406 5492 2526 5545 cap.
2557 5476 2647 5547 27,
2679 5489 2828 5547 num.
2859 5474 2938 5547 2._
3098 5543 3113 5547 _
3290 5501 3298 5509 .

2023 5548 2201 5671 (:1qu
2241 5543 2430 5619 ternm;
2444 5543 2702 5618 petendo;
2743 5543 2882 5599 forte
2925 5543 3228 5613 legendum,
3263 5552 3341 5596 ter
3384 5558 3526 5612 repe-

1953 5627 2035 5672 ten
2079 5635 2126 5673 ο.

3061 5769 3136 5830 39
