3914 6178
440 299 462 354 ι
473 299 573 354 εει

1244 294 1305 346 Β.
1347 292 1406 347 F.
1451 291 1675 348 ALBINl
1714 291 1844 346 εει]
1884 289 2162 346 ΑωυιΝι
2201 286 2484 346 OPERUM
2524 285 2706 340 PARS
2745 284 2838 339 lx.

3563 281 3706 335 ms

437 415 757 475 serviamus,
790 411 978 466 dantes
1005 406 1209 462 scilicet
1238 406 1364 460 huic
1403 404 1508 458 diei
1548 405 1805 458 honorem
1832 409 1886 456 et
1921 415 2008 455 re-
2040 409 2086 468 Α
2112 399 2292 469 phetia
2327 399 2381 451 in
2407 413 2514 451 uno
2537 395 2828 464 Evangelio
2858 391 3299 462 recapitulantur,
3329 391 3475 460 quod
3507 391 3710 463 legitur

433 505 730 563 verentiam
757 509 976 573 propter
994 513 1143 570 spem
1169 497 1582 554 resurrectionis
1608 505 1826 558 nostrae,
1849 509 2010 564 quam

436 597 698 654 habemus
724 592 777 647 in
795 591 910 646 illa.
939 589 1072 646 Nam
1094 591 1233 645 sicut
1251 589 1363 658 ipse
1388 587 1647 641 Dominus
1673 583 1830 640 Jesus
1856 583 2011 640 Chri-

433 695 551 743 stus
574 693 628 738 et
653 683 905 739 Salvator
943 691 1125 736 noster
1162 680 1321 734 tertia
1364 679 1453 734 die
1481 677 1778 734 resurrexit
1807 694 1838 732 a
1866 691 2009 732 mor-

435 778 542 833 tuis
566 795 579 831 :
603 776 679 831 ita
717 783 772 830 et
799 788 897 828 nos
925 781 1326 828 resurrecturos
1368 769 1420 824 in
1451 769 1744 824 novissimo
1772 768 1859 822 die
1883 780 2008 836 spe-

435 883 638 923 ramus.
670 865 820 921 Unde
841 865 1006 920 etiam
1041 864 1095 917 in
1122 861 1401 917 Dominico
1421 861 1507 914 die
1535 867 1740 914 stantes
1766 872 2004 923 oramus,

433 958 576 1030 quod
595 964 679 1014 est
691 957 902 1026 signum
924 953 1116 1008 futura:
1137 951 1561 1006 resurrectionis.
1589 949 1824 1019 Apparet
1841 947 2009 1019 488

436 1055 616 1106 autem
664 1049 806 1102 hunc
835 1044 978 1100 diem
1019 1042 1185 1098 etiam
1223 1042 1278 1095 in
1320 1041 1523 1096 sanctis
1554 1039 1847 1108 Scripturis
1890 1052 2010 1092 esse

431 1139 744 1194 solemnem.
769 1135 888 1206 Ipse
915 1141 997 1189 est
1019 1133 1160 1188 enim
1204 1133 1318 1187 dies
1346 1133 1552 1202 primus
1580 1131 1780 1194 saaculi,
1812 1131 1867 1184 in
1894 1129 2009 1197 ipso

433 1230 663 1285 formata
711 1236 836 1283 sunt
878 1226 1141 1282 elementa
1188 1226 1390 1290 mundi,
1424 1225 1479 1279 in
1525 1225 1642 1293 ipso
1684 1223 1853 1278 creati
1885 1228 2010 1276 sunt

433 1321 628 1392 angeli,
675 1319 730 1374 in
777 1320 894 1390 ipso
938 1334 1152 1388 quoque
1180 1334 1210 1371 a
1238 1318 1466 1372 mortuis
1513 1314 1810 1371 resurrexit
1853 1312 2011 1368 Chri-

432 1421 568 1478 stus,
602 1411 659 1465 in
696 1410 812 1480 ipso
841 1409 909 1464 de
949 1409 1106 1463 cmlis
1149 1422 1310 1476 super
1358 1406 1628 1476 apostolos
1668 1412 1885 1460 sanctus
1913 1403 2008 1458 de-

431 1502 642 1557 scendit
668 1500 922 1570 Spiritus,
951 1515 1147 1555 manna
1178 1498 1366 1552 eodem
1401 1497 1455 1550 in
1479 1511 1662 1550 eremo
1686 1495 1919 1566 primum
1945 1493 2012 1547 de

431 1592 571 1646 caelo
598 1591 780 1645 datum
809 1597 910 1644 εει.
946 1587 1036 1642 Sic
1055 1588 1198 1642 enim
1219 1587 1348 1641 dicit
1373 1585 1630 1641 Dominus
1654 1603 1668 1639 :
1699 1584 1806 1638 Sex
1831 1583 2011 1636 diebus

432 1681 681 1750 colligatis
710 1697 926 1745 manna,
966 1681 1021 1732 in
1043 1679 1127 1732 die
1152 1687 1324 1731 autem
1347 1687 1494 1732 sexta
1519 1675 1736 1747 duplum
1760 1673 2010 1742 colligetis

2112 491 2165 545 in
2192 499 2343 545 sexta
2365 498 2523 544 aetate
2549 486 2754 542 mundi.

2677 592 2905 648 CAPUT
2927 591 3123 646 XXIX.

2443 704 2509 742 DE
2541 702 2774 742 SABBA'I‘O
2802 701 2854 740 IN
2894 702 2972 740 XII
2999 700 3369 742 ιεοτιοιιιευε.

2177 799 2460 854 Lectiones
2483 795 2764 851 duodecim
2791 803 3011 866 propter
3040 795 3322 851 duodecim
3357 795 3594 852 lectores
3619 795 3712 853 dl-

2109 901 2324 955 cuntur,
2349 889 2475 958 quia
2500 889 2565 942 ab
2589 887 2824 955 antiquis
2849 886 3108 940 Romanis
3129 887 3214 940 bis
3233 885 3572 956 legebantur,
3602 889 3712 945 hoc

2108 991 2210 1047 est,
2242 981 2427 1036 Graece
2455 987 2509 1034 et
2551 979 2760 1042 Latine,
2806 978 2923 1049 (sex
2967 978 3108 1033 enim
3152 980 3528 1034 tantummodo
3555 979 3708 1049 sunt)

2109 1072 2212 1126 nisi
2247 1071 2274 1111 δ
2304 1069 2483 1134 fallor,
2514 1070 2650 1124 duas
2682 1070 2751 1122 ob
2781 1083 3010 1122 causas:
3062 1083 3188 1133 una,
3237 1069 3363 1138 quia
3392 1070 3624 1124 aderant
3646 1080 3704 1124 et

2107 1162 2300 1225 Graeci,
2327 1160 2520 1230 quibus
2549 1160 2728 1230 ignota
2759 1166 2878 1212 erat
2901 1158 3082 1228 lingua
3114 1157 3303 1211 Latina
3328 1175 3342 1223 ;
3385 1158 3619 1212 aderant
3643 1170 3702 1213 et

2111 1252 2308 1318 Latini,
2352 1251 2547 1321 quibus
2593 1249 2868 1320 incognita
2897 1259 3015 1303 erat
3061 1247 3289 1303 Grzeca:
3335 1249 3508 1303 altera
3538 1266 3702 1304 causa

2108 1351 2331 1413 propter
2384 1341 2794 1395 unanimitatem
2848 1340 3134 1409 utriusque
3191 1338 3391 1410 populi.
3443 1338 3548 1405 Qui
3587 1356 3703 1395 mos

2111 1434 2251 1503 apud
2292 1431 2792 1500 Constantinopolin
2840 1431 3039 1498 ubique
3076 1430 3234 1484 hodie
3274 1438 3546 1484 servatur.
3592 1431 3702 1487 Nec

2111 1524 2179 1578 ab
2204 1537 2265 1578 re
2287 1531 2389 1588 est,
2413 1522 2556 1591 quod
2579 1521 2633 1574 in
2660 1535 2980 1590 unoquoque
3019 1520 3223 1590 jejunio
3249 1529 3360 1574 tres
3398 1523 3518 1577 dies
3547 1534 3696 1587 sunt,

2108 1610 2236 1680 quia
2259 1609 2682 1678 unumquodque
2727 1616 2938 1677 tempus
2967 1615 3078 1661 tres
3119 1623 3334 1662 menses
3370 1609 3552 1674 habet,
3601 1626 3703 1679 pro

2109 1711 2434 1768 unoquoque
2463 1712 2648 1752 mense
2677 1697 2871 1766 singuli
2907 1697 3022 1751 dies
3047 1695 3256 1767 jejunio
3285 1709 3700 1754 consecrantur.

433 1771 630 1837 (Exod.
661 1785 768 1832 xvi,
795 1769 848 1835 4,
877 1769 952 1840 5).
999 1767 1164 1823 Sexta
1207 1770 1350 1821 enim
1395 1767 1512 1821 dies
1557 1772 1641 1820 est
1685 1765 2004 1826 Parasceve,

2180 1765 2253 1843 Et
2279 1765 2378 1842 cur
2397 1789 2452 1842 in
2474 1789 2701 1843 sabbato
2728 1765 3067 1857 potissimum
3098 1765 3212 1842 haec
3237 1790 3586 1843 consecratio
3610 1805 3701 1844 ce—

433 1877 552 1930 quaa
580 1869 705 1916 ante
726 1860 1010 1915 sabbatum
1035 1857 1256 1929 ponitur
1279 1873 1293 1922 ;
1322 1857 1599 1909 sabbatum
1643 1861 1822 1908 autem
1847 1851 2010 1920 septi-

433 1970 520 2008 ma
549 1954 663 2009 dies
697 1960 801 2017 est,
829 1965 990 2020 quam
1019 1949 1263 2018 sequitur
1307 1945 1616 2002 Dominicus
1653 1943 1785 2005 dies,
1816 1942 1869 1996 in
1903 1956 2011 2010 quo

433 2045 664 2116 primum
709 2058 903 2099 manna
947 2042 1014 2098 de
1055 2041 1195 2096 cmlo
1236 2039 1401 2095 venit.
1441 2038 1593 2094 Unde
1628 2036 1877 2106 colligant
1919 2033 2013 2090 Ju-

432 2137 531 2191 d:ei
564 2137 676 2207 jam
721 2143 850 2189 tunc
893 2133 1173 2204 praelatam
1221 2145 1341 2186 esse
1385 2130 1607 2185 Judaico
1650 2127 1873 2182 sabbato
1927 2125 2010 2195 ip-

432 2243 614 2282 sorum
661 2225 1014 2291 Dominicam,
1049 2232 1286 2280 nostram
1321 2241 1333 2276 :
1377 2219 1494 2290 jam
1534 2229 1659 2275 tunc
1699 2219 2010 2281 indicatum,

434 2317 574 2388 quod
604 2317 777 2388 gratia
805 2315 900 2370 Dei
930 2315 998 2369 ad
1041 2329 1134 2370 cos
1177 2313 1243 2368 de
1286 2311 1424 2368 coelo
1463 2311 1608 2367 nulla
1652 2309 2010 2376 descenderit,

433 2409 527 2465 sed
557 2408 613 2462 in
635 2415 821 2463 sancta
847 2405 1126 2461 Dominica
1158 2413 1365 2470 nostra,
1393 2403 1446 2458 in
1474 2419 1580 2473 qua
1609 2403 1842 2472 primum
1870 2415 2014 2456 eam-

433 2499 554 2555 dem
582 2498 842 2553 Dominus
868 2495 1025 2566 pluit.

971 2605 1198 2664 CAPUT
1233 2604 1466 2662 XXVIII.

860 2714 926 2753 DE
946 2711 1173 2752 JEJUNIIS
1198 2711 1250 2750 IV
1280 2709 1588 2750 TEIPOBUI.

506 2790 746 2858 Quatuor
768 2795 894 2842 sunt
919 2796 1158 2856 tempora
1183 2785 1328 2852 anni,
1365 2783 1418 2838 id
1437 2793 1541 2850 est,
1568 2799 1680 2848 ver,
1709 2791 1888 2850 uastas,
1918 2799 2013 2838 au-

438 2890 656 2934 tumnus
703 2885 758 2932 et
788 2878 980 2933 hiems.
1029 2877 1155 2932 "me
1187 2885 1426 2945 tempora
1460 2873 1634 2930 solent
1659 2889 1756 2929 nos
1792 2890 1890 2945 per
1915 2874 2012 2928 de-

436 2970 759 3025 lectamenta
785 2983 879 3022 sua
905 2981 1160 3021 revocare
1186 2967 1253 3020 ah
1275 2980 1460 3020 amore
1489 2963 1784 3018 charitatis.
1810 2963 1868 3017 In
1897 2963 2015 3033 qui-

435 3057 536 3113 bus
572 3064 784 3128 oportet
819 3054 1198 3126 nosjejunare,
1227 3053 1436 3109 etiamsi
1465 3053 1672 3112 venerit
1714 3052 1852 3106 infra
1877 3053 2013 3106 Pen-

2111 1883 2371 1948 lebretur,
2385 1882 2717 1952 Augustinus
2739 1881 3007 1935 scribitad
3024 1879 3338 1935 Januarium
3355 1882 3428 1935 ita
3447 1893 3468 1919 ε
3491 1899 3506 1935 :
3528 1899 3547 1932 ι
3572 1881 3707 1938 Sab-

2110 1971 2296 2027 batum
2328 1973 2762 2026 commendatum
2787 1978 2869 2025 est
2912 1971 3077 2038 priori
3109 1971 3304 2040 populo
3342 1972 3396 2024 in
3439 1972 3561 2026 otio
3585 1986 3706 2026 eor-

2109 2059 2370 2132 poraliter
2393 2059 2794 2124 celebrandum,
2826 2067 2884 2112 ut
2921 2059 3090 2129 ﬁgura
3119 2067 3266 2113 esset
3304 2059 3702 2114 sanctiﬁcatio-

2112 2153 2197 2208 nis
2234 2153 2286 2206 in
2333 2151 2517 2220 requie
2551 2149 2785 2220 Spiritus
2829 2151 3020 2205 sancti.
3069 2149 3340 2220 Scriptum
3381 2157 3467 2204 est
3514 2152 3700 2204 enim:

2114 2243 2474 2312 Sancti/ienuit
2522 2243 2663 2297 Deus
2713 2242 2851 2296 diem
2898 2243 3173 2312 septimum
3221 2241 3372 2313 (Gen.
3407 2258 3472 2306 ιι,
3505 2244 3607 2312 3);
3655 2253 3705 2298 et

2111 2339 2257 2409 quia,
2292 2336 2522 2391 charitas
2551 2335 2648 2388 Dei
2671 2335 2866 2404 (li/fusa
2905 2344 2980 2388 est
3008 2335 3063 2389 in
3102 2333 3345 2388 cordibus
3385 2336 3586 2388 nostris
3615 2351 3706 2404 per

2114 2427 2370 2496 Spiritum
2391 2433 2628 2478 sanctum
2660 2423 2832 2497 (Rom.
2856 2440 2911 2490 γ,
2949 2424 3028 2494 5),
3073 2431 3542 2479 commemoratur
3579 2440 3704 2479 san-

2113 2515 2372 2572 ctiﬁcatio
2403 2515 2458 2569 in
2497 2515 2725 2584 septimo
2769 2514 2875 2569 die.
2909 2533 2927 2566 ι
2964 2515 3210 2585 EpiscOpi
3239 2531 3371 2569 vero
3417 2529 3705 2569 consecra-

2115 2606 2210 2669 tio,
2245 2605 2336 2674 qui
2365 2611 2450 2659 est
2475 2603 2712 2658 vicarius
2739 2605 3127 2674 apostolorum,
3156 2606 3264 2660 imo
3291 2613 3345 2659 et
3391 2604 3622 2670 Christi,
3650 2605 3704 2658 ﬁt

2113 2696 2168 2750 in
2198 2695 2495 2760 Dominica,
2533 2693 2659 2763 quia
2709 2693 2898 2748 eodem
2945 2694 3032 2748 die
3065 2709 3164 2764 per
3211 2693 3412 2748 donum
3467 2693 3708 2762 Spiritus

2114 2785 2286 2840 sancti
2329 2784 2576 2856 dignatus
2622 2791 2706 2838 est
2758 2784 3028 2839 illustrare
3081 2784 3244 2838 corda
3305 2787 3702 2855 apostolorum.

2117 2875 2359 2931 Sabbato
2401 2876 2566 2945 igitur
2611 2884 2843 2946 quatuor
2882 2875 3132 2947 leguntur
3173 2876 3456 2941 lectiones,
3487 2879 3708 2948 quando

2116 2968 2421 3023 benedictio
2447 2967 2698 3038 largitur,
2724 2967 2850 3036 quia
2883 2965 2911 3006 ἀ
2955 2977 3190 3037 quatuor
3215 2977 3341 3022 sunt
3369 2969 3595 3023 ordines
3620 2969 3710 3024 be-

2118 3059 2476 3114 nedicentium
2525 3059 2834 3124 Dominum,
2891 3067 2950 3112 ut
2999 3059 3127 3113 illud
3181 3058 3446 3114 Davidis:
3505 3060 3709 3114 Domus

436 3121 700 3212 tecosten,
751 3121 1322 3216 quando'celebratur
1371 3142 1636 3199 festivitas
1685 3121 2088 3212 septiformisc
2116 3149 2307 3214 Israel,
2353 3149 2636 3202 benedicite
2679 3121 2963 3200 Dominum
3011 3145 3184 3218 (Psal.
3234 3149 3606 3219 cxxxiv,19),
3659 3150 3707 3204 id

438 3236 696 3307 Spiritus,
720 3234 934 3290 ut'illud
971 3233 1354 3289 Dominicum:
1416 3230 1625 3286 Veniant
1667 3243 1840 3286 autem
1881 3231 2014 3297 dies,

437 3345 554 3382 cum
607 3327 875 3399 auferetur
919 3324 984 3379 ab
1031 3327 1104 3378 eis
1158 3340 1399 3395 sponsus,
1449 3332 1498 3376 et
1529 3333 1651 3376 tunc
1696 3322 2016 3392 jejunabunt

437 3417 653 3489 (Matth.
677 3431 754 3480 ix,
787 3415 896 3485 15).
945 3413 1022 3468 De
1042 3413 1128 3467 his
1167 3413 1498 3482 Augustinus
1527 3430 1542 3470 :
1571 3411 1828 3480 Quamvis
1869 3412 2019 3466 ordi—

437 3505 584 3560 natio
609 3520 717 3558 non
744 3503 856 3568 ﬁat,
894 3501 1259 3556 necessarium
1305 3509 1484 3554 tamen
1514 3507 1597 3553 est
1646 3507 1847 3553 nostra:
1887 3499 2016 3554 reli-

438 3596 583 3668 gioni
614 3603 844 3664 quatuor
875 3602 1173 3660 temporum
1196 3588 1395 3660 jejunis
1417 3589 1706 3644 celebrare.
1734 3588 1808 3643 De
1829 3587 2017 3642 eodem

435 3687 638 3760 jejunio
659 3686 787 3740 dicit
811 3684 921 3738 Leo
947 3697 1084 3752 papa
1115 3681 1168 3735 in
1197 3680 1442 3735 Homiliis
1463 3693 1488 3720 ι
1514 3698 1526 3734 :
1554 3679 1624 3735 Ut
1641 3678 1902 3751 jejunium
1924 3693 2016 3734 ce-

441 3777 681 3832 lebretur
724 3775 779 3829 in
811 3773 1098 3842 largitione
1129 3785 1405 3826 sacrorum
1447 3768 1718 3835 ordinum,
1763 3768 2017 3823 Ecclesia:

439 3867 726 3938 primitiva:
747 3879 864 3919 mos
888 3861 1136 3926 obtinuit,
1168 3869 1224 3915 ut
1253 3859 1380 3914 illud
1405 3878 1418 3913 :
1458 3858 1884 3913 Ministrantibus
1907 3857 2014 3914 illis

441 3958 666 4013 Domino
693 3967 740 4010 et
759 3952 1144 4026 jejunantibus,
1165 3950 1298 4006 dixit
1326 3950 1552 4022 Spiritus
1577 3959 1788 4004 sanctus
1811 3963 1830 4002 :
1854 3947 2018 4020 Sepa-

444 4061 556 4106 rate
580 4049 709 4104 mihi
734 4047 957 4104 Saulum
1000 4057 1048 4100 et
1074 4043 1375 4099 Barnabam
1402 4045 1458 4098 in
1487 4059 1614 4114 opus
1642 4041 1937 4107 ministerii,
1963 4050 2020 4097 et

444 4141 647 4212 reliqua
676 4138 814 4212 (Act.
841 4152 961 4203 xm,
993 4135 1072 4209 2).
1103 4134 1247 4188 Tunc
1265 4135 1568 4206 jejunantes
1595 4144 1643 4188 et
1669 4142 1895 4199 orantes,
1921 4133 2020 4186 im-

441 4239 784 4302 patientesque
825 4229 898 4282 eis
944 4242 1153 4291 manus,
1195 4225 1505 4279 dimiserunt
1527 4223 1666 4278 illos.
1694 4223 1802 4278 Isto
1830 4223 1936 4288 die,
1965 4222 2018 4276 id

442 4332 545 4389 est,
572 4330 762 4393 quarta
790 4319 944 4382 feria,
988 4317 1238 4386 leguntur
1271 4315 1388 4371 duae
1418 4315 1711 4372 lectiones:
1764 4316 2018 4386 quoniam

443 4413 496 4467 hi
532 4413 622 4484 qui
655 4411 720 4465 ad
748 4423 959 4465 sacrum
993 4408 1236 4461 ordinem
1284 4415 1582 4472 transeunt,
1612 4407 1808 4462 debent
1834 4406 2018 4462 admo-

444 4505 580 4566 neri.
627 4510 686 4556 ut
731 4500 962 4555 habeant
1014 4497 1261 4551 notitiam
1308 4495 1464 4565 Legis
1510 4505 1564 4550 et
1604 4494 2014 4564 Prophetarum.

444 4594 644 4661 Quarta
690 4593 834 4647 enim
880 4597 1038 4645 aetate
1067 4587 1179 4642 Lex
1221 4595 1275 4642 et
1300 4586 1582 4656 Pmphetze
1629 4587 1932 4657 viguerunt,
1963 4595 2018 4642 et

444 4684 612 4739 David
639 4680 1097 4743 bellicosissimus,
1121 4677 1213 4748 qui
1239 4678 1623 4746 interpretatur
1651 4692 1810 4731 manu
1841 4677 2017 4744 fortis,

445 4775 498 4830 in
532 4771 721 4828 eadem
756 4779 916 4827 aetate
942 4768 1180 4835 Goliath,
1206 4769 1257 4822 id
1286 4775 1388 4833 est,
1413 4767 1686 4822 humilitas
1713 4768 2020 4837 superbiam

441 4861 754 4932 prostravit.
786 4859 986 4915 Contra
1027 4874 1188 4930 quem
1223 4857 1460 4924 Coliath,
1501 4857 1554 4912 id
1579 4865 1684 4922 est,
1724 4856 2016 4923 diabolum,

443 4951 641 5006 debent
663 4949 717 5004 in
739 4947 1043 5004 humilitate
1075 4948 1358 5013 dimicare,
1381 4946 1471 5016 qui
1496 4947 1563 5000 ad
1587 4961 1773 5001 sacros
1799 4945 2014 5000 ordines

362 5089 368 5094 .
443 5041 830 5111 provehuutur.
879 5039 1076 5108 Quinta
1109 5037 1243 5094 feria
1271 5038 1422 5093 deest
1460 5035 1690 5092 oﬂicium
1735 5045 1788 5093 et
1829 5036 2012 5102 missa,

446 5133 566 5190 ideo
600 5131 760 5189 debet
796 5131 1004 5188 cantari
1040 5130 1108 5186 de
1148 5129 1423 5185 Dominica
1452 5127 1814 5184 Pentecostes.
1855 5127 2013 5182 Feria

445 5232 596 5280 sexta
636 5238 745 5279 una
779 5229 990 5277 tantum
1027 5220 1219 5293 legitur
1249 5219 1430 5284 lectio,
1476 5219 1603 5289 quis
1653 5217 1762 5272 Lex
1797 5227 1853 5272 et
1880 5215 2012 5272 Pro-

517 5385 543 5417 ι
583 5373 710 5433 Ilaec
759 5381 980 5444 accepta
1019 5372 1267 5430 videntur
1315 5385 1383 5426 ex
1431 5369 1590 5441 epist.
1637 5371 1673 5426 9
1716 5384 1841 5424 nov.
1885 5367 2013 5423 edit.

446 5444 663 5514 Venet,
685 5460 805 5515 cap.
841 5445 890 5498 i.

518 5516 548 5556 δ
579 5515 883 5585 Amalarius
911 5512 1034 5568 libr.
1064 5526 1129 5580 ιι,
1151 5512 1330 5585 (περ.)
1359 5521 1414 5569 et
1440 5509 1494 5566 3.

521 5596 541 5657 ξ
575 5585 633 5657 S.
661 5587 802 5657 Aug.
819 5581 938 5640 libr.
958 5597 1022 5657 _n,
1051 5579 1326 5657 epistJSS,
1361 5598 1479 5652 cap.
1516 5579 1598 5636 10.

519 5651 545 5690 ⁸
581 5651 772 5708 Δωειῖ
789 5654 893 5708 loc.
923 5653 1017 5708 cit.
1045 5651 1164 5723 cap.
1200 5653 1253 5706 3.

2043 4457 2093 4517 D

2113 3248 2218 3306 est,
2247 3238 2572 3293 lsraeliticus
2594 3236 2820 3307 populus
2846 3254 2857 3288 :
2889 3235 3089 3290 Domus
3119 3237 3316 3300 Aaron,
3353 3238 3405 3291 id
3438 3245 3542 3300 est,
3571 3253 3709 3306 prus

2116 3329 2207 3384 lati
2245 3347 2257 3383 :
2305 3328 2502 3382 Domus
2546 3326 2691 3392 Levi,
2721 3326 2773 3380 id
2814 3335 2917 3392 est,
2945 3326 3179 3380 ministri
3208 3325 3338 3380 Dei:
3375 3325 3478 3391 Qui
3511 3327 3708 3379 timetis

2114 3419 2414 3482 Dominum,
2440 3417 2506 3471 de
2528 3417 2740 3471 caeteris
2771 3418 3102 3471 nationibus.
3134 3415 3189 3470 ln
3236 3416 3350 3471 istis
3375 3416 3706 3472 lectionibus

2115 3509 2430 3564 imbuuntur
2454 3507 2740 3562 ordinandi
2763 3508 2830 3561 ad
2855 3507 3099 3576 exempla
3120 3516 3427 3562 sanctorum
3456 3505 3703 3561 Patrum.

2114 3597 2372 3654 Proxima
2397 3597 2556 3652 lectio
2579 3598 2936 3652 ordinationis
2975 3598 3039 3650 de
3067 3599 3271 3651 camino
3313 3597 3448 3666 ignis
3490 3596 3704 3668 legitur,

2114 3691 2238 3759 quia
2275 3705 2381 3744 non
2401 3697 2580 3760 potest
2621 3689 2722 3743 rite
2751 3689 2913 3744 homo
2953 3689 3021 3742 ad
3051 3688 3514 3744 consecrationem
3543 3704 3703 3742 accc-

2117 3781 2269 3846 dere,
2311 3780 2414 3835 nisi
2454 3786 2691 3834 transeat
2738 3793 2834 3848 per
2862 3778 3158 3845 fornacem,
3200 3787 3256 3832 et
3301 3778 3374 3833 ibi
3419 3778 3706 3833 benedicat

2115 3873 2302 3937 Deum,
2334 3881 2393 3926 ιιι
2417 3871 2544 3925 illud
2571 3890 2582 3924 :
2625 3869 2762 3924 Vasa
2791 3870 2942 3942 ﬁguli
2963 3870 3144 3940 probat
3169 3869 3378 3939 fornax,
3416 3878 3472 3924 et
3498 3869 3702 3939 reliqua

2117 3959 2305 4031 (Eccli.
2355 3975 2526 4025 xxvii,
2565 3959 2640 4031 6).
2689 3959 3026 4030 Quapropter
3071 3960 3266 4014 debent
3318 3961 3554 4014 transire
3607 3975 3700 4030 per

2116 4048 2408 4114 fornacem,
2455 4049 2599 4119 quod
2629 4056 2786 4102 sonat
2819 4047 2979 4104 lectio
3007 4050 3214 4118 quinta,
3242 4057 3303 4102 ut
3344 4049 3425 4103 sic
3467 4048 3700 4119 probati,

2116 4139 2374 4194 accedere
2415 4139 2482 4193 ad
2509 4153 2721 4193 sacrum
2770 4140 3084 4208 mysterium
3113 4139 3349 4204 valeant,
3388 4140 3527 4194 sicut
3565 4139 3700 4211 legi-

2118 4239 2208 4284 tur
2231 4231 2287 4284 in
2307 4238 2459 4286 sexta
2487 4231 2714 4286 lectione
2743 4248 2756 4284 :
2796 4229 3028 4285 Scientes
3051 4232 3188 4303 quod
3209 4231 3480 4285 tribulatio
3503 4233 3702 4301 patien-

2118 4322 2244 4374 tiam
2275 4333 2540 4392 operatur,
2585 4329 2640 4375 et
2681 4321 2885 4391 reliqua
2937 4320 3114 4393 (Rom.
3146 4337 3203 4387 v,
3227 4322 3306 4391 5).
3359 4322 3438 4376 De
3484 4336 3699 4392 respou-

2120 4411 2281 4465 soriis
2314 4425 2420 4465 non
2447 4420 2529 4465 est
2570 4425 2790 4466 necesse
2815 4411 2960 4466 aliud
2985 4411 3190 4476 dicere,
3220 4426 3384 4480 quam
3415 4411 3564 4480 quod
3596 4410 3697 4465 sin-

2117 4500 2256 4572 gulis
2298 4501 2616 4556 lectionibus
2667 4504 3007 4572 responsoria
3061 4503 3270 4572 singula
3321 4503 3691 4572 respondeant.

2117 4592 2449 4648 Gravitatem
2500 4609 2663 4663 quam
2712 4594 2870 4649 debet
2921 4603 3165 4649 sacratus
3214 4609 3453 4658 servare,
3500 4602 3694 4648 tractus

2120 4693 2404 4750 monstrat,
2436 4698 2504 4738 ne
2545 4685 2686 4740 forte
2726 4686 2780 4741 in
2825 4687 3075 4756 superbia
3097 4686 3270 4740 elatus
3309 4686 3515 4741 incidat
3544 4687 3594 4740 in
3620 4685 3688 4737 lac

2117 4788 2313 4842 qucum
2338 4772 2534 4828 diaboli
2558 4789 2571 4838 ;
2603 4782 2805 4829 tractus
2826 4775 2968 4828 enim
3011 4789 3223 4843 semper
3251 4776 3305 4828 in
3329 4790 3494 4829 causa
3527 4773 3685 4828 humi-

2121 4864 2288 4919 litatis
2314 4865 2550 4934 ponitur.
2584 4863 2688 4918 Per
2707 4865 2944 4934 singulas
2970 4866 3242 4920 orationes
3264 4865 3524 4921 debemus
3547 4878 3684 4919 mea-

2117 4953 2189 5008 tis
2237 4952 2589 5008 humilitatem
2635 4966 2731 5022 per
2773 4951 3194 5023 genuﬂexionem
3246 4955 3558 5019 ostendere,
3600 4966 3684 5008 e1-

2117 5052 2274 5110 cepto
2309 5040 2448 5095 infra
2475 5040 2844 5095 Pentecosten.

2193 5142 2217 5171 ο
2248 5129 2511 5202 [Quatuor
2537 5128 2863 5200 temporibus
2882 5144 3054 5185 annus
3082 5131 3332 5198 volvitur,
3360 5131 3686 5202 unumquod-

2120 5236 2226 5292 que
2253 5230 2462 5290 tempus
2486 5229 2598 5276 trcs
2619 5234 2833 5276 menses
2857 5220 3038 5277 habet.
3067 5219 3171 5276 Pro
3198 5235 3525 5291 unoquoque
3551 5235 3688 5275 men-

2200 5381 2225 5410 ο
2253 5368 2384 5437 Qum
2424 5371 2969 5454 sequunturnuncinis
3007 5371 3234 5437 inclusa,
3267 5382 3452 5454 assuta
3487 5376 3612 5454 sunt
3638 5371 3688 5454 iu

2128 5453 2230 5524 ms.
2277 5454 2385 5510 quo
2425 5437 2554 5522 usus
2592 5448 2679 5520 est
2725 5437 3141 5524 Quercetanus;
3193 5444 3336 5511 apud
3367 5441 3689 5497 Amalarium

2123 5525 2343 5594 omissa,
2378 5507 2702 5594 libratum).
2741 5519 2862 5594 post
2902 5525 3082 5594 priora
3121 5513 3468 5594 verba.in[ra

2122 5579 2625 5705 i«latitiusequitur;
2672 5577 2989 5634 In'sola'de
3037 5583 3242 5636 camino
3291 5577 3447 5653 ignis,
3489 5590 3616 5645 etc.,
3637 5586 3691 5631 ut

2144 5666 2177 5702 ιι
2265 5691 2278 5705 .
