3886 6176
345 259 482 312 £229

1147 255 1299 314 OPP.
1337 254 1738 309 SUPPOSITA.
1777 284 1847 292 -—
1884 252 2011 307 LIB.
2050 251 2137 306 DE
2177 250 2423 307 DlVlNlS
2461 251 2763 308 OFFlCllS.

3448 255 3470 306 i
3480 253 3584 308 $50

333 394 396 433 se
441 373 635 445 singuli
670 373 782 427 dies
827 371 1030 441 jejunio
1071 378 1472 425 consecrantur.
1524 367 1630 420 Per
1675 363 1912 435 singulas
1944 369 1986 428 Α
2015 377 2170 416 cam:
2209 360 2272 414 In
2299 360 2388 414 illo
2423 373 2688 432 tempore:
2724 361 2955 432 Surgens
2998 359 3153 417 Iesus
3192 363 3257 418 de
3302 380 3585 434 synagoga.

330 465 608 521 orationes
639 463 690 516 in
724 477 796 515 χιι
838 460 1158 516 lectionibus
1189 474 1328 530 genu
1359 455 1646 520 ﬂectimus,
1681 463 1910 523 excepto

336 559 391 611 in
423 563 612 608 octava
637 550 778 606 infra
804 551 1176 606 Pentecosten.
1205 549 1263 604 In
1291 547 1401 602 sola
1438 556 1622 601 autem
1663 544 1908 598 oratione

332 647 397 700 de
420 645 624 698 camino
647 643 780 713 ignis
807 657 978 712 genua
1005 657 1113 696 non
1148 639 1427 700 ﬂectimus,
1460 637 1627 710 489
1653 637 1708 690 in
1735 635 1909 690 omni-

333 737 433 791 bus
458 751 537 788 ιιιι
564 733 935 802 Temporibus.
980 730 1038 786 Si
1060 739 1239 786 autem
1266 732 1381 800 ipsa
1404 727 1738 784 bebdomada
1765 726 1906 780 Pen-

329 834 562 881 tecostes
581 825 635 880 in
659 838 845 879 mense
878 829 1071 892 quarto
1093 822 1354 885 evenerit,
1377 819 1638 889 jejunium
1664 817 1758 871 fiat
1777 831 1830 870 tv
1855 823 1910 870 et

328 932 384 969 γι
410 916 538 972 etin
585 912 828 968 sabbato.
872 912 1030 966 Feria
1058 926 1130 966 tv.
1169 910 1390 979 Antiph.
1420 909 1561 962 Deus
1599 907 1725 960 dum
1765 922 1909 976 egre-

327 1006 545 1061 dereris.
595 1003 781 1060 Oratio
818 1005 936 1060 sine
970 1002 1292 1058 Flectamus.
1323 1000 1553 1064 Prtesta,
1585 1014 1904 1070 quwsumus,

329 1106 387 1151 ut
433 1095 664 1165 Spiritus
712 1095 1008 1149 adveniens.
1064 1093 1249 1149 Lectio
1291 1092 1438 1146 Libri
1489 1089 1797 1160 Sapientia).
1839 1087 1907 1142 In

325 1185 507 1239 diebus
536 1183 664 1251 illis,
691 1185 825 1238 dixit
869 1183 1121 1238 Salomon
1146 1182 1272 1251 ﬁliis
1295 1180 1482 1244 Israel,
1516 1179 1730 1249 Diligite
1747 1178 1909 1248 justi-

326 1279 474 1341 tiam,
511 1291 701 1345 usque,
746 1275 1016 1330 scientiam
1041 1274 1192 1328 habet
1218 1275 1377 1327 vocis.
1406 1271 1565 1326 Feria
1588 1287 1640 1324 γ.
1678 1270 1902 1340 Antiph.

325 1365 520 1420 Emitte
547 1365 786 1436 spiritum
808 1374 972 1418 tuum.
998 1361 1243 1429 Oremus,
1273 1362 1396 1416 sine
1413 1358 1736 1414 Flectamus.
1758 1359 1908 1413 Men—

325 1468 400 1513 tes
441 1466 666 1512 nostras.
699 1456 880 1527 Lectio
907 1455 1140 1510 Actuum
1171 1451 1569 1523 Apostolorum.
1617 1447 1684 1500 In
1724 1448 1907 1502 diebus

318 1548 452 1612 illis,
480 1556 626 1602 stans
663 1543 852 1600 Petrus
883 1560 1002 1599 cunt
1025 1559 1102 1598 nt
1126 1541 1338 1597 elevavit
1364 1556 1536 1595 vocem
1564 1554 1738 1593 suam.
1763 1535 1906 1590 Alle-

2012 450 2251 506 Oremus.
2284 450 2527 518 Domine,
2565 452 2710 506 Deus
2751 452 2958 508 salutis.
2987 451 3206 509 Secreta
3235 472 3250 508 :
3285 451 3353 508 Ut
3378 465 3587 527 accepta

2007 542 2100 596 tibi
2143 544 2245 596 sint
2292 552 2469 597 nostra
2501 544 2730 613 jejunio.
2764 543 2915 600 Com.
2971 544 3094 598 Non
3142 561 3228 600 vos
3274 546 3584 617 relinquam.

2009 630 2276 687 Postcom.
2309 630 2490 686 Sancti
2520 631 2768 702 Spiritus,
2796 634 3038 698 Domine,
3068 636 3227 690 corda
3256 635 3481 710 nostra.]

2076 721 2132 775 in
2165 723 2276 776 sola
2304 725 2369 775 de
2419 725 2622 776 camino
2671 725 2803 793 ignis
2834 739 2881 789 ει,
2928 741 3034 779 non
3080 724 3346 782 ﬂectimus
3391 742 3583 798 genua,

2007 810 2220 878 quando
2245 809 2739 866 Nabuchodonosor
2775 813 3129 883 compellebat
3165 816 3418 884 populum
3459 817 3587 873 ado-

2009 917 2132 958 rare
2173 911 2430 969 statuam,
2459 919 2621 974 quam
2658 903 2897 972 fecerat;
2928 914 2988 960 ut
3025 916 3272 977 separata
3299 907 3369 962 sit
3399 917 3584 963 nostra

2004 992 2203 1058 oratio,
2233 1008 2354 1063 qua:
2380 1004 2462 1050 est
2493 995 2559 1050 ad
2583 1010 2749 1049 unum
2772 995 2962 1062 Deum,
2984 996 3052 1050 ab
3075 1011 3260 1052 errore
3284 997 3580 1068 gentilium.

2005 1080 2193 1138 Oratio
2231 1093 2354 1151 post
2386 1087 2820 1142 communionem
2858 1101 3020 1156 super
3056 1089 3310 1158 populum
3354 1105 3461 1146 non
3487 1091 3585 1146 ha-

2005 1171 2183 1236 betur,
2228 1173 2354 1241 quia
2398 1173 2540 1227 istud
2573 1172 2805 1229 cilicium
2834 1175 3142 1246 frequenter
3185 1177 3331 1232 circa
3369 1188 3581 1236 noctem

2006 1260 2339 1318 Dominicam
2373 1263 2509 1317 solet
2539 1263 2676 1330 fieri,
2706 1265 2759 1319 in
2793 1281 2900 1334 qua
2931 1266 3153 1321 minime
3186 1266 3578 1336 genuﬂectitur.

2399 1445 2405 1450 ,
2582 1380 2809 1438 CAPUT
2832 1382 3002 1438 xxx.

2323 1470 2352 1509 δ
2390 1487 2455 1525 DE
2489 1485 2692 1526 sanc'ro
2734 1487 2931 1527 JOANNE
2969 1488 3248 1530 BAP'NSTA.

2075 1562 2198 1617 ideo
2246 1571 2358 1618 tres
2405 1563 2584 1618 missae
2611 1563 2955 1619 celebrantur
2982 1564 3037 1618 in
3067 1564 3358 1622 festivitate
3406 1570 3581 1624 sancti

323 1642 457 1695 luia.
514 1639 662 1706 Veni,
694 1647 870 1694 sancte
915 1637 1166 1708 Spiritus.
1213 1631 1560 1704 Evangelium
1608 1629 1894 1684 secundum

2006 1649 2248 1717 Joannis,
2277 1652 2405 1720 quia
2440 1653 2616 1706 tribus
2655 1653 2958 1722 insignibus
3002 1654 3285 1722 triumphis
3313 1657 3582 1712 excellen-

317 1733 620 1788 Joannem:
653 1731 721 1786 In
739 1730 831 1784 illo
856 1739 1104 1799 tempore,
1127 1725 1259 1780 dixit
1285 1725 1442 1779 Jesus
1461 1720 1731 1794 discipulis
1755 1719 1862 1774 suis
1882 1733 1901 1772 :
1934 1716 1982 1777 Β
2008 1750 2091 1797 te,
2121 1716 2345 1795 refulsit.
2377 1742 2458 1796 Ad
2498 1744 2600 1797 hoc
2648 1716 2793 1796 enin;
2844 1743 3010 1807 venit,
3058 1752 3117 1797 ιη
3161 1716 3303 1798 ﬁam
3355 1746 3582 1803 Domino

324 1823 492 1876 Nemo
526 1831 691 1898 potest
715 1822 885 1874 venire
911 1817 979 1872 ad
1016 1834 1118 1882 me,
1159 1815 1258 1870 nisi
1283 1812 1471 1879 Pater,
1498 1814 1589 1885 qui
1623 1811 1763 1866 misit
1800 1827 1902 1874 me,

319 1914 538 1966 traxerit
581 1927 718 1966 eum.
767 1907 1006 1966 Oremus.
1054 1905 1366 1961 Meditabor.
1412 1903 1587 1974 Super
1626 1901 1898 1958 oblatam:

321 2003 530 2072 Accipe,
561 2016 880 2074 quwsumus,
925 1997 1169 2063 Domine,
1217 2013 1407 2050 munus
1449 1993 1702 2048 oblatum.
1745 1991 1898 2048 Com.

324 2094 516 2147 Pacem
543 2081 708 2147 tuam.
738 2090 1008 2144 Postcom.
1038 2086 1219 2142 Sancti
1245 2085 1493 2156 Spiritus,
1517 2083 1760 2148 Domine,
1784 2100 1903 2137 cor-

319 2186 409 2240 da.
450 2184 607 2239 Feria
636 2199 688 2237 γι
730 2181 950 2250 Antiph.
1001 2177 1281 2248 Repleatur
1305 2194 1383 2230 os.
1437 2176 1676 2232 Versus:
1723 2173 1792 2227 In
1829 2184 1898 2238 te,

323 2275 561 2339 Domine,
596 2272 821 2344 speravi,
866 2285 989 2324 non.
1040 2268 1285 2332 Oremus,
1321 2265 1438 2322 sine
1479 2263 1781 2319 Flectamus
1809 2280 1899 2333 ge-

317 2383 444 2420 nua.
474 2364 580 2430 Da,
606 2377 927 2435 quaesumus,
967 2357 1215 2412 Ecclesia:
1239 2366 1362 2419 tute,
1403 2356 1696 2411 misericors
1734 2353 1900 2416 Deus,

317 2466 374 2510 ut
407 2453 610 2526 Spiritu
639 2460 819 2506 sancto
845 2457 1176 2519 congregata.
1209 2445 1393 2501 Lectio
1417 2444 1649 2498 Actuum
1672 2441 1900 2512 Aposto-

316 2545 514 2602 lorum.
540 2543 606 2598 In
631 2542 812 2596 diebus
836 2539 965 2605 illis,
991 2538 1238 2608 Aperiens
1267 2534 1455 2589 Petrus
1481 2551 1536 2588 os
1559 2549 1710 2587 suum
1728 2531 1896 2586 dixit:

326 2636 437 2692 Viri
465 2635 742 2690 Israelitte.
771 2630 1013 2686 Alleluia.
1039 2630 1269 2700 Spiritus
1289 2627 1518 2681 Domini.
1547 2625 1897 2696 Evangelium

317 2727 610 2784 secundum
639 2725 993 2780 Mattbteum:
1039 2722 1106 2776 In
1135 2720 1226 2775 illo
1277 2728 1524 2790 tempore,
1567 2719 1699 2773 dixit
1740 2717 1896 2773 Jesus

316 2817 481 2872 turbis
505 2815 814 2870 Judazorum
843 2829 859 2866 :
884 2813 943 2868 Si
967 2829 1060 2882 ego
1087 2813 1143 2865 in
1166 2810 1368 2881 Spiritu
1399 2809 1492 2864 Dei
1521 2809 1673 2879 ejicio
1701 2809 1899 2863 dwmo-

317 2926 428 2974 nes,
455 2923 645 2978 usque,
675 2922 836 2978 neque
864 2906 918 2958 in
956 2903 1156 2972 futuro.
1191 2899 1431 2956 Oremus.
1455 2899 1662 2964 Lauda,
1694 2898 1890 2953 anima.

317 2999 574 3056 Secreta:
634 2993 932 3062 Sacriﬁcia,
982 2990 1219 3054 Domine,
1256 2990 1358 3042 tuis
1395 2987 1569 3041 oblata
1605 2986 1892 3055 conspecti-

314 3094 427 3147 bus.
460 3091 611 3146 Com.
633 3088 862 3159 Spiritus
890 3084 976 3137 ubi
994 3083 1119 3136 vult.
1139 3081 1408 3136 Postcom.
1437 3079 1617 3135 Sancti
1639 3078 1890 3149 Spiritus,
1917 3067 1963 3130 C

314 3185 536 3240 Domine
565 3180 747 3236 corda.
784 3177 1020 3232 Sabbato
1065 3173 1283 3244 Antipb.
1335 3171 1578 3226 Charitas
1607 3170 1725 3224 Dei.
1759 3170 1895 3228 Ver-

314 3293 444 3333 sus:
471 3274 694 3330 Domine
718 3271 859 3325 Deus
896 3267 1100 3322 salutis.
1143 3263 1388 3330 Oremus,
1418 3264 1535 3319 sine
1566 3261 1889 3316 Flectamus.

315 3368 578 3424 Mentibus
613 3364 823 3429 nostris,
848 3376 1169 3434 quaesumus,
1195 3357 1437 3422 Domine,
1478 3353 1734 3424 Spiritum
1769 3369 1893 3406 san-

311 3471 452 3514 ctum
500 3459 769 3528 benignus.
824 3455 1008 3512 Lectio
1043 3453 1208 3509 Joelis
1251 3452 1557 3524 prophetae:
1594 3446 1723 3502 Herc
1764 3446 1893 3500 dicit

311 3551 589 3614 Dominus,
634 3549 814 3603 Deus:
859 3545 1146 3616 Effundam
1179 3543 1435 3614 Spiritum
1475 3556 1667 3596 meum.
1721 3536 1887 3594 Grad.

313 3642 588 3696 Protector
613 3651 804 3695 noster.
848 3637 1090 3701 Oremus,
1127 3637 1245 3690 sine
1283 3633 1606 3688 Flectamus.
1641 3630 1746 3685 Illo
1773 3647 1884 3691 nos,

311 3745 632 3801 quresumus,
668 3728 907 3791 Domine,
943 3727 1082 3795 igne.
1116 3724 1305 3778 Lectio
1351 3723 1472 3775 libri
1510 3719 1773 3775 chitici:
1821 3718 1890 3773 In

313 3821 492 3876 diebus
522 3818 627 3873 illis
655 3817 859 3872 locutus
887 3824 962 3870 est
992 3813 1250 3868 Dominus
1287 3812 1354 3865 ad
1397 3811 1634 3880 Moysen,
1671 3810 1846 3864 dicens
1867 3822 1890 3862 :

312 3909 545 3981 Loquere
572 3906 698 3978 ﬁliis
741 3905 932 3961 Israel.
963 3903 1128 3959 Grad.
1166 3900 1453 3972 Propitius.
1505 3897 1745 3962 Oremus,
1774 3899 1890 3956 sine

311 3999 632 4054 Flectamus.
663 3997 802 4053 Deus
836 3997 925 4068 qui
963 3995 1032 4050 ad
1072 3995 1368 4049 animarum
1393 3989 1667 4045 medelam.
1706 3990 1890 4046 Lectio

312 4093 432 4148 libri
460 4091 859 4148 Deuteronomii
885 4109 897 4144 :
929 4089 1076 4143 Dixit
1100 4086 1303 4158 Moyses
1327 4100 1345 4137 :
1377 4083 1535 4146 Audi,
1556 4081 1744 4149 Israel,
1772 4099 1889 4155 qua:

311 4201 403 4255 ego
429 4183 674 4254 pra’cipio
711 4183 826 4238 tibi.
865 4180 1029 4236 Grad.
1063 4179 1328 4241 Converte,
1371 4174 1610 4229 Domine.
1644 4171 1886 4236 Oremus,

311 4275 428 4329 sine
446 4270 768 4326 Flectamus.
791 4269 1020 4332 Prtesta,
1037 4282 1354 4338 quwsumus,
1378 4265 1700 4334 omnipotens
1720 4261 1886 4325 Deus,

309 4377 366 4420 ut
391 4365 730 4422 stecularibus
751 4364 970 4434 jejuniis
1002 4361 1213 4416 eruditi.
1256 4360 1438 4415 Lectio
1464 4359 1587 4414 libri
1614 4358 1840 4414 Levitici
1870 4375 1883 4410 :

308 4459 377 4514 In
403 4459 581 4514 diebus
603 4458 729 4523 illis,
756 4457 888 4511 dixit
918 4455 1174 4510 Dominus

308 4551 464 4622 septis
489 4551 615 4606 meis
641 4548 1051 4604 ambulareritis.
1095 4545 1260 4601 Grad.
1297 4544 1588 4615 Dirigatur.
1638 4540 1880 4606 Oremus,

308 4644 425 4698 sine
446 4641 768 4696 Flectamus.
800 4640 1026 4702 Prwsta,
1043 4653 1360 4710 quaesumus,
1379 4636 1701 4705 omnipotens
1719 4631 1882 4696 Deus,

309 4735 384 4790 sic
414 4752 506 4789 nos
537 4733 600 4788 ab
621 4733 787 4804 epulis
810 4730 1109 4786 carnalibus
1131 4728 1408 4783 abstinere.
1435 4725 1622 4781 Lectio
1640 4723 1880 4778 Danielis

307 4825 610 4894 prophetae:
640 4821 707 4877 In
735 4821 914 4876 diebus
953 4819 1081 4883 illis,
1109 4816 1324 4888 angelus
1365 4815 1578 4870 Domini
1618 4814 1883 4870 descendit

306 4931 424 4968 cum
480 4913 693 4968 Azaria.
750 4910 1058 4966 Benedictus
1108 4925 1180 4962 es.
1232 4907 1383 4962 Hanc
1431 4904 1880 4968 benedictionem,

305 5005 452 5060 nulla
478 5005 701 5060 collecta
725 5001 1065 5072 interposita,
1092 4999 1356 5069 sequitur,
1384 4993 1566 5050 Gloria
1596 4995 1651 5049 in
1669 4993 1884 5050 excelsis

304 5093 434 5156 Deo,
465 5094 535 5148 ob
559 5091 960 5147 solemnitatem
1003 5088 1368 5144 Pentecostes.
1405 5085 1609 5142 Deinde
1644 5084 1878 5140 dicitur:

303 5183 447 5238 Deus
492 5183 583 5255 qui
629 5181 792 5238 tribus
831 5181 1026 5252 pueris.
1069 5179 1252 5235 Lectio
1279 5178 1532 5248 Epistolas
1557 5176 1700 5232 beati
1730 5174 1880 5230 Pauli

303 5273 532 5346 apostoli
563 5273 632 5329 ad
674 5273 986 5330 Romanos:
1040 5270 1282 5334 Fratres,
1323 5267 1609 5339 justiﬁcati
1653 5283 1717 5321 ea:
1751 5265 1875 5335 ﬁde.

306 5366 458 5422 Allel.
485 5365 784 5422 Paraclitus
814 5363 1058 5436 Spiritus.
1089 5360 1436 5433 Evangelium
1459 5359 1752 5416 secundum
1783 5356 1883 5412 Lu-

375 5533 400 5560 ε
431 5519 738 5575 Amalarius
763 5519 868 5576 loc.
904 5519 995 5574 cit.
1028 5517 1081 5572 in
1106 5517 1230 5572 line.

377 5589 407 5631 δ
435 5590 550 5660 Hoc
597 5591 891 5660 capitulum
930 5589 1072 5660 citat
1119 5587 1398 5660 integrum;
1438 5579 1593 5654 Ηυαο
1638 5584 1879 5642 Menard.

307 5668 421 5716 not.
446 5659 569 5716 418.
599 5658 702 5717 Viti
725 5660 899 5715 Amal.
924 5658 1046 5712 libr.
1077 5674 1160 5723 tu,
1187 5672 1306 5728 cap.
1341 5658 1428 5710 58.

2005 1840 2336 1901 praepararet
2362 1832 2609 1900 exemplo
2635 1845 2746 1885 suae
2791 1832 3236 1899 conversationis,
3266 1835 3356 1904 qui
3394 1837 3581 1891 trium-

2005 1921 2145 1989 phus
2197 1919 2499 1975 celebratur
2546 1922 2600 1975 in
2652 1921 2832 1994 vigilia
2867 1922 3128 1992 ejusdem.
3202 1923 3306 1979 Per
3339 1925 3583 1982 ministe-

2004 2011 2146 2066 rium
2187 2011 2441 2082 baptismi
2490 2013 2686 2067 claruit
2743 2014 2795 2068 in
2835 2014 3024 2085 signis.
3091 2013 3258 2083 llujus
3295 2017 3581 2072 ministerii

2004 2103 2309 2172 triumphus
2342 2104 2394 2158 in
2420 2104 2595 2173 prima
2637 2105 2803 2160 missa
2838 2105 3112 2160 recolitur.
3162 2105 3436 2163 Nazareus
3457 2124 3579 2179 per-

2003 2193 2201 2247 mansit
2224 2207 2291 2246 ex
2317 2202 2470 2249 utem
2494 2196 2718 2250 matris:
2745 2196 2847 2251 hoc
2877 2197 3077 2251 donum
3103 2198 3360 2253 recolitur
3395 2202 3448 2254 in
3467 2201 3577 2256 die.

2563 2303 2790 2361 CAPUT
2812 2305 3002 2360 XXXI.

2217 2404 2239 2431 θ
2274 2410 2340 2448 DE
2368 2408 2652 2451 NOMlNIBUS
2678 2411 2928 2459 QUATUOB
2949 2414 3365 2459 CORONATORUI.

2069 2483 2317 2550 Quatuor
2338 2485 2732 2543 Coronatorum
2755 2491 2971 2544 nomina
2994 2491 3109 2548 btec
3129 2503 3255 2549 sunt
3277 2515 3290 2550 :
3317 2494 3574 2564 Severus,

2001 2570 2345 2639 Severianus,
2372 2576 2682 2632 Victorinus
2715 2588 2772 2633 et
2797 2579 3194 2650 Carpophorus.
3220 2584 3458 2652 Quorum
3481 2603 3578 2643 no-

1999 2664 2167 2764 mina,
2220 2673 2275 2720 et
2315 2666 2431 2722 dies
2461 2668 2656 2724 natalis
2687 2683 2786 2739 per
2829 2670 3094 2729 incuriam
3137 2677 3434 2748 neglectus,
3477 2681 3579 2736 mi-

1997 2757 2144 2807 nime
2169 2757 2394 2824 reperiri
2409 2764 2620 2826 poterat
2645 2775 2658 2812 :
2693 2759 2814 2815 ideo
2842 2767 3100 2818 statutum
3116 2767 3363 2832 est,utin
3387 2781 3577 2824 eorum

1996 2843 2226 2899 ecclesia
2246 2846 2483 2916 quinque
2513 2855 2832 2905 caeterorum
2861 2862 3172 2911 sanctorum
3201 2857 3292 2926 qui
3329 2857 3382 2911 in
3410 2858 3575 2914 missa

2001 2934 2321 3003 recitantur,
2361 2939 2559 2995 natalis
2605 2941 2929 3009 celebretur,
2974 2945 3029 3000 id
3067 2955 3172 3012 est,
3213 2947 3445 3014 Claudii,
3486 2949 3576 3005 Ni-

1997 3027 2240 3091 costrati,
2284 3026 2683 3100 Symphoriani,
2714 3031 2947 3089 Castorii
2978 3043 3141 3106 atque
3181 3037 3469 3110 Simplicii,
3513 3050 3574 3096 ut

1993 3130 2120 3171 cum
2167 3118 2285 3174 istis
2319 3134 2508 3175 eorum
2545 3135 2760 3191 quoque
2806 3127 3067 3181 memoria
3119 3130 3326 3198 pariter
3376 3129 3569 3186 fieret:

1993 3218 2178 3281 postea
2221 3229 2350 3270 vero
2375 3229 2564 3270 eorum
2591 3219 2806 3274 nomina
2835 3220 3072 3276 revelata
3103 3231 3249 3277 sunt.
3300 3223 3575 3279 Solemni-

1993 3308 2078 3355 tas
2107 3310 2310 3369 tamen,
2349 3312 2410 3359 ut
2438 3315 2640 3362 statuta
2667 3307 2862 3378 fuerat,
2896 3311 2951 3366 in
2982 3311 3212 3367 aliorum
3259 3322 3569 3370 sanctorum

1993 3395 2210 3451 nomine
2235 3396 2464 3452 celebris
2490 3401 2804 3468 permansit.

2548 3508 2775 3566 CAPUT
2800 3507 3014 3568 XXX“.

2204 3598 2231 3639 ει
2273 3616 2336 3681 nr.
2361 3615 2732 3656 SOLEIINITATE
2767 3618 2975 3659 oumun
3013 3619 3348 3661 sancronuu.

2065 3687 2337 3759 Scriptum
2367 3699 2450 3745 est
2481 3692 2533 3746 in
2581 3694 2746 3763 gestis
2784 3694 3208 3761 Pontiﬁcalibus,
3242 3697 3385 3766 quod
3411 3711 3567 3752 sanc-

1992 3789 2078 3834 tus
2098 3779 2407 3836 Bonifacius
2430 3796 2567 3851 papa
2602 3783 2892 3851 quamdam
2924 3784 3143 3839 domum
3175 3785 3382 3850 Romae,
3420 3783 3565 3840 Pan-

1991 3879 2144 3931 theon
2188 3876 2424 3938 nomine,
2459 3891 2578 3945 quze
2622 3885 2741 3931 erat
2768 3887 3085 3933 consecrata
3112 3880 3169 3933 in
3198 3880 3402 3936 honore
3445 3895 3565 3936 om-

1990 3967 2139 4021 nium
2198 3965 2605 4028 daemoniorum,
2658 3967 2947 4022 eliminatis
2982 3969 3229 4024 omnibus
3274 3972 3565 4039 spurcitiis,

1991 4053 2287 4109 sacraverit
2313 4052 2597 4108 ecclesiam
2634 4054 2686 4109 in
2725 4057 2930 4112 honore
2965 4066 3167 4114 sanctae
3206 4059 3301 4114 Dei
3326 4059 3565 4116 Genitri-

1991 4145 2088 4210 cis,
2128 4145 2476 4216 omniumque
2504 4145 2844 4202 Sanctorum.
2892 4148 3046 4205 Unde
3078 4151 3428 4207 constitutum
3457 4162 3562 4220 est,

1990 4247 2050 4292 nt
2077 4239 2227 4306 plebs
2255 4239 2504 4296 universa
2535 4255 2632 4312 per
2657 4251 2827 4298 totum
2866 4229 3054 4299 orbem
3088 4241 3142 4298 in
3168 4243 3420 4301 Kalendis
3448 4245 3558 4303 No-

1990 4327 2321 4389 vembribus,
2363 4329 2503 4384 sicut
2545 4331 2597 4385 in
2629 4332 2714 4386 die
2758 4330 2953 4387 natalis
2991 4333 3228 4400 Domini,
3277 4335 3346 4390 ad
3389 4335 3563 4394 eccle-

1204 4455 1272 4507 ad
1300 4452 1516 4523 Moysen
1537 4465 1557 4503 ε
1588 4451 1650 4508 δε
1675 4451 1729 4506 in
1755 4466 1886 4521 pm.
1911 4437 1962 4497 υ
1990 4419 2123 4523 siam
2156 4419 2209 4473 in
2255 4420 2462 4476 honore
2496 4423 2736 4477 omnium
2786 4421 3128 4489 Sanctorum,
3161 4425 3228 4480 ad
3272 4425 3562 4482 missarum

1991 4510 2249 4566 solemnia
2291 4514 2580 4569 convenire
2627 4514 2878 4568 studeat:
2927 4513 3057 4568 illud
3094 4515 3454 4581 attendentes,
3505 4526 3568 4572 ut

1990 4602 2249 4674 quidquid
2284 4601 2548 4675 fragilitas
2574 4605 2807 4660 humana
2834 4619 2931 4674 per
2957 4604 3318 4676 ignorantiam
3343 4617 3439 4664 aut
3467 4626 3562 4665 ne-

1990 4695 2301 4766 gligentiam
2337 4693 2392 4750 in
2417 4697 2847 4752 solemnitatibus
2869 4706 3180 4754 sanctorum
3207 4701 3384 4756 minus
3408 4700 3567 4774 plene

1989 4789 2307 4861 peregisset,
2338 4785 2392 4840 in
2417 4789 2520 4843 hac
2553 4797 2741 4844 sancta
2767 4789 3147 4848 observatione
3167 4791 3490 4848 solveretur.

2424 4897 2590 4973 490
2629 4898 2856 4956 CAPUT
2882 4898 3120 4958 xxxm.

2257 5005 2279 5032 ο
2312 5009 2378 5048 ns
2404 5007 2760 5058 orrzn'romo,
2793 4990 2889 5047 Vir
2912 5004 3024 5048 erat
3050 4995 3107 5048 in
3135 5001 3302 5049 terra.

2059 5085 2234 5142 Verba
2270 5083 2528 5140 historica
2575 5082 2922 5139 continentur
2959 5082 3020 5138 in
3053 5081 3369 5150 oﬂ'ertorio;
3396 5084 3570 5140 verba

1984 5174 2086 5231 Job
2140 5172 2328 5245 aegroti
2383 5180 2442 5228 et
2501 5171 2734 5228 dolentis
2791 5172 3138 5229 continentur
3183 5189 3241 5228 in
3292 5175 3560 5232 versibus.

1986 5265 2267 5338 Aigrotus,
2299 5263 2454 5334 cujus
2473 5262 2743 5318 anhelitus
2776 5277 2885 5318 non
2926 5269 3009 5317 est
3036 5277 3225 5326 sanus,
3253 5277 3428 5336 neque
3452 5264 3563 5322 for-

1989 5358 2078 5425 tis,
2125 5354 2262 5413 solet
2301 5355 2463 5411 verba
2489 5351 2805 5424 imperfecta
2829 5351 3026 5423 sepius
3074 5361 3338 5426 repetere.
3389 5355 3562 5414 Oliicii

2061 5522 2084 5546 ο
2115 5509 2234 5565 Vid.
2268 5508 2601 5574 Menardum,
2630 5513 2744 5563 not.
2772 5506 2896 5563 499.

2058 5579 2082 5618 ἀ
2119 5581 2239 5636 Vid.
2269 5582 2534 5644 eumdem,
2559 5587 2670 5635 not.
2711 5577 2835 5643 493,
2865 5587 2920 5634 et
2947 5580 3102 5649 epist.
3143 5580 3204 5636 01
3236 5579 3472 5639 Alduini.

2065 5663 2086 5690 ο
2115 5650 2420 5706 Amalarins
2447 5651 2569 5706 libr.
2601 5666 2682 5719 ut,
2717 5663 2837 5720 cap.
2867 5649 2956 5704 59.
