  <div class='ocr_page' id='page_1' title='image "/cluster/home/n/w/nwhite01/storage/ocr_20150623/101/hvd.32044054759683/621.png"; bbox 0 0 3914 6178; ppageno 0'>
   <div class='ocr_carea' id='block_1_1' title="bbox 332 257 478 328">
    <p class='ocr_par' dir='ltr' id='par_1_1' title="bbox 332 257 478 328">
     <span class='ocr_line' id='line_1_1' title="bbox 332 257 478 328; baseline -0.021 0"><span class='ocrx_word' id='word_1_1' title='bbox 332 257 478 328; x_wconf 68' lang='grc' dir='ltr'><strong>’ίεεδι</strong></span> 
     </span>
    </p>
   </div>
   <div class='ocr_carea' id='block_1_2' title="bbox 1193 252 2764 321">
    <p class='ocr_par' dir='ltr' id='par_1_2' title="bbox 1193 252 2764 321">
     <span class='ocr_line' id='line_1_2' title="bbox 1193 252 2764 321; baseline -0.006 -1"><span class='ocrx_word' id='word_1_2' title='bbox 1193 266 1250 320; x_wconf 85' lang='grc' dir='ltr'><strong>Β.</strong></span> <span class='ocrx_word' id='word_1_3' title='bbox 1294 267 1356 320; x_wconf 87' lang='lat' dir='ltr'><strong>F.</strong></span> <span class='ocrx_word' id='word_1_4' title='bbox 1399 262 1620 321; x_wconf 78' lang='lat' dir='ltr'><strong>ALBINI</strong></span> <span class='ocrx_word' id='word_1_5' title='bbox 1661 262 1788 320; x_wconf 84' lang='lat' dir='ltr'><strong>SEU</strong></span> <span class='ocrx_word' id='word_1_6' title='bbox 1827 261 2099 317; x_wconf 73' lang='lat' dir='ltr'><strong>ALCUINI</strong></span> <span class='ocrx_word' id='word_1_7' title='bbox 2138 261 2419 317; x_wconf 78' lang='lat' dir='ltr'><strong>OPERUM</strong></span> <span class='ocrx_word' id='word_1_8' title='bbox 2460 258 2635 314; x_wconf 82' lang='lat' dir='ltr'><strong>PARS</strong></span> <span class='ocrx_word' id='word_1_9' title='bbox 2676 252 2764 312; x_wconf 82' lang='lat' dir='ltr'><strong>tx.</strong></span> 
     </span>
    </p>
   </div>
   <div class='ocr_carea' id='block_1_3' title="bbox 3454 263 3605 317">
    <p class='ocr_par' dir='ltr' id='par_1_3' title="bbox 3454 263 3605 317">
     <span class='ocr_line' id='line_1_3' title="bbox 3454 263 3605 317; baseline 0 -1"><span class='ocrx_word' id='word_1_10' title='bbox 3454 263 3605 317; x_wconf 71' lang='lat' dir='ltr'><strong>i252</strong></span> 
     </span>
    </p>
   </div>
   <div class='ocr_carea' id='block_1_4' title="bbox 347 368 3604 443">
    <p class='ocr_par' dir='ltr' id='par_1_4' title="bbox 347 368 3604 443">
     <span class='ocr_line' id='line_1_4' title="bbox 347 368 3604 443; baseline -0.003 -9"><span class='ocrx_word' id='word_1_11' title='bbox 347 389 554 443; x_wconf 86' lang='lat' dir='ltr'><strong>auctor,</strong></span> <span class='ocrx_word' id='word_1_12' title='bbox 598 389 655 432; x_wconf 91' lang='lat' dir='ltr'><strong>ut</strong></span> <span class='ocrx_word' id='word_1_13' title='bbox 691 376 1001 431; x_wconf 77' lang='lat' dir='ltr'><strong>alfectanter</strong></span> <span class='ocrx_word' id='word_1_14' title='bbox 1042 376 1195 430; x_wconf 88' lang='lat' dir='ltr'><strong>nobis</strong></span> <span class='ocrx_word' id='word_1_15' title='bbox 1241 377 1309 429; x_wconf 84' lang='lat' dir='ltr'><strong>ad</strong></span> <span class='ocrx_word' id='word_1_16' title='bbox 1339 374 1652 429; x_wconf 80' lang='lat' dir='ltr'><strong>memoriam</strong></span> <span class='ocrx_word' id='word_1_17' title='bbox 1690 371 1912 426; x_wconf 86' lang='lat' dir='ltr'><strong>reduce-</strong></span> <span class='ocrx_word' id='word_1_18' title='bbox 1943 375 1988 431; x_wconf 76' lang='grc' dir='ltr'>Α</span> <span class='ocrx_word' id='word_1_19' title='bbox 2019 378 2141 426; x_wconf 89' lang='lat' dir='ltr'><strong>octo</strong></span> <span class='ocrx_word' id='word_1_20' title='bbox 2185 371 2382 441; x_wconf 86' lang='lat' dir='ltr'><strong>gradus</strong></span> <span class='ocrx_word' id='word_1_21' title='bbox 2427 371 2591 424; x_wconf 79' lang='lat' dir='ltr'><strong>divini</strong></span> <span class='ocrx_word' id='word_1_22' title='bbox 2639 369 2946 430; x_wconf 86' lang='lat' dir='ltr'><strong>ministerii,</strong></span> <span class='ocrx_word' id='word_1_23' title='bbox 2997 369 3062 423; x_wconf 87' lang='lat' dir='ltr'><strong>de</strong></span> <span class='ocrx_word' id='word_1_24' title='bbox 3108 369 3302 438; x_wconf 84' lang='lat' dir='ltr'><strong>quibus</strong></span> <span class='ocrx_word' id='word_1_25' title='bbox 3348 368 3604 428; x_wconf 70' lang='lat' dir='ltr'><strong>fortassis</strong></span> 
     </span>
    </p>
   </div>
   <div class='ocr_carea' id='block_1_5' title="bbox 347 460 1921 539">
    <p class='ocr_par' dir='ltr' id='par_1_5' title="bbox 347 460 1921 539">
     <span class='ocr_line' id='line_1_5' title="bbox 347 460 1921 539; baseline -0.008 -15"><span class='ocrx_word' id='word_1_26' title='bbox 347 481 431 524; x_wconf 83' lang='lat' dir='ltr'><strong>ret</strong></span> <span class='ocrx_word' id='word_1_27' title='bbox 472 475 824 539; x_wconf 66' lang='lat' dir='ltr'><strong>aegrotantem</strong></span> <span class='ocrx_word' id='word_1_28' title='bbox 868 464 1002 529; x_wconf 93' lang='lat' dir='ltr'><strong>Job,</strong></span> <span class='ocrx_word' id='word_1_29' title='bbox 1053 464 1304 534; x_wconf 90' lang='lat' dir='ltr'><strong>repetivit</strong></span> <span class='ocrx_word' id='word_1_30' title='bbox 1330 463 1525 532; x_wconf 57' lang='lat' dir='ltr'><strong>saepius</strong></span> <span class='ocrx_word' id='word_1_31' title='bbox 1561 460 1726 514; x_wconf 91' lang='lat' dir='ltr'><strong>verba</strong></span> <span class='ocrx_word' id='word_1_32' title='bbox 1769 471 1921 512; x_wconf 91' lang='lat' dir='ltr'><strong>more</strong></span> 
     </span>
    </p>
   </div>
   <div class='ocr_carea' id='block_1_6' title="bbox 349 548 1918 629">
    <p class='ocr_par' dir='ltr' id='par_1_6' title="bbox 349 548 1918 629">
     <span class='ocr_line' id='line_1_6' title="bbox 349 548 1918 629; baseline -0.009 -15"><span class='ocrx_word' id='word_1_33' title='bbox 349 557 556 629; x_wconf 59' lang='lat' dir='ltr'><strong>aegroti.</strong></span> <span class='ocrx_word' id='word_1_34' title='bbox 595 557 652 611; x_wconf 84' lang='lat' dir='ltr'><strong>in</strong></span> <span class='ocrx_word' id='word_1_35' title='bbox 690 555 966 610; x_wconf 83' lang='lat' dir='ltr'><strong>oﬁ&#39;ertorio</strong></span> <span class='ocrx_word' id='word_1_36' title='bbox 997 569 1103 608; x_wconf 92' lang='lat' dir='ltr'><strong>non</strong></span> <span class='ocrx_word' id='word_1_37' title='bbox 1142 561 1268 608; x_wconf 90' lang='lat' dir='ltr'><strong>sunt</strong></span> <span class='ocrx_word' id='word_1_38' title='bbox 1305 552 1467 606; x_wconf 91' lang='lat' dir='ltr'><strong>verba</strong></span> <span class='ocrx_word' id='word_1_39' title='bbox 1500 549 1750 619; x_wconf 86' lang='lat' dir='ltr'><strong>repetita,</strong></span> <span class='ocrx_word' id='word_1_40' title='bbox 1794 548 1918 617; x_wconf 87' lang='lat' dir='ltr'><strong>quia</strong></span> 
     </span>
    </p>
   </div>
   <div class='ocr_carea' id='block_1_7' title="bbox 347 636 1918 711">
    <p class='ocr_par' dir='ltr' id='par_1_7' title="bbox 347 636 1918 711">
     <span class='ocr_line' id='line_1_7' title="bbox 347 636 1918 711; baseline -0.008 -8"><span class='ocrx_word' id='word_1_41' title='bbox 347 647 661 711; x_wconf 90' lang='lat' dir='ltr'><strong>historicus,</strong></span> <span class='ocrx_word' id='word_1_42' title='bbox 719 645 962 700; x_wconf 86' lang='lat' dir='ltr'><strong>scribens</strong></span> <span class='ocrx_word' id='word_1_43' title='bbox 996 643 1302 707; x_wconf 83' lang='lat' dir='ltr'><strong>historiam,</strong></span> <span class='ocrx_word' id='word_1_44' title='bbox 1355 655 1461 694; x_wconf 93' lang='lat' dir='ltr'><strong>non</strong></span> <span class='ocrx_word' id='word_1_45' title='bbox 1513 639 1828 710; x_wconf 77' lang='lat' dir='ltr'><strong>:egrotabat.</strong></span> <span class='ocrx_word' id='word_1_46' title='bbox 1863 636 1918 691; x_wconf 87' lang='lat' dir='ltr'><strong>In</strong></span> 
     </span>
    </p>
   </div>
   <div class='ocr_carea' id='block_1_8' title="bbox 351 729 1922 805">
    <p class='ocr_par' dir='ltr' id='par_1_8' title="bbox 351 729 1922 805">
     <span class='ocr_line' id='line_1_8' title="bbox 351 729 1922 805; baseline -0.005 -15"><span class='ocrx_word' id='word_1_47' title='bbox 351 736 595 790; x_wconf 81' lang='lat' dir='ltr'><strong>versibus</strong></span> <span class='ocrx_word' id='word_1_48' title='bbox 633 735 877 805; x_wconf 71' lang='lat' dir='ltr'><strong>prmdicti</strong></span> <span class='ocrx_word' id='word_1_49' title='bbox 919 732 1179 788; x_wconf 71' lang='lat' dir='ltr'><strong>olfertorii</strong></span> <span class='ocrx_word' id='word_1_50' title='bbox 1209 731 1553 800; x_wconf 85' lang='lat' dir='ltr'><strong>duplicantur</strong></span> <span class='ocrx_word' id='word_1_51' title='bbox 1598 730 1710 784; x_wconf 84' lang='lat' dir='ltr'><strong>sive</strong></span> <span class='ocrx_word' id='word_1_52' title='bbox 1749 729 1922 798; x_wconf 84' lang='lat' dir='ltr'><strong>tripli-</strong></span> 
     </span>
    </p>
   </div>
   <div class='ocr_carea' id='block_1_9' title="bbox 353 820 1922 896">
    <p class='ocr_par' dir='ltr' id='par_1_9' title="bbox 353 820 1922 896">
     <span class='ocr_line' id='line_1_9' title="bbox 353 820 1922 896; baseline -0.006 -13"><span class='ocrx_word' id='word_1_53' title='bbox 353 837 545 885; x_wconf 86' lang='lat' dir='ltr'><strong>cantur</strong></span> <span class='ocrx_word' id='word_1_54' title='bbox 582 842 646 882; x_wconf 91' lang='lat' dir='ltr'><strong>ac</strong></span> <span class='ocrx_word' id='word_1_55' title='bbox 673 826 1098 896; x_wconf 84' lang='lat' dir='ltr'><strong>multiplicantur</strong></span> <span class='ocrx_word' id='word_1_56' title='bbox 1126 823 1308 878; x_wconf 88' lang='lat' dir='ltr'><strong>verba.</strong></span> <span class='ocrx_word' id='word_1_57' title='bbox 1344 821 1443 876; x_wconf 92' lang='lat' dir='ltr'><strong>Job</strong></span> <span class='ocrx_word' id='word_1_58' title='bbox 1473 821 1574 875; x_wconf 82' lang='lat' dir='ltr'><strong>fuit</strong></span> <span class='ocrx_word' id='word_1_59' title='bbox 1605 820 1922 875; x_wconf 87' lang='lat' dir='ltr'><strong>mirabiliter</strong></span> 
     </span>
    </p>
   </div>
   <div class='ocr_carea' id='block_1_10' title="bbox 353 911 1923 992">
    <p class='ocr_par' dir='ltr' id='par_1_10' title="bbox 353 911 1923 992">
     <span class='ocr_line' id='line_1_10' title="bbox 353 911 1923 992; baseline -0.007 -18"><span class='ocrx_word' id='word_1_60' title='bbox 353 920 672 992; x_wconf 81' lang='lat' dir='ltr'><strong>ﬁagellatus,</strong></span> <span class='ocrx_word' id='word_1_61' title='bbox 701 927 755 974; x_wconf 92' lang='lat' dir='ltr'><strong>et</strong></span> <span class='ocrx_word' id='word_1_62' title='bbox 785 917 1102 972; x_wconf 82' lang='lat' dir='ltr'><strong>mirabiliter</strong></span> <span class='ocrx_word' id='word_1_63' title='bbox 1127 929 1190 968; x_wconf 93' lang='lat' dir='ltr'><strong>ac</strong></span> <span class='ocrx_word' id='word_1_64' title='bbox 1219 913 1567 982; x_wconf 75' lang='lat' dir='ltr'><strong>singulariter</strong></span> <span class='ocrx_word' id='word_1_65' title='bbox 1593 913 1737 966; x_wconf 90' lang='lat' dir='ltr'><strong>inter</strong></span> <span class='ocrx_word' id='word_1_66' title='bbox 1783 911 1923 964; x_wconf 91' lang='lat' dir='ltr'><strong>anti—</strong></span> 
     </span>
    </p>
   </div>
   <div class='ocr_carea' id='block_1_11' title="bbox 361 1003 1920 1082">
    <p class='ocr_par' dir='ltr' id='par_1_11' title="bbox 361 1003 1920 1082">
     <span class='ocr_line' id='line_1_11' title="bbox 361 1003 1920 1082; baseline -0.007 -16"><span class='ocrx_word' id='word_1_67' title='bbox 361 1026 497 1082; x_wconf 90' lang='lat' dir='ltr'><strong>quos</strong></span> <span class='ocrx_word' id='word_1_68' title='bbox 545 1011 729 1064; x_wconf 85' lang='lat' dir='ltr'><strong>Patres</strong></span> <span class='ocrx_word' id='word_1_69' title='bbox 768 1007 994 1062; x_wconf 88' lang='lat' dir='ltr'><strong>victoria</strong></span> <span class='ocrx_word' id='word_1_70' title='bbox 1035 1005 1306 1074; x_wconf 71' lang='lat' dir='ltr'><strong>patientia:</strong></span> <span class='ocrx_word' id='word_1_71' title='bbox 1348 1003 1613 1058; x_wconf 86' lang='lat' dir='ltr'><strong>laudatus.</strong></span> <span class='ocrx_word' id='word_1_72' title='bbox 1647 1003 1769 1056; x_wconf 85' lang='lat' dir='ltr'><strong>ideo</strong></span> <span class='ocrx_word' id='word_1_73' title='bbox 1815 1017 1920 1055; x_wconf 91' lang='lat' dir='ltr'><strong>non</strong></span> 
     </span>
    </p>
   </div>
   <div class='ocr_carea' id='block_1_12' title="bbox 364 1092 1922 1163">
    <p class='ocr_par' dir='ltr' id='par_1_12' title="bbox 364 1092 1922 1163">
     <span class='ocr_line' id='line_1_12' title="bbox 364 1092 1922 1163; baseline -0.006 -8"><span class='ocrx_word' id='word_1_74' title='bbox 364 1101 619 1155; x_wconf 83' lang='lat' dir='ltr'><strong>abhorret</strong></span> <span class='ocrx_word' id='word_1_75' title='bbox 647 1116 676 1154; x_wconf 91' lang='lat' dir='ltr'><strong>a</strong></span> <span class='ocrx_word' id='word_1_76' title='bbox 704 1113 852 1163; x_wconf 89' lang='lat' dir='ltr'><strong>vero,</strong></span> <span class='ocrx_word' id='word_1_77' title='bbox 895 1098 939 1152; x_wconf 87' lang='lat' dir='ltr'><strong>si</strong></span> <span class='ocrx_word' id='word_1_78' title='bbox 970 1096 1075 1150; x_wconf 92' lang='lat' dir='ltr'><strong>alio</strong></span> <span class='ocrx_word' id='word_1_79' title='bbox 1111 1097 1270 1150; x_wconf 90' lang='lat' dir='ltr'><strong>modo</strong></span> <span class='ocrx_word' id='word_1_80' title='bbox 1295 1095 1592 1163; x_wconf 89' lang='lat' dir='ltr'><strong>composita</strong></span> <span class='ocrx_word' id='word_1_81' title='bbox 1621 1092 1730 1146; x_wconf 90' lang='lat' dir='ltr'><strong>sint</strong></span> <span class='ocrx_word' id='word_1_82' title='bbox 1759 1093 1922 1147; x_wconf 88' lang='lat' dir='ltr'><strong>verba</strong></span> 
     </span>
    </p>
   </div>
   <div class='ocr_carea' id='block_1_13' title="bbox 363 1184 1922 1263">
    <p class='ocr_par' dir='ltr' id='par_1_13' title="bbox 363 1184 1922 1263">
     <span class='ocr_line' id='line_1_13' title="bbox 363 1184 1922 1263; baseline -0.006 -17"><span class='ocrx_word' id='word_1_83' title='bbox 363 1210 458 1247; x_wconf 90' lang='lat' dir='ltr'><strong>sua</strong></span> <span class='ocrx_word' id='word_1_84' title='bbox 507 1209 604 1263; x_wconf 90' lang='lat' dir='ltr'><strong>per</strong></span> <span class='ocrx_word' id='word_1_85' title='bbox 630 1207 754 1246; x_wconf 86' lang='lat' dir='ltr'><strong>suos</strong></span> <span class='ocrx_word' id='word_1_86' title='bbox 797 1205 1004 1254; x_wconf 87' lang='lat' dir='ltr'><strong>versus,</strong></span> <span class='ocrx_word' id='word_1_87' title='bbox 1039 1189 1090 1242; x_wconf 91' lang='lat' dir='ltr'><strong>in</strong></span> <span class='ocrx_word' id='word_1_88' title='bbox 1136 1188 1330 1257; x_wconf 88' lang='lat' dir='ltr'><strong>quibus</strong></span> <span class='ocrx_word' id='word_1_89' title='bbox 1372 1187 1484 1255; x_wconf 91' lang='lat' dir='ltr'><strong>ipse</strong></span> <span class='ocrx_word' id='word_1_90' title='bbox 1511 1187 1718 1240; x_wconf 90' lang='lat' dir='ltr'><strong>videtur</strong></span> <span class='ocrx_word' id='word_1_91' title='bbox 1755 1184 1922 1252; x_wconf 90' lang='lat' dir='ltr'><strong>loqui,</strong></span> 
     </span>
    </p>
   </div>
   <div class='ocr_carea' id='block_1_14' title="bbox 359 1279 1926 1354">
    <p class='ocr_par' dir='ltr' id='par_1_14' title="bbox 359 1279 1926 1354">
     <span class='ocr_line' id='line_1_14' title="bbox 359 1279 1926 1354; baseline -0.004 -16"><span class='ocrx_word' id='word_1_92' title='bbox 359 1301 517 1354; x_wconf 82' lang='lat' dir='ltr'><strong>quam</strong></span> <span class='ocrx_word' id='word_1_93' title='bbox 547 1295 863 1340; x_wconf 73' lang='lat' dir='ltr'><strong>caeterorum</strong></span> <span class='ocrx_word' id='word_1_94' title='bbox 903 1297 1173 1336; x_wconf 81' lang='lat' dir='ltr'><strong>versuum.</strong></span> <span class='ocrx_word' id='word_1_95' title='bbox 1203 1280 1304 1334; x_wconf 90' lang='lat' dir='ltr'><strong>Job</strong></span> <span class='ocrx_word' id='word_1_96' title='bbox 1335 1281 1474 1334; x_wconf 91' lang='lat' dir='ltr'><strong>sicut</strong></span> <span class='ocrx_word' id='word_1_97' title='bbox 1503 1279 1708 1334; x_wconf 88' lang='lat' dir='ltr'><strong>cithara</strong></span> <span class='ocrx_word' id='word_1_98' title='bbox 1734 1293 1926 1347; x_wconf 91' lang='lat' dir='ltr'><strong>percu-</strong></span> 
     </span>
    </p>
   </div>
   <div class='ocr_carea' id='block_1_15' title="bbox 353 1368 1926 1437">
    <p class='ocr_par' dir='ltr' id='par_1_15' title="bbox 353 1368 1926 1437">
     <span class='ocr_line' id='line_1_15' title="bbox 353 1368 1926 1437; baseline -0.006 -9"><span class='ocrx_word' id='word_1_99' title='bbox 353 1377 606 1437; x_wconf 88' lang='lat' dir='ltr'><strong>tiehatur,</strong></span> <span class='ocrx_word' id='word_1_100' title='bbox 640 1375 694 1429; x_wconf 87' lang='lat' dir='ltr'><strong>id</strong></span> <span class='ocrx_word' id='word_1_101' title='bbox 722 1382 826 1436; x_wconf 89' lang='lat' dir='ltr'><strong>est,</strong></span> <span class='ocrx_word' id='word_1_102' title='bbox 855 1373 963 1428; x_wconf 90' lang='lat' dir='ltr'><strong>cita</strong></span> <span class='ocrx_word' id='word_1_103' title='bbox 988 1371 1272 1427; x_wconf 87' lang='lat' dir='ltr'><strong>iteratione</strong></span> <span class='ocrx_word' id='word_1_104' title='bbox 1295 1369 1450 1424; x_wconf 93' lang='lat' dir='ltr'><strong>dolor</strong></span> <span class='ocrx_word' id='word_1_105' title='bbox 1471 1368 1710 1423; x_wconf 89' lang='lat' dir='ltr'><strong>dolorem</strong></span> <span class='ocrx_word' id='word_1_106' title='bbox 1735 1382 1926 1436; x_wconf 88' lang='lat' dir='ltr'><strong>seque-</strong></span> 
     </span>
    </p>
   </div>
   <div class='ocr_carea' id='block_1_16' title="bbox 357 1458 1927 1528">
    <p class='ocr_par' dir='ltr' id='par_1_16' title="bbox 357 1458 1927 1528">
     <span class='ocr_line' id='line_1_16' title="bbox 357 1458 1927 1528; baseline -0.005 -10"><span class='ocrx_word' id='word_1_107' title='bbox 357 1467 534 1528; x_wconf 87' lang='lat' dir='ltr'><strong>batur,</strong></span> <span class='ocrx_word' id='word_1_108' title='bbox 551 1464 744 1518; x_wconf 86' lang='lat' dir='ltr'><strong>vulnus</strong></span> <span class='ocrx_word' id='word_1_109' title='bbox 760 1463 968 1517; x_wconf 84' lang='lat' dir='ltr'><strong>vulnus.</strong></span> <span class='ocrx_word' id='word_1_110' title='bbox 984 1461 1254 1516; x_wconf 61' lang='lat' dir='ltr'><strong>Praasente</strong></span> <span class='ocrx_word' id='word_1_111' title='bbox 1268 1459 1598 1528; x_wconf 84' lang='lat' dir='ltr'><strong>nugigerulo,</strong></span> <span class='ocrx_word' id='word_1_112' title='bbox 1617 1458 1753 1512; x_wconf 87' lang='lat' dir='ltr'><strong>alter</strong></span> <span class='ocrx_word' id='word_1_113' title='bbox 1765 1459 1927 1511; x_wconf 84' lang='lat' dir='ltr'><strong>intra-</strong></span> 
     </span>
    </p>
   </div>
   <div class='ocr_carea' id='block_1_17' title="bbox 355 1549 1927 1621">
    <p class='ocr_par' dir='ltr' id='par_1_17' title="bbox 355 1549 1927 1621">
     <span class='ocr_line' id='line_1_17' title="bbox 355 1549 1927 1621; baseline -0.003 -14"><span class='ocrx_word' id='word_1_114' title='bbox 355 1553 744 1608; x_wconf 78' lang='lat' dir='ltr'><strong>bat.Convicto</strong></span> <span class='ocrx_word' id='word_1_115' title='bbox 769 1568 876 1608; x_wconf 92' lang='lat' dir='ltr'><strong>uno</strong></span> <span class='ocrx_word' id='word_1_116' title='bbox 904 1567 1030 1619; x_wconf 88' lang='lat' dir='ltr'><strong>rege</strong></span> <span class='ocrx_word' id='word_1_117' title='bbox 1051 1550 1368 1621; x_wconf 90' lang='lat' dir='ltr'><strong>objurgante</strong></span> <span class='ocrx_word' id='word_1_118' title='bbox 1399 1550 1636 1615; x_wconf 87' lang='lat' dir='ltr'><strong>se,illico</strong></span> <span class='ocrx_word' id='word_1_119' title='bbox 1654 1549 1787 1602; x_wconf 83' lang='lat' dir='ltr'><strong>alter</strong></span> <span class='ocrx_word' id='word_1_120' title='bbox 1806 1563 1927 1603; x_wconf 92' lang='lat' dir='ltr'><strong>suc-</strong></span> 
     </span>
    </p>
   </div>
   <div class='ocr_carea' id='block_1_18' title="bbox 355 1639 1928 1712">
    <p class='ocr_par' dir='ltr' id='par_1_18' title="bbox 355 1639 1928 1712">
     <span class='ocr_line' id='line_1_18' title="bbox 355 1639 1928 1712; baseline -0.004 -14"><span class='ocrx_word' id='word_1_121' title='bbox 355 1643 598 1698; x_wconf 85' lang='lat' dir='ltr'><strong>cedebat.</strong></span> <span class='ocrx_word' id='word_1_122' title='bbox 629 1642 900 1712; x_wconf 81' lang='lat' dir='ltr'><strong>Multiplex</strong></span> <span class='ocrx_word' id='word_1_123' title='bbox 931 1641 1032 1697; x_wconf 79' lang='lat' dir='ltr'><strong>fuit</strong></span> <span class='ocrx_word' id='word_1_124' title='bbox 1051 1642 1167 1710; x_wconf 81' lang='lat' dir='ltr'><strong>ejus</strong></span> <span class='ocrx_word' id='word_1_125' title='bbox 1192 1641 1365 1706; x_wconf 89' lang='lat' dir='ltr'><strong>dolor,</strong></span> <span class='ocrx_word' id='word_1_126' title='bbox 1395 1649 1450 1695; x_wconf 90' lang='lat' dir='ltr'><strong>et</strong></span> <span class='ocrx_word' id='word_1_127' title='bbox 1469 1641 1764 1695; x_wconf 90' lang='lat' dir='ltr'><strong>secundum</strong></span> <span class='ocrx_word' id='word_1_128' title='bbox 1791 1639 1928 1694; x_wconf 88' lang='lat' dir='ltr'><strong>mul-</strong></span> 
     </span>
    </p>
   </div>
   <div class='ocr_carea' id='block_1_19' title="bbox 2023 462 3601 533">
    <p class='ocr_par' dir='ltr' id='par_1_19' title="bbox 2023 462 3601 533">
     <span class='ocr_line' id='line_1_19' title="bbox 2023 462 3601 533; baseline 0.004 -18"><span class='ocrx_word' id='word_1_129' title='bbox 2023 463 2269 517; x_wconf 83' lang='lat' dir='ltr'><strong>Ezechiel</strong></span> <span class='ocrx_word' id='word_1_130' title='bbox 2295 463 2556 532; x_wconf 83' lang='lat' dir='ltr'><strong>prepheta</strong></span> <span class='ocrx_word' id='word_1_131' title='bbox 2603 463 2656 516; x_wconf 91' lang='lat' dir='ltr'><strong>in</strong></span> <span class='ocrx_word' id='word_1_132' title='bbox 2693 462 2920 531; x_wconf 76' lang='lat' dir='ltr'><strong>mystica</strong></span> <span class='ocrx_word' id='word_1_133' title='bbox 2963 463 3147 533; x_wconf 86' lang='lat' dir='ltr'><strong>templi</strong></span> <span class='ocrx_word' id='word_1_134' title='bbox 3175 464 3382 520; x_wconf 84' lang='lat' dir='ltr'><strong>visione</strong></span> <span class='ocrx_word' id='word_1_135' title='bbox 3417 467 3554 521; x_wconf 88' lang='lat' dir='ltr'><strong>dicit</strong></span> <span class='ocrx_word' id='word_1_136' title='bbox 3585 487 3601 520; x_wconf 87' lang='lat'>:</span> 
     </span>
    </p>
   </div>
   <div class='ocr_carea' id='block_1_20' title="bbox 2023 551 3604 622">
    <p class='ocr_par' dir='ltr' id='par_1_20' title="bbox 2023 551 3604 622">
     <span class='ocr_line' id='line_1_20' title="bbox 2023 551 3604 622; baseline 0.004 -17"><span class='ocrx_word' id='word_1_137' title='bbox 2023 551 2092 605; x_wconf 83' lang='lat' dir='ltr'><strong>Et</strong></span> <span class='ocrx_word' id='word_1_138' title='bbox 2129 553 2185 606; x_wconf 86' lang='lat' dir='ltr'><strong>in</strong></span> <span class='ocrx_word' id='word_1_139' title='bbox 2226 562 2340 605; x_wconf 86' lang='lat' dir='ltr'><strong>octo</strong></span> <span class='ocrx_word' id='word_1_140' title='bbox 2365 552 2614 621; x_wconf 77' lang='lat' dir='ltr'><strong>gradibus</strong></span> <span class='ocrx_word' id='word_1_141' title='bbox 2649 554 2894 606; x_wconf 70' lang='lat' dir='ltr'><strong>ascensus</strong></span> <span class='ocrx_word' id='word_1_142' title='bbox 2924 552 3040 621; x_wconf 87' lang='lat' dir='ltr'><strong>ejus</strong></span> <span class='ocrx_word' id='word_1_143' title='bbox 3094 551 3313 622; x_wconf 77' lang='lat' dir='ltr'><strong>(Ezech.</strong></span> <span class='ocrx_word' id='word_1_144' title='bbox 3362 571 3451 621; x_wconf 64' lang='grc' dir='ltr'><strong>ιι,</strong></span> <span class='ocrx_word' id='word_1_145' title='bbox 3502 557 3604 622; x_wconf 71' lang='grc'><strong>54,</strong></span> 
     </span>
    </p>
   </div>
   <div class='ocr_carea' id='block_1_21' title="bbox 2021 643 3607 716">
    <p class='ocr_par' dir='ltr' id='par_1_21' title="bbox 2021 643 3607 716">
     <span class='ocr_line' id='line_1_21' title="bbox 2021 643 3607 716; baseline 0.004 -19"><span class='ocrx_word' id='word_1_146' title='bbox 2021 643 2130 714; x_wconf 77' lang='grc'><strong>57).</strong></span> <span class='ocrx_word' id='word_1_147' title='bbox 2169 643 2320 698; x_wconf 81' lang='lat' dir='ltr'><strong>Nunc</strong></span> <span class='ocrx_word' id='word_1_148' title='bbox 2359 643 2647 698; x_wconf 88' lang='lat' dir='ltr'><strong>dicendum</strong></span> <span class='ocrx_word' id='word_1_149' title='bbox 2683 652 2767 698; x_wconf 89' lang='lat' dir='ltr'><strong>est</strong></span> <span class='ocrx_word' id='word_1_150' title='bbox 2802 644 2866 698; x_wconf 90' lang='lat' dir='ltr'><strong>de</strong></span> <span class='ocrx_word' id='word_1_151' title='bbox 2897 643 3146 714; x_wconf 75' lang='lat' dir='ltr'><strong>singulis,</strong></span> <span class='ocrx_word' id='word_1_152' title='bbox 3177 653 3235 700; x_wconf 89' lang='lat' dir='ltr'><strong>et</strong></span> <span class='ocrx_word' id='word_1_153' title='bbox 3265 647 3395 716; x_wconf 91' lang='lat' dir='ltr'><strong>quid</strong></span> <span class='ocrx_word' id='word_1_154' title='bbox 3436 647 3607 704; x_wconf 74' lang='lat' dir='ltr'><strong>ofﬁcii</strong></span> 
     </span>
    </p>
   </div>
   <div class='ocr_carea' id='block_1_22' title="bbox 2021 734 2982 798">
    <p class='ocr_par' dir='ltr' id='par_1_22' title="bbox 2021 734 2982 798">
     <span class='ocr_line' id='line_1_22' title="bbox 2021 734 2982 798; baseline 0 -10"><span class='ocrx_word' id='word_1_155' title='bbox 2021 735 2302 798; x_wconf 87' lang='lat' dir='ltr'><strong>baberent,</strong></span> <span class='ocrx_word' id='word_1_156' title='bbox 2333 734 2573 788; x_wconf 88' lang='lat' dir='ltr'><strong>breviter</strong></span> <span class='ocrx_word' id='word_1_157' title='bbox 2602 734 2982 790; x_wconf 87' lang='lat' dir='ltr'><strong>intimandum.</strong></span> 
     </span>
    </p>
   </div>
   <div class='ocr_carea' id='block_1_23' title="bbox 2095 814 3609 899">
    <p class='ocr_par' dir='ltr' id='par_1_23' title="bbox 2095 814 3609 899">
     <span class='ocr_line' id='line_1_23' title="bbox 2095 814 3609 899; baseline 0.004 -19"><span class='ocrx_word' id='word_1_158' title='bbox 2095 825 2314 880; x_wconf 83' lang='lat' dir='ltr'><strong>Ostiarii</strong></span> <span class='ocrx_word' id='word_1_159' title='bbox 2342 833 2516 890; x_wconf 90' lang='lat' dir='ltr'><strong>erant,</strong></span> <span class='ocrx_word' id='word_1_160' title='bbox 2547 827 2639 895; x_wconf 90' lang='lat' dir='ltr'><strong>qui</strong></span> <span class='ocrx_word' id='word_1_161' title='bbox 2661 814 2717 880; x_wconf 81' lang='lat' dir='ltr'><strong>et</strong></span> <span class='ocrx_word' id='word_1_162' title='bbox 2735 827 2914 881; x_wconf 59' lang='lat' dir='ltr'><strong>aeditui</strong></span> <span class='ocrx_word' id='word_1_163' title='bbox 2941 827 3027 883; x_wconf 89' lang='lat' dir='ltr'><strong>vel</strong></span> <span class='ocrx_word' id='word_1_164' title='bbox 3045 827 3310 899; x_wconf 87' lang='lat' dir='ltr'><strong>janitores</strong></span> <span class='ocrx_word' id='word_1_165' title='bbox 3338 831 3609 886; x_wconf 85' lang='lat' dir='ltr'><strong>vocaban-</strong></span> 
     </span>
    </p>
   </div>
   <div class='ocr_carea' id='block_1_24' title="bbox 2022 919 3610 995">
    <p class='ocr_par' dir='ltr' id='par_1_24' title="bbox 2022 919 3610 995">
     <span class='ocr_line' id='line_1_24' title="bbox 2022 919 3610 995; baseline 0.003 -21"><span class='ocrx_word' id='word_1_166' title='bbox 2022 927 2130 974; x_wconf 89' lang='lat' dir='ltr'><strong>tur.</strong></span> <span class='ocrx_word' id='word_1_167' title='bbox 2183 919 2272 984; x_wconf 81' lang='lat' dir='ltr'><strong>Hi,</strong></span> <span class='ocrx_word' id='word_1_168' title='bbox 2305 927 2368 973; x_wconf 91' lang='lat' dir='ltr'><strong>ut</strong></span> <span class='ocrx_word' id='word_1_169' title='bbox 2407 920 2461 973; x_wconf 92' lang='lat' dir='ltr'><strong>in</strong></span> <span class='ocrx_word' id='word_1_170' title='bbox 2493 920 2630 974; x_wconf 90' lang='lat' dir='ltr'><strong>libro</strong></span> <span class='ocrx_word' id='word_1_171' title='bbox 2672 919 3120 990; x_wconf 86' lang='lat' dir='ltr'><strong>Paralipomenon</strong></span> <span class='ocrx_word' id='word_1_172' title='bbox 3162 923 3362 995; x_wconf 83' lang='lat' dir='ltr'><strong>legitur</strong></span> <span class='ocrx_word' id='word_1_173' title='bbox 3393 943 3405 978; x_wconf 91' lang='lat'><strong>:</strong></span> <span class='ocrx_word' id='word_1_174' title='bbox 3433 925 3610 979; x_wconf 73' lang='lat' dir='ltr'><strong>Erant</strong></span> 
     </span>
    </p>
   </div>
   <div class='ocr_carea' id='block_1_25' title="bbox 2021 1009 3610 1085">
    <p class='ocr_par' dir='ltr' id='par_1_25' title="bbox 2021 1009 3610 1085">
     <span class='ocr_line' id='line_1_25' title="bbox 2021 1009 3610 1085; baseline 0.004 -23"><span class='ocrx_word' id='word_1_175' title='bbox 2021 1024 2176 1078; x_wconf 81' lang='lat' dir='ltr'><strong>super</strong></span> <span class='ocrx_word' id='word_1_176' title='bbox 2205 1009 2424 1062; x_wconf 77' lang='lat' dir='ltr'><strong>exedras</strong></span> <span class='ocrx_word' id='word_1_177' title='bbox 2453 1017 2501 1062; x_wconf 86' lang='lat' dir='ltr'><strong>et</strong></span> <span class='ocrx_word' id='word_1_178' title='bbox 2527 1009 2797 1063; x_wconf 84' lang='lat' dir='ltr'><strong>thesauros</strong></span> <span class='ocrx_word' id='word_1_179' title='bbox 2830 1010 3016 1064; x_wconf 87' lang='lat' dir='ltr'><strong>domus</strong></span> <span class='ocrx_word' id='word_1_180' title='bbox 3059 1012 3292 1078; x_wconf 79' lang='lat' dir='ltr'><strong>Domini,</strong></span> <span class='ocrx_word' id='word_1_181' title='bbox 3323 1025 3369 1068; x_wconf 85' lang='lat' dir='ltr'><strong>et</strong></span> <span class='ocrx_word' id='word_1_182' title='bbox 3394 1031 3488 1085; x_wconf 83' lang='lat' dir='ltr'><strong>per</strong></span> <span class='ocrx_word' id='word_1_183' title='bbox 3511 1033 3610 1084; x_wconf 76' lang='lat' dir='ltr'><strong>gy-</strong></span> 
     </span>
    </p>
   </div>
   <div class='ocr_carea' id='block_1_26' title="bbox 2024 1098 3606 1173">
    <p class='ocr_par' dir='ltr' id='par_1_26' title="bbox 2024 1098 3606 1173">
     <span class='ocr_line' id='line_1_26' title="bbox 2024 1098 3606 1173; baseline 0.003 -21"><span class='ocrx_word' id='word_1_184' title='bbox 2024 1116 2139 1152; x_wconf 83' lang='lat' dir='ltr'><strong>rum</strong></span> <span class='ocrx_word' id='word_1_185' title='bbox 2169 1098 2508 1152; x_wconf 82' lang='lat' dir='ltr'><strong>morabantur</strong></span> <span class='ocrx_word' id='word_1_186' title='bbox 2531 1101 2586 1152; x_wconf 79' lang='lat' dir='ltr'><strong>in</strong></span> <span class='ocrx_word' id='word_1_187' title='bbox 2608 1100 2856 1154; x_wconf 71' lang='lat' dir='ltr'><strong>custodiis</strong></span> <span class='ocrx_word' id='word_1_188' title='bbox 2887 1103 2998 1155; x_wconf 84' lang='lat' dir='ltr'><strong>suis</strong></span> <span class='ocrx_word' id='word_1_189' title='bbox 3020 1099 3231 1173; x_wconf 90' lang='lat' dir='ltr'><strong>(Paral.</strong></span> <span class='ocrx_word' id='word_1_190' title='bbox 3264 1120 3342 1167; x_wconf 80' lang='lat' dir='ltr'><strong>Ix,</strong></span> <span class='ocrx_word' id='word_1_191' title='bbox 3365 1104 3454 1169; x_wconf 74' lang='lat'><strong>26,</strong></span> <span class='ocrx_word' id='word_1_192' title='bbox 3485 1106 3606 1172; x_wconf 76' lang='lat'><strong>27),</strong></span> 
     </span>
    </p>
   </div>
   <div class='ocr_carea' id='block_1_27' title="bbox 2023 1189 3596 1263">
    <p class='ocr_par' dir='ltr' id='par_1_27' title="bbox 2023 1189 3596 1263">
     <span class='ocr_line' id='line_1_27' title="bbox 2023 1189 3596 1263; baseline 0.003 -20"><span class='ocrx_word' id='word_1_193' title='bbox 2023 1189 2376 1244; x_wconf 82' lang='lat' dir='ltr'><strong>observantes</strong></span> <span class='ocrx_word' id='word_1_194' title='bbox 2429 1197 2490 1243; x_wconf 90' lang='lat' dir='ltr'><strong>ut</strong></span> <span class='ocrx_word' id='word_1_195' title='bbox 2531 1189 2710 1243; x_wconf 88' lang='lat' dir='ltr'><strong>nullus</strong></span> <span class='ocrx_word' id='word_1_196' title='bbox 2759 1190 3067 1247; x_wconf 87' lang='lat' dir='ltr'><strong>immundus</strong></span> <span class='ocrx_word' id='word_1_197' title='bbox 3095 1193 3351 1263; x_wconf 88' lang='lat' dir='ltr'><strong>templum</strong></span> <span class='ocrx_word' id='word_1_198' title='bbox 3392 1195 3487 1249; x_wconf 90' lang='lat' dir='ltr'><strong>Dei</strong></span> <span class='ocrx_word' id='word_1_199' title='bbox 3517 1196 3596 1250; x_wconf 85' lang='lat' dir='ltr'><strong>in-</strong></span> 
     </span>
    </p>
   </div>
   <div class='ocr_carea' id='block_1_28' title="bbox 2027 1288 2214 1335">
    <p class='ocr_par' dir='ltr' id='par_1_28' title="bbox 2027 1288 2214 1335">
     <span class='ocr_line' id='line_1_28' title="bbox 2027 1288 2214 1335; baseline 0.005 -2"><span class='ocrx_word' id='word_1_200' title='bbox 2027 1288 2214 1335; x_wconf 87' lang='lat' dir='ltr'><strong>traret.</strong></span> 
     </span>
    </p>
   </div>
   <div class='ocr_carea' id='block_1_29' title="bbox 2095 1371 3608 1446">
    <p class='ocr_par' dir='ltr' id='par_1_29' title="bbox 2095 1371 3608 1446">
     <span class='ocr_line' id='line_1_29' title="bbox 2095 1371 3608 1446; baseline 0.004 -21"><span class='ocrx_word' id='word_1_201' title='bbox 2095 1371 2369 1426; x_wconf 86' lang='lat' dir='ltr'><strong>Lectorum</strong></span> <span class='ocrx_word' id='word_1_202' title='bbox 2419 1373 2553 1427; x_wconf 89' lang='lat' dir='ltr'><strong>ordo</strong></span> <span class='ocrx_word' id='word_1_203' title='bbox 2603 1371 2836 1428; x_wconf 85' lang='lat' dir='ltr'><strong>formam</strong></span> <span class='ocrx_word' id='word_1_204' title='bbox 2885 1383 2941 1428; x_wconf 88' lang='lat' dir='ltr'><strong>et</strong></span> <span class='ocrx_word' id='word_1_205' title='bbox 2989 1374 3200 1429; x_wconf 90' lang='lat' dir='ltr'><strong>initium</strong></span> <span class='ocrx_word' id='word_1_206' title='bbox 3249 1391 3281 1429; x_wconf 91' lang='lat' dir='ltr'><strong>a</strong></span> <span class='ocrx_word' id='word_1_207' title='bbox 3325 1377 3608 1446; x_wconf 83' lang='lat' dir='ltr'><strong>prophetis</strong></span> 
     </span>
    </p>
   </div>
   <div class='ocr_carea' id='block_1_30' title="bbox 2026 1461 3603 1536">
    <p class='ocr_par' dir='ltr' id='par_1_30' title="bbox 2026 1461 3603 1536">
     <span class='ocr_line' id='line_1_30' title="bbox 2026 1461 3603 1536; baseline 0.002 -19"><span class='ocrx_word' id='word_1_208' title='bbox 2026 1461 2254 1535; x_wconf 86' lang='lat' dir='ltr'><strong>accepit.</strong></span> <span class='ocrx_word' id='word_1_209' title='bbox 2300 1461 2437 1515; x_wconf 90' lang='lat' dir='ltr'><strong>Sunt</strong></span> <span class='ocrx_word' id='word_1_210' title='bbox 2466 1461 2630 1532; x_wconf 90' lang='lat' dir='ltr'><strong>igitur</strong></span> <span class='ocrx_word' id='word_1_211' title='bbox 2653 1463 2903 1528; x_wconf 89' lang='lat' dir='ltr'><strong>lectores,</strong></span> <span class='ocrx_word' id='word_1_212' title='bbox 2935 1465 3027 1534; x_wconf 86' lang='lat' dir='ltr'><strong>qui</strong></span> <span class='ocrx_word' id='word_1_213' title='bbox 3055 1465 3280 1524; x_wconf 70' lang='lat' dir='ltr'><strong>verbum</strong></span> <span class='ocrx_word' id='word_1_214' title='bbox 3318 1466 3411 1520; x_wconf 89' lang='lat' dir='ltr'><strong>Dei</strong></span> <span class='ocrx_word' id='word_1_215' title='bbox 3462 1482 3603 1536; x_wconf 64' lang='lat' dir='ltr'><strong>prae-</strong></span> 
     </span>
    </p>
   </div>
   <div class='ocr_carea' id='block_1_31' title="bbox 2027 1548 3604 1624">
    <p class='ocr_par' dir='ltr' id='par_1_31' title="bbox 2027 1548 3604 1624">
     <span class='ocr_line' id='line_1_31' title="bbox 2027 1548 3604 1624; baseline 0.003 -20"><span class='ocrx_word' id='word_1_216' title='bbox 2027 1550 2228 1615; x_wconf 89' lang='lat' dir='ltr'><strong>dicant,</strong></span> <span class='ocrx_word' id='word_1_217' title='bbox 2306 1548 2503 1618; x_wconf 87' lang='lat' dir='ltr'><strong>quibus</strong></span> <span class='ocrx_word' id='word_1_218' title='bbox 2556 1549 3026 1618; x_wconf 88' lang='lat' dir='ltr'><strong>dicitur:Clama,</strong></span> <span class='ocrx_word' id='word_1_219' title='bbox 3097 1569 3159 1608; x_wconf 81' lang='lat' dir='ltr'><strong>ne</strong></span> <span class='ocrx_word' id='word_1_220' title='bbox 3217 1559 3604 1624; x_wconf 79' lang='lat' dir='ltr'><strong>cesses:quasi</strong></span> 
     </span>
    </p>
   </div>
   <div class='ocr_carea' id='block_1_32' title="bbox 2027 1638 3189 1713">
    <p class='ocr_par' dir='ltr' id='par_1_32' title="bbox 2027 1638 3189 1713">
     <span class='ocr_line' id='line_1_32' title="bbox 2027 1638 3189 1713; baseline 0.003 -20"><span class='ocrx_word' id='word_1_221' title='bbox 2027 1639 2151 1693; x_wconf 79' lang='lat' dir='ltr'><strong>tuba</strong></span> <span class='ocrx_word' id='word_1_222' title='bbox 2185 1638 2360 1692; x_wconf 75' lang='lat' dir='ltr'><strong>exulta</strong></span> <span class='ocrx_word' id='word_1_223' title='bbox 2387 1655 2558 1694; x_wconf 81' lang='lat' dir='ltr'><strong>vocem</strong></span> <span class='ocrx_word' id='word_1_224' title='bbox 2583 1649 2728 1694; x_wconf 87' lang='lat' dir='ltr'><strong>tuam</strong></span> <span class='ocrx_word' id='word_1_225' title='bbox 2765 1640 2899 1711; x_wconf 87' lang='lat' dir='ltr'><strong>(Isa.</strong></span> <span class='ocrx_word' id='word_1_226' title='bbox 2928 1657 3081 1706; x_wconf 82' lang='lat' dir='ltr'><strong>Lvm,</strong></span> <span class='ocrx_word' id='word_1_227' title='bbox 3115 1642 3189 1713; x_wconf 82' lang='lat' dir='ltr'><strong>l).</strong></span> 
     </span>
    </p>
   </div>
   <div class='ocr_carea' id='block_1_33' title="bbox 353 1712 3606 1806">
    <p class='ocr_par' dir='ltr' id='par_1_33' title="bbox 353 1712 3606 1806">
     <span class='ocr_line' id='line_1_33' title="bbox 353 1712 3606 1806; baseline -0.001 -15"><span class='ocrx_word' id='word_1_228' title='bbox 353 1735 639 1792; x_wconf 88' lang='lat' dir='ltr'><strong>titudinem</strong></span> <span class='ocrx_word' id='word_1_229' title='bbox 669 1734 890 1799; x_wconf 85' lang='lat' dir='ltr'><strong>doloris,</strong></span> <span class='ocrx_word' id='word_1_230' title='bbox 915 1734 1184 1788; x_wconf 88' lang='lat' dir='ltr'><strong>anhelitus</strong></span> <span class='ocrx_word' id='word_1_231' title='bbox 1213 1733 1470 1788; x_wconf 89' lang='lat' dir='ltr'><strong>deﬁciens</strong></span> <span class='ocrx_word' id='word_1_232' title='bbox 1493 1733 1686 1804; x_wconf 79' lang='lat' dir='ltr'><strong>saepius</strong></span> <span class='ocrx_word' id='word_1_233' title='bbox 1716 1742 1925 1802; x_wconf 85' lang='lat' dir='ltr'><strong>repete—</strong></span> <span class='ocrx_word' id='word_1_234' title='bbox 1957 1712 2003 1772; x_wconf 76' lang='grc' dir='ltr'><strong>Β</strong></span> <span class='ocrx_word' id='word_1_235' title='bbox 2099 1727 2393 1782; x_wconf 73' lang='lat' dir='ltr'><strong>Exorcittw</strong></span> <span class='ocrx_word' id='word_1_236' title='bbox 2439 1737 2613 1794; x_wconf 86' lang='lat' dir='ltr'><strong>erant,</strong></span> <span class='ocrx_word' id='word_1_237' title='bbox 2649 1731 2741 1800; x_wconf 88' lang='lat' dir='ltr'><strong>qui</strong></span> <span class='ocrx_word' id='word_1_238' title='bbox 2769 1731 3107 1797; x_wconf 83' lang='lat' dir='ltr'><strong>exorcismis,</strong></span> <span class='ocrx_word' id='word_1_239' title='bbox 3137 1712 3191 1788; x_wconf 90' lang='lat' dir='ltr'><strong>id</strong></span> <span class='ocrx_word' id='word_1_240' title='bbox 3238 1742 3344 1800; x_wconf 92' lang='lat' dir='ltr'><strong>est,</strong></span> <span class='ocrx_word' id='word_1_241' title='bbox 3390 1735 3606 1806; x_wconf 82' lang='lat' dir='ltr'><strong>adjura-</strong></span> 
     </span>
    </p>
   </div>
   <div class='ocr_carea' id='block_1_34' title="bbox 354 1819 3604 1894">
    <p class='ocr_par' dir='ltr' id='par_1_34' title="bbox 354 1819 3604 1894">
     <span class='ocr_line' id='line_1_34' title="bbox 354 1819 3604 1894; baseline 0.001 -13"><span class='ocrx_word' id='word_1_242' title='bbox 354 1827 466 1881; x_wconf 88' lang='lat' dir='ltr'><strong>bat.</strong></span> <span class='ocrx_word' id='word_1_243' title='bbox 502 1824 648 1879; x_wconf 86' lang='lat' dir='ltr'><strong>Solet</strong></span> <span class='ocrx_word' id='word_1_244' title='bbox 672 1824 815 1878; x_wconf 91' lang='lat' dir='ltr'><strong>enim</strong></span> <span class='ocrx_word' id='word_1_245' title='bbox 843 1832 1033 1878; x_wconf 90' lang='lat' dir='ltr'><strong>auctor</strong></span> <span class='ocrx_word' id='word_1_246' title='bbox 1066 1824 1424 1893; x_wconf 87' lang='lat' dir='ltr'><strong>antiphonarii</strong></span> <span class='ocrx_word' id='word_1_247' title='bbox 1462 1833 1554 1877; x_wconf 90' lang='lat' dir='ltr'><strong>aut</strong></span> <span class='ocrx_word' id='word_1_248' title='bbox 1581 1824 1927 1878; x_wconf 89' lang='lat' dir='ltr'><strong>distinctione</strong></span> <span class='ocrx_word' id='word_1_249' title='bbox 2026 1819 2263 1874; x_wconf 89' lang='lat' dir='ltr'><strong>tionibus</strong></span> <span class='ocrx_word' id='word_1_250' title='bbox 2292 1835 2323 1873; x_wconf 89' lang='lat' dir='ltr'><strong>a</strong></span> <span class='ocrx_word' id='word_1_251' title='bbox 2360 1819 2648 1876; x_wconf 89' lang='lat' dir='ltr'><strong>Salomone</strong></span> <span class='ocrx_word' id='word_1_252' title='bbox 2677 1825 3006 1894; x_wconf 90' lang='lat' dir='ltr'><strong>compositis,</strong></span> <span class='ocrx_word' id='word_1_253' title='bbox 3049 1826 3322 1883; x_wconf 62' lang='lat' dir='ltr'><strong>dmmones</strong></span> <span class='ocrx_word' id='word_1_254' title='bbox 3351 1825 3426 1883; x_wconf 67' lang='lat' dir='ltr'><strong>ab&#39;</strong></span> <span class='ocrx_word' id='word_1_255' title='bbox 3447 1843 3604 1883; x_wconf 84' lang='lat' dir='ltr'><strong>ener-</strong></span> 
     </span>
    </p>
   </div>
   <div class='ocr_carea' id='block_1_35' title="bbox 353 1909 3608 1986">
    <p class='ocr_par' dir='ltr' id='par_1_35' title="bbox 353 1909 3608 1986">
     <span class='ocr_line' id='line_1_35' title="bbox 353 1909 3608 1986; baseline 0.002 -15"><span class='ocrx_word' id='word_1_256' title='bbox 353 1925 565 1977; x_wconf 86' lang='lat' dir='ltr'><strong>cantus,</strong></span> <span class='ocrx_word' id='word_1_257' title='bbox 616 1924 708 1970; x_wconf 89' lang='lat' dir='ltr'><strong>aut</strong></span> <span class='ocrx_word' id='word_1_258' title='bbox 752 1915 1100 1970; x_wconf 83' lang='lat' dir='ltr'><strong>distinetione</strong></span> <span class='ocrx_word' id='word_1_259' title='bbox 1145 1915 1370 1979; x_wconf 88' lang='lat' dir='ltr'><strong>ordinis,</strong></span> <span class='ocrx_word' id='word_1_260' title='bbox 1421 1915 1628 1968; x_wconf 89' lang='lat' dir='ltr'><strong>varium</strong></span> <span class='ocrx_word' id='word_1_261' title='bbox 1675 1913 1927 1968; x_wconf 72' lang='lat' dir='ltr'><strong>allectum</strong></span> <span class='ocrx_word' id='word_1_262' title='bbox 2028 1909 2275 1980; x_wconf 85' lang='lat' dir='ltr'><strong>gumenis</strong></span> <span class='ocrx_word' id='word_1_263' title='bbox 2327 1909 2651 1981; x_wconf 80' lang='lat' dir='ltr'><strong>elfugabant,</strong></span> <span class='ocrx_word' id='word_1_264' title='bbox 2709 1915 2896 1983; x_wconf 87' lang='lat' dir='ltr'><strong>quales</strong></span> <span class='ocrx_word' id='word_1_265' title='bbox 2960 1915 3212 1986; x_wconf 90' lang='lat' dir='ltr'><strong>leguntur</strong></span> <span class='ocrx_word' id='word_1_266' title='bbox 3266 1919 3322 1973; x_wconf 91' lang='lat' dir='ltr'><strong>in</strong></span> <span class='ocrx_word' id='word_1_267' title='bbox 3377 1919 3608 1976; x_wconf 78' lang='lat' dir='ltr'><strong>Actibus</strong></span> 
     </span>
    </p>
   </div>
   <div class='ocr_carea' id='block_1_36' title="bbox 356 2006 1926 2078">
    <p class='ocr_par' dir='ltr' id='par_1_36' title="bbox 356 2006 1926 2078">
     <span class='ocr_line' id='line_1_36' title="bbox 356 2006 1926 2078; baseline -0.003 -14"><span class='ocrx_word' id='word_1_268' title='bbox 356 2017 656 2064; x_wconf 88' lang='lat' dir='ltr'><strong>monstrare</strong></span> <span class='ocrx_word' id='word_1_269' title='bbox 686 2016 1039 2063; x_wconf 85' lang='lat' dir='ltr'><strong>sanctorum:</strong></span> <span class='ocrx_word' id='word_1_270' title='bbox 1080 2007 1218 2062; x_wconf 83' lang='lat' dir='ltr'><strong>sicut</strong></span> <span class='ocrx_word' id='word_1_271' title='bbox 1255 2009 1320 2062; x_wconf 93' lang='lat' dir='ltr'><strong>de</strong></span> <span class='ocrx_word' id='word_1_272' title='bbox 1361 2006 1569 2062; x_wconf 81' lang='lat' dir='ltr'><strong>Joanne</strong></span> <span class='ocrx_word' id='word_1_273' title='bbox 1617 2007 1926 2078; x_wconf 87' lang='lat' dir='ltr'><strong>Symmysta</strong></span> 
     </span>
    </p>
   </div>
   <div class='ocr_carea' id='block_1_37' title="bbox 357 2099 1925 2170">
    <p class='ocr_par' dir='ltr' id='par_1_37' title="bbox 357 2099 1925 2170">
     <span class='ocr_line' id='line_1_37' title="bbox 357 2099 1925 2170; baseline -0.001 -18"><span class='ocrx_word' id='word_1_274' title='bbox 357 2101 483 2154; x_wconf 77' lang='lat' dir='ltr'><strong>fecit</strong></span> <span class='ocrx_word' id='word_1_275' title='bbox 523 2115 620 2170; x_wconf 89' lang='lat' dir='ltr'><strong>per</strong></span> <span class='ocrx_word' id='word_1_276' title='bbox 649 2113 899 2152; x_wconf 82' lang='lat' dir='ltr'><strong>neumam</strong></span> <span class='ocrx_word' id='word_1_277' title='bbox 924 2099 1070 2154; x_wconf 90' lang='lat' dir='ltr'><strong>circa</strong></span> <span class='ocrx_word' id='word_1_278' title='bbox 1116 2099 1448 2153; x_wconf 87' lang='lat' dir='ltr'><strong>intellectum</strong></span> <span class='ocrx_word' id='word_1_279' title='bbox 1494 2099 1804 2164; x_wconf 79' lang='lat' dir='ltr'><strong>verborum,</strong></span> <span class='ocrx_word' id='word_1_280' title='bbox 1835 2114 1925 2151; x_wconf 89' lang='lat' dir='ltr'><strong>sa-</strong></span> 
     </span>
    </p>
   </div>
   <div class='ocr_carea' id='block_1_38' title="bbox 353 2187 1932 2259">
    <p class='ocr_par' dir='ltr' id='par_1_38' title="bbox 353 2187 1932 2259">
     <span class='ocr_line' id='line_1_38' title="bbox 353 2187 1932 2259; baseline -0.001 -17"><span class='ocrx_word' id='word_1_281' title='bbox 353 2190 562 2258; x_wconf 61' lang='lat' dir='ltr'><strong>pientia</strong></span> <span class='ocrx_word' id='word_1_282' title='bbox 589 2197 645 2242; x_wconf 90' lang='lat' dir='ltr'><strong>et</strong></span> <span class='ocrx_word' id='word_1_283' title='bbox 686 2188 999 2255; x_wconf 83' lang='lat' dir='ltr'><strong>intellectus,</strong></span> <span class='ocrx_word' id='word_1_284' title='bbox 1046 2190 1100 2243; x_wconf 93' lang='lat' dir='ltr'><strong>in</strong></span> <span class='ocrx_word' id='word_1_285' title='bbox 1131 2189 1491 2259; x_wconf 86' lang='lat' dir='ltr'><strong>responsorio,</strong></span> <span class='ocrx_word' id='word_1_286' title='bbox 1520 2187 1587 2241; x_wconf 85' lang='lat' dir='ltr'><strong>In</strong></span> <span class='ocrx_word' id='word_1_287' title='bbox 1615 2187 1783 2242; x_wconf 85' lang='lat' dir='ltr'><strong>medio</strong></span> <span class='ocrx_word' id='word_1_288' title='bbox 1823 2187 1932 2241; x_wconf 84' lang='lat' dir='ltr'><strong>Ec-</strong></span> 
     </span>
    </p>
   </div>
   <div class='ocr_carea' id='block_1_39' title="bbox 293 2269 1929 2352">
    <p class='ocr_par' dir='ltr' id='par_1_39' title="bbox 293 2269 1929 2352">
     <span class='ocr_line' id='line_1_39' title="bbox 293 2269 1929 2352; baseline -0.001 -18"><span class='ocrx_word' id='word_1_289' title='bbox 293 2269 298 2272; x_wconf 69' lang='grc'><em>’</em></span> <span class='ocrx_word' id='word_1_290' title='bbox 355 2282 546 2337; x_wconf 72' lang='lat' dir='ltr'><strong>desire.</strong></span> <span class='ocrx_word' id='word_1_291' title='bbox 580 2283 636 2338; x_wconf 88' lang='lat' dir='ltr'><strong>ln</strong></span> <span class='ocrx_word' id='word_1_292' title='bbox 677 2297 784 2352; x_wconf 91' lang='lat' dir='ltr'><strong>quo</strong></span> <span class='ocrx_word' id='word_1_293' title='bbox 813 2279 1209 2350; x_wconf 88' lang='lat' dir='ltr'><strong>quodammodo</strong></span> <span class='ocrx_word' id='word_1_294' title='bbox 1237 2279 1481 2335; x_wconf 85' lang='lat' dir='ltr'><strong>imitatur</strong></span> <span class='ocrx_word' id='word_1_295' title='bbox 1525 2279 1748 2333; x_wconf 88' lang='lat' dir='ltr'><strong>verbum</strong></span> <span class='ocrx_word' id='word_1_296' title='bbox 1793 2277 1929 2333; x_wconf 80' lang='lat' dir='ltr'><strong>inef-</strong></span> 
     </span>
    </p>
   </div>
   <div class='ocr_carea' id='block_1_40' title="bbox 356 2368 1924 2441">
    <p class='ocr_par' dir='ltr' id='par_1_40' title="bbox 356 2368 1924 2441">
     <span class='ocr_line' id='line_1_40' title="bbox 356 2368 1924 2441; baseline -0.004 -15"><span class='ocrx_word' id='word_1_297' title='bbox 356 2372 536 2438; x_wconf 76' lang='lat' dir='ltr'><strong>fabile,</strong></span> <span class='ocrx_word' id='word_1_298' title='bbox 585 2373 648 2428; x_wconf 91' lang='lat' dir='ltr'><strong>de</strong></span> <span class='ocrx_word' id='word_1_299' title='bbox 693 2387 799 2441; x_wconf 88' lang='lat' dir='ltr'><strong>quo</strong></span> <span class='ocrx_word' id='word_1_300' title='bbox 843 2371 1094 2424; x_wconf 88' lang='lat' dir='ltr'><strong>dicebat:</strong></span> <span class='ocrx_word' id='word_1_301' title='bbox 1129 2369 1197 2423; x_wconf 84' lang='lat' dir='ltr'><strong>In</strong></span> <span class='ocrx_word' id='word_1_302' title='bbox 1237 2369 1492 2439; x_wconf 80' lang='lat' dir='ltr'><strong>principio</strong></span> <span class='ocrx_word' id='word_1_303' title='bbox 1525 2380 1638 2423; x_wconf 86' lang='lat' dir='ltr'><strong>erat</strong></span> <span class='ocrx_word' id='word_1_304' title='bbox 1697 2368 1924 2422; x_wconf 84' lang='lat' dir='ltr'><strong>verbum.</strong></span> 
     </span>
    </p>
   </div>
   <div class='ocr_carea' id='block_1_41' title="bbox 357 2458 1930 2530">
    <p class='ocr_par' dir='ltr' id='par_1_41' title="bbox 357 2458 1930 2530">
     <span class='ocr_line' id='line_1_41' title="bbox 357 2458 1930 2530; baseline -0.003 -13"><span class='ocrx_word' id='word_1_305' title='bbox 357 2463 424 2517; x_wconf 81' lang='lat' dir='ltr'><strong>Et</strong></span> <span class='ocrx_word' id='word_1_306' title='bbox 451 2463 590 2518; x_wconf 91' lang='lat' dir='ltr'><strong>sicut</strong></span> <span class='ocrx_word' id='word_1_307' title='bbox 620 2463 748 2517; x_wconf 82' lang='lat' dir='ltr'><strong>fecit</strong></span> <span class='ocrx_word' id='word_1_308' title='bbox 774 2462 827 2515; x_wconf 91' lang='lat' dir='ltr'><strong>in</strong></span> <span class='ocrx_word' id='word_1_309' title='bbox 850 2460 1037 2515; x_wconf 88' lang='lat' dir='ltr'><strong>ordine</strong></span> <span class='ocrx_word' id='word_1_310' title='bbox 1061 2460 1240 2522; x_wconf 83' lang='lat' dir='ltr'><strong>ollicii,</strong></span> <span class='ocrx_word' id='word_1_311' title='bbox 1267 2461 1412 2530; x_wconf 84' lang='lat' dir='ltr'><strong>quod</strong></span> <span class='ocrx_word' id='word_1_312' title='bbox 1435 2460 1648 2514; x_wconf 85' lang='lat' dir='ltr'><strong>canitur</strong></span> <span class='ocrx_word' id='word_1_313' title='bbox 1675 2458 1741 2514; x_wconf 91' lang='lat' dir='ltr'><strong>de</strong></span> <span class='ocrx_word' id='word_1_314' title='bbox 1767 2460 1930 2513; x_wconf 90' lang='lat' dir='ltr'><strong>missa</strong></span> 
     </span>
    </p>
   </div>
   <div class='ocr_carea' id='block_1_42' title="bbox 357 2549 1928 2621">
    <p class='ocr_par' dir='ltr' id='par_1_42' title="bbox 357 2549 1928 2621">
     <span class='ocr_line' id='line_1_42' title="bbox 357 2549 1928 2621; baseline -0.003 -13"><span class='ocrx_word' id='word_1_315' title='bbox 357 2554 744 2618; x_wconf 87' lang='lat' dir='ltr'><strong>Innocentium,</strong></span> <span class='ocrx_word' id='word_1_316' title='bbox 786 2553 839 2607; x_wconf 92' lang='lat' dir='ltr'><strong>in</strong></span> <span class='ocrx_word' id='word_1_317' title='bbox 874 2567 981 2621; x_wconf 93' lang='lat' dir='ltr'><strong>quo</strong></span> <span class='ocrx_word' id='word_1_318' title='bbox 1017 2551 1376 2615; x_wconf 86' lang='lat' dir='ltr'><strong>subtrahitur,</strong></span> <span class='ocrx_word' id='word_1_319' title='bbox 1401 2549 1583 2604; x_wconf 85' lang='lat' dir='ltr'><strong>Gloria</strong></span> <span class='ocrx_word' id='word_1_320' title='bbox 1628 2551 1683 2604; x_wconf 87' lang='lat' dir='ltr'><strong>in</strong></span> <span class='ocrx_word' id='word_1_321' title='bbox 1712 2549 1928 2604; x_wconf 76' lang='lat' dir='ltr'><strong>excelsis</strong></span> 
     </span>
    </p>
   </div>
   <div class='ocr_carea' id='block_1_43' title="bbox 356 2641 1930 2714">
    <p class='ocr_par' dir='ltr' id='par_1_43' title="bbox 356 2641 1930 2714">
     <span class='ocr_line' id='line_1_43' title="bbox 356 2641 1930 2714; baseline -0.001 -16"><span class='ocrx_word' id='word_1_322' title='bbox 356 2645 490 2714; x_wconf 89' lang='lat' dir='ltr'><strong>Deo,</strong></span> <span class='ocrx_word' id='word_1_323' title='bbox 525 2655 573 2701; x_wconf 86' lang='lat' dir='ltr'><strong>et</strong></span> <span class='ocrx_word' id='word_1_324' title='bbox 619 2643 872 2709; x_wconf 82' lang='lat' dir='ltr'><strong>Alleluia,</strong></span> <span class='ocrx_word' id='word_1_325' title='bbox 902 2651 1124 2714; x_wconf 88' lang='lat' dir='ltr'><strong>propter</strong></span> <span class='ocrx_word' id='word_1_326' title='bbox 1153 2642 1507 2712; x_wconf 89' lang='lat' dir='ltr'><strong>plorationem</strong></span> <span class='ocrx_word' id='word_1_327' title='bbox 1554 2641 1777 2708; x_wconf 79' lang='lat' dir='ltr'><strong>Rachel,</strong></span> <span class='ocrx_word' id='word_1_328' title='bbox 1809 2656 1930 2710; x_wconf 74' lang='lat' dir='ltr'><strong>quae</strong></span> 
     </span>
    </p>
   </div>
   <div class='ocr_carea' id='block_1_44' title="bbox 359 2731 1925 2808">
    <p class='ocr_par' dir='ltr' id='par_1_44' title="bbox 359 2731 1925 2808">
     <span class='ocr_line' id='line_1_44' title="bbox 359 2731 1925 2808; baseline -0.003 -19"><span class='ocrx_word' id='word_1_329' title='bbox 359 2737 412 2789; x_wconf 89' lang='lat' dir='ltr'><strong>in</strong></span> <span class='ocrx_word' id='word_1_330' title='bbox 440 2735 611 2808; x_wconf 89' lang='lat' dir='ltr'><strong>ﬁgura</strong></span> <span class='ocrx_word' id='word_1_331' title='bbox 640 2734 920 2804; x_wconf 66' lang='lat' dir='ltr'><strong>praecessit</strong></span> <span class='ocrx_word' id='word_1_332' title='bbox 944 2733 1138 2788; x_wconf 88' lang='lat' dir='ltr'><strong>matris</strong></span> <span class='ocrx_word' id='word_1_333' title='bbox 1162 2740 1363 2786; x_wconf 78' lang='lat' dir='ltr'><strong>nostrae</strong></span> <span class='ocrx_word' id='word_1_334' title='bbox 1399 2741 1601 2786; x_wconf 74' lang='lat' dir='ltr'><strong>sancta:</strong></span> <span class='ocrx_word' id='word_1_335' title='bbox 1630 2731 1886 2787; x_wconf 69' lang='lat' dir='ltr'><strong>Ecclesia:</strong></span> <span class='ocrx_word' id='word_1_336' title='bbox 1913 2751 1925 2785; x_wconf 87' lang='lat'><strong>:</strong></span> 
     </span>
    </p>
   </div>
   <div class='ocr_carea' id='block_1_45' title="bbox 358 2821 1928 2896">
    <p class='ocr_par' dir='ltr' id='par_1_45' title="bbox 358 2821 1928 2896">
     <span class='ocr_line' id='line_1_45' title="bbox 358 2821 1928 2896; baseline -0.003 -15"><span class='ocrx_word' id='word_1_337' title='bbox 358 2835 452 2881; x_wconf 87' lang='lat' dir='ltr'><strong>aut</strong></span> <span class='ocrx_word' id='word_1_338' title='bbox 486 2827 611 2896; x_wconf 86' lang='lat' dir='ltr'><strong>quia</strong></span> <span class='ocrx_word' id='word_1_339' title='bbox 639 2835 848 2896; x_wconf 91' lang='lat' dir='ltr'><strong>tempus</strong></span> <span class='ocrx_word' id='word_1_340' title='bbox 876 2831 1012 2889; x_wconf 89' lang='lat' dir='ltr'><strong>erat,</strong></span> <span class='ocrx_word' id='word_1_341' title='bbox 1047 2838 1154 2894; x_wconf 88' lang='lat' dir='ltr'><strong>quo</strong></span> <span class='ocrx_word' id='word_1_342' title='bbox 1189 2831 1318 2878; x_wconf 91' lang='lat' dir='ltr'><strong>tunc</strong></span> <span class='ocrx_word' id='word_1_343' title='bbox 1353 2823 1420 2877; x_wconf 90' lang='lat' dir='ltr'><strong>ad</strong></span> <span class='ocrx_word' id='word_1_344' title='bbox 1445 2821 1644 2877; x_wconf 84' lang='lat' dir='ltr'><strong>inferni</strong></span> <span class='ocrx_word' id='word_1_345' title='bbox 1689 2821 1928 2878; x_wconf 85' lang='lat' dir='ltr'><strong>claustra</strong></span> 
     </span>
    </p>
   </div>
   <div class='ocr_carea' id='block_1_46' title="bbox 358 2913 1930 2987">
    <p class='ocr_par' dir='ltr' id='par_1_46' title="bbox 358 2913 1930 2987">
     <span class='ocr_line' id='line_1_46' title="bbox 358 2913 1930 2987; baseline -0.001 -15"><span class='ocrx_word' id='word_1_346' title='bbox 358 2915 759 2972; x_wconf 80' lang='lat' dir='ltr'><strong>descendebant</strong></span> <span class='ocrx_word' id='word_1_347' title='bbox 786 2915 949 2987; x_wconf 87' lang='lat' dir='ltr'><strong>passi,</strong></span> <span class='ocrx_word' id='word_1_348' title='bbox 980 2923 1035 2971; x_wconf 90' lang='lat' dir='ltr'><strong>et</strong></span> <span class='ocrx_word' id='word_1_349' title='bbox 1059 2915 1451 2984; x_wconf 80' lang='lat' dir='ltr'><strong>exspectabant</strong></span> <span class='ocrx_word' id='word_1_350' title='bbox 1488 2913 1696 2983; x_wconf 89' lang='lat' dir='ltr'><strong>antiqui</strong></span> <span class='ocrx_word' id='word_1_351' title='bbox 1740 2913 1930 2970; x_wconf 88' lang='lat' dir='ltr'><strong>Patres</strong></span> 
     </span>
    </p>
   </div>
   <div class='ocr_carea' id='block_1_47' title="bbox 357 3010 923 3068">
    <p class='ocr_par' dir='ltr' id='par_1_47' title="bbox 357 3010 923 3068">
     <span class='ocr_line' id='line_1_47' title="bbox 357 3010 923 3068; baseline -0.004 -2"><span class='ocrx_word' id='word_1_352' title='bbox 357 3010 556 3066; x_wconf 84' lang='lat' dir='ltr'><strong>Christi</strong></span> <span class='ocrx_word' id='word_1_353' title='bbox 579 3012 923 3068; x_wconf 85' lang='lat' dir='ltr'><strong>descensum.</strong></span> 
     </span>
    </p>
   </div>
   <div class='ocr_carea' id='block_1_48' title="bbox 886 3099 1390 3160">
    <p class='ocr_par' dir='ltr' id='par_1_48' title="bbox 886 3099 1390 3160">
     <span class='ocr_line' id='line_1_48' title="bbox 886 3099 1390 3160; baseline -0.006 -2"><span class='ocrx_word' id='word_1_354' title='bbox 886 3099 1122 3160; x_wconf 77' lang='lat' dir='ltr'><strong>CAPUT</strong></span> <span class='ocrx_word' id='word_1_355' title='bbox 1152 3101 1390 3157; x_wconf 77' lang='lat' dir='ltr'><strong>XXXIV.</strong></span> 
     </span>
    </p>
   </div>
   <div class='ocr_carea' id='block_1_49' title="bbox 597 3207 1678 3254">
    <p class='ocr_par' dir='ltr' id='par_1_49' title="bbox 597 3207 1678 3254">
     <span class='ocr_line' id='line_1_49' title="bbox 597 3207 1678 3254; baseline -0.004 -6"><span class='ocrx_word' id='word_1_356' title='bbox 597 3209 674 3248; x_wconf 75' lang='lat' dir='ltr'><strong>‘DE</strong></span> <span class='ocrx_word' id='word_1_357' title='bbox 710 3209 1000 3254; x_wconf 60' lang='grc' dir='ltr'><strong>υιωιτδειε</strong></span> <span class='ocrx_word' id='word_1_358' title='bbox 1031 3207 1420 3248; x_wconf 58' lang='grc' dir='ltr'><strong>δεειεειλετιοι</strong></span> <span class='ocrx_word' id='word_1_359' title='bbox 1451 3207 1678 3248; x_wconf 69' lang='grc' dir='ltr'><strong>οιωιωε.</strong></span> 
     </span>
    </p>
   </div>
   <div class='ocr_carea' id='block_1_50' title="bbox 427 3282 1930 3354">
    <p class='ocr_par' dir='ltr' id='par_1_50' title="bbox 427 3282 1930 3354">
     <span class='ocr_line' id='line_1_50' title="bbox 427 3282 1930 3354; baseline 0.001 -16"><span class='ocrx_word' id='word_1_360' title='bbox 427 3283 668 3354; x_wconf 67' lang='lat' dir='ltr'><strong>Dignius</strong></span> <span class='ocrx_word' id='word_1_361' title='bbox 693 3283 1050 3340; x_wconf 86' lang='lat' dir='ltr'><strong>ecclesiastici</strong></span> <span class='ocrx_word' id='word_1_362' title='bbox 1072 3282 1278 3338; x_wconf 89' lang='lat' dir='ltr'><strong>ordinis</strong></span> <span class='ocrx_word' id='word_1_363' title='bbox 1297 3283 1374 3338; x_wconf 82' lang='lat' dir='ltr'><strong>ab</strong></span> <span class='ocrx_word' id='word_1_364' title='bbox 1406 3282 1526 3352; x_wconf 87' lang='lat' dir='ltr'><strong>ipso</strong></span> <span class='ocrx_word' id='word_1_365' title='bbox 1544 3282 1726 3338; x_wconf 81' lang='lat' dir='ltr'><strong>Aaron</strong></span> <span class='ocrx_word' id='word_1_366' title='bbox 1753 3283 1930 3353; x_wconf 89' lang='lat' dir='ltr'><strong>primo</strong></span> 
     </span>
    </p>
   </div>
   <div class='ocr_carea' id='block_1_51' title="bbox 361 3372 1931 3442">
    <p class='ocr_par' dir='ltr' id='par_1_51' title="bbox 361 3372 1931 3442">
     <span class='ocr_line' id='line_1_51' title="bbox 361 3372 1931 3442; baseline 0.001 -14"><span class='ocrx_word' id='word_1_367' title='bbox 361 3373 639 3429; x_wconf 73' lang='lat' dir='ltr'><strong>sacerdote</strong></span> <span class='ocrx_word' id='word_1_368' title='bbox 683 3388 876 3429; x_wconf 87' lang='lat' dir='ltr'><strong>causas</strong></span> <span class='ocrx_word' id='word_1_369' title='bbox 914 3382 969 3428; x_wconf 89' lang='lat' dir='ltr'><strong>et</strong></span> <span class='ocrx_word' id='word_1_370' title='bbox 1002 3372 1262 3442; x_wconf 87' lang='lat' dir='ltr'><strong>originem</strong></span> <span class='ocrx_word' id='word_1_371' title='bbox 1289 3373 1454 3428; x_wconf 84' lang='lat' dir='ltr'><strong>ducit.</strong></span> <span class='ocrx_word' id='word_1_372' title='bbox 1488 3372 1704 3429; x_wconf 89' lang='lat' dir='ltr'><strong>Primus</strong></span> <span class='ocrx_word' id='word_1_373' title='bbox 1751 3381 1931 3430; x_wconf 89' lang='lat' dir='ltr'><strong>autem</strong></span> 
     </span>
    </p>
   </div>
   <div class='ocr_carea' id='block_1_52' title="bbox 362 3461 1933 3530">
    <p class='ocr_par' dir='ltr' id='par_1_52' title="bbox 362 3461 1933 3530">
     <span class='ocr_line' id='line_1_52' title="bbox 362 3461 1933 3530; baseline 0.001 -13"><span class='ocrx_word' id='word_1_374' title='bbox 362 3462 578 3527; x_wconf 87' lang='lat' dir='ltr'><strong>dicitur,</strong></span> <span class='ocrx_word' id='word_1_375' title='bbox 627 3471 889 3530; x_wconf 90' lang='lat' dir='ltr'><strong>quantum</strong></span> <span class='ocrx_word' id='word_1_376' title='bbox 944 3461 1013 3515; x_wconf 90' lang='lat' dir='ltr'><strong>ad</strong></span> <span class='ocrx_word' id='word_1_377' title='bbox 1053 3461 1466 3516; x_wconf 86' lang='lat' dir='ltr'><strong>ordinationem.</strong></span> <span class='ocrx_word' id='word_1_378' title='bbox 1525 3461 1660 3516; x_wconf 86' lang='lat' dir='ltr'><strong>Nam</strong></span> <span class='ocrx_word' id='word_1_379' title='bbox 1715 3463 1933 3518; x_wconf 79' lang='lat' dir='ltr'><strong>fuerunt</strong></span> 
     </span>
    </p>
   </div>
   <div class='ocr_carea' id='block_1_53' title="bbox 363 3549 1932 3614">
    <p class='ocr_par' dir='ltr' id='par_1_53' title="bbox 363 3549 1932 3614">
     <span class='ocr_line' id='line_1_53' title="bbox 363 3549 1932 3614; baseline 0.003 -10"><span class='ocrx_word' id='word_1_380' title='bbox 363 3560 488 3604; x_wconf 88' lang='lat' dir='ltr'><strong>ante</strong></span> <span class='ocrx_word' id='word_1_381' title='bbox 534 3563 656 3603; x_wconf 90' lang='lat' dir='ltr'><strong>eum</strong></span> <span class='ocrx_word' id='word_1_382' title='bbox 686 3550 778 3604; x_wconf 89' lang='lat' dir='ltr'><strong>alii</strong></span> <span class='ocrx_word' id='word_1_383' title='bbox 807 3550 1135 3614; x_wconf 89' lang='lat' dir='ltr'><strong>sacerdotes,</strong></span> <span class='ocrx_word' id='word_1_384' title='bbox 1168 3558 1226 3603; x_wconf 87' lang='lat' dir='ltr'><strong>ut</strong></span> <span class='ocrx_word' id='word_1_385' title='bbox 1256 3549 1643 3607; x_wconf 82' lang='lat' dir='ltr'><strong>Melchisedech</strong></span> <span class='ocrx_word' id='word_1_386' title='bbox 1679 3554 1932 3608; x_wconf 88' lang='lat' dir='ltr'><strong>sacerdos</strong></span> 
     </span>
    </p>
   </div>
   <div class='ocr_carea' id='block_1_54' title="bbox 363 3637 1928 3710">
    <p class='ocr_par' dir='ltr' id='par_1_54' title="bbox 363 3637 1928 3710">
     <span class='ocr_line' id='line_1_54' title="bbox 363 3637 1928 3710; baseline 0.001 -15"><span class='ocrx_word' id='word_1_387' title='bbox 363 3641 457 3695; x_wconf 85' lang='lat' dir='ltr'><strong>Dei</strong></span> <span class='ocrx_word' id='word_1_388' title='bbox 480 3637 700 3702; x_wconf 77' lang='lat' dir='ltr'><strong>excelsi,</strong></span> <span class='ocrx_word' id='word_1_389' title='bbox 727 3639 817 3708; x_wconf 90' lang='lat' dir='ltr'><strong>qui</strong></span> <span class='ocrx_word' id='word_1_390' title='bbox 847 3639 955 3694; x_wconf 89' lang='lat' dir='ltr'><strong>Deo</strong></span> <span class='ocrx_word' id='word_1_391' title='bbox 988 3654 1180 3710; x_wconf 90' lang='lat' dir='ltr'><strong>panem</strong></span> <span class='ocrx_word' id='word_1_392' title='bbox 1207 3647 1264 3694; x_wconf 89' lang='lat' dir='ltr'><strong>et</strong></span> <span class='ocrx_word' id='word_1_393' title='bbox 1289 3639 1473 3696; x_wconf 92' lang='lat' dir='ltr'><strong>vinum</strong></span> <span class='ocrx_word' id='word_1_394' title='bbox 1503 3639 1758 3708; x_wconf 77' lang='lat' dir='ltr'><strong>offerens,</strong></span> <span class='ocrx_word' id='word_1_395' title='bbox 1785 3644 1928 3708; x_wconf 87' lang='lat' dir='ltr'><strong>novi,</strong></span> 
     </span>
    </p>
   </div>
   <div class='ocr_carea' id='block_1_55' title="bbox 363 3732 1932 3806">
    <p class='ocr_par' dir='ltr' id='par_1_55' title="bbox 363 3732 1932 3806">
     <span class='ocr_line' id='line_1_55' title="bbox 363 3732 1932 3806; baseline -0.001 -15"><span class='ocrx_word' id='word_1_396' title='bbox 363 3737 468 3806; x_wconf 80' lang='lat' dir='ltr'><strong>hoc</strong></span> <span class='ocrx_word' id='word_1_397' title='bbox 496 3742 595 3798; x_wconf 88' lang='lat' dir='ltr'><strong>est,</strong></span> <span class='ocrx_word' id='word_1_398' title='bbox 624 3733 917 3803; x_wconf 84' lang='lat' dir='ltr'><strong>evangelici</strong></span> <span class='ocrx_word' id='word_1_399' title='bbox 959 3732 1210 3788; x_wconf 90' lang='lat' dir='ltr'><strong>sacriﬁcii</strong></span> <span class='ocrx_word' id='word_1_400' title='bbox 1252 3733 1467 3788; x_wconf 87' lang='lat' dir='ltr'><strong>modum</strong></span> <span class='ocrx_word' id='word_1_401' title='bbox 1510 3733 1932 3805; x_wconf 87' lang='lat' dir='ltr'><strong>qualitatemque</strong></span> 
     </span>
    </p>
   </div>
   <div class='ocr_carea' id='block_1_56' title="bbox 365 3823 1933 3899">
    <p class='ocr_par' dir='ltr' id='par_1_56' title="bbox 365 3823 1933 3899">
     <span class='ocr_line' id='line_1_56' title="bbox 365 3823 1933 3899; baseline 0 -17"><span class='ocrx_word' id='word_1_402' title='bbox 365 3825 708 3899; x_wconf 85' lang='lat' dir='ltr'><strong>signiﬁcavit.</strong></span> <span class='ocrx_word' id='word_1_403' title='bbox 773 3823 1044 3879; x_wconf 84' lang='lat' dir='ltr'><strong>Abraham</strong></span> <span class='ocrx_word' id='word_1_404' title='bbox 1092 3840 1325 3895; x_wconf 90' lang='lat' dir='ltr'><strong>quoque,</strong></span> <span class='ocrx_word' id='word_1_405' title='bbox 1373 3825 1523 3880; x_wconf 88' lang='lat' dir='ltr'><strong>Isaac</strong></span> <span class='ocrx_word' id='word_1_406' title='bbox 1570 3834 1625 3879; x_wconf 91' lang='lat' dir='ltr'><strong>et</strong></span> <span class='ocrx_word' id='word_1_407' title='bbox 1659 3824 1845 3892; x_wconf 86' lang='lat' dir='ltr'><strong>Jacob,</strong></span> <span class='ocrx_word' id='word_1_408' title='bbox 1877 3837 1933 3882; x_wconf 90' lang='lat' dir='ltr'><strong>et</strong></span> 
     </span>
    </p>
   </div>
   <div class='ocr_carea' id='block_1_57' title="bbox 364 3913 1934 3980">
    <p class='ocr_par' dir='ltr' id='par_1_57' title="bbox 364 3913 1934 3980">
     <span class='ocr_line' id='line_1_57' title="bbox 364 3913 1934 3980; baseline 0.001 -10"><span class='ocrx_word' id='word_1_409' title='bbox 364 3916 713 3980; x_wconf 59' lang='lat' dir='ltr'><strong>multi‘ante,</strong></span> <span class='ocrx_word' id='word_1_410' title='bbox 753 3923 812 3969; x_wconf 93' lang='lat' dir='ltr'><strong>ut</strong></span> <span class='ocrx_word' id='word_1_411' title='bbox 835 3913 968 3968; x_wconf 88' lang='lat' dir='ltr'><strong>Abel</strong></span> <span class='ocrx_word' id='word_1_412' title='bbox 1008 3922 1062 3968; x_wconf 91' lang='lat' dir='ltr'><strong>et</strong></span> <span class='ocrx_word' id='word_1_413' title='bbox 1098 3914 1228 3979; x_wconf 79' lang='lat' dir='ltr'><strong>Noe,</strong></span> <span class='ocrx_word' id='word_1_414' title='bbox 1276 3915 1385 3970; x_wconf 90' lang='lat' dir='ltr'><strong>Deo</strong></span> <span class='ocrx_word' id='word_1_415' title='bbox 1428 3915 1632 3970; x_wconf 88' lang='lat' dir='ltr'><strong>hostias</strong></span> <span class='ocrx_word' id='word_1_416' title='bbox 1675 3916 1934 3972; x_wconf 88' lang='lat' dir='ltr'><strong>obtulisse</strong></span> 
     </span>
    </p>
   </div>
   <div class='ocr_carea' id='block_1_58' title="bbox 367 4005 1933 4072">
    <p class='ocr_par' dir='ltr' id='par_1_58' title="bbox 367 4005 1933 4072">
     <span class='ocr_line' id='line_1_58' title="bbox 367 4005 1933 4072; baseline -0.002 -9"><span class='ocrx_word' id='word_1_417' title='bbox 367 4009 620 4063; x_wconf 88' lang='lat' dir='ltr'><strong>dicuntur</strong></span> <span class='ocrx_word' id='word_1_418' title='bbox 644 4023 658 4072; x_wconf 89' lang='lat'><strong>;</strong></span> <span class='ocrx_word' id='word_1_419' title='bbox 687 4007 781 4061; x_wconf 91' lang='lat' dir='ltr'><strong>sed</strong></span> <span class='ocrx_word' id='word_1_420' title='bbox 811 4005 988 4060; x_wconf 92' lang='lat' dir='ltr'><strong>nullus</strong></span> <span class='ocrx_word' id='word_1_421' title='bbox 1012 4019 1201 4060; x_wconf 90' lang='lat' dir='ltr'><strong>eorum</strong></span> <span class='ocrx_word' id='word_1_422' title='bbox 1229 4005 1510 4061; x_wconf 91' lang='lat' dir='ltr'><strong>ordinatus</strong></span> <span class='ocrx_word' id='word_1_423' title='bbox 1538 4007 1621 4061; x_wconf 88' lang='lat' dir='ltr'><strong>vel</strong></span> <span class='ocrx_word' id='word_1_424' title='bbox 1651 4021 1933 4062; x_wconf 86' lang='lat' dir='ltr'><strong>consecra—</strong></span> 
     </span>
    </p>
   </div>
   <div class='ocr_carea' id='block_1_59' title="bbox 367 4098 1935 4170">
    <p class='ocr_par' dir='ltr' id='par_1_59' title="bbox 367 4098 1935 4170">
     <span class='ocr_line' id='line_1_59' title="bbox 367 4098 1935 4170; baseline -0.001 -14"><span class='ocrx_word' id='word_1_425' title='bbox 367 4110 454 4156; x_wconf 89' lang='lat' dir='ltr'><strong>tus</strong></span> <span class='ocrx_word' id='word_1_426' title='bbox 484 4101 537 4154; x_wconf 93' lang='lat' dir='ltr'><strong>in</strong></span> <span class='ocrx_word' id='word_1_427' title='bbox 567 4098 949 4164; x_wconf 88' lang='lat' dir='ltr'><strong>sacerdotium,</strong></span> <span class='ocrx_word' id='word_1_428' title='bbox 979 4113 1153 4167; x_wconf 89' lang='lat' dir='ltr'><strong>neque</strong></span> <span class='ocrx_word' id='word_1_429' title='bbox 1181 4099 1355 4154; x_wconf 89' lang='lat' dir='ltr'><strong>sacris</strong></span> <span class='ocrx_word' id='word_1_430' title='bbox 1394 4107 1448 4152; x_wconf 90' lang='lat' dir='ltr'><strong>et</strong></span> <span class='ocrx_word' id='word_1_431' title='bbox 1493 4099 1732 4170; x_wconf 82' lang='lat' dir='ltr'><strong>mysticis</strong></span> <span class='ocrx_word' id='word_1_432' title='bbox 1772 4099 1935 4154; x_wconf 85' lang='lat' dir='ltr'><strong>vesti-</strong></span> 
     </span>
    </p>
   </div>
   <div class='ocr_carea' id='block_1_60' title="bbox 364 4189 1931 4261">
    <p class='ocr_par' dir='ltr' id='par_1_60' title="bbox 364 4189 1931 4261">
     <span class='ocr_line' id='line_1_60' title="bbox 364 4189 1931 4261; baseline -0.001 -12"><span class='ocrx_word' id='word_1_433' title='bbox 364 4192 467 4249; x_wconf 86' lang='lat' dir='ltr'><strong>bus</strong></span> <span class='ocrx_word' id='word_1_434' title='bbox 496 4191 710 4247; x_wconf 90' lang='lat' dir='ltr'><strong>indutus</strong></span> <span class='ocrx_word' id='word_1_435' title='bbox 732 4189 896 4245; x_wconf 85' lang='lat' dir='ltr'><strong>fuisse</strong></span> <span class='ocrx_word' id='word_1_436' title='bbox 921 4189 1214 4255; x_wconf 87' lang='lat' dir='ltr'><strong>invenitur,</strong></span> <span class='ocrx_word' id='word_1_437' title='bbox 1237 4189 1338 4244; x_wconf 88' lang='lat' dir='ltr'><strong>nisi</strong></span> <span class='ocrx_word' id='word_1_438' title='bbox 1360 4190 1565 4256; x_wconf 83' lang='lat' dir='ltr'><strong>Aaron,</strong></span> <span class='ocrx_word' id='word_1_439' title='bbox 1589 4191 1678 4259; x_wconf 89' lang='lat' dir='ltr'><strong>qui</strong></span> <span class='ocrx_word' id='word_1_440' title='bbox 1703 4191 1931 4261; x_wconf 91' lang='lat' dir='ltr'><strong>primus,</strong></span> 
     </span>
    </p>
   </div>
   <div class='ocr_carea' id='block_1_61' title="bbox 361 4281 1933 4354">
    <p class='ocr_par' dir='ltr' id='par_1_61' title="bbox 361 4281 1933 4354">
     <span class='ocr_line' id='line_1_61' title="bbox 361 4281 1933 4354; baseline 0 -14"><span class='ocrx_word' id='word_1_441' title='bbox 361 4283 586 4354; x_wconf 81' lang='lat' dir='ltr'><strong>iubente</strong></span> <span class='ocrx_word' id='word_1_442' title='bbox 610 4282 862 4347; x_wconf 91' lang='lat' dir='ltr'><strong>Domino,</strong></span> <span class='ocrx_word' id='word_1_443' title='bbox 899 4281 1018 4336; x_wconf 90' lang='lat' dir='ltr'><strong>oleo</strong></span> <span class='ocrx_word' id='word_1_444' title='bbox 1053 4289 1240 4337; x_wconf 87' lang='lat' dir='ltr'><strong>sancto</strong></span> <span class='ocrx_word' id='word_1_445' title='bbox 1267 4282 1516 4338; x_wconf 90' lang='lat' dir='ltr'><strong>inunctus</strong></span> <span class='ocrx_word' id='word_1_446' title='bbox 1541 4292 1596 4338; x_wconf 91' lang='lat' dir='ltr'><strong>et</strong></span> <span class='ocrx_word' id='word_1_447' title='bbox 1623 4285 1933 4341; x_wconf 88' lang='lat' dir='ltr'><strong>sacerdota-</strong></span> 
     </span>
    </p>
   </div>
   <div class='ocr_carea' id='block_1_62' title="bbox 286 4371 1932 4442">
    <p class='ocr_par' dir='ltr' id='par_1_62' title="bbox 286 4371 1932 4442">
     <span class='ocr_line' id='line_1_62' title="bbox 286 4371 1932 4442; baseline 0.002 -14"><span class='ocrx_word' id='word_1_448' title='bbox 286 4434 291 4439; x_wconf 92' lang='lat'><strong>_</strong></span> <span class='ocrx_word' id='word_1_449' title='bbox 365 4374 507 4430; x_wconf 86' lang='lat' dir='ltr'><strong>libus</strong></span> <span class='ocrx_word' id='word_1_450' title='bbox 555 4371 794 4428; x_wconf 85' lang='lat' dir='ltr'><strong>vestibus</strong></span> <span class='ocrx_word' id='word_1_451' title='bbox 841 4371 1144 4427; x_wconf 77' lang='lat' dir='ltr'><strong>decoratus.</strong></span> <span class='ocrx_word' id='word_1_452' title='bbox 1193 4371 1437 4427; x_wconf 90' lang='lat' dir='ltr'><strong>Tradunt</strong></span> <span class='ocrx_word' id='word_1_453' title='bbox 1483 4382 1665 4428; x_wconf 87' lang='lat' dir='ltr'><strong>autem</strong></span> <span class='ocrx_word' id='word_1_454' title='bbox 1699 4374 1932 4442; x_wconf 59' lang='lat' dir='ltr'><strong>Hebraei,</strong></span> 
     </span>
    </p>
   </div>
   <div class='ocr_carea' id='block_1_63' title="bbox 367 4461 1936 4536">
    <p class='ocr_par' dir='ltr' id='par_1_63' title="bbox 367 4461 1936 4536">
     <span class='ocr_line' id='line_1_63' title="bbox 367 4461 1936 4536; baseline 0.003 -18"><span class='ocrx_word' id='word_1_455' title='bbox 367 4465 509 4536; x_wconf 87' lang='lat' dir='ltr'><strong>quod</strong></span> <span class='ocrx_word' id='word_1_456' title='bbox 537 4473 660 4519; x_wconf 89' lang='lat' dir='ltr'><strong>ante</strong></span> <span class='ocrx_word' id='word_1_457' title='bbox 688 4463 868 4518; x_wconf 87' lang='lat' dir='ltr'><strong>Aaron</strong></span> <span class='ocrx_word' id='word_1_458' title='bbox 898 4461 1240 4533; x_wconf 82' lang='lat' dir='ltr'><strong>primogeniti</strong></span> <span class='ocrx_word' id='word_1_459' title='bbox 1269 4472 1451 4518; x_wconf 88' lang='lat' dir='ltr'><strong>essent</strong></span> <span class='ocrx_word' id='word_1_460' title='bbox 1475 4467 1800 4522; x_wconf 88' lang='lat' dir='ltr'><strong>sacerdotes.</strong></span> <span class='ocrx_word' id='word_1_461' title='bbox 1835 4466 1936 4523; x_wconf 88' lang='lat' dir='ltr'><strong>De-</strong></span> 
     </span>
    </p>
   </div>
   <div class='ocr_carea' id='block_1_64' title="bbox 367 4553 1944 4629">
    <p class='ocr_par' dir='ltr' id='par_1_64' title="bbox 367 4553 1944 4629">
     <span class='ocr_line' id='line_1_64' title="bbox 367 4553 1944 4629; baseline 0.001 -17"><span class='ocrx_word' id='word_1_462' title='bbox 367 4559 529 4626; x_wconf 85' lang='lat' dir='ltr'><strong>nique</strong></span> <span class='ocrx_word' id='word_1_463' title='bbox 553 4554 940 4611; x_wconf 83' lang='lat' dir='ltr'><strong>Melchisedech</strong></span> <span class='ocrx_word' id='word_1_464' title='bbox 963 4561 1246 4608; x_wconf 87' lang='lat' dir='ltr'><strong>autumant</strong></span> <span class='ocrx_word' id='word_1_465' title='bbox 1268 4553 1433 4609; x_wconf 80' lang='lat' dir='ltr'><strong>fuisse</strong></span> <span class='ocrx_word' id='word_1_466' title='bbox 1468 4553 1594 4609; x_wconf 87' lang='lat' dir='ltr'><strong>Sem</strong></span> <span class='ocrx_word' id='word_1_467' title='bbox 1621 4557 1944 4629; x_wconf 87' lang='lat' dir='ltr'><strong>primogeni-</strong></span> 
     </span>
    </p>
   </div>
   <div class='ocr_carea' id='block_1_65' title="bbox 370 4643 1941 4713">
    <p class='ocr_par' dir='ltr' id='par_1_65' title="bbox 370 4643 1941 4713">
     <span class='ocr_line' id='line_1_65' title="bbox 370 4643 1941 4713; baseline 0.001 -10"><span class='ocrx_word' id='word_1_468' title='bbox 370 4659 483 4703; x_wconf 91' lang='lat' dir='ltr'><strong>tum</strong></span> <span class='ocrx_word' id='word_1_469' title='bbox 515 4647 646 4713; x_wconf 87' lang='lat' dir='ltr'><strong>Noe,</strong></span> <span class='ocrx_word' id='word_1_470' title='bbox 680 4645 1014 4702; x_wconf 86' lang='lat' dir='ltr'><strong>sacerdotem</strong></span> <span class='ocrx_word' id='word_1_471' title='bbox 1042 4643 1135 4699; x_wconf 89' lang='lat' dir='ltr'><strong>Dei</strong></span> <span class='ocrx_word' id='word_1_472' title='bbox 1163 4643 1377 4700; x_wconf 81' lang='lat' dir='ltr'><strong>excelsi.</strong></span> <span class='ocrx_word' id='word_1_473' title='bbox 1409 4643 1490 4698; x_wconf 80' lang='lat' dir='ltr'>Ex</span> <span class='ocrx_word' id='word_1_474' title='bbox 1518 4646 1766 4702; x_wconf 91' lang='lat' dir='ltr'><strong>omnibus</strong></span> <span class='ocrx_word' id='word_1_475' title='bbox 1795 4650 1941 4704; x_wconf 89' lang='lat' dir='ltr'><strong>enim</strong></span> 
     </span>
    </p>
   </div>
   <div class='ocr_carea' id='block_1_66' title="bbox 369 4734 1942 4806">
    <p class='ocr_par' dir='ltr' id='par_1_66' title="bbox 369 4734 1942 4806">
     <span class='ocr_line' id='line_1_66' title="bbox 369 4734 1942 4806; baseline 0.001 -14"><span class='ocrx_word' id='word_1_476' title='bbox 369 4737 617 4795; x_wconf 89' lang='lat' dir='ltr'><strong>tribubus</strong></span> <span class='ocrx_word' id='word_1_477' title='bbox 665 4736 828 4792; x_wconf 82' lang='lat' dir='ltr'><strong>Israel</strong></span> <span class='ocrx_word' id='word_1_478' title='bbox 859 4735 1020 4806; x_wconf 81' lang='lat' dir='ltr'><strong>elegit</strong></span> <span class='ocrx_word' id='word_1_479' title='bbox 1048 4735 1189 4790; x_wconf 91' lang='lat' dir='ltr'><strong>Deus</strong></span> <span class='ocrx_word' id='word_1_480' title='bbox 1216 4735 1414 4790; x_wconf 90' lang='lat' dir='ltr'><strong>tribum</strong></span> <span class='ocrx_word' id='word_1_481' title='bbox 1452 4734 1600 4798; x_wconf 87' lang='lat' dir='ltr'><strong>Levi,</strong></span> <span class='ocrx_word' id='word_1_482' title='bbox 1641 4745 1696 4790; x_wconf 92' lang='lat' dir='ltr'><strong>et</strong></span> <span class='ocrx_word' id='word_1_483' title='bbox 1727 4752 1792 4791; x_wconf 85' lang='lat' dir='ltr'><strong>ex</strong></span> <span class='ocrx_word' id='word_1_484' title='bbox 1841 4740 1942 4794; x_wconf 91' lang='lat' dir='ltr'><strong>hac</strong></span> 
     </span>
    </p>
   </div>
   <div class='ocr_carea' id='block_1_67' title="bbox 371 4823 1940 4896">
    <p class='ocr_par' dir='ltr' id='par_1_67' title="bbox 371 4823 1940 4896">
     <span class='ocr_line' id='line_1_67' title="bbox 371 4823 1940 4896; baseline 0.001 -15"><span class='ocrx_word' id='word_1_485' title='bbox 371 4828 511 4881; x_wconf 88' lang='lat' dir='ltr'><strong>tribu</strong></span> <span class='ocrx_word' id='word_1_486' title='bbox 553 4825 712 4896; x_wconf 85' lang='lat' dir='ltr'><strong>elegit</strong></span> <span class='ocrx_word' id='word_1_487' title='bbox 737 4824 917 4878; x_wconf 87' lang='lat' dir='ltr'><strong>Aaron</strong></span> <span class='ocrx_word' id='word_1_488' title='bbox 954 4839 1221 4878; x_wconf 90' lang='lat' dir='ltr'><strong>summum</strong></span> <span class='ocrx_word' id='word_1_489' title='bbox 1261 4823 1604 4893; x_wconf 89' lang='lat' dir='ltr'><strong>pontiﬁcem;</strong></span> <span class='ocrx_word' id='word_1_490' title='bbox 1633 4823 1771 4880; x_wconf 91' lang='lat' dir='ltr'><strong>ﬁlios</strong></span> <span class='ocrx_word' id='word_1_491' title='bbox 1810 4842 1940 4883; x_wconf 91' lang='lat' dir='ltr'><strong>vero</strong></span> 
     </span>
    </p>
   </div>
   <div class='ocr_carea' id='block_1_68' title="bbox 369 4915 1939 4990">
    <p class='ocr_par' dir='ltr' id='par_1_68' title="bbox 369 4915 1939 4990">
     <span class='ocr_line' id='line_1_68' title="bbox 369 4915 1939 4990; baseline -0.001 -13"><span class='ocrx_word' id='word_1_492' title='bbox 369 4921 486 4990; x_wconf 70' lang='lat' dir='ltr'><strong>eius</strong></span> <span class='ocrx_word' id='word_1_493' title='bbox 524 4918 750 4974; x_wconf 88' lang='lat' dir='ltr'><strong>minoris</strong></span> <span class='ocrx_word' id='word_1_494' title='bbox 800 4916 997 4987; x_wconf 88' lang='lat' dir='ltr'><strong>gradus</strong></span> <span class='ocrx_word' id='word_1_495' title='bbox 1045 4915 1125 4971; x_wconf 89' lang='lat' dir='ltr'><strong>vel</strong></span> <span class='ocrx_word' id='word_1_496' title='bbox 1156 4917 1380 4981; x_wconf 89' lang='lat' dir='ltr'><strong>ordinis,</strong></span> <span class='ocrx_word' id='word_1_497' title='bbox 1418 4933 1553 4986; x_wconf 90' lang='lat' dir='ltr'><strong>quos</strong></span> <span class='ocrx_word' id='word_1_498' title='bbox 1597 4918 1939 4990; x_wconf 86' lang='lat' dir='ltr'><strong>presbyteros</strong></span> 
     </span>
    </p>
   </div>
   <div class='ocr_carea' id='block_1_69' title="bbox 372 5005 1938 5082">
    <p class='ocr_par' dir='ltr' id='par_1_69' title="bbox 372 5005 1938 5082">
     <span class='ocr_line' id='line_1_69' title="bbox 372 5005 1938 5082; baseline 0.001 -17"><span class='ocrx_word' id='word_1_499' title='bbox 372 5009 722 5082; x_wconf 81' lang='lat' dir='ltr'><strong>appellamus.</strong></span> <span class='ocrx_word' id='word_1_500' title='bbox 762 5005 997 5061; x_wconf 56' lang='lat' dir='ltr'><strong>Caeteros</strong></span> <span class='ocrx_word' id='word_1_501' title='bbox 1033 5007 1085 5060; x_wconf 92' lang='lat' dir='ltr'><strong>in</strong></span> <span class='ocrx_word' id='word_1_502' title='bbox 1109 5007 1294 5060; x_wconf 89' lang='lat' dir='ltr'><strong>eadem</strong></span> <span class='ocrx_word' id='word_1_503' title='bbox 1333 5007 1477 5061; x_wconf 90' lang='lat' dir='ltr'><strong>tribu</strong></span> <span class='ocrx_word' id='word_1_504' title='bbox 1509 5010 1746 5078; x_wconf 81' lang='lat' dir='ltr'><strong>generali</strong></span> <span class='ocrx_word' id='word_1_505' title='bbox 1779 5027 1938 5066; x_wconf 79' lang='lat' dir='ltr'><strong>voca-</strong></span> 
     </span>
    </p>
   </div>
   <div class='ocr_carea' id='block_1_70' title="bbox 368 5097 1938 5169">
    <p class='ocr_par' dir='ltr' id='par_1_70' title="bbox 368 5097 1938 5169">
     <span class='ocr_line' id='line_1_70' title="bbox 368 5097 1938 5169; baseline -0.002 -10"><span class='ocrx_word' id='word_1_506' title='bbox 368 5105 497 5159; x_wconf 90' lang='lat' dir='ltr'><strong>bulo</strong></span> <span class='ocrx_word' id='word_1_507' title='bbox 523 5101 738 5157; x_wconf 85' lang='lat' dir='ltr'><strong>Levitas</strong></span> <span class='ocrx_word' id='word_1_508' title='bbox 766 5107 1100 5169; x_wconf 88' lang='lat' dir='ltr'><strong>nuncupant,</strong></span> <span class='ocrx_word' id='word_1_509' title='bbox 1151 5097 1377 5152; x_wconf 88' lang='lat' dir='ltr'><strong>diversis</strong></span> <span class='ocrx_word' id='word_1_510' title='bbox 1402 5098 1656 5167; x_wconf 82' lang='lat' dir='ltr'><strong>gradibus</strong></span> <span class='ocrx_word' id='word_1_511' title='bbox 1693 5108 1745 5155; x_wconf 88' lang='lat' dir='ltr'><strong>et</strong></span> <span class='ocrx_word' id='word_1_512' title='bbox 1781 5102 1938 5157; x_wconf 92' lang='lat' dir='ltr'><strong>mini-</strong></span> 
     </span>
    </p>
   </div>
   <div class='ocr_carea' id='block_1_71' title="bbox 371 5187 1934 5261">
    <p class='ocr_par' dir='ltr' id='par_1_71' title="bbox 371 5187 1934 5261">
     <span class='ocr_line' id='line_1_71' title="bbox 371 5187 1934 5261; baseline -0.002 -12"><span class='ocrx_word' id='word_1_513' title='bbox 371 5193 551 5248; x_wconf 84' lang='lat' dir='ltr'><strong>steriis</strong></span> <span class='ocrx_word' id='word_1_514' title='bbox 579 5191 868 5261; x_wconf 85' lang='lat' dir='ltr'><strong>delegatos.</strong></span> <span class='ocrx_word' id='word_1_515' title='bbox 895 5187 1120 5255; x_wconf 86' lang='lat' dir='ltr'><strong>Quidam</strong></span> <span class='ocrx_word' id='word_1_516' title='bbox 1151 5187 1293 5241; x_wconf 90' lang='lat' dir='ltr'><strong>enim</strong></span> <span class='ocrx_word' id='word_1_517' title='bbox 1326 5199 1388 5242; x_wconf 80' lang='lat' dir='ltr'><strong>ex</strong></span> <span class='ocrx_word' id='word_1_518' title='bbox 1427 5189 1556 5257; x_wconf 90' lang='lat' dir='ltr'><strong>ipsis</strong></span> <span class='ocrx_word' id='word_1_519' title='bbox 1581 5198 1736 5244; x_wconf 88' lang='lat' dir='ltr'><strong>erant</strong></span> <span class='ocrx_word' id='word_1_520' title='bbox 1768 5191 1934 5246; x_wconf 87' lang='lat' dir='ltr'><strong>ostia-</strong></span> 
     </span>
    </p>
   </div>
   <div class='ocr_carea' id='block_1_72' title="bbox 373 5275 1934 5349">
    <p class='ocr_par' dir='ltr' id='par_1_72' title="bbox 373 5275 1934 5349">
     <span class='ocr_line' id='line_1_72' title="bbox 373 5275 1934 5349; baseline -0.001 -13"><span class='ocrx_word' id='word_1_521' title='bbox 373 5284 459 5347; x_wconf 88' lang='lat' dir='ltr'><strong>rii,</strong></span> <span class='ocrx_word' id='word_1_522' title='bbox 506 5291 561 5337; x_wconf 88' lang='lat' dir='ltr'><strong>et</strong></span> <span class='ocrx_word' id='word_1_523' title='bbox 589 5283 644 5337; x_wconf 90' lang='lat' dir='ltr'><strong>hi</strong></span> <span class='ocrx_word' id='word_1_524' title='bbox 690 5287 844 5336; x_wconf 90' lang='lat' dir='ltr'><strong>erant</strong></span> <span class='ocrx_word' id='word_1_525' title='bbox 874 5279 928 5334; x_wconf 92' lang='lat' dir='ltr'><strong>in</strong></span> <span class='ocrx_word' id='word_1_526' title='bbox 967 5277 1140 5347; x_wconf 85' lang='lat' dir='ltr'><strong>primo</strong></span> <span class='ocrx_word' id='word_1_527' title='bbox 1183 5285 1236 5331; x_wconf 90' lang='lat' dir='ltr'><strong>et</strong></span> <span class='ocrx_word' id='word_1_528' title='bbox 1285 5276 1336 5330; x_wconf 92' lang='lat' dir='ltr'><strong>in</strong></span> <span class='ocrx_word' id='word_1_529' title='bbox 1368 5275 1608 5333; x_wconf 84' lang='lat' dir='ltr'><strong>inferiori</strong></span> <span class='ocrx_word' id='word_1_530' title='bbox 1646 5280 1852 5349; x_wconf 79' lang='lat' dir='ltr'><strong>gradu;</strong></span> <span class='ocrx_word' id='word_1_531' title='bbox 1881 5281 1934 5335; x_wconf 93' lang='lat' dir='ltr'><strong>in</strong></span> 
     </span>
    </p>
   </div>
   <div class='ocr_carea' id='block_1_73' title="bbox 373 5367 1938 5438">
    <p class='ocr_par' dir='ltr' id='par_1_73' title="bbox 373 5367 1938 5438">
     <span class='ocr_line' id='line_1_73' title="bbox 373 5367 1938 5438; baseline -0.003 -10"><span class='ocrx_word' id='word_1_532' title='bbox 373 5374 605 5430; x_wconf 88' lang='lat' dir='ltr'><strong>secundo</strong></span> <span class='ocrx_word' id='word_1_533' title='bbox 657 5373 921 5435; x_wconf 84' lang='lat' dir='ltr'><strong>lectores;</strong></span> <span class='ocrx_word' id='word_1_534' title='bbox 959 5369 1012 5423; x_wconf 89' lang='lat' dir='ltr'><strong>in</strong></span> <span class='ocrx_word' id='word_1_535' title='bbox 1060 5367 1219 5422; x_wconf 89' lang='lat' dir='ltr'><strong>tertio</strong></span> <span class='ocrx_word' id='word_1_536' title='bbox 1274 5367 1594 5433; x_wconf 66' lang='lat' dir='ltr'><strong>exorcistae;</strong></span> <span class='ocrx_word' id='word_1_537' title='bbox 1637 5369 1691 5422; x_wconf 92' lang='lat' dir='ltr'><strong>in</strong></span> <span class='ocrx_word' id='word_1_538' title='bbox 1743 5377 1938 5438; x_wconf 90' lang='lat' dir='ltr'><strong>quarto</strong></span> 
     </span>
    </p>
   </div>
   <div class='ocr_carea' id='block_1_74' title="bbox 373 5461 1938 5534">
    <p class='ocr_par' dir='ltr' id='par_1_74' title="bbox 373 5461 1938 5534">
     <span class='ocr_line' id='line_1_74' title="bbox 373 5461 1938 5534; baseline 0.001 -18"><span class='ocrx_word' id='word_1_539' title='bbox 373 5465 563 5534; x_wconf 86' lang='lat' dir='ltr'><strong>acolyti</strong></span> <span class='ocrx_word' id='word_1_540' title='bbox 589 5481 603 5529; x_wconf 91' lang='lat'><strong>;</strong></span> <span class='ocrx_word' id='word_1_541' title='bbox 632 5465 685 5518; x_wconf 91' lang='lat' dir='ltr'><strong>in</strong></span> <span class='ocrx_word' id='word_1_542' title='bbox 715 5463 904 5533; x_wconf 90' lang='lat' dir='ltr'><strong>quinto</strong></span> <span class='ocrx_word' id='word_1_543' title='bbox 943 5461 1294 5527; x_wconf 88' lang='lat' dir='ltr'><strong>subdiaconl;</strong></span> <span class='ocrx_word' id='word_1_544' title='bbox 1329 5461 1383 5515; x_wconf 88' lang='lat' dir='ltr'><strong>in</strong></span> <span class='ocrx_word' id='word_1_545' title='bbox 1423 5471 1576 5517; x_wconf 75' lang='lat' dir='ltr'><strong>sexto</strong></span> <span class='ocrx_word' id='word_1_546' title='bbox 1608 5463 1856 5527; x_wconf 86' lang='lat' dir='ltr'><strong>diaconi;</strong></span> <span class='ocrx_word' id='word_1_547' title='bbox 1884 5463 1938 5517; x_wconf 89' lang='lat' dir='ltr'><strong>in</strong></span> 
     </span>
    </p>
   </div>
   <div class='ocr_carea' id='block_1_75' title="bbox 375 5547 1939 5624">
    <p class='ocr_par' dir='ltr' id='par_1_75' title="bbox 375 5547 1939 5624">
     <span class='ocr_line' id='line_1_75' title="bbox 375 5547 1939 5624; baseline 0.001 -18"><span class='ocrx_word' id='word_1_548' title='bbox 375 5547 600 5622; x_wconf 84' lang='lat' dir='ltr'><strong>septimo</strong></span> <span class='ocrx_word' id='word_1_549' title='bbox 626 5552 926 5624; x_wconf 87' lang='lat' dir='ltr'><strong>presbyteri</strong></span> <span class='ocrx_word' id='word_1_550' title='bbox 953 5551 1044 5616; x_wconf 88' lang='lat' dir='ltr'><strong>;in</strong></span> <span class='ocrx_word' id='word_1_551' title='bbox 1072 5567 1344 5623; x_wconf 78' lang='lat' dir='ltr'><strong>supremo,</strong></span> <span class='ocrx_word' id='word_1_552' title='bbox 1375 5552 1742 5608; x_wconf 81' lang='lat' dir='ltr'><strong>excellentiori</strong></span> <span class='ocrx_word' id='word_1_553' title='bbox 1770 5555 1939 5624; x_wconf 90' lang='lat' dir='ltr'><strong>gradu</strong></span> 
     </span>
    </p>
   </div>
   <div class='ocr_carea' id='block_1_76' title="bbox 375 5643 1942 5714">
    <p class='ocr_par' dir='ltr' id='par_1_76' title="bbox 375 5643 1942 5714">
     <span class='ocr_line' id='line_1_76' title="bbox 375 5643 1942 5714; baseline 0.004 -20"><span class='ocrx_word' id='word_1_554' title='bbox 375 5645 610 5714; x_wconf 78' lang='lat' dir='ltr'><strong>episcopi</strong></span> <span class='ocrx_word' id='word_1_555' title='bbox 655 5645 768 5698; x_wconf 90' lang='lat' dir='ltr'><strong>sive</strong></span> <span class='ocrx_word' id='word_1_556' title='bbox 794 5643 1075 5713; x_wconf 84' lang='lat' dir='ltr'><strong>pontiﬁces</strong></span> <span class='ocrx_word' id='word_1_557' title='bbox 1114 5645 1388 5700; x_wconf 87' lang='lat' dir='ltr'><strong>constituti</strong></span> <span class='ocrx_word' id='word_1_558' title='bbox 1443 5653 1617 5700; x_wconf 87' lang='lat' dir='ltr'><strong>erant.</strong></span> <span class='ocrx_word' id='word_1_559' title='bbox 1671 5643 1735 5699; x_wconf 80' lang='lat' dir='ltr'><strong>lii</strong></span> <span class='ocrx_word' id='word_1_560' title='bbox 1785 5655 1942 5700; x_wconf 89' lang='lat' dir='ltr'><strong>erant</strong></span> 
     </span>
    </p>
   </div>
   <div class='ocr_carea' id='block_1_77' title="bbox 1950 3054 2001 3120">
    <p class='ocr_par' dir='ltr' id='par_1_77' title="bbox 1950 3054 2001 3120">
     <span class='ocr_line' id='line_1_77' title="bbox 1950 3054 2001 3120; baseline 0 0"><span class='ocrx_word' id='word_1_561' title='bbox 1950 3054 2001 3120; x_wconf 77' lang='grc' dir='ltr'>α</span> 
     </span>
    </p>
   </div>
   <div class='ocr_carea' id='block_1_78' title="bbox 2026 2001 3606 2081">
    <p class='ocr_par' dir='ltr' id='par_1_78' title="bbox 2026 2001 3606 2081">
     <span class='ocr_line' id='line_1_78' title="bbox 2026 2001 3606 2081; baseline 0.008 -27"><span class='ocrx_word' id='word_1_562' title='bbox 2026 2001 2404 2071; x_wconf 80' lang='lat' dir='ltr'><strong>Apostolorum</strong></span> <span class='ocrx_word' id='word_1_563' title='bbox 2429 2002 2596 2060; x_wconf 81' lang='lat' dir='ltr'><strong>fuisse</strong></span> <span class='ocrx_word' id='word_1_564' title='bbox 2621 2012 2826 2074; x_wconf 84' lang='lat' dir='ltr'><strong>septem</strong></span> <span class='ocrx_word' id='word_1_565' title='bbox 2857 2007 2952 2062; x_wconf 90' lang='lat' dir='ltr'><strong>ﬁlii</strong></span> <span class='ocrx_word' id='word_1_566' title='bbox 2979 2007 3164 2065; x_wconf 78' lang='lat' dir='ltr'><strong>Seevae</strong></span> <span class='ocrx_word' id='word_1_567' title='bbox 3198 2009 3335 2081; x_wconf 82' lang='lat' dir='ltr'><strong>(Act.</strong></span> <span class='ocrx_word' id='word_1_568' title='bbox 3364 2027 3481 2076; x_wconf 76' lang='lat' dir='ltr'><strong>xu,</strong></span> <span class='ocrx_word' id='word_1_569' title='bbox 3514 2013 3606 2077; x_wconf 75' lang='lat' dir='ltr'><strong>l3,</strong></span> 
     </span>
    </p>
   </div>
   <div class='ocr_carea' id='block_1_79' title="bbox 2026 2092 2140 2164">
    <p class='ocr_par' dir='ltr' id='par_1_79' title="bbox 2026 2092 2140 2164">
     <span class='ocr_line' id='line_1_79' title="bbox 2026 2092 2140 2164; baseline 0 -18"><span class='ocrx_word' id='word_1_570' title='bbox 2026 2092 2140 2164; x_wconf 68' lang='grc' dir='ltr'><strong>μ).</strong></span> 
     </span>
    </p>
   </div>
   <div class='ocr_carea' id='block_1_80' title="bbox 2097 2183 3609 2258">
    <p class='ocr_par' dir='ltr' id='par_1_80' title="bbox 2097 2183 3609 2258">
     <span class='ocr_line' id='line_1_80' title="bbox 2097 2183 3609 2258; baseline 0.011 -22"><span class='ocrx_word' id='word_1_571' title='bbox 2097 2183 2301 2254; x_wconf 80' lang='lat' dir='ltr'><strong>Acolyti</strong></span> <span class='ocrx_word' id='word_1_572' title='bbox 2329 2194 2504 2252; x_wconf 89' lang='lat' dir='ltr'><strong>erant,</strong></span> <span class='ocrx_word' id='word_1_573' title='bbox 2531 2187 2625 2258; x_wconf 88' lang='lat' dir='ltr'><strong>qui</strong></span> <span class='ocrx_word' id='word_1_574' title='bbox 2651 2189 2996 2247; x_wconf 88' lang='lat' dir='ltr'><strong>tabernaculo</strong></span> <span class='ocrx_word' id='word_1_575' title='bbox 3016 2192 3113 2248; x_wconf 89' lang='lat' dir='ltr'><strong>Dei</strong></span> <span class='ocrx_word' id='word_1_576' title='bbox 3142 2193 3379 2251; x_wconf 87' lang='lat' dir='ltr'><strong>lucernis</strong></span> <span class='ocrx_word' id='word_1_577' title='bbox 3412 2211 3609 2252; x_wconf 78' lang='lat' dir='ltr'><strong>acoen-</strong></span> 
     </span>
    </p>
   </div>
   <div class='ocr_carea' id='block_1_81' title="bbox 2028 2272 3603 2359">
    <p class='ocr_par' dir='ltr' id='par_1_81' title="bbox 2028 2272 3603 2359">
     <span class='ocr_line' id='line_1_81' title="bbox 2028 2272 3603 2359; baseline 0.01 -32"><span class='ocrx_word' id='word_1_578' title='bbox 2028 2272 2217 2328; x_wconf 80' lang='lat' dir='ltr'><strong>dendis</strong></span> <span class='ocrx_word' id='word_1_579' title='bbox 2265 2285 2567 2345; x_wconf 64' lang='lat' dir='ltr'><strong>praeerant,</strong></span> <span class='ocrx_word' id='word_1_580' title='bbox 2612 2277 2766 2348; x_wconf 83' lang='lat' dir='ltr'><strong>juxta</strong></span> <span class='ocrx_word' id='word_1_581' title='bbox 2819 2283 2962 2351; x_wconf 90' lang='lat' dir='ltr'><strong>quod</strong></span> <span class='ocrx_word' id='word_1_582' title='bbox 3011 2285 3066 2337; x_wconf 94' lang='lat' dir='ltr'><strong>in</strong></span> <span class='ocrx_word' id='word_1_583' title='bbox 3119 2283 3306 2341; x_wconf 82' lang='lat' dir='ltr'><strong>Exodo</strong></span> <span class='ocrx_word' id='word_1_584' title='bbox 3365 2287 3603 2359; x_wconf 89' lang='lat' dir='ltr'><strong>legitur:</strong></span> 
     </span>
    </p>
   </div>
   <div class='ocr_carea' id='block_1_82' title="bbox 2031 2360 3608 2439">
    <p class='ocr_par' dir='ltr' id='par_1_82' title="bbox 2031 2360 3608 2439">
     <span class='ocr_line' id='line_1_82' title="bbox 2031 2360 3608 2439; baseline 0.01 -25"><span class='ocrx_word' id='word_1_585' title='bbox 2031 2360 2266 2433; x_wconf 67' lang='lat' dir='ltr'><strong>Praecipe</strong></span> <span class='ocrx_word' id='word_1_586' title='bbox 2293 2365 2420 2433; x_wconf 83' lang='lat' dir='ltr'><strong>ﬁliis</strong></span> <span class='ocrx_word' id='word_1_587' title='bbox 2442 2365 2635 2433; x_wconf 85' lang='lat' dir='ltr'><strong>Israel,</strong></span> <span class='ocrx_word' id='word_1_588' title='bbox 2659 2379 2716 2422; x_wconf 87' lang='lat' dir='ltr'><strong>ut</strong></span> <span class='ocrx_word' id='word_1_589' title='bbox 2747 2371 2973 2439; x_wconf 70' lang='lat' dir='ltr'><strong>a/ferant</strong></span> <span class='ocrx_word' id='word_1_590' title='bbox 2997 2373 3090 2426; x_wconf 86' lang='lat' dir='ltr'><strong>tibi</strong></span> <span class='ocrx_word' id='word_1_591' title='bbox 3116 2374 3288 2428; x_wconf 84' lang='lat' dir='ltr'><strong>oleum</strong></span> <span class='ocrx_word' id='word_1_592' title='bbox 3317 2376 3383 2429; x_wconf 86' lang='lat' dir='ltr'><strong>de</strong></span> <span class='ocrx_word' id='word_1_593' title='bbox 3408 2379 3608 2432; x_wconf 82' lang='lat' dir='ltr'><strong>arbori-</strong></span> 
     </span>
    </p>
   </div>
   <div class='ocr_carea' id='block_1_83' title="bbox 2030 2453 3602 2532">
    <p class='ocr_par' dir='ltr' id='par_1_83' title="bbox 2030 2453 3602 2532">
     <span class='ocr_line' id='line_1_83' title="bbox 2030 2453 3602 2532; baseline 0.01 -27"><span class='ocrx_word' id='word_1_594' title='bbox 2030 2453 2123 2507; x_wconf 85' lang='lat' dir='ltr'><strong>bus</strong></span> <span class='ocrx_word' id='word_1_595' title='bbox 2172 2453 2427 2509; x_wconf 85' lang='lat' dir='ltr'><strong>olivarum</strong></span> <span class='ocrx_word' id='word_1_596' title='bbox 2478 2459 2838 2526; x_wconf 83' lang='lat' dir='ltr'><strong>purissimum,</strong></span> <span class='ocrx_word' id='word_1_597' title='bbox 2891 2461 3097 2532; x_wconf 80' lang='lat' dir='ltr'><strong>piloque</strong></span> <span class='ocrx_word' id='word_1_598' title='bbox 3148 2473 3449 2532; x_wconf 80' lang='lat' dir='ltr'><strong>contusum,</strong></span> <span class='ocrx_word' id='word_1_599' title='bbox 3497 2476 3602 2521; x_wconf 81' lang='lat' dir='ltr'><strong>etc.</strong></span> 
     </span>
    </p>
   </div>
   <div class='ocr_carea' id='block_1_84' title="bbox 2030 2547 3605 2623">
    <p class='ocr_par' dir='ltr' id='par_1_84' title="bbox 2030 2547 3605 2623">
     <span class='ocr_line' id='line_1_84' title="bbox 2030 2547 3605 2623; baseline 0.008 -22"><span class='ocrx_word' id='word_1_600' title='bbox 2030 2547 2225 2617; x_wconf 75' lang='lat' dir='ltr'><strong>(Exod.</strong></span> <span class='ocrx_word' id='word_1_601' title='bbox 2251 2565 2421 2615; x_wconf 77' lang='lat' dir='ltr'><strong>xxvu,</strong></span> <span class='ocrx_word' id='word_1_602' title='bbox 2445 2549 2558 2622; x_wconf 69' lang='grc' dir='ltr'><strong>ΞΟ).</strong></span> <span class='ocrx_word' id='word_1_603' title='bbox 2582 2551 2648 2605; x_wconf 83' lang='lat' dir='ltr'><strong>lli</strong></span> <span class='ocrx_word' id='word_1_604' title='bbox 2674 2553 3128 2623; x_wconf 89' lang='lat' dir='ltr'><strong>obsequebantur,</strong></span> <span class='ocrx_word' id='word_1_605' title='bbox 3154 2558 3206 2610; x_wconf 90' lang='lat' dir='ltr'><strong>in</strong></span> <span class='ocrx_word' id='word_1_606' title='bbox 3231 2558 3484 2614; x_wconf 91' lang='lat' dir='ltr'><strong>omnibus</strong></span> <span class='ocrx_word' id='word_1_607' title='bbox 3503 2575 3605 2614; x_wconf 69' lang='lat' dir='ltr'><strong>cae-</strong></span> 
     </span>
    </p>
   </div>
   <div class='ocr_carea' id='block_1_85' title="bbox 2029 2638 3601 2718">
    <p class='ocr_par' dir='ltr' id='par_1_85' title="bbox 2029 2638 3601 2718">
     <span class='ocr_line' id='line_1_85' title="bbox 2029 2638 3601 2718; baseline 0.008 -27"><span class='ocrx_word' id='word_1_608' title='bbox 2029 2638 2180 2704; x_wconf 89' lang='lat' dir='ltr'><strong>teris,</strong></span> <span class='ocrx_word' id='word_1_609' title='bbox 2229 2641 2596 2710; x_wconf 88' lang='lat' dir='ltr'><strong>superioribus</strong></span> <span class='ocrx_word' id='word_1_610' title='bbox 2637 2644 2932 2714; x_wconf 89' lang='lat' dir='ltr'><strong>gradibus:</strong></span> <span class='ocrx_word' id='word_1_611' title='bbox 2963 2645 3118 2702; x_wconf 89' lang='lat' dir='ltr'><strong>Unde</strong></span> <span class='ocrx_word' id='word_1_612' title='bbox 3153 2648 3369 2718; x_wconf 82' lang='lat' dir='ltr'><strong>acolyti,</strong></span> <span class='ocrx_word' id='word_1_613' title='bbox 3405 2650 3459 2704; x_wconf 92' lang='lat' dir='ltr'><strong>id</strong></span> <span class='ocrx_word' id='word_1_614' title='bbox 3499 2658 3601 2717; x_wconf 89' lang='lat' dir='ltr'><strong>est,</strong></span> 
     </span>
    </p>
   </div>
   <div class='ocr_carea' id='block_1_86' title="bbox 2029 2729 3596 2803">
    <p class='ocr_par' dir='ltr' id='par_1_86' title="bbox 2029 2729 3596 2803">
     <span class='ocr_line' id='line_1_86' title="bbox 2029 2729 3596 2803; baseline 0.008 -20"><span class='ocrx_word' id='word_1_615' title='bbox 2029 2729 2387 2800; x_wconf 86' lang='lat' dir='ltr'><strong>obsequentes</strong></span> <span class='ocrx_word' id='word_1_616' title='bbox 2440 2732 2810 2799; x_wconf 84' lang='lat' dir='ltr'><strong>vocabantur;</strong></span> <span class='ocrx_word' id='word_1_617' title='bbox 2866 2737 3146 2792; x_wconf 68' lang='grc' dir='ltr'><strong>ἀκολουθίαν</strong></span> <span class='ocrx_word' id='word_1_618' title='bbox 3193 2738 3340 2793; x_wconf 89' lang='lat' dir='ltr'><strong>enim</strong></span> <span class='ocrx_word' id='word_1_619' title='bbox 3397 2739 3596 2803; x_wconf 66' lang='lat' dir='ltr'><strong>Graece.</strong></span> 
     </span>
    </p>
   </div>
   <div class='ocr_carea' id='block_1_87' title="bbox 2019 2820 3601 2898">
    <p class='ocr_par' dir='ltr' id='par_1_87' title="bbox 2019 2820 3601 2898">
     <span class='ocr_line' id='line_1_87' title="bbox 2019 2820 3601 2898; baseline 0.004 -22"><span class='ocrx_word' id='word_1_620' title='bbox 2019 2820 2217 2876; x_wconf 80' lang='lat' dir='ltr'><strong>Latine</strong></span> <span class='ocrx_word' id='word_1_621' title='bbox 2262 2837 2460 2891; x_wconf 90' lang='lat' dir='ltr'><strong>sequor</strong></span> <span class='ocrx_word' id='word_1_622' title='bbox 2498 2823 2715 2879; x_wconf 91' lang='lat' dir='ltr'><strong>dicitur.</strong></span> <span class='ocrx_word' id='word_1_623' title='bbox 2747 2824 2896 2881; x_wconf 81' lang='lat' dir='ltr'><strong>Nunc</strong></span> <span class='ocrx_word' id='word_1_624' title='bbox 2923 2826 2978 2881; x_wconf 92' lang='lat' dir='ltr'><strong>in</strong></span> <span class='ocrx_word' id='word_1_625' title='bbox 3000 2826 3239 2882; x_wconf 87' lang='lat' dir='ltr'><strong>Ecclesia</strong></span> <span class='ocrx_word' id='word_1_626' title='bbox 3275 2829 3601 2898; x_wconf 80' lang='lat' dir='ltr'><strong>cereoferarii</strong></span> 
     </span>
    </p>
   </div>
   <div class='ocr_carea' id='block_1_88' title="bbox 2029 2910 3597 2974">
    <p class='ocr_par' dir='ltr' id='par_1_88' title="bbox 2029 2910 3597 2974">
     <span class='ocr_line' id='line_1_88' title="bbox 2029 2910 3597 2974; baseline 0.005 -8"><span class='ocrx_word' id='word_1_627' title='bbox 2029 2910 2280 2966; x_wconf 82' lang='lat' dir='ltr'><strong>dicuntur</strong></span> <span class='ocrx_word' id='word_1_628' title='bbox 2307 2927 2337 2966; x_wconf 92' lang='lat' dir='ltr'><strong>a</strong></span> <span class='ocrx_word' id='word_1_629' title='bbox 2364 2911 2597 2970; x_wconf 78' lang='lat' dir='ltr'><strong>ferendis</strong></span> <span class='ocrx_word' id='word_1_630' title='bbox 2626 2916 2816 2970; x_wconf 89' lang='lat' dir='ltr'><strong>cereis.</strong></span> <span class='ocrx_word' id='word_1_631' title='bbox 2843 2915 2949 2971; x_wconf 90' lang='lat' dir='ltr'><strong>Sed</strong></span> <span class='ocrx_word' id='word_1_632' title='bbox 2981 2924 3105 2972; x_wconf 88' lang='lat' dir='ltr'><strong>tunc</strong></span> <span class='ocrx_word' id='word_1_633' title='bbox 3130 2918 3238 2972; x_wconf 90' lang='lat' dir='ltr'><strong>dici</strong></span> <span class='ocrx_word' id='word_1_634' title='bbox 3262 2919 3366 2974; x_wconf 87' lang='lat' dir='ltr'><strong>hoc</strong></span> <span class='ocrx_word' id='word_1_635' title='bbox 3385 2920 3597 2974; x_wconf 88' lang='lat' dir='ltr'><strong>nomine</strong></span> 
     </span>
    </p>
   </div>
   <div class='ocr_carea' id='block_1_89' title="bbox 2029 3008 3598 3076">
    <p class='ocr_par' dir='ltr' id='par_1_89' title="bbox 2029 3008 3598 3076">
     <span class='ocr_line' id='line_1_89' title="bbox 2029 3008 3598 3076; baseline 0.004 -17"><span class='ocrx_word' id='word_1_636' title='bbox 2029 3019 2136 3060; x_wconf 91' lang='lat' dir='ltr'><strong>non</strong></span> <span class='ocrx_word' id='word_1_637' title='bbox 2175 3013 2440 3076; x_wconf 87' lang='lat' dir='ltr'><strong>poterant,</strong></span> <span class='ocrx_word' id='word_1_638' title='bbox 2475 3008 2616 3076; x_wconf 90' lang='lat' dir='ltr'><strong>quod</strong></span> <span class='ocrx_word' id='word_1_639' title='bbox 2651 3023 2750 3064; x_wconf 85' lang='lat' dir='ltr'><strong>nec</strong></span> <span class='ocrx_word' id='word_1_640' title='bbox 2777 3008 2904 3074; x_wconf 88' lang='lat' dir='ltr'><strong>mel,</strong></span> <span class='ocrx_word' id='word_1_641' title='bbox 2951 3024 3051 3066; x_wconf 91' lang='lat' dir='ltr'><strong>nec</strong></span> <span class='ocrx_word' id='word_1_642' title='bbox 3081 3025 3206 3066; x_wconf 86' lang='lat' dir='ltr'><strong>cera</strong></span> <span class='ocrx_word' id='word_1_643' title='bbox 3247 3009 3598 3066; x_wconf 84' lang='lat' dir='ltr'><strong>introfereba-</strong></span> 
     </span>
    </p>
   </div>
   <div class='ocr_carea' id='block_1_90' title="bbox 2030 3097 2755 3154">
    <p class='ocr_par' dir='ltr' id='par_1_90' title="bbox 2030 3097 2755 3154">
     <span class='ocr_line' id='line_1_90' title="bbox 2030 3097 2755 3154; baseline 0.006 -4"><span class='ocrx_word' id='word_1_644' title='bbox 2030 3102 2120 3151; x_wconf 87' lang='lat' dir='ltr'><strong>tur</strong></span> <span class='ocrx_word' id='word_1_645' title='bbox 2153 3097 2207 3151; x_wconf 93' lang='lat' dir='ltr'><strong>in</strong></span> <span class='ocrx_word' id='word_1_646' title='bbox 2233 3097 2498 3153; x_wconf 89' lang='lat' dir='ltr'><strong>sacriﬁcio</strong></span> <span class='ocrx_word' id='word_1_647' title='bbox 2521 3097 2755 3154; x_wconf 90' lang='lat' dir='ltr'><strong>Domini.</strong></span> 
     </span>
    </p>
   </div>
   <div class='ocr_carea' id='block_1_91' title="bbox 2099 3176 3599 3262">
    <p class='ocr_par' dir='ltr' id='par_1_91' title="bbox 2099 3176 3599 3262">
     <span class='ocr_line' id='line_1_91' title="bbox 2099 3176 3599 3262; baseline 0.003 -20"><span class='ocrx_word' id='word_1_648' title='bbox 2099 3184 2420 3244; x_wconf 82' lang='lat' dir='ltr'><strong>Subdiaconi</strong></span> <span class='ocrx_word' id='word_1_649' title='bbox 2456 3176 2635 3256; x_wconf 65' lang='lat' dir='ltr'><strong>erant,</strong></span> <span class='ocrx_word' id='word_1_650' title='bbox 2675 3205 2812 3260; x_wconf 89' lang='lat' dir='ltr'><strong>quos</strong></span> <span class='ocrx_word' id='word_1_651' title='bbox 2843 3191 3153 3247; x_wconf 75' lang='lat' dir='ltr'><strong>Nathinteos</strong></span> <span class='ocrx_word' id='word_1_652' title='bbox 3194 3193 3477 3257; x_wconf 85' lang='lat' dir='ltr'><strong>vocabant,</strong></span> <span class='ocrx_word' id='word_1_653' title='bbox 3514 3194 3599 3262; x_wconf 90' lang='lat' dir='ltr'><strong>qui</strong></span> 
     </span>
    </p>
   </div>
   <div class='ocr_carea' id='block_1_92' title="bbox 2029 3277 3601 3346">
    <p class='ocr_par' dir='ltr' id='par_1_92' title="bbox 2029 3277 3601 3346">
     <span class='ocr_line' id='line_1_92' title="bbox 2029 3277 3601 3346; baseline 0.002 -12"><span class='ocrx_word' id='word_1_654' title='bbox 2029 3277 2130 3334; x_wconf 88' lang='lat' dir='ltr'><strong>sub</strong></span> <span class='ocrx_word' id='word_1_655' title='bbox 2168 3277 2370 3335; x_wconf 87' lang='lat' dir='ltr'><strong>Levitis</strong></span> <span class='ocrx_word' id='word_1_656' title='bbox 2415 3287 2593 3346; x_wconf 85' lang='lat' dir='ltr'><strong>erant,</strong></span> <span class='ocrx_word' id='word_1_657' title='bbox 2641 3282 3040 3338; x_wconf 89' lang='lat' dir='ltr'><strong>subservientes</strong></span> <span class='ocrx_word' id='word_1_658' title='bbox 3078 3291 3134 3338; x_wconf 89' lang='lat' dir='ltr'><strong>et</strong></span> <span class='ocrx_word' id='word_1_659' title='bbox 3182 3283 3601 3337; x_wconf 88' lang='lat' dir='ltr'><strong>obsecundantes</strong></span> 
     </span>
    </p>
   </div>
   <div class='ocr_carea' id='block_1_93' title="bbox 2030 3370 3600 3441">
    <p class='ocr_par' dir='ltr' id='par_1_93' title="bbox 2030 3370 3600 3441">
     <span class='ocr_line' id='line_1_93' title="bbox 2030 3370 3600 3441; baseline 0.002 -18"><span class='ocrx_word' id='word_1_660' title='bbox 2030 3370 2154 3426; x_wconf 86' lang='lat' dir='ltr'><strong>illis.</strong></span> <span class='ocrx_word' id='word_1_661' title='bbox 2192 3371 2346 3428; x_wconf 88' lang='lat' dir='ltr'><strong>Unde</strong></span> <span class='ocrx_word' id='word_1_662' title='bbox 2378 3382 2434 3428; x_wconf 91' lang='lat' dir='ltr'><strong>et</strong></span> <span class='ocrx_word' id='word_1_663' title='bbox 2465 3372 2756 3440; x_wconf 68' lang='lat' dir='ltr'><strong>Nathinazi,</strong></span> <span class='ocrx_word' id='word_1_664' title='bbox 2797 3374 2851 3428; x_wconf 90' lang='lat' dir='ltr'><strong>id</strong></span> <span class='ocrx_word' id='word_1_665' title='bbox 2881 3382 2980 3441; x_wconf 87' lang='lat' dir='ltr'><strong>est,</strong></span> <span class='ocrx_word' id='word_1_666' title='bbox 3017 3374 3266 3439; x_wconf 85' lang='lat' dir='ltr'><strong>humiles,</strong></span> <span class='ocrx_word' id='word_1_667' title='bbox 3304 3373 3386 3428; x_wconf 89' lang='lat' dir='ltr'><strong>vel</strong></span> <span class='ocrx_word' id='word_1_668' title='bbox 3410 3373 3464 3427; x_wconf 92' lang='lat' dir='ltr'><strong>in</strong></span> <span class='ocrx_word' id='word_1_669' title='bbox 3502 3374 3600 3428; x_wconf 84' lang='lat' dir='ltr'><strong>hu-</strong></span> 
     </span>
    </p>
   </div>
   <div class='ocr_carea' id='block_1_94' title="bbox 2030 3461 3598 3530">
    <p class='ocr_par' dir='ltr' id='par_1_94' title="bbox 2030 3461 3598 3530">
     <span class='ocr_line' id='line_1_94' title="bbox 2030 3461 3598 3530; baseline 0.001 -14"><span class='ocrx_word' id='word_1_670' title='bbox 2030 3461 2257 3517; x_wconf 91' lang='lat' dir='ltr'><strong>militate</strong></span> <span class='ocrx_word' id='word_1_671' title='bbox 2284 3464 2599 3530; x_wconf 89' lang='lat' dir='ltr'><strong>servientes,</strong></span> <span class='ocrx_word' id='word_1_672' title='bbox 2631 3467 2980 3520; x_wconf 83' lang='lat' dir='ltr'><strong>vocabantur.</strong></span> <span class='ocrx_word' id='word_1_673' title='bbox 3013 3466 3092 3520; x_wconf 76' lang='lat' dir='ltr'><strong>Ex</strong></span> <span class='ocrx_word' id='word_1_674' title='bbox 3122 3466 3347 3520; x_wconf 88' lang='lat' dir='ltr'><strong>istorum</strong></span> <span class='ocrx_word' id='word_1_675' title='bbox 3373 3479 3598 3519; x_wconf 83' lang='lat' dir='ltr'><strong>numero</strong></span> 
     </span>
    </p>
   </div>
   <div class='ocr_carea' id='block_1_95' title="bbox 2031 3551 3602 3626">
    <p class='ocr_par' dir='ltr' id='par_1_95' title="bbox 2031 3551 3602 3626">
     <span class='ocr_line' id='line_1_95' title="bbox 2031 3551 3602 3626; baseline 0.002 -20"><span class='ocrx_word' id='word_1_676' title='bbox 2031 3551 2132 3608; x_wconf 78' lang='lat' dir='ltr'><strong>fuit</strong></span> <span class='ocrx_word' id='word_1_677' title='bbox 2172 3552 2492 3620; x_wconf 82' lang='lat' dir='ltr'><strong>Natbanael,</strong></span> <span class='ocrx_word' id='word_1_678' title='bbox 2535 3557 2627 3626; x_wconf 92' lang='lat' dir='ltr'><strong>qui</strong></span> <span class='ocrx_word' id='word_1_679' title='bbox 2666 3572 2698 3611; x_wconf 88' lang='lat' dir='ltr'><strong>a</strong></span> <span class='ocrx_word' id='word_1_680' title='bbox 2724 3557 2949 3612; x_wconf 90' lang='lat' dir='ltr'><strong>Domino</strong></span> <span class='ocrx_word' id='word_1_681' title='bbox 2985 3558 3040 3612; x_wconf 91' lang='lat' dir='ltr'><strong>in</strong></span> <span class='ocrx_word' id='word_1_682' title='bbox 3075 3557 3363 3626; x_wconf 87' lang='lat' dir='ltr'><strong>Evangelio</strong></span> <span class='ocrx_word' id='word_1_683' title='bbox 3396 3571 3602 3611; x_wconf 86' lang='lat' dir='ltr'><strong>summa</strong></span> 
     </span>
    </p>
   </div>
   <div class='ocr_carea' id='block_1_96' title="bbox 2032 3646 3603 3719">
    <p class='ocr_par' dir='ltr' id='par_1_96' title="bbox 2032 3646 3603 3719">
     <span class='ocr_line' id='line_1_96' title="bbox 2032 3646 3603 3719; baseline 0.001 -21"><span class='ocrx_word' id='word_1_684' title='bbox 2032 3646 2186 3700; x_wconf 87' lang='lat' dir='ltr'><strong>laude</strong></span> <span class='ocrx_word' id='word_1_685' title='bbox 2227 3647 2568 3713; x_wconf 88' lang='lat' dir='ltr'><strong>declaratur;</strong></span> <span class='ocrx_word' id='word_1_686' title='bbox 2605 3648 2780 3718; x_wconf 91' lang='lat' dir='ltr'><strong>ipsum</strong></span> <span class='ocrx_word' id='word_1_687' title='bbox 2816 3662 2935 3704; x_wconf 88' lang='lat' dir='ltr'><strong>esse</strong></span> <span class='ocrx_word' id='word_1_688' title='bbox 2981 3648 3075 3704; x_wconf 91' lang='lat' dir='ltr'><strong>Dei</strong></span> <span class='ocrx_word' id='word_1_689' title='bbox 3117 3646 3286 3702; x_wconf 87' lang='lat' dir='ltr'><strong>ﬁlium</strong></span> <span class='ocrx_word' id='word_1_690' title='bbox 3329 3655 3388 3703; x_wconf 89' lang='lat' dir='ltr'><strong>et</strong></span> <span class='ocrx_word' id='word_1_691' title='bbox 3429 3661 3603 3719; x_wconf 83' lang='lat' dir='ltr'><strong>regem</strong></span> 
     </span>
    </p>
   </div>
   <div class='ocr_carea' id='block_1_97' title="bbox 2032 3734 3028 3808">
    <p class='ocr_par' dir='ltr' id='par_1_97' title="bbox 2032 3734 3028 3808">
     <span class='ocr_line' id='line_1_97' title="bbox 2032 3734 3028 3808; baseline 0.003 -20"><span class='ocrx_word' id='word_1_692' title='bbox 2032 3734 2193 3790; x_wconf 86' lang='lat' dir='ltr'><strong>Israel</strong></span> <span class='ocrx_word' id='word_1_693' title='bbox 2224 3735 2504 3792; x_wconf 79' lang='lat' dir='ltr'><strong>confessus</strong></span> <span class='ocrx_word' id='word_1_694' title='bbox 2530 3745 2614 3792; x_wconf 91' lang='lat' dir='ltr'><strong>est</strong></span> <span class='ocrx_word' id='word_1_695' title='bbox 2635 3736 2817 3808; x_wconf 82' lang='lat' dir='ltr'><strong>(Joan.</strong></span> <span class='ocrx_word' id='word_1_696' title='bbox 2847 3755 2886 3803; x_wconf 83' lang='grc' dir='ltr'><strong>ι,</strong></span> <span class='ocrx_word' id='word_1_697' title='bbox 2916 3738 3028 3808; x_wconf 78' lang='grc'><strong>49).</strong></span> 
     </span>
    </p>
   </div>
   <div class='ocr_carea' id='block_1_98' title="bbox 2037 3843 3599 3917">
    <p class='ocr_par' dir='ltr' id='par_1_98' title="bbox 2037 3843 3599 3917">
     <span class='ocr_line' id='line_1_98' title="bbox 2037 3843 3599 3917; baseline 0.001 -20"><span class='ocrx_word' id='word_1_698' title='bbox 2037 3843 2162 3898; x_wconf 81' lang='lat' dir='ltr'><strong>Tres</strong></span> <span class='ocrx_word' id='word_1_699' title='bbox 2212 3847 2504 3916; x_wconf 76' lang='lat' dir='ltr'><strong>superiores</strong></span> <span class='ocrx_word' id='word_1_700' title='bbox 2553 3846 2782 3917; x_wconf 85' lang='lat' dir='ltr'><strong>gradus,</strong></span> <span class='ocrx_word' id='word_1_701' title='bbox 2835 3846 3127 3917; x_wconf 69' lang='lat' dir='ltr'><strong>levitarum,</strong></span> <span class='ocrx_word' id='word_1_702' title='bbox 3165 3846 3599 3916; x_wconf 81' lang='lat' dir='ltr'><strong>presbyterorum,</strong></span> 
     </span>
    </p>
   </div>
   <div class='ocr_carea' id='block_1_99' title="bbox 2361 3916 3276 3987">
    <p class='ocr_par' dir='ltr' id='par_1_99' title="bbox 2361 3916 3276 3987">
     <span class='ocr_line' id='line_1_99' title="bbox 2361 3916 3276 3987; baseline 0.001 -18"><span class='ocrx_word' id='word_1_703' title='bbox 2361 3916 2740 3987; x_wconf 79' lang='lat' dir='ltr'><strong>episcoporum,</strong></span> <span class='ocrx_word' id='word_1_704' title='bbox 2787 3917 2891 3970; x_wconf 81' lang='lat' dir='ltr'><strong>sire</strong></span> <span class='ocrx_word' id='word_1_705' title='bbox 2935 3916 3276 3984; x_wconf 73' lang='lat' dir='ltr'><strong>Pontiﬁcum.</strong></span> 
     </span>
    </p>
   </div>
   <div class='ocr_carea' id='block_1_100' title="bbox 2103 4005 3603 4077">
    <p class='ocr_par' dir='ltr' id='par_1_100' title="bbox 2103 4005 3603 4077">
     <span class='ocr_line' id='line_1_100' title="bbox 2103 4005 3603 4077; baseline -0.001 -17"><span class='ocrx_word' id='word_1_706' title='bbox 2103 4005 2402 4060; x_wconf 81' lang='lat' dir='ltr'><strong>Levitarum</strong></span> <span class='ocrx_word' id='word_1_707' title='bbox 2457 4007 2590 4061; x_wconf 90' lang='lat' dir='ltr'><strong>ordo</strong></span> <span class='ocrx_word' id='word_1_708' title='bbox 2645 4005 2714 4060; x_wconf 90' lang='lat' dir='ltr'><strong>ab</strong></span> <span class='ocrx_word' id='word_1_709' title='bbox 2765 4007 2878 4077; x_wconf 87' lang='lat' dir='ltr'><strong>ipsa</strong></span> <span class='ocrx_word' id='word_1_710' title='bbox 2936 4008 3082 4061; x_wconf 89' lang='lat' dir='ltr'><strong>tribu</strong></span> <span class='ocrx_word' id='word_1_711' title='bbox 3135 4006 3264 4062; x_wconf 80' lang='lat' dir='ltr'><strong>Levi</strong></span> <span class='ocrx_word' id='word_1_712' title='bbox 3325 4005 3603 4061; x_wconf 73' lang='lat' dir='ltr'><strong>exordium</strong></span> 
     </span>
    </p>
   </div>
   <div class='ocr_carea' id='block_1_101' title="bbox 2034 4093 3604 4166">
    <p class='ocr_par' dir='ltr' id='par_1_101' title="bbox 2034 4093 3604 4166">
     <span class='ocr_line' id='line_1_101' title="bbox 2034 4093 3604 4166; baseline -0.002 -15"><span class='ocrx_word' id='word_1_713' title='bbox 2034 4095 2262 4166; x_wconf 87' lang='lat' dir='ltr'><strong>sumpsit</strong></span> <span class='ocrx_word' id='word_1_714' title='bbox 2307 4104 2362 4150; x_wconf 91' lang='lat' dir='ltr'><strong>et</strong></span> <span class='ocrx_word' id='word_1_715' title='bbox 2409 4110 2623 4150; x_wconf 89' lang='lat' dir='ltr'><strong>nomen.</strong></span> <span class='ocrx_word' id='word_1_716' title='bbox 2665 4095 3096 4164; x_wconf 77' lang='lat' dir='ltr'><strong>interpretantur</strong></span> <span class='ocrx_word' id='word_1_717' title='bbox 3137 4095 3422 4164; x_wconf 78' lang='lat' dir='ltr'><strong>assumpti,</strong></span> <span class='ocrx_word' id='word_1_718' title='bbox 3467 4093 3604 4164; x_wconf 89' lang='lat' dir='ltr'><strong>quod</strong></span> 
     </span>
    </p>
   </div>
   <div class='ocr_carea' id='block_1_102' title="bbox 2033 4187 3603 4258">
    <p class='ocr_par' dir='ltr' id='par_1_102' title="bbox 2033 4187 3603 4258">
     <span class='ocr_line' id='line_1_102' title="bbox 2033 4187 3603 4258; baseline -0.001 -16"><span class='ocrx_word' id='word_1_719' title='bbox 2033 4201 2132 4258; x_wconf 92' lang='lat' dir='ltr'><strong>pro</strong></span> <span class='ocrx_word' id='word_1_720' title='bbox 2159 4188 2412 4244; x_wconf 89' lang='lat' dir='ltr'><strong>omnibus</strong></span> <span class='ocrx_word' id='word_1_721' title='bbox 2451 4188 2697 4244; x_wconf 84' lang='lat' dir='ltr'><strong>tribubus</strong></span> <span class='ocrx_word' id='word_1_722' title='bbox 2746 4188 3005 4258; x_wconf 83' lang='lat' dir='ltr'><strong>assumpti</strong></span> <span class='ocrx_word' id='word_1_723' title='bbox 3054 4197 3231 4253; x_wconf 89' lang='lat' dir='ltr'><strong>erant,</strong></span> <span class='ocrx_word' id='word_1_724' title='bbox 3281 4197 3338 4242; x_wconf 86' lang='lat' dir='ltr'><strong>et</strong></span> <span class='ocrx_word' id='word_1_725' title='bbox 3389 4187 3603 4242; x_wconf 87' lang='lat' dir='ltr'><strong>servitio</strong></span> 
     </span>
    </p>
   </div>
   <div class='ocr_carea' id='block_1_103' title="bbox 2034 4279 3603 4349">
    <p class='ocr_par' dir='ltr' id='par_1_103' title="bbox 2034 4279 3603 4349">
     <span class='ocr_line' id='line_1_103' title="bbox 2034 4279 3603 4349; baseline 0 -17"><span class='ocrx_word' id='word_1_726' title='bbox 2034 4279 2246 4334; x_wconf 89' lang='lat' dir='ltr'><strong>Domini</strong></span> <span class='ocrx_word' id='word_1_727' title='bbox 2280 4279 2540 4349; x_wconf 89' lang='lat' dir='ltr'><strong>deputati.</strong></span> <span class='ocrx_word' id='word_1_728' title='bbox 2579 4279 2647 4332; x_wconf 88' lang='lat' dir='ltr'><strong>Et</strong></span> <span class='ocrx_word' id='word_1_729' title='bbox 2670 4279 2918 4347; x_wconf 88' lang='lat' dir='ltr'><strong>quamvis</strong></span> <span class='ocrx_word' id='word_1_730' title='bbox 2965 4279 3143 4335; x_wconf 61' lang='lat' dir='ltr'><strong>caeteri</strong></span> <span class='ocrx_word' id='word_1_731' title='bbox 3181 4293 3398 4348; x_wconf 87' lang='lat' dir='ltr'><strong>quoque</strong></span> <span class='ocrx_word' id='word_1_732' title='bbox 3438 4279 3603 4332; x_wconf 89' lang='lat' dir='ltr'><strong>mino-</strong></span> 
     </span>
    </p>
   </div>
   <div class='ocr_carea' id='block_1_104' title="bbox 1963 4369 3605 4463">
    <p class='ocr_par' dir='ltr' id='par_1_104' title="bbox 1963 4369 3605 4463">
     <span class='ocr_line' id='line_1_104' title="bbox 1963 4369 3605 4463; baseline -0.001 -39"><span class='ocrx_word' id='word_1_733' title='bbox 1963 4402 2014 4463; x_wconf 69' lang='grc' dir='ltr'>ο</span> <span class='ocrx_word' id='word_1_734' title='bbox 2038 4371 2114 4426; x_wconf 90' lang='lat' dir='ltr'><strong>ris</strong></span> <span class='ocrx_word' id='word_1_735' title='bbox 2145 4370 2354 4426; x_wconf 90' lang='lat' dir='ltr'><strong>ordinis</strong></span> <span class='ocrx_word' id='word_1_736' title='bbox 2380 4370 2446 4425; x_wconf 90' lang='lat' dir='ltr'><strong>de</strong></span> <span class='ocrx_word' id='word_1_737' title='bbox 2485 4370 2626 4424; x_wconf 89' lang='lat' dir='ltr'><strong>tribu</strong></span> <span class='ocrx_word' id='word_1_738' title='bbox 2671 4370 2799 4424; x_wconf 89' lang='lat' dir='ltr'><strong>Levi</strong></span> <span class='ocrx_word' id='word_1_739' title='bbox 2833 4378 3033 4434; x_wconf 89' lang='lat' dir='ltr'><strong>essent,</strong></span> <span class='ocrx_word' id='word_1_740' title='bbox 3075 4369 3384 4440; x_wconf 78' lang='lat' dir='ltr'><strong>specialiter</strong></span> <span class='ocrx_word' id='word_1_741' title='bbox 3433 4378 3605 4424; x_wconf 87' lang='lat' dir='ltr'><strong>tamen</strong></span> 
     </span>
    </p>
   </div>
   <div class='ocr_carea' id='block_1_105' title="bbox 2038 4458 3606 4531">
    <p class='ocr_par' dir='ltr' id='par_1_105' title="bbox 2038 4458 3606 4531">
     <span class='ocr_line' id='line_1_105' title="bbox 2038 4458 3606 4531; baseline -0.005 -13"><span class='ocrx_word' id='word_1_742' title='bbox 2038 4463 2127 4518; x_wconf 85' lang='lat' dir='ltr'><strong>hic</strong></span> <span class='ocrx_word' id='word_1_743' title='bbox 2164 4461 2297 4517; x_wconf 91' lang='lat' dir='ltr'><strong>ordo</strong></span> <span class='ocrx_word' id='word_1_744' title='bbox 2331 4461 2642 4515; x_wconf 88' lang='lat' dir='ltr'><strong>Levitarum</strong></span> <span class='ocrx_word' id='word_1_745' title='bbox 2681 4462 2780 4516; x_wconf 89' lang='lat' dir='ltr'><strong>sub</strong></span> <span class='ocrx_word' id='word_1_746' title='bbox 2815 4462 3146 4531; x_wconf 88' lang='lat' dir='ltr'><strong>presbyteris</strong></span> <span class='ocrx_word' id='word_1_747' title='bbox 3186 4461 3489 4525; x_wconf 86' lang='lat' dir='ltr'><strong>dicebatur,</strong></span> <span class='ocrx_word' id='word_1_748' title='bbox 3519 4458 3606 4527; x_wconf 87' lang='lat' dir='ltr'><strong>qui</strong></span> 
     </span>
    </p>
   </div>
   <div class='ocr_carea' id='block_1_106' title="bbox 2036 4551 3608 4624">
    <p class='ocr_par' dir='ltr' id='par_1_106' title="bbox 2036 4551 3608 4624">
     <span class='ocr_line' id='line_1_106' title="bbox 2036 4551 3608 4624; baseline -0.004 -15"><span class='ocrx_word' id='word_1_749' title='bbox 2036 4569 2136 4624; x_wconf 90' lang='lat' dir='ltr'><strong>per</strong></span> <span class='ocrx_word' id='word_1_750' title='bbox 2171 4553 2568 4608; x_wconf 81' lang='lat' dir='ltr'><strong>ordinationem</strong></span> <span class='ocrx_word' id='word_1_751' title='bbox 2611 4553 2792 4608; x_wconf 86' lang='lat' dir='ltr'><strong>Aaron</strong></span> <span class='ocrx_word' id='word_1_752' title='bbox 2821 4561 2877 4608; x_wconf 91' lang='lat' dir='ltr'><strong>et</strong></span> <span class='ocrx_word' id='word_1_753' title='bbox 2907 4552 3142 4608; x_wconf 82' lang='lat' dir='ltr'><strong>ﬁliorum</strong></span> <span class='ocrx_word' id='word_1_754' title='bbox 3170 4551 3288 4620; x_wconf 84' lang='lat' dir='ltr'><strong>ejus</strong></span> <span class='ocrx_word' id='word_1_755' title='bbox 3323 4565 3608 4608; x_wconf 87' lang='lat' dir='ltr'><strong>consecra-</strong></span> 
     </span>
    </p>
   </div>
   <div class='ocr_carea' id='block_1_107' title="bbox 2037 4641 3607 4713">
    <p class='ocr_par' dir='ltr' id='par_1_107' title="bbox 2037 4641 3607 4713">
     <span class='ocr_line' id='line_1_107' title="bbox 2037 4641 3607 4713; baseline -0.003 -15"><span class='ocrx_word' id='word_1_756' title='bbox 2037 4645 2266 4698; x_wconf 89' lang='lat' dir='ltr'><strong>bantur:</strong></span> <span class='ocrx_word' id='word_1_757' title='bbox 2323 4642 2650 4698; x_wconf 82' lang='lat' dir='ltr'><strong>excubantes</strong></span> <span class='ocrx_word' id='word_1_758' title='bbox 2699 4657 2914 4712; x_wconf 89' lang='lat' dir='ltr'><strong>semper</strong></span> <span class='ocrx_word' id='word_1_759' title='bbox 2967 4643 3021 4696; x_wconf 91' lang='lat' dir='ltr'><strong>in</strong></span> <span class='ocrx_word' id='word_1_760' title='bbox 3076 4641 3274 4713; x_wconf 86' lang='lat' dir='ltr'><strong>templo</strong></span> <span class='ocrx_word' id='word_1_761' title='bbox 3330 4642 3450 4697; x_wconf 88' lang='lat' dir='ltr'><strong>Dei.</strong></span> <span class='ocrx_word' id='word_1_762' title='bbox 3509 4641 3607 4711; x_wconf 88' lang='lat' dir='ltr'><strong>Ipsi</strong></span> 
     </span>
    </p>
   </div>
   <div class='ocr_carea' id='block_1_108' title="bbox 2037 4732 3608 4804">
    <p class='ocr_par' dir='ltr' id='par_1_108' title="bbox 2037 4732 3608 4804">
     <span class='ocr_line' id='line_1_108' title="bbox 2037 4732 3608 4804; baseline -0.003 -16"><span class='ocrx_word' id='word_1_763' title='bbox 2037 4734 2319 4804; x_wconf 84' lang='lat' dir='ltr'><strong>gestabant</strong></span> <span class='ocrx_word' id='word_1_764' title='bbox 2345 4748 2544 4799; x_wconf 90' lang='lat' dir='ltr'><strong>arcam,</strong></span> <span class='ocrx_word' id='word_1_765' title='bbox 2578 4733 2982 4789; x_wconf 89' lang='lat' dir='ltr'><strong>tabernaculum</strong></span> <span class='ocrx_word' id='word_1_766' title='bbox 3029 4741 3085 4786; x_wconf 90' lang='lat' dir='ltr'><strong>et</strong></span> <span class='ocrx_word' id='word_1_767' title='bbox 3129 4733 3476 4787; x_wconf 88' lang='lat' dir='ltr'><strong>victimarum</strong></span> <span class='ocrx_word' id='word_1_768' title='bbox 3503 4732 3608 4786; x_wconf 82' lang='lat' dir='ltr'><strong>adi-</strong></span> 
     </span>
    </p>
   </div>
   <div class='ocr_carea' id='block_1_109' title="bbox 2038 4823 2900 4894">
    <p class='ocr_par' dir='ltr' id='par_1_109' title="bbox 2038 4823 2900 4894">
     <span class='ocr_line' id='line_1_109' title="bbox 2038 4823 2900 4894; baseline -0.003 -15"><span class='ocrx_word' id='word_1_769' title='bbox 2038 4839 2161 4894; x_wconf 90' lang='lat' dir='ltr'><strong>pem</strong></span> <span class='ocrx_word' id='word_1_770' title='bbox 2188 4825 2556 4879; x_wconf 86' lang='lat' dir='ltr'><strong>sacerdotibus</strong></span> <span class='ocrx_word' id='word_1_771' title='bbox 2581 4823 2900 4879; x_wconf 81' lang='lat' dir='ltr'><strong>oﬁ&#39;erebant.</strong></span> 
     </span>
    </p>
   </div>
   <div class='ocr_carea' id='block_1_110' title="bbox 2098 4912 3606 4987">
    <p class='ocr_par' dir='ltr' id='par_1_110' title="bbox 2098 4912 3606 4987">
     <span class='ocr_line' id='line_1_110' title="bbox 2098 4912 3606 4987; baseline -0.001 -18"><span class='ocrx_word' id='word_1_772' title='bbox 2098 4914 2256 4987; x_wconf 64' lang='grc'><strong>49],</strong></span> <span class='ocrx_word' id='word_1_773' title='bbox 2265 4913 2538 4984; x_wconf 87' lang='lat' dir='ltr'><strong>Septimus</strong></span> <span class='ocrx_word' id='word_1_774' title='bbox 2549 4915 2683 4970; x_wconf 91' lang='lat' dir='ltr'><strong>ordo</strong></span> <span class='ocrx_word' id='word_1_775' title='bbox 2699 4913 3039 4969; x_wconf 67' lang='lat' dir='ltr'><strong>Sacerdotem</strong></span> <span class='ocrx_word' id='word_1_776' title='bbox 3054 4915 3138 4970; x_wconf 90' lang='lat' dir='ltr'><strong>vel</strong></span> <span class='ocrx_word' id='word_1_777' title='bbox 3154 4912 3606 4985; x_wconf 76' lang='lat' dir='ltr'><strong>Presbyterorum,</strong></span> 
     </span>
    </p>
   </div>
   <div class='ocr_carea' id='block_1_111' title="bbox 2040 5006 3609 5076">
    <p class='ocr_par' dir='ltr' id='par_1_111' title="bbox 2040 5006 3609 5076">
     <span class='ocr_line' id='line_1_111' title="bbox 2040 5006 3609 5076; baseline -0.002 -13"><span class='ocrx_word' id='word_1_778' title='bbox 2040 5009 2136 5064; x_wconf 86' lang='lat' dir='ltr'><strong>ﬁlii</strong></span> <span class='ocrx_word' id='word_1_779' title='bbox 2180 5007 2383 5063; x_wconf 90' lang='lat' dir='ltr'><strong>scilicet</strong></span> <span class='ocrx_word' id='word_1_780' title='bbox 2417 5007 2621 5072; x_wconf 78' lang='lat' dir='ltr'><strong>Aaron,</strong></span> <span class='ocrx_word' id='word_1_781' title='bbox 2657 5007 2852 5076; x_wconf 91' lang='lat' dir='ltr'><strong>quibus</strong></span> <span class='ocrx_word' id='word_1_782' title='bbox 2885 5007 3150 5062; x_wconf 84' lang='lat' dir='ltr'><strong>sacriﬁcia</strong></span> <span class='ocrx_word' id='word_1_783' title='bbox 3190 5015 3246 5061; x_wconf 91' lang='lat' dir='ltr'><strong>et</strong></span> <span class='ocrx_word' id='word_1_784' title='bbox 3276 5006 3609 5067; x_wconf 83' lang='lat' dir='ltr'><strong>holocausta,</strong></span> 
     </span>
    </p>
   </div>
   <div class='ocr_carea' id='block_1_112' title="bbox 2037 5099 3612 5171">
    <p class='ocr_par' dir='ltr' id='par_1_112' title="bbox 2037 5099 3612 5171">
     <span class='ocr_line' id='line_1_112' title="bbox 2037 5099 3612 5171; baseline -0.002 -16"><span class='ocrx_word' id='word_1_785' title='bbox 2037 5110 2200 5171; x_wconf 90' lang='lat' dir='ltr'><strong>atque</strong></span> <span class='ocrx_word' id='word_1_786' title='bbox 2222 5101 2399 5156; x_wconf 88' lang='lat' dir='ltr'><strong>omnis</strong></span> <span class='ocrx_word' id='word_1_787' title='bbox 2421 5099 2601 5170; x_wconf 90' lang='lat' dir='ltr'><strong>templi</strong></span> <span class='ocrx_word' id='word_1_788' title='bbox 2629 5101 2722 5153; x_wconf 91' lang='lat' dir='ltr'><strong>Dei</strong></span> <span class='ocrx_word' id='word_1_789' title='bbox 2746 5099 2922 5155; x_wconf 90' lang='lat' dir='ltr'><strong>cultus</strong></span> <span class='ocrx_word' id='word_1_790' title='bbox 2949 5100 3271 5154; x_wconf 88' lang='lat' dir='ltr'><strong>commissus</strong></span> <span class='ocrx_word' id='word_1_791' title='bbox 3288 5109 3412 5155; x_wconf 82' lang='lat' dir='ltr'><strong>erat</strong></span> <span class='ocrx_word' id='word_1_792' title='bbox 3435 5109 3492 5154; x_wconf 89' lang='lat' dir='ltr'><strong>et</strong></span> <span class='ocrx_word' id='word_1_793' title='bbox 3517 5108 3612 5154; x_wconf 85' lang='lat' dir='ltr'><strong>tra-</strong></span> 
     </span>
    </p>
   </div>
   <div class='ocr_carea' id='block_1_113' title="bbox 2037 5189 3610 5263">
    <p class='ocr_par' dir='ltr' id='par_1_113' title="bbox 2037 5189 3610 5263">
     <span class='ocr_line' id='line_1_113' title="bbox 2037 5189 3610 5263; baseline -0.002 -16"><span class='ocrx_word' id='word_1_794' title='bbox 2037 5192 2202 5258; x_wconf 89' lang='lat' dir='ltr'><strong>ditus,</strong></span> <span class='ocrx_word' id='word_1_795' title='bbox 2228 5207 2457 5263; x_wconf 89' lang='lat' dir='ltr'><strong>quorum</strong></span> <span class='ocrx_word' id='word_1_796' title='bbox 2483 5200 2604 5246; x_wconf 90' lang='lat' dir='ltr'><strong>erat</strong></span> <span class='ocrx_word' id='word_1_797' title='bbox 2622 5192 2929 5246; x_wconf 87' lang='lat' dir='ltr'><strong>discernere</strong></span> <span class='ocrx_word' id='word_1_798' title='bbox 2955 5191 3097 5245; x_wconf 89' lang='lat' dir='ltr'><strong>inter</strong></span> <span class='ocrx_word' id='word_1_799' title='bbox 3115 5189 3410 5261; x_wconf 82' lang='lat' dir='ltr'><strong>profanum</strong></span> <span class='ocrx_word' id='word_1_800' title='bbox 3426 5199 3484 5246; x_wconf 91' lang='lat' dir='ltr'><strong>et</strong></span> <span class='ocrx_word' id='word_1_801' title='bbox 3501 5205 3610 5245; x_wconf 87' lang='lat' dir='ltr'><strong>san-</strong></span> 
     </span>
    </p>
   </div>
   <div class='ocr_carea' id='block_1_114' title="bbox 2043 5283 3612 5354">
    <p class='ocr_par' dir='ltr' id='par_1_114' title="bbox 2043 5283 3612 5354">
     <span class='ocr_line' id='line_1_114' title="bbox 2043 5283 3612 5354; baseline -0.003 -15"><span class='ocrx_word' id='word_1_802' title='bbox 2043 5294 2209 5350; x_wconf 90' lang='lat' dir='ltr'><strong>etum,</strong></span> <span class='ocrx_word' id='word_1_803' title='bbox 2241 5285 2386 5339; x_wconf 88' lang='lat' dir='ltr'><strong>inter</strong></span> <span class='ocrx_word' id='word_1_804' title='bbox 2415 5283 2748 5338; x_wconf 90' lang='lat' dir='ltr'><strong>immundum</strong></span> <span class='ocrx_word' id='word_1_805' title='bbox 2787 5291 2843 5338; x_wconf 89' lang='lat' dir='ltr'><strong>et</strong></span> <span class='ocrx_word' id='word_1_806' title='bbox 2881 5283 3170 5350; x_wconf 87' lang='lat' dir='ltr'><strong>mundum;</strong></span> <span class='ocrx_word' id='word_1_807' title='bbox 3219 5291 3277 5338; x_wconf 91' lang='lat' dir='ltr'><strong>et</strong></span> <span class='ocrx_word' id='word_1_808' title='bbox 3309 5284 3612 5354; x_wconf 85' lang='lat' dir='ltr'><strong>quicunque</strong></span> 
     </span>
    </p>
   </div>
   <div class='ocr_carea' id='block_1_115' title="bbox 2043 5373 3614 5444">
    <p class='ocr_par' dir='ltr' id='par_1_115' title="bbox 2043 5373 3614 5444">
     <span class='ocr_line' id='line_1_115' title="bbox 2043 5373 3614 5444; baseline -0.002 -16"><span class='ocrx_word' id='word_1_809' title='bbox 2043 5374 2336 5429; x_wconf 87' lang='lat' dir='ltr'><strong>secundum</strong></span> <span class='ocrx_word' id='word_1_810' title='bbox 2364 5374 2533 5444; x_wconf 89' lang='lat' dir='ltr'><strong>legem</strong></span> <span class='ocrx_word' id='word_1_811' title='bbox 2569 5373 2922 5436; x_wconf 84' lang='lat' dir='ltr'><strong>mundandus,</strong></span> <span class='ocrx_word' id='word_1_812' title='bbox 2951 5373 3036 5427; x_wconf 86' lang='lat' dir='ltr'><strong>vel</strong></span> <span class='ocrx_word' id='word_1_813' title='bbox 3076 5373 3434 5429; x_wconf 64' lang='lat' dir='ltr'><strong>immunditim</strong></span> <span class='ocrx_word' id='word_1_814' title='bbox 3470 5373 3614 5442; x_wconf 84' lang='lat' dir='ltr'><strong>adju-</strong></span> 
     </span>
    </p>
   </div>
   <div class='ocr_carea' id='block_1_116' title="bbox 2044 5461 3615 5531">
    <p class='ocr_par' dir='ltr' id='par_1_116' title="bbox 2044 5461 3615 5531">
     <span class='ocr_line' id='line_1_116' title="bbox 2044 5461 3615 5531; baseline 0 -14"><span class='ocrx_word' id='word_1_815' title='bbox 2044 5463 2300 5518; x_wconf 89' lang='lat' dir='ltr'><strong>dicandus</strong></span> <span class='ocrx_word' id='word_1_816' title='bbox 2323 5472 2458 5529; x_wconf 90' lang='lat' dir='ltr'><strong>erat,</strong></span> <span class='ocrx_word' id='word_1_817' title='bbox 2491 5463 2701 5517; x_wconf 93' lang='lat' dir='ltr'><strong>illorum</strong></span> <span class='ocrx_word' id='word_1_818' title='bbox 2719 5461 2923 5531; x_wconf 88' lang='lat' dir='ltr'><strong>judicio</strong></span> <span class='ocrx_word' id='word_1_819' title='bbox 2947 5465 3178 5519; x_wconf 90' lang='lat' dir='ltr'><strong>mundus</strong></span> <span class='ocrx_word' id='word_1_820' title='bbox 3199 5465 3282 5519; x_wconf 92' lang='lat' dir='ltr'><strong>vel</strong></span> <span class='ocrx_word' id='word_1_821' title='bbox 3307 5466 3615 5521; x_wconf 85' lang='lat' dir='ltr'><strong>immundus</strong></span> 
     </span>
    </p>
   </div>
   <div class='ocr_carea' id='block_1_117' title="bbox 2045 5554 3614 5628">
    <p class='ocr_par' dir='ltr' id='par_1_117' title="bbox 2045 5554 3614 5628">
     <span class='ocr_line' id='line_1_117' title="bbox 2045 5554 3614 5628; baseline 0.001 -18"><span class='ocrx_word' id='word_1_822' title='bbox 2045 5554 2468 5610; x_wconf 89' lang='lat' dir='ltr'><strong>discernebatur.</strong></span> <span class='ocrx_word' id='word_1_823' title='bbox 2497 5554 2885 5625; x_wconf 81' lang='lat' dir='ltr'><strong>interpretatur</strong></span> <span class='ocrx_word' id='word_1_824' title='bbox 2913 5565 3091 5611; x_wconf 89' lang='lat' dir='ltr'><strong>autem</strong></span> <span class='ocrx_word' id='word_1_825' title='bbox 3117 5559 3385 5628; x_wconf 82' lang='lat' dir='ltr'><strong>presbyter</strong></span> <span class='ocrx_word' id='word_1_826' title='bbox 3413 5559 3614 5620; x_wconf 85' lang='lat' dir='ltr'><strong>senior,</strong></span> 
     </span>
    </p>
   </div>
   <div class='ocr_carea' id='block_1_118' title="bbox 2045 5645 3613 5721">
    <p class='ocr_par' dir='ltr' id='par_1_118' title="bbox 2045 5645 3613 5721">
     <span class='ocr_line' id='line_1_118' title="bbox 2045 5645 3613 5721; baseline 0.003 -22"><span class='ocrx_word' id='word_1_827' title='bbox 2045 5646 2137 5715; x_wconf 89' lang='lat' dir='ltr'><strong>qui</strong></span> <span class='ocrx_word' id='word_1_828' title='bbox 2177 5645 2509 5718; x_wconf 88' lang='lat' dir='ltr'><strong>eligebantur</strong></span> <span class='ocrx_word' id='word_1_829' title='bbox 2551 5654 2707 5703; x_wconf 82' lang='lat' dir='ltr'><strong>actate</strong></span> <span class='ocrx_word' id='word_1_830' title='bbox 2753 5648 2956 5716; x_wconf 87' lang='lat' dir='ltr'><strong>pariter</strong></span> <span class='ocrx_word' id='word_1_831' title='bbox 3003 5657 3060 5702; x_wconf 91' lang='lat' dir='ltr'><strong>et</strong></span> <span class='ocrx_word' id='word_1_832' title='bbox 3099 5664 3312 5704; x_wconf 88' lang='lat' dir='ltr'><strong>morum</strong></span> <span class='ocrx_word' id='word_1_833' title='bbox 3351 5651 3613 5721; x_wconf 80' lang='lat' dir='ltr'><strong>gravitate</strong></span> 
     </span>
    </p>
   </div>
  </div>
