3914 6178
333 369 478 430 ηδε

324 489 569 558 perfecti,
601 489 724 558 quia
756 489 898 545 Deus
923 489 976 544 in
1002 490 1313 546 ordinandis
1340 506 1519 546 mores
1547 491 1717 559 magis
1742 499 1796 545 et
1815 505 1893 545 sa—
1925 492 1976 550 A

322 583 582 652 pientiam
611 585 894 653 approbat,
930 600 1091 653 quam
1123 594 1331 640 anates.

394 669 505 724 Hos
541 673 868 740 sequebatur
908 680 1129 727 octavus
1176 674 1308 727 ordo
1345 671 1684 741 Pontiﬁcum,
1715 672 1809 740 qui
1841 683 1896 726 et

319 760 590 829 principes
650 762 982 815 vocabantur
1043 762 1403 815 sacerdotum.
1465 761 1640 830 Super
1706 773 1896 814 omnes

317 849 630 903 sacerdotes
651 889 666 913 ,
710 849 796 902 vel
848 847 1192 918 presbyteros
1232 865 1370 903 unus
1411 849 1738 904 constitutus
1778 855 1896 902 erat

318 938 582 1008 pontifex,
623 938 834 993 caeteris
879 927 1128 992 omnibus
1167 938 1538 1004 excellentior,
1565 944 1620 991 et
1655 936 1801 992 velut
1839 936 1894 990 in

319 1043 526 1082 summa
555 1028 830 1098 religionis
857 1041 984 1082 arce
1013 1027 1243 1093 locatus,
1273 1029 1340 1082 ad
1374 1042 1537 1096 quem
1570 1027 1750 1082 czeteri
1779 1041 1894 1081 res-

317 1117 594 1187 picerent,
619 1115 840 1184 ejusque
872 1115 1133 1185 judicium
1169 1117 1554 1186 deeretumque
1589 1124 1888 1171 servarent.

317 1208 607 1262 Sciendum
637 1217 838 1272 autem,
862 1207 986 1276 quia
1018 1207 1192 1277 primo
1221 1224 1358 1263 unus
1378 1207 1642 1278 pontifex,
1667 1207 1892 1277 jubente

316 1297 564 1364 Domino,
606 1298 929 1352 constitutus
960 1305 1045 1352 est
1070 1315 1083 1350 :
1107 1306 1111 1311 '
1135 1312 1241 1366 quo
1269 1297 1581 1363 decedente,
1609 1297 1752 1352 ﬁlius
1775 1295 1892 1364 ejus

315 1387 540 1442 Eleazar
565 1387 926 1442 sacerdotium
953 1387 1208 1457 suscepit,
1246 1394 1300 1441 et
1341 1387 1445 1442 hoc
1487 1393 1720 1452 mortuo,
1751 1385 1892 1439 ﬁlius

314 1475 430 1544 ejus
474 1475 668 1530 Finees
721 1476 1008 1530 sacerdotii
1046 1489 1328 1530 successor
1371 1477 1580 1531 exstitit
1638 1493 1654 1531 :
1707 1475 1892 1544 sicque

316 1579 485 1634 usque
527 1565 600 1624 ad
645 1572 887 1637 tempora
940 1563 1108 1617 David
1148 1578 1288 1618 unus
1343 1571 1465 1633 post
1507 1578 1671 1617 unum
1716 1561 1892 1632 ponti-

309 1660 503 1714 ﬁcatus
529 1661 768 1715 hmredes
792 1653 1066 1715 exstitere.
1104 1652 1273 1707 David
1297 1668 1425 1722 ergo
1453 1669 1576 1708 cum
1604 1652 1890 1722 cogitasset

305 1749 578 1804 aediﬁcare
614 1751 872 1820 templum
900 1751 1144 1813 Domino,
1177 1755 1232 1802 et
1272 1740 1487 1797 divinos
1513 1743 1688 1797 cultus
1726 1741 1888 1797 vellet

307 1854 522 1910 augere,
550 1850 843 1895 convocata
872 1841 1018 1895 omni
1055 1837 1287 1893 ﬁliorum
1317 1833 1501 1892 Aaron
1530 1833 1805 1903 progenie,
1834 1841 1890 1886 et
1919 1820 1966 1880 Β

305 1930 426 1986 illos
479 1932 701 1996 scilicet,
751 1932 843 2001 qui
901 1931 968 1986 de
1010 1930 1257 1994 Eleazar,
1299 1937 1353 1983 et
1400 1922 1492 1997 qui
1544 1923 1612 1977 de
1653 1921 1891 1975 Ithamar

303 2021 474 2089 Stirpe
515 2020 948 2087 descenderant,
1000 2019 1183 2074 divisit
1225 2033 1320 2073 eos
1369 2018 1424 2072 in
1467 2019 1656 2086 partes
1699 2010 1893 2082 viginti

301 2117 567 2182 quatuor,
617 2126 683 2165 ac
731 2111 797 2166 de
845 2110 1070 2181 singulis
1117 2109 1357 2179 singulos
1392 2105 1682 2177 pontiﬁces
1704 2101 1886 2170 elegit.

303 2199 543 2257 Ceteros
571 2215 704 2256 vero
740 2201 834 2271 qui
879 2201 934 2255 in
979 2199 1228 2271 partibus
1270 2205 1428 2253 erant
1465 2191 1754 2251 sacerdotii
1781 2191 1886 2245 mi-

304 2295 470 2360 noris,
520 2295 613 2364 qui
657 2310 801 2350 nunc
845 2293 1232 2363 presbyteratus
1257 2291 1476 2355 dicitur,
1512 2286 1688 2343 oﬁicio
1733 2297 1888 2356 pres-

301 2383 581 2454 byteratus
610 2382 758 2454 fungi
789 2382 1044 2453 praecepit
1080 2399 1093 2435 :
1120 2381 1213 2450 qui
1239 2378 1523 2450 pontiﬁces
1547 2374 1738 2446 singuli
1763 2384 1885 2429 cum

301 2472 406 2527 sibi
431 2471 686 2540 subjectis
715 2472 1125 2537 sacerdotibus,
1148 2485 1245 2541 per
1269 2461 1494 2526 octonos
1521 2467 1889 2523 ministrarent

303 2563 444 2630 dies,
472 2564 575 2619 hoc
598 2572 702 2629 est,
745 2578 775 2617 a
823 2562 1050 2617 sabbato
1078 2575 1250 2631 usque
1277 2560 1344 2614 ad
1377 2559 1678 2615 sabbatum.
1719 2555 1883 2611 Cum-

301 2667 409 2722 que
451 2667 641 2707 omnes
681 2653 1002 2708 sacerdotali
1037 2653 1206 2723 gradu
1234 2659 1416 2706 essent
1461 2649 1716 2719 aequales,
1745 2663 1884 2704 unus

297 2752 483 2797 tamen
513 2744 568 2797 in
598 2744 696 2809 eis,
725 2744 818 2813 qui
845 2743 1055 2814 dignior
1071 2743 1369 2808 videretur,
1394 2741 1612 2811 speciali
1635 2753 1885 2795 reveren—

299 2836 376 2888 tia
429 2835 750 2904 praeminens
799 2835 994 2889 summi
1045 2833 1345 2888 sacerdotis
1393 2846 1590 2886 nomen
1633 2831 1878 2885 haberet.

301 2927 418 2996 ipse
448 2942 662 2997 quoque
710 2943 806 2981 rex
837 2927 1008 2981 David
1049 2928 1257 2997 primus
1297 2926 1580 2997 delegavit,
1614 2926 1704 2994 qui
1733 2926 1879 2996 psal-

302 3035 419 3073 mos
462 3021 517 3074 in
575 3019 774 3090 templo
818 3019 1028 3094 Domini
1077 3019 1350 3074 modulata
1398 3034 1529 3072 voce
1573 3026 1878 3083 cantantes,

301 3111 511 3164 animos
540 3109 717 3179 pepuli
745 3108 1074 3164 sublimitate
1096 3119 1150 3164 et
1174 3110 1439 3164 suavitate
1460 3109 1629 3174 vocis,
1659 3123 1766 3178 qua
1801 3109 1882 3162 di-

300 3201 582 3263 cebantur,
618 3199 970 3265 oblectarent,
1018 3207 1073 3254 et
1115 3199 1184 3254 ad
1223 3213 1462 3252 amorem
1491 3198 1656 3252 divini
1703 3197 1880 3253 cultus

300 3292 532 3362 amplius
558 3294 939 3348 accenderent.

371 3384 497 3439 Haec
535 3385 601 3440 de
644 3392 766 3440 octo
797 3384 1051 3455 gradibus
1080 3382 1349 3448 diximus,
1392 3384 1482 3453 qui
1522 3382 1720 3439 veteris
1747 3382 1883 3454 legis

299 3485 538 3547 tempore
588 3476 1061 3531 observantissime
1107 3475 1583 3541 custodiebantur,
1633 3475 1776 3545 quod
1825 3475 1881 3529 in

299 3568 448 3622 Novo
482 3568 825 3622 Testamento
873 3568 1109 3636 suscepit
1164 3566 1405 3622 Ecclesia
1457 3574 1608 3621 tanto
1664 3565 1877 3631 melius,

295 3666 502 3727 quanto
536 3664 590 3709 et
616 3656 794 3709 verius
823 3673 835 3707 :
868 3656 992 3722 quia
1021 3654 1126 3708 illis
1151 3656 1332 3708 omnia
1359 3655 1412 3707 in
1460 3655 1630 3724 ﬁgura
1671 3657 1882 3709 contin-

295 3750 512 3821 gebant.
538 3745 711 3813 Quos,
753 3745 875 3814 quia
903 3744 1173 3798 notissimi
1209 3751 1357 3807 sunt,
1402 3752 1456 3797 et
1496 3745 1624 3812 quid
1657 3744 1880 3814 singulis

295 3839 613 3902 conveniat,
651 3835 845 3905 quidve
868 3834 946 3890 eis
993 3834 1048 3888 in
1094 3848 1189 3887 sua
1227 3833 1568 3887 ordinatione
1606 3835 1874 3898 tradatur,

299 3929 734 3999 frequentissimo
754 3941 856 3981 usu
881 3925 1051 3980 scitur
1075 3925 1142 3978 ab
1169 3923 1437 3988 omnibus,
1465 3922 1628 3991 paulo
1653 3922 1878 3978 inferius

300 4021 535 4077 breviter
558 4033 652 4076 eos
679 4031 1133 4075 commemorasse
1161 4012 1410 4070 sulliciat.

851 4153 1080 4211 CAPUT
1119 4153 1339 4209 XXXV.

686 4281 714 4310 ⁸
753 4285 820 4323 DE
860 4281 1100 4323 TONSURA
1135 4280 1490 4320 CLEBICOBUM.

371 4404 704 4458 Clericorum
731 4411 910 4455 autem
939 4411 1159 4455 tonsura
1187 4412 1217 4451 a
1246 4396 1505 4451 Nazarcis
1534 4396 1706 4451 fertur
1738 4414 1881 4454 sum-

1139 374 1286 433 orp.
1330 351 1732 434 SUPI‘OSITA.
1771 410 1835 419 —
1877 379 2003 433 LlB.
2045 380 2133 435 ne
2171 381 2417 438 DlV’thS
2456 381 2762 441 ornans.

3435 393 3570 448 ηδι

2533 495 2760 552 CAPUT
2800 497 3040 555 XXXVI.

2373 597 2440 638 DE
2478 598 2736 641 GBADIBUS
2771 602 3207 646 ECCLESIASTICIS.

2066 691 2243 747 Cieros
2273 695 2436 764 igitur
2467 695 2672 762 Graece,
2696 697 2885 754 Latine
2909 715 3026 756 sors
3049 701 3264 766 dicitur,
3287 704 3373 758 vel
3403 705 3581 758 luere--

1996 780 2135 836 ditas
2159 783 2389 838 Domini.
2416 784 2517 852 Qui
2545 801 2674 856 ergo
2706 789 2773 841 ad
2807 789 3094 844 clericatus
3115 792 3358 846 ordinem
3381 809 3572 862 perve-

1993 868 2094 936 nit,
2131 872 2227 926 Dei
2251 872 2537 929 haareditas
2559 891 2679 930 esse
2718 877 2876 932 debet
2908 896 2922 931 :
2955 879 3078 947 quia
3113 881 3216 936 hoc
3242 881 3402 937 debet
3431 899 3574 938 scm-

1995 977 2092 1032 pcr
2119 964 2431 1032 praevidere,
2459 974 2520 1021 ut
2547 966 2827 1021 Dominum
2853 970 3146 1036 possideat,
3177 979 3229 1024 et
3262 971 3376 1040 ipse
3407 988 3436 1025 a
3470 975 3574 1027 Do-

1996 1053 2141 1108 mino
2163 1054 2520 1123 possideatur,
2559 1064 2619 1110 ut
2645 1058 2815 1125 possit
2842 1058 3022 1112 dicere
3066 1074 3189 1113 cum
3231 1059 3518 1116 Psalmista
3559 1081 3570 1115 :

1994 1142 2248 1198 Dominus
2289 1163 2411 1214 pars
2453 1147 2775 1201 hwreditatis
2819 1165 2946 1202 mea:
2979 1146 3150 1219 (Psal.
3179 1166 3268 1216 xv,
3305 1151 3382 1223 5).
3422 1153 3578 1224 Legi-

1995 1250 2114 1290 mus
2163 1236 2215 1290 in
2263 1235 2444 1293 Veteri
2505 1238 2853 1295 Testamento
2918 1241 3203 1296 Dominum
3248 1243 3450 1298 dixisse
3508 1246 3575 1298 ad

1994 1326 2210 1399 Moysen
2242 1347 2254 1382 :
2286 1327 2442 1385 Filiis
2466 1329 2588 1386 Levi
2609 1347 2712 1386 non
2739 1331 2887 1386 dabis
2912 1332 3288 1399 hereditatem,
3314 1351 3406 1405 ego
3438 1337 3576 1389 enim

1993 1432 2082 1468 ero
2130 1417 2411 1473 htereditas
2460 1419 2672 1474 illorum
2722 1419 2919 1492 (Deut.
2959 1438 3015 1489 Χ,
3067 1423 3162 1496 9).
3213 1425 3338 1480 Inde
3394 1425 3575 1480 clerici

1993 1504 2142 1571 dicti,
2175 1521 2241 1562 eo
2267 1508 2409 1578 quod
2435 1509 2500 1564 de
2527 1519 2673 1565 sorte
2705 1510 2798 1565 Dei
2827 1520 2883 1565 et
2917 1513 3232 1569 haereditate
3257 1516 3386 1581 sint,
3415 1517 3458 1571 si
3487 1531 3576 1570 rc-

1993 1598 2253 1668 gulariter
2292 1600 2496 1654 vivunt.
2552 1601 2609 1656 Si
2649 1610 2829 1656 autem
2861 1618 2965 1656 non
3001 1605 3186 1658 vivunt
3233 1607 3573 1676 regulariter,

1993 1687 2133 1742 sicut
2181 1690 2402 1745 maximi
2453 1689 2656 1757 clerici,
2693 1692 2783 1760 qui
2834 1701 3004 1747 totum
3046 1693 3291 1748 laicalem
3333 1696 3574 1750 habitum

1991 1788 2314 1847 sequuntur,
2346 1781 2622 1852 cingentes
2651 1797 2823 1848 arma,
2852 1791 2907 1837 et
2929 1791 3124 1838 caetera
3154 1784 3432 1849 facientes,
3457 1802 3577 1854 qua:

1993 1869 2126 1923 ordo
2153 1870 2448 1926 canonicus
2478 1871 2750 1940 prohibet,
2790 1872 2865 1925 illi
2903 1871 3036 1928 tales
3064 1889 3170 1929 non
3209 1883 3336 1929 sunt
3371 1875 3573 1932 clerici.

1991 1957 2130 2025 Quid
2164 1975 2292 2031 ergo
2323 1962 2481 2016 sunt?
2507 1960 2784 2032 Acephali,
2814 1963 2868 2017 id
2892 1973 2994 2029 est,
3025 1965 3142 2020 sine
3167 1966 3344 2036 capite
3365 1967 3576 2038 religio-

1990 2047 2095 2102 nis.
2131 2047 2314 2104 Canon
2339 2050 2544 2118 Graece,
2575 2051 2768 2106 Latine
2800 2052 3005 2123 regula,
3030 2067 3094 2110 eo
3117 2055 3262 2126 quod
3287 2063 3436 2110 recto
3465 2063 3577 2109 tra-

1989 2137 2119 2193 mite
2146 2139 2308 2194 ducat
2345 2141 2622 2196 hominem
2656 2141 2726 2196 ad
2757 2141 3032 2197 caelestem
3069 2145 3326 2213 patriam,
3353 2154 3408 2200 et
3451 2146 3575 2201 inde

1988 2231 2289 2286 canonicus.
2323 2231 2618 2303 Regularis,
2655 2248 2719 2288 eo
2745 2233 2888 2302 quod
2919 2235 3242 2305 regulariter
3275 2237 3471 2292 debeat
3496 2238 3574 2291 vi-

1990 2335 2138 2385 vere,
2162 2320 2216 2375 id
2245 2329 2352 2388 est,
2384 2330 2536 2377 recte
2562 2321 2618 2376 in
2641 2329 2828 2376 sancta
2856 2322 3120 2378 Ecclesia.

2066 2407 2331 2465 Ostiarius
2363 2411 2431 2466 ab
2458 2411 2598 2467 ostio
2625 2409 2879 2467 Ecclesia:
2904 2413 3120 2478 dicitur,
3142 2413 3284 2483 quod
3311 2415 3382 2468 ita
3419 2415 3576 2472 debet

1987 2501 2284 2572 przevidere
2302 2543 2316 2568 ,
2348 2517 2415 2558 ne
2443 2502 2553 2558 ullo
2591 2502 2751 2558 modo
2774 2518 3017 2574 paganus
3046 2505 3376 2576 ingrediatur
3403 2507 3574 2561 eccle-

1985 2593 2142 2659 siam,
2191 2593 2320 2662 quia
2376 2608 2474 2649 suo
2509 2592 2731 2665 injroitu
2774 2592 2966 2664 polluit
3006 2607 3146 2648 eam.
3194 2593 3364 2648 Debet
3406 2595 3572 2651 etiam

1984 2683 2261 2743 custodire
2286 2699 2349 2738 ca
2377 2699 2497 2754 qu:e
2521 2683 2660 2739 intra
2690 2682 2976 2738 ecclesiam
2999 2691 3142 2748 sunt,
3166 2692 3228 2738 ut
3251 2683 3400 2739 salva
3423 2684 3533 2742 sint
3555 2702 3568 2736 :

1982 2774 2109 2846 quia
2157 2773 2231 2827 illi
2266 2773 2477 2828 traditae
2511 2780 2634 2828 sunt
2667 2771 2876 2838 claves,
2913 2779 2968 2828 et
2996 2771 3284 2828 commissa
3315 2787 3446 2829 cura
3473 2786 3568 2828 cu-

1983 2864 2279 2921 stodiendae
2314 2864 2574 2919 ecclesize.

2057 2954 2248 3009 Lector
2279 2953 2478 3008 dicitur
2509 2968 2539 3008 a
2561 2953 2807 3025 legendo,
2840 2967 2904 3009 eo
2929 2954 3071 3024 quod
3106 2954 3467 3009 ministerium
3492 2954 3569 3008 le-

1986 3047 2146 3118 gendi
2176 3046 2374 3101 habeat
2403 3047 2456 3101 in
2494 3045 2740 3100 ecclesia.
2767 3045 2844 3099 illi
2875 3047 3105 3100 traditus
3136 3053 3217 3100 est
3247 3045 3414 3098 codex
3450 3046 3566 3114 api-

1906 3159 1954 3224 ρ
1982 3153 2109 3195 cum
2154 3137 2476 3202 divinorum,
2508 3146 2568 3189 ut
2611 3136 2862 3190 distincte
2892 3136 2958 3190 ad
2986 3135 3390 3206 intelligendum
3431 3135 3569 3190 divi-

1986 3243 2088 3283 nas
2111 3225 2372 3282 lectiones
2401 3224 2824 3296 pronuntiando,
2850 3224 3046 3294 populo
3072 3224 3301 3294 placeat.

2053 3319 2301 3390 Acolytus
2347 3318 2553 3382 Graece,
2600 3316 2790 3371 Latine
2816 3315 3228 3381 eercoferarius,
3258 3316 3311 3370 id
3347 3325 3447 3379 est,
3481 3329 3568 3371 cc-

1981 3427 2135 3468 reum
2181 3409 2382 3465 ferens.
2453 3408 2670 3463 Illorum
2722 3406 2956 3462 cilicium
3007 3414 3126 3470 est,
3177 3414 3237 3460 ut
3287 3407 3569 3476 deportent

1982 3515 2170 3558 cereos
2211 3507 2337 3553 ante
2369 3498 2653 3553 diaconum
2682 3536 2696 3561 ,
2736 3496 2950 3566 quando
2989 3494 3182 3565 legitur
3215 3493 3565 3565 Evangelium

1979 3594 2036 3648 in
2070 3591 2318 3655 ecclesia,
2359 3597 2414 3644 et
2443 3604 2549 3651 non
2584 3587 2651 3642 ad
2685 3585 2998 3658 etfugandas
3031 3587 3302 3651 tenebras,
3340 3599 3568 3656 prmscr-

1980 3686 2076 3739 tim
2121 3698 2244 3739 cum
2289 3681 2371 3737 sol
2411 3681 2465 3736 in
2507 3680 2595 3735 die
2636 3679 2818 3734 rutilet
2864 3697 2874 3731 :
2921 3679 3014 3732 sed
3039 3687 3100 3732 ut
3133 3677 3554 3741 demonstretur,

1977 3776 2119 3846 quod
2146 3775 2211 3830 de
2231 3772 2466 3828 tenebris
2491 3769 2823 3824 inﬁdelitatis
2845 3767 3096 3822 venimus
3119 3767 3185 3820 ad
3209 3767 3382 3821 lucem
3409 3766 3557 3828 ﬁdei,

1977 3875 2032 3920 et
2055 3875 2114 3919 ut
2135 3865 2348 3934 signum
2369 3862 2568 3915 ltctitia:
2588 3860 2676 3924 sit,
2703 3866 2969 3928 quatenus
2992 3858 3092 3911 sub
3116 3866 3243 3928 typo
3268 3855 3564 3926 corporalis

1979 3956 2198 4009 luminis
2220 3994 2234 4018 ,
2255 3953 2348 4007 lux
2374 3951 2462 4005 illa
2494 3951 2546 4004 in
2579 3948 2841 4004 memoria
2879 3947 3164 4012 habeatur,
3197 3947 3264 4001 de
3289 3960 3395 4015 qua
3428 3945 3562 4002 dici-

1981 4059 2069 4103 tur
2104 4067 2115 4101 :
2154 4047 2288 4101 Erat
2322 4045 2413 4099 luat
2453 4061 2572 4099 vera
2609 4060 2726 4115 qua:
2752 4032 3018 4098 illuminat
3056 4059 3260 4097 omnem
3303 4043 3563 4097 hominem

1979 4137 2265 4192 venientem
2296 4135 2350 4186 in
2379 4134 2516 4186 hunc
2546 4132 2800 4186 mundum
2831 4129 3012 4203 (Joan.
3041 4146 3081 4196 ι,
3106 4131 3182 4200 9).
3287 4193 3292 4197 λ

2052 4224 2394 4279 Exorcismus
2415 4222 2618 4286 Graece,
2646 4221 2835 4276 Latine
2858 4221 3056 4276 dicitur
3075 4235 3254 4275 sermo
3276 4218 3566 4288 adjuratioo

1979 4319 2064 4373 nis
2090 4316 2202 4371 sive
2240 4312 2624 4384 increpationis
2658 4331 2670 4366 :
2709 4319 2763 4368 et
2793 4313 2916 4366 inde
2941 4312 3222 4378 exorcista,
3257 4309 3552 4379 adjurator.

1981 4410 2198 4463 Illorum
2223 4404 2458 4460 ofﬁcium
2493 4409 2595 4469 est,
2623 4411 2685 4458 ut
2723 4410 2924 4474 ponant
2948 4415 3142 4456 manus
3167 4416 3328 4471 super
3361 4400 3560 4458 dmo-

298 4496 471 4566 Ρδίεεθ
507 4493 807 4549 “Oﬁlium-
841 4489 974 4545 Cum
1007 4489 1151 4544 enim
1177 4487 1299 4558 (illis
1328 4495 1456 4541 νοῑο
1487 4499 1546 4540 5°
1567 4485 1874 4557 Obligassel,
1903 4501 1958 4563 D
1981 4498 2189 4562 niacos,
2218 4494 2380 4568 492
2409 4503 2464 4550 et
2493 4509 2592 4564 per
2630 4492 3022 4548 invocationem
3060 4491 3296 4546 nominis
3341 4489 3434 4545 Dei
3476 4504 3563 4545 re-

297 4598 360 4641 ut
387 4603 484 4657 per
502 4585 766 4655 jejunium
793 4591 952 4652 atque
991 4581 1218 4634 aliarum
1258 4593 1442 4635 rerum
1470 4578 1874 4633 observantiam

299 4694 358 4734 se
389 4676 668 4748 afﬂigeret,
712 4673 1014 4729 abstinebat
1038 4687 1096 4727 se
1122 4672 1191 4726 ab
1240 4672 1387 4726 omni
1424 4671 1567 4740 quod
1608 4669 1879 4724 inebriare

295 4778 354 4824 et
399 4777 599 4825 statum
645 4766 838 4822 mentis
869 4771 1115 4819 avertere
1158 4770 1368 4833 posset,
1404 4769 1627 4831 eratque
1666 4777 1879 4832 semper

297 4862 351 4915 in
401 4859 637 4929 templo,
673 4857 813 4912 unde
861 4865 914 4909 et
961 4855 1256 4921 Nazareus,
1306 4855 1359 4909 id
1411 4862 1528 4921 est,
1571 4863 1790 4910 sanctus
1823 4865 1878 4912 et

296 4953 525 5008 Domino
563 4958 908 5014 consecratus
932 4947 1244 5001 vocabatur.
1292 4945 1530 5015 lmpletis
1558 4954 1737 5000 autem
1768 4948 1877 5002 voti

295 5047 380 5102 sui
403 5044 615 5110 diebus,
647 5042 895 5097 veniebat
937 5041 1005 5095 ad
1040 5039 1300 5108 templum
1325 5038 1560 5102 Domini,
1598 5046 1653 5094 ct
1679 5038 1876 5094 oll‘ere-

294 5142 390 5195 bat
436 5153 534 5210 pro
583 5153 672 5201 se,
723 5150 840 5204 qua:
880 5135 996 5206 lege
1038 5133 1505 5204 praecipiebantur,
1543 5132 1876 5201 radebatque

297 5231 526 5301 capillos
555 5228 747 5298 capitis
773 5227 855 5282 sui
885 5234 939 5281 et
973 5225 1174 5289 barbae,
1212 5231 1532 5293 partemque
1557 5223 1786 5292 pilorum
1822 5224 1875 5277 in

297 5325 510 5380 ﬂamma
535 5321 721 5376 altaris
743 5319 1035 5383 cremabat,
1073 5317 1257 5386 sicque
1282 5315 1391 5368 voti
1415 5315 1552 5369 liber
1573 5313 1782 5368 redibat
1809 5314 1875 5369 ad

294 5413 536 5486 propria.
564 5410 760 5465 Fertur
779 5410 968 5464 beatus
988 5407 1184 5461 Petrus
1203 5405 1414 5476 primus
1435 5403 1737 5472 liujusmodi
1764 5411 1880 5458 ton-

297 5522 481 5562 suram
514 5505 616 5560 sibi
661 5503 852 5560 fecisse
883 5502 950 5556 ad
981 5498 1386 5554 similitudinem
1429 5497 1626 5567 spincze
1663 5510 1875 5550 coronae

296 5599 510 5655 Domini
542 5615 555 5650 :
589 5597 703 5651 sive
727 5604 786 5648 ut
814 5592 993 5648 clerici
1029 5606 1060 5644 a
1094 5588 1246 5644 laicis
1278 5603 1381 5643 non
1419 5586 1592 5643 solum
1624 5585 1874 5640 differant

297 5691 503 5753 habitu,
543 5702 732 5742 verum
759 5685 923 5739 etiam
952 5689 1192 5735 tonsura.

370 5815 391 5842 ιι
435 5800 588 5870 llugo
621 5792 884 5859 Mcnard,
917 5800 1025 5846 not.
1062 5789 1182 5844 660.

1979 4589 2186 4660 pellant
2218 4589 2490 4643 daemones
2519 4585 2586 4638 ab
2619 4583 2722 4647 eis,
2759 4582 3001 4636 dicentes
3036 4599 3049 4634 :
3101 4580 3303 4649 Adjuro
3348 4590 3421 4649 te,
3457 4581 3559 4632 im-

1979 4683 2170 4738 munde
2200 4681 2437 4752 spiritus,
2460 4695 2552 4749 per
2577 4676 2743 4730 Deum
2775 4673 3013 4738 Patrem,
3037 4682 3084 4727 et
3116 4672 3158 4724 F
3162 4672 3328 4733 ilium,
3361 4682 3407 4724 et
3441 4669 3560 4741 Spi-

1980 4779 2137 4832 ritum
2176 4781 2436 4836 sanctum,
2482 4778 2538 4822 ut
2573 4767 2783 4822 recedas
2815 4766 2879 4820 ab
2909 4766 3006 4818 hoc
3036 4763 3234 4834 famqu
3264 4763 3378 4816 Dei.
3413 4763 3558 4816 Istud

1978 4867 2354 4927 ministerium,
2403 4869 2462 4917 ut
2501 4871 2739 4914 canones
2779 4857 2982 4918 dicunt,
3016 4870 3187 4910 nemo
3212 4853 3369 4908 debet
3402 4868 3558 4907 usur-

1979 4975 2128 5031 pare,
2164 4956 2268 5010 nisi
2313 4953 2403 5024 qui
2443 4951 2584 5007 idem
2622 4947 2854 5002 cilicium
2888 4945 3110 5012 habent,
3147 4952 3239 4999 aut
3276 4944 3554 5008 diaconus,

1980 5057 2071 5106 aut
2097 5047 2478 5106 subdiaconus,
2511 5047 2604 5094 aut
2633 5039 2922 5093 exorcista.

2054 5147 2439 5206 Subdiaconus,
2490 5137 2856 5202 subminister,
2901 5149 2965 5190 eo
2997 5135 3137 5203 quod
3183 5133 3283 5189 sub
3329 5131 3553 5186 diacono

1978 5241 2067 5304 sit,
2113 5238 2167 5292 id
2193 5243 2291 5296 est,
2325 5231 2424 5288 sub
2460 5230 2726 5284 ministro.
2776 5227 2920 5281 Illius
2951 5223 3306 5278 ministerium
3341 5229 3457 5285 est,
3497 5229 3550 5274 ut

1977 5330 2248 5386 ministret
2277 5324 2522 5385 diacono,
2565 5319 2618 5373 id
2648 5325 2752 5382 est,
2790 5316 3000 5371 deferat
3025 5315 3072 5368 ei
3115 5315 3360 5378 linteum,
3390 5326 3551 5381 super

1977 5423 2119 5494 quod
2155 5418 2576 5475 consecrandum
2605 5420 2689 5467 est
2719 5425 2917 5480 cerpus
2950 5417 3005 5464 et
3049 5407 3270 5477 sanguis
3313 5405 3548 5460 Domini.

1978 5513 2198 5570 Deferat
2236 5509 2287 5565 ei
2323 5515 2574 5579 patenam
2601 5517 2722 5558 cum
2757 5499 2953 5555 oblatis
2974 5540 2988 5563 ,
3023 5506 3077 5552 et
3106 5496 3327 5551 calicem
3356 5495 3411 5548 in
3445 5508 3552 5562 quo

1978 5605 2160 5660 vinum
2183 5608 2237 5655 et
2265 5612 2401 5669 aqua
2430 5594 2712 5656 habeatur,
2736 5589 2861 5661 quia
2891 5589 2956 5645 de
2996 5587 3163 5641 latere
3190 5583 3400 5638 Domini
3427 5597 3548 5652 pro-

1979 5695 2140 5752 cessit
2170 5690 2384 5760 sanguis
2424 5694 2477 5741 et
2524 5700 2682 5753 aqua.
2717 5681 2945 5736 Peracto
2971 5675 3256 5742 sacriﬁcio,
3297 5670 3552 5746 mysteria
