3886 6176
321 355 462 410 i255

1168 341 1231 396 Β.
1269 339 1335 395 ι’.
1372 336 1606 393 ΔΒΒΙΝΙ
1642 332 1773 390 SEU
1812 329 2090 386 ALCUINI
2126 329 2413 386 OPERCM
2444 327 2626 384 PARS
2663 328 2752 382 IX.

3428 331 3568 383 1256

315 469 560 541 corporis
589 476 644 523 et
683 464 958 537 sanguinis
998 461 1228 523 Domini,
1275 470 1394 526 quae
1432 448 1818 522 superfuerint,
1859 459 1888 498 a
1916 443 1967 504 Δ
1993 443 2348 498 militudinem
2391 444 2528 513 gerit
2554 442 2713 497 modo
2748 441 3032 512 episcopus
3073 460 3084 495 :
3133 443 3259 511 quia
3285 444 3430 498 sicut
3475 447 3570 500 ille

317 560 546 615 diacono
569 556 864 627 colligenda
893 553 976 608 vel
1001 548 1334 622 deportanda
1360 541 1602 612 suscipit.

388 647 652 701 Diaconus
679 644 880 708 Graece,
915 640 1175 698 Hebraice
1203 635 1410 699 Levita,
1433 631 1646 695 Latine,
1677 642 1885 682 assum-

315 751 440 811 ptus
461 740 543 794 vel
577 742 823 794 minister
848 740 1266 805 interpretatur:
1299 733 1627 794 assumptus,
1650 723 1774 792 quia
1799 735 1884 774 as—

318 807 566 894 sumitur,
611 829 663 883 id
691 835 794 892 est,
830 823 1045 894 eligitur
1077 821 1144 875 ad
1173 817 1452 874 servitium
1481 813 1695 876 altaris;
1726 807 1883 862 mini-

318 930 448 984 ster,
481 917 607 988 quia
640 917 910 971 ministrat
937 909 1270 981 presbytero.
1296 903 1454 958 Ponit
1482 902 1702 955 linteum
1735 896 1788 951 in
1811 894 1884 949 al-

315 983 453 1071 tare,
478 983 632 1076 ponit
649 1018 842 1075 panem
869 1009 923 1056 et
941 999 1183 1061 calicem,
1211 1009 1331 1065 quae
1361 1007 1462 1048 nec
1487 987 1752 1052 mittendi,
1785 983 1902 1040 nec

316 1097 594 1153 auferendi
636 1095 798 1150 habet
831 1096 1158 1161 potestatem
1185 1083 1488 1156 presbyter,
1533 1080 1579 1135 si
1625 1079 1886 1134 diaconus

313 1186 564 1242 adfuerit.
599 1185 750 1238 Sicut
778 1181 1091 1252 presbytero
1111 1173 1346 1232 cilicium
1369 1167 1720 1230 consecrandi
1740 1181 1885 1222 com-

311 1278 465 1347 petit,
499 1277 573 1330 ita
601 1274 830 1329 diacono
854 1267 1218 1324 ministrandi.

384 1363 663 1434 Presbyter
701 1361 909 1424 Graece,
939 1358 1132 1413 Latine
1157 1355 1339 1411 senior
1369 1351 1584 1413 dicitur,
1611 1361 1721 1402 non
1759 1356 1886 1416 pro-

313 1467 432 1525 pter
465 1460 818 1515 senectutem,
849 1449 943 1504 sed
985 1454 1206 1518 propter
1240 1442 1589 1515 dignitatem,
1625 1437 1886 1492 honorem

311 1557 366 1602 et
401 1544 740 1616 sapientiam,
767 1541 895 1612 quia
918 1539 1223 1608 quicunque
1243 1533 1523 1606 presbyter
1548 1539 1649 1593 est,
1673 1527 1896 1596 sapiens

312 1651 432 1692 esse
473 1633 669 1694 debet,
715 1640 777 1684 ut
833 1629 1095 1699 intelligat
1133 1641 1198 1680 ea
1243 1639 1363 1694 quae
1411 1620 1574 1691 legit;
1627 1617 1889 1688 intelligat

313 1725 605 1786 orationes,
650 1734 785 1789 quas
826 1718 956 1772 dicit
984 1724 1038 1771 et
1067 1714 1279 1770 diurnis
1314 1709 1648 1781 temporibus
1689 1714 1744 1762 et
1791 1721 1888 1759 no-

1984 537 2162 591 stabat
2191 536 2244 589 in
2277 535 2559 589 altitudine
2598 534 2788 598 turris,
2812 533 2894 588 sic
2928 535 3212 604 episcopus
3246 544 3302 588 et
3341 535 3570 608 presby—

1984 633 2068 678 ter
2094 624 2291 678 debent
2334 623 2634 678 consistere
2664 622 2719 677 in
2770 623 3055 678 altitudine
3081 625 3362 679 virtutum.
3406 625 3566 680 Sicut

1983 710 2127 765 enim
2175 711 2266 766 illa
2311 713 2477 765 turris
2503 721 2730 768 caeteras
2758 712 2947 768 domos
2973 713 3303 780 excellebat,
3340 716 3418 770 sic
3448 717 3569 784 epi-

1983 816 2267 870 scoporum
2309 809 2366 855 et
2413 801 2854 872 presbyterorum
2909 803 3019 856 vita
3080 802 3241 857 debet
3289 802 3570 858 excellere

1983 892 2149 946 vitam
2173 889 2538 959 subjectorum
2561 909 2575 946 :
2600 899 2656 946 et
2680 893 2820 947 sicut
2846 892 2933 947 ille
2953 894 3258 963 speculator
3279 895 3574 948 nuntiabat

1985 982 2273 1036 adventum
2320 980 2510 1044 hostis,
2542 988 2602 1034 ut
2630 996 2698 1036 se-
2725 983 3084 1052 praeviderent
3114 984 3292 1046 cives,
3333 984 3415 1038 sic
3444 986 3564 1054 epi-

1984 1071 2131 1142 scopi
2181 1079 2238 1126 et
2278 1070 2585 1143 presbyteri
2630 1072 2826 1126 debent
2859 1074 3181 1128 annuntiare
3208 1073 3423 1143 populis
3461 1076 3568 1130 sibi

1985 1161 2244 1229 subjectis
2272 1163 2564 1216 adventum
2607 1161 2925 1230 nequissimi
2968 1163 3144 1217 hostis
3169 1161 3388 1227 diaboli,
3418 1171 3482 1216 ut
3506 1176 3578 1217 se

1985 1251 2339 1321 praevideant,
2375 1265 2443 1304 ne
2472 1251 2590 1320 ejus
2612 1250 2808 1320 laqueo
2838 1252 3139 1321 capiantur.
3182 1251 3572 1323 Speculatores

1987 1343 2291 1397 animarum
2345 1341 2492 1397 dedit
2543 1341 2686 1396 Deus
2737 1343 3021 1411 episcopos
3074 1350 3130 1398 et
3178 1343 3581 1412 presbyteros,

1979 1440 2134 1510 juxta
2183 1440 2324 1509 quod
2364 1440 2479 1507 ipse
2529 1437 2662 1492 dicit
2705 1438 2772 1492 ad
2809 1437 3147 1492 Ezechielem
3193 1438 3522 1506 prophetam
3550 1456 3576 1490 ;

1989 1529 2099 1584 Fili
2149 1529 2416 1592 hominis,
2461 1525 2836 1597 speculatorem
2880 1527 3000 1580 dedi
3054 1535 3105 1580 te
3156 1525 3338 1579 domui
3391 1524 3576 1580 Istae!

1991 1619 2205 1691 (Bacch.
2240 1633 2326 1683 ιιι,
2360 1617 2468 1688 i7).

2058 1708 2286 1762 Antistes
2307 1707 2462 1778 quasi
2484 1716 2610 1762 ante
2637 1714 2808 1771 stans,
2838 1708 2893 1762 id
2921 1715 3026 1771 est,
3055 1717 3189 1760 ante
3207 1721 3377 1760 aram.
3409 1705 3574 1762 Unde

313 1814 550 1878 cturnis;
605 1809 866 1881 intelligat
910 1823 995 1873 ea,
1033 1820 1151 1876 quae
1198 1811 1381 1859 cantat
1423 1803 1478 1856 in
1528 1801 1712 1855 missa.
1756 1795 1886 1850 Vere
1914 1789 1967 1850 Β·
1987 1801 2206 1871 quidam
2235 1799 2531 1854 antistitem
2551 1799 2731 1854 dicere
2756 1799 2960 1854 volunt.
2999 1798 3188 1853 Melius
3219 1806 3403 1852 tamen
3433 1798 3576 1853 dici-

312 1905 526 1973 dignum
551 1909 599 1955 et
618 1900 825 1970 justum
847 1905 944 1961 est,
976 1895 1046 1949 Te
1072 1896 1256 1965 igitur,
1287 1890 1448 1946 Pater
1478 1897 1671 1952 noster,
1699 1895 1756 1943 et
1783 1902 1885 1942 ca:-

314 2004 447 2058 tera,
477 1991 528 2046 id
558 1997 661 2053 est,
697 1988 875 2042 omnia
909 2001 1030 2042 cum
1061 1983 1321 2056 symbolo.
1362 1981 1535 2035 Adam
1555 1979 1694 2034 vixit
1731 1977 1900 2032 annis.

314 2096 613 2144 occccxxx,
655 2077 768 2133 Noe
815 2093 943 2132 accc
968 2117 985 2142 ,
1035 2083 1091 2128 et
1136 2087 1296 2129 nemo
1337 2071 1552 2126 illorum
1589 2067 1888 2139 appellatus

313 2185 395 2231 est
441 2189 626 2234 senex.
671 2171 944 2227 Abraham
979 2183 1109 2224 vero
1162 2167 1254 2236 qui
1310 2165 1377 2219 ad
1431 2161 1894 2232 comparationem.

314 2268 523 2322 illorum
551 2278 872 2336 perpaucum
894 2261 1031 2316 vixit
1051 2268 1281 2328 tempus,
1308 2250 1466 2312 annis
1486 2255 1736 2310 videlicet
1755 2267 1889 2307 οων

317 2359 611 2431 appellatus
641 2364 725 2412 est
770 2369 953 2410 senex.
1001 2351 1214 2420 Quare?
1263 2349 1398 2416 Quia
1444 2345 1740 2417 sapientior
1786 2343 1891 2398 illis

317 2449 436 2503 fuit.
469 2446 726 2504 Sacerdos
757 2443 942 2500 Greece
973 2455 1024 2508 α,
1054 2441 1246 2496 Latine
1274 2439 1470 2493 dicitur
1490 2450 1705 2492 sacrum
1734 2433 1888 2496 dans,

318 2541 371 2595 id
399 2545 503 2603 est,
539 2544 784 2592 sanctum
809 2530 1135 2590 sacriﬁcium
1164 2527 1397 2584 oﬂ‘erens
1422 2527 1552 2580 Deo.

384 2628 695 2700 Presbyteri
727 2632 1049 2696 potestatem
1093 2622 1292 2675 habent
1339 2612 1749 2679 catechizandi,
1796 2613 1895 2667 ba-

317 2719 578 2790 ptizandi,
600 2716 843 2772 infirmos
865 2713 1130 2770 benedicti
1153 2711 1254 2767 olei
1282 2709 1516 2782 unguine
1534 2705 1888 2776 perungendi.

322 2810 417 2865 liis
467 2823 682 2879 quoque
730 2820 1044 2862 concessum
1083 2811 1166 2858 est
1197 2800 1429 2856 cilicium
1463 2797 1788 2870 praedicandi
1837 2796 1893 2852 in

319 2901 566 2958 ecclesia.
619 2897 794 2968 Super
843 2899 945 2953 hos
997 2902 1121 2952 sunt
1170 2893 1402 2963 episc0pi
1428 2932 1448 2957 ,
1492 2891 1632 2946 sicut
1670 2889 1791 2944 loco
1841 2896 1895 2942 et

321 2992 597 3064 dignitate,
627 2989 706 3044 sic
735 2986 1036 3045 sanctitatis
1073 2995 1128 3042 et
1173 2983 1489 3040 eruditionis
1524 2979 1899 3052 singularitate

320 3081 618 3152 conspicui,
649 3079 847 3150 quibus
869 3077 997 3134 solis
1032 3085 1115 3133 est
1146 3082 1385 3146 potestas
1421 3087 1636 3128 sacrum
1659 3071 1893 3126 chrisma

323 3173 608 3238 conficere,
654 3181 709 3228 et
743 3171 1138 3242 baptizatorum
1184 3167 1390 3224 frontes
1433 3166 1665 3237 signare,
1707 3172 1762 3218 et
1798 3179 1894 3234 per

325 3280 516 3322 manus
541 3263 939 3335 impositionem
967 3260 1227 3330 Spiritum
1248 3267 1491 3314 sanctum
1513 3255 1616 3310 illis
1638 3253 1891 3310 tribuere.

326 3357 535 3412 Habent
565 3362 885 3428 potestatem
931 3353 1130 3424 ligandi
1152 3361 1314 3422 atque
1339 3349 1600 3406 solvendi.
1627 3347 1731 3403 Per
1753 3347 1897 3417 ipsos

323 3461 536 3518 quoque
573 3446 784 3516 publica
822 3444 1004 3516 populi
1045 3443 1310 3498 absolutio
1356 3443 1410 3496 in
1456 3440 1543 3495 die
1576 3438 1757 3494 Cinnae
1793 3439 1900 3491 Do-

325 3538 455 3593 mini
485 3536 709 3593 solemni
729 3551 879 3590 more
907 3535 1199 3604 peragitur.
1231 3532 1522 3588 Sciendum
1548 3539 1726 3584 autem
1754 3530 1896 3597 quod

324 3627 515 3696 primis
541 3624 782 3682 ecclesiae
801 3624 1133 3693 temporibus
1155 3623 1314 3677 etiam
1341 3620 1642 3692 presbyteri
1673 3619 1902 3690 episcopi

324 3717 658 3774 vocabantur
699 3735 715 3771 :
756 3717 851 3772 sed
877 3715 1242 3786 postmodum,
1265 3713 1385 3769 utili
1407 3713 1540 3768 satis
1567 3709 1893 3782 provisione,

325 3809 679 3866 constitutum
699 3816 800 3875 est,
826 3816 887 3863 ut
913 3809 1017 3863 hoc
1048 3821 1238 3862 nomen
1269 3805 1397 3860 solis
1427 3803 1769 3874 pontiﬁcibus
1799 3803 1900 3856 tri-

325 3903 546 3967 buatur,
578 3915 805 3972 quorum
840 3897 1061 3967 majoris
1083 3898 1282 3970 gradus
1315 3895 1632 3952 excellentia
1666 3902 1892 3960 crescat,

327 4009 382 4053 ct
426 3997 602 4053 minor
627 3997 760 4053 ordo
796 4011 1062 4052 mensura:
1092 4010 1200 4050 sua:
1234 3993 1457 4048 limitem
1507 3997 1892 4061 recognoscat:

328 4088 504 4157 sitque
528 4086 830 4144 diderentia
855 4088 915 4142 in
937 4085 1232 4153 vocabulis,
1259 4085 1398 4141 sicut
1417 4082 1723 4154 praecelsior
1746 4082 1907 4137 locus

328 4180 570 4236 honoris.

397 4273 688 4346 Episcopus
715 4272 921 4338 Graece,
967 4273 1162 4328 Latine
1185 4271 1380 4327 dicitur
1405 4269 1848 4340 superintendens
1877 4286 1902 4321 τ

329 4369 415 4423 ἐπὶ
444 4381 630 4437 super,
666 4373 875 4422 σκοπεῖν
913 4363 1214 4426 intendere,
1244 4362 1371 4417 hinc
1394 4361 1675 4429 episcopus
1711 4372 1896 4426 super—

327 4458 632 4524 intendens,
665 4457 718 4512 id
748 4466 829 4512 est
867 4455 1217 4525 supervidens
1246 4471 1256 4505 :
1295 4452 1420 4521 quia
1463 4452 1575 4520 ipse
1615 4451 1775 4504 debet
1807 4465 1895 4504 su-
1923 4483 1974 4544 Β

327 4548 610 4618 pervidere
635 4548 802 4602 vitam
841 4544 1203 4614 subiectorum
1243 4557 1482 4606 suorum,
1519 4539 1750 4610 qualiter
1779 4554 1898 4594 cre-

329 4638 482 4701 dant,
504 4637 736 4708 qualiter
767 4637 972 4703 vivant,
1005 4635 1236 4706 qualiter
1276 4633 1372 4687 Dei
1407 4639 1673 4702 praecepta
1717 4637 1900 4684 custo-

329 4726 498 4781 diant.
543 4725 792 4796 Antiquis
838 4725 1170 4795 temporibus
1217 4724 1267 4778 in
1317 4721 1540 4793 singulis
1592 4721 1900 4775 civitatibus

328 4826 486 4874 erant
518 4825 696 4873 turres
718 4818 992 4872 altissimae
1015 4825 1338 4873 constructae
1363 4835 1375 4870 :
1406 4829 1741 4885 unaquaeque
1765 4813 1899 4869 civi-

330 4918 414 4965 tas
437 4908 670 4966 habebat
697 4925 852 4966 suam
887 4911 1118 4975 turrim,
1151 4911 1204 4964 in
1243 4924 1347 4979 qua
1387 4908 1564 4964 stabat
1598 4907 1903 4977 speculator

328 4997 563 5065 assidue,
587 5006 696 5054 uta
719 4999 875 5070 longe
895 5008 1076 5070 posset
1103 5002 1364 5069 aspicere,
1389 5001 1434 5054 si
1458 5001 1730 5054 exercitus
1753 4999 1912 5054 veni-

327 5096 413 5146 ret
437 5105 508 5147 ex
535 5089 713 5161 aliqua
735 5100 918 5160 parte;
941 5092 988 5146 si
1012 5090 1223 5144 videret
1248 5091 1547 5145 exercitum
1569 5091 1898 5152 venientem,

326 5180 611 5238 nuntiabat
641 5181 823 5236 statim
862 5181 1007 5252 regi,
1053 5188 1107 5236 et
1135 5182 1576 5251 praeparabantur
1603 5195 1793 5236 omnes
1833 5179 1902 5233 ad

326 5270 524 5328 bellum
561 5280 749 5329 contra
792 5272 1002 5328 hostem
1039 5271 1210 5326 illum.
1257 5269 1623 5341 Speculatoris
1649 5269 1793 5324 illius
1825 5270 1899 5323 si-

398 5401 423 5430 ι
457 5387 713 5445 Sacerdos
739 5406 920 5455 graece,
953 5397 1058 5444 etc.
1087 5387 1200 5442 lmo
1230 5393 1283 5440 et
1315 5385 1489 5455 ipsum
1515 5385 1724 5454 origine
1740 5382 1895 5455 Lati-

327 5474 453 5530 num
481 5453 888 5530 nomen._Forte
918 5460 1018 5530 leg.
1055 5472 1068 5512 :
1102 5453 1381 5519 Sacerdos,
1409 5455 1590 5530 Grtrce
1613 5453 1896 5524 presbyter,

325 5529 512 5584 Latine
537 5528 779 5585 sacerdos
806 5526 1021 5594 dicitur,
1047 5545 1138 5581 seu
1167 5544 1374 5581 sacrum
1403 5526 1553 5579 dans.

396 5599 422 5637 ι)
451 5597 770 5670 Ordogllom.
800 5615 918 5670 vin.
943 5591 1082 5670 Mah.
1109 5596 1290 5670 θερί-ἓ
1309 5594 1646 5670 Μιιεειςίλιῴ..
1681 5600 1811 5649 tom.
1832 5591 1900 5659 ll,

320 5684 439 5740 pag.
472 5666 556 5723 86.
589 5667 772 5724 Baluz.
797 5669 1023 5740 Capitul.
1051 5665 1267 5730 tomill,
1291 5681 1410 5736 pag.
1447 5665 1605 5720 1572.

1987 1901 2096 1957 tur,
2128 1908 2160 1947 a
2188 1891 2385 1955 verbo,
2406 1899 2626 1956 antesto,
2654 1898 2906 1955 antestas,
2935 1889 3081 1959 quod
3107 1888 3392 1960 significat,
3427 1889 3578 1942 emi-

1987 2000 2112 2048 neo,
2139 1981 2346 2037 excelle
2372 1999 2384 2035 :
2411 1996 2476 2035 eo
2503 1981 2646 2050 quod
2671 1982 2985 2037 universum
3015 1979 3268 2051 populum
3298 1978 3582 2048 dignitate

1987 2082 2044 2130 et
2065 2077 2270 2131 honore
2299 2074 2716 2143 superemineat.

2060 2162 2330 2232 Pontifex,
2359 2164 2514 2232 quasi
2543 2171 2763 2233 pontem
2787 2161 3022 2226 faciens,
3052 2175 3118 2217 eo
3145 2162 3290 2231 quod
3317 2170 3574 2232 pontem,

1990 2257 2044 2313 id
2066 2265 2166 2318 est,
2192 2257 2337 2310 viam
2367 2255 2484 2309 aliis
2525 2255 2765 2324 praebere
2802 2253 2996 2309 debeat
3018 2255 3180 2309 verbo
3207 2261 3264 2308 et
3291 2255 3579 2323 exemplo,

1989 2348 2135 2403 unde
2161 2347 2408 2401 homines
2433 2352 2714 2399 transeant
2736 2345 2801 2398 ad
2827 2343 3062 2411 patriam
3089 2342 3385 2398 caelestem.
3422 2342 3570 2398 Pons

1991 2445 2173 2493 autem
2207 2445 2291 2492 est
2319 2434 2640 2499 tabulatum,
2671 2433 2813 2504 quod
2843 2432 2904 2486 ﬁt
2932 2447 3094 2501 super
3120 2446 3312 2500 aquas.

2510 2539 2742 2599 CAPUT
2779 2540 3043 2597 XXXVII.

1993 2620 2022 2659 δ
2043 2633 2308 2682 ρυΑιινι-ειι
2339 2630 2616 2671 εριδεοιδυε
2637 2628 2942 2669 ORDINETUB
2967 2629 3019 2666 IN
3049 2627 3260 2666 ROMHA
3293 2625 3576 2665 Εαειεειι.

2062 2707 2195 2764 Cum
2217 2707 2498 2776 episcopus
2525 2703 2762 2759 civitatis
2802 2700 2968 2755 fuerit
3005 2698 3316 2764 defunctus,
3352 2699 3583 2769 eligitur

1995 2799 2131 2854 alius
2165 2813 2196 2854 a
2225 2797 2371 2853 clero
2400 2810 2496 2850 seu
2541 2792 2768 2863 populo,
2805 2791 2973 2860 fitque
3017 2791 3294 2846 decretum
3327 2788 3396 2842 ab
3437 2787 3582 2851 illis,

1995 2899 2051 2945 et
2080 2888 2300 2944 veniunt
2351 2885 2418 2940 ad
2471 2884 2828 2954 apostolicum
2873 2897 3002 2937 cum
3038 2895 3136 2936 suo
3174 2881 3371 2944 electo,
3415 2879 3572 2934 dele.

1997 2992 2179 3040 rentes
2202 2995 2383 3037 secum
2410 2979 2806 3049 suggestionem
2824 3016 2838 3040 ,
2871 2976 2977 3030 hoc
2997 2982 3080 3029 est
3102 3014 3118 3037 ,
3149 2972 3452 3044 rogatorias
3479 2971 3574 3025 lit-

1998 3087 2165 3141 teras,
2211 3083 2273 3130 ut
2313 3073 2392 3128 eis
2433 3078 2716 3127 consecret
2762 3068 3091 3138 episcopum.
3133 3065 3283 3119 Tunc
3326 3063 3575 3133 pontifex

1920 3135 1970 3199 ϐ
1991 3135 2163 3237 jubet.
2188 3181 2312 3220 eum
2359 3161 2558 3232 inquiri
2609 3160 2677 3215 de
2715 3135 3231 3228 quatuor—capitulis
3267 3152 3583 3217 canonicis,

1997 3260 2100 3315 hoc
2144 3266 2249 3322 est,
2296 3254 2362 3309 de
2389 3250 2734 3320 arsanoquita
2765 3260 2814 3314 ε,
2844 3262 2943 3318 pro
2975 3246 3170 3304 ancilla
3198 3246 3308 3299 Deo
3333 3254 3579 3307 sacrata,

1997 3363 2096 3418 pro
2120 3343 2580 3416 quadrupedibus,
2627 3348 2723 3394 aut
2763 3339 2808 3394 si
2839 3337 3119 3409 conjugem
3147 3335 3338 3390 habuit
3360 3350 3427 3389 ex
3464 3333 3574 3388 alio

1998 3439 2132 3500 viro,
2163 3435 2306 3506 quod
2335 3433 2524 3489 Graece
2552 3432 2752 3509 dicitur
2782 3429 3176 3503 διυτιιρογαμὶα.
3224 3426 3289 3480 Ει
3316 3426 3362 3480 si
3389 3425 3458 3480 de
3487 3426 3584 3480 his

1998 3525 2339 3597 inculpabilis
2363 3525 2616 3578 inventus
2636 3520 2818 3586 fuerit,
2836 3518 2986 3588 jurat
3007 3517 3386 3573 archidiacono
3408 3532 3576 3586 super

1998 3627 2228 3690 quatuor
2273 3614 2596 3684 Evangelia,
2637 3612 2832 3667 deinde
2862 3609 3148 3666 confirmat
3180 3624 3341 3679 super
3375 3624 3580 3678 corpus

1996 3710 2136 3765 beati
2182 3708 2330 3763 Petri
2361 3706 2546 3762 dehis
2589 3690 2970 3773 inculpabilem
3018 3715 3082 3755 se
3125 3699 3260 3754 fore.
3311 3699 3576 3754 Similiter

1995 3801 2299 3873 presbyteri
2329 3809 2385 3855 et
2411 3797 2646 3854 diaconi.
2686 3795 2816 3851 Post
2857 3796 2974 3850 hmc
2996 3793 3267 3848 residente
3294 3791 3574 3863 pontiﬁce.

1998 3903 2052 3950 et
2073 3901 2282 3950 astante
2311 3892 2564 3947 universo
2599 3889 2744 3945 clero
2769 3930 2784 3953 ,
2817 3889 3115 3954 interrogat
3152 3901 3249 3940 eos
3283 3885 3378 3954 qui
3423 3884 3580 3938 illum

1999 3985 2358 4049 adduxerunt,
2403 3982 2470 4037 de
2510 3979 2922 4036 conversatione
2948 3992 3072 4040 sua,
3111 3991 3212 4031 seu
3239 3984 3376 4046 quot
3403 3989 3580 4029 annos

1999 4077 2051 4132 in
2087 4089 2411 4144 unoquoque
2437 4072 2604 4145 gradu
2639 4069 2996 4124 ministravit.
3030 4068 3229 4122 Deinde
3274 4067 3578 4137 interrogat

1998 4184 2144 4232 eum,
2173 4167 2314 4220 sitne
2358 4164 2426 4219 de
2465 4163 2581 4232 ipsa
2610 4159 2876 4225 Ecclesia,
2915 4166 3011 4213 aut
3055 4158 3119 4214 de
3148 4158 3252 4212 alia
3285 4176 3299 4211 :
3333 4167 3391 4212 et
3415 4158 3464 4212 si
3507 4159 3577 4214 de

1998 4261 2104 4316 alia
2131 4265 2236 4322 est,
2265 4257 2564 4324 interrogat
2589 4259 2768 4306 utrum
2793 4251 2988 4305 habeat
3015 4248 3176 4321 5.93
3203 4248 3580 4303 dimissoriam

1998 4350 2065 4404 ab
2094 4348 2348 4418 episcOpo
2377 4360 2495 4400 suo.
2537 4343 2667 4411 Quae
2693 4349 2911 4397 ostensa
2937 4340 3197 4395 recitatur
3222 4340 3277 4394 in
3306 4341 3568 4395 medium.

1999 4443 2116 4510 Quo
2164 4439 2312 4494 facto
2352 4435 2625 4508 subiungit
2666 4431 2905 4504 pontifex
2947 4448 2959 4483 :
3005 4431 3147 4496 Quid
3184 4432 3326 4486 vobis
3373 4431 3580 4502 placuit

2001 4533 2064 4587 de
2091 4531 2193 4586 eo?
2223 4527 2606 4599 Respondeant
2637 4542 2650 4578 :
2688 4522 2938 4588 Castitas,
2963 4521 3312 4593 hospitalitas,
3345 4521 3580 4592 benigni-

2000 4638 2112 4690 tas,
2132 4633 2180 4679 et
2209 4622 2385 4676 omnia
2410 4621 2543 4673 bona
2581 4633 2699 4688 qua:
2727 4616 2834 4670 Deo
2863 4625 2981 4668 sunt
3021 4622 3266 4683 accepta;
3311 4624 3370 4666 et
3403 4616 3580 4682 ponti-

2001 4717 2088 4772 fex
2120 4734 2134 4768 :
2173 4713 2374 4775 Videte,
2406 4709 2620 4779 fratres,
2648 4723 2710 4760 ne
2739 4704 2971 4776 aliquam
3000 4703 3395 4773 promissionem
3425 4701 3582 4770 fecis-

2001 4816 2074 4860 set
2101 4803 2238 4859 vobis
2265 4819 2280 4855 :
2305 4801 2498 4854 scimus
2525 4795 2663 4867 quod
2699 4793 3044 4848 simoniacam
3077 4800 3170 4853 est,
3205 4801 3251 4844 et
3273 4800 3460 4843 contra
3489 4809 3580 4844 ca-

2005 4912 2182 4950 nones.
2208 4893 2316 4948 Illis
2342 4886 2804 4959 respondentibus,
2838 4884 2982 4938 Absit
3005 4901 3037 4936 a
3072 4882 3239 4947 nobis,
3274 4883 3584 4939 introduci-

2004 5000 2093 5043 tur
2112 4987 2316 5042 electus
2343 4989 2467 5036 ante
2491 4976 2798 5050 pontificem
2817 5016 2831 5038 ,
2861 4983 3132 5045 prostrato
3170 4988 3234 5027 eo
3271 4973 3322 5026 in
3350 4983 3578 5030 terram.

2003 5077 2102 5133 Cui
2124 5073 2490 5145 apostolicus:
2521 5067 2766 5137 Protegat
2795 5082 2889 5120 nos
2922 5065 3198 5118 Dominus.
3248 5063 3314 5117 Et
3341 5070 3476 5118 tunc
3503 5065 3586 5118 in-

2003 5173 2244 5235 terrogat
2269 5164 2335 5218 de
2361 5160 2476 5216 suis
2501 5159 2802 5221 ordinibus,
2837 5165 3000 5225 atque
3044 5154 3266 5208 instruit
3301 5153 3370 5208 de
3409 5169 3586 5208 cano.

2002 5259 2126 5314 nica
2155 5255 2497 5316 auctoritate,
2525 5257 2580 5304 et
2606 5249 2734 5304 dicit
2757 5263 2771 5301 :
2801 5245 3061 5312 Quoniam
3087 5246 3140 5298 in
3159 5254 3208 5299 te
3232 5243 3368 5298 bona
3399 5260 3587 5299 conoe-

2077 5397 2099 5426 ο
2141 5385 2511 5453 Arsanoquita,
2560 5397 2628 5453 ex
2665 5379 2852 5453 Graeco
2897 5378 3275 5453 épqsvomirnc.
3305 5375 3583 5453 masculo-

2005 5473 2125 5512 rum
2167 5445 2505 5510 concubitor.
2550 5449 2703 5520 Apud
2728 5445 2943 5520 iBaluz.
2982 5446 3084 5500 loc.
3114 5447 3230 5520 Δεἱι.
3285 5464 3303 5495 σ
3334 5445 3585 5520 Inquirat

2003 5528 2152 5582 illum
2185 5529 2250 5582 de
2284 5533 2514 5594 quatuor
2545 5516 2814 5589 capitulis,
2861 5518 2912 5594 id
2963 5525 3065 5578 est,
3097 5516 3162 5569 de
3205 5516 3580 5584 arsenoquita,

2007 5597 2148 5667 quod
2176 5603 2274 5659 est,
2303 5587 2513 5649 cubans
2535 5587 2653 5645 cum
2687 5587 2947 5648 masculo,
2973 5595 3076 5640 etc.
3111 5607 3129 5638 ›
