3886 6176
193 343 214 395 i
231 344 330 398 237

995 349 1145 406 OPP.
1188 347 1590 406 SUPPOSITA.
1630 379 1701 390 —
1734 348 1863 406 LIB.
1907 351 1994 406 DE
2033 349 2281 406 DIVINIS
2319 343 2624 408 OFFICIIS.

3296 360 3437 420 1258

187 463 360 527 niunt,
385 460 660 516 abstinebis
685 470 734 518 te
753 464 922 530 hodie,
946 466 1101 520 hodie
1126 465 1422 530 abstinebis,
1449 471 1498 520 et
1523 463 1754 518 crastina
1783 467 1830 524 Α
1858 461 2075 526 tineret,
2116 469 2172 516 et
2207 462 2558 518 schismatum
2601 465 2806 521 semina
2843 467 3226 526 tollerentur.)
3263 471 3376 528 Cur
3403 491 3432 530 a

190 552 298 607 Deo
335 551 554 622 juvante
582 554 994 620 consecraberis;
1023 566 1078 611 et
1119 564 1247 612 tunc
1270 556 1547 627 egreditur
1589 552 1751 608 foras.

185 643 307 698 Alia
334 658 464 698 vero
492 644 578 700 die
605 659 724 715 qua:
741 655 825 700 est
846 646 1142 714 Dominica,
1170 648 1412 718 procedit
1439 647 1678 719 pontifex
1699 647 1755 702 in

185 736 474 791 ecclesiam
500 752 623 792 eum
658 740 805 792 omni
845 748 1060 806 ornatu,
1087 741 1434 810 praestolante
1477 755 1602 796 eum
1636 739 1756 794 uni-

183 843 343 883 verso
387 829 532 884 clero
579 837 741 899 atque
786 832 1000 902 populo.
1035 831 1171 898 Quia
1208 849 1338 887 vero
1375 833 1430 887 in
1475 832 1754 887 Dominica

184 921 492 988 ordinatur,
515 929 570 976 et
597 921 789 993 reliqui
815 924 1047 980 ministri
1075 925 1128 978 in
1157 925 1406 990 sabbato,
1432 939 1596 994 supra
1622 925 1757 980 scri—

183 1020 336 1079 ptum
361 1019 463 1066 est.
499 1011 836 1082 Ingrediente
875 1013 1169 1084 apostolico
1214 1015 1268 1069 in
1316 1015 1639 1079 sacrarium,
1675 1015 1759 1068 in-

185 1101 349 1155 choat
370 1101 553 1157 schola
573 1103 640 1156 ad
666 1102 942 1158 introitum
964 1104 1311 1175 antiphonam
1333 1104 1389 1159 in
1408 1101 1756 1159 Ordinatione

184 1191 480 1246 Pontiﬁcis.
508 1192 785 1262 Completo
811 1195 1050 1259 introitu,
1083 1210 1191 1250 non
1220 1195 1420 1250 dicitur
1451 1202 1566 1250 tum
1589 1193 1756 1263 Kyrie

184 1281 394 1346 eleison,
441 1284 536 1338 sed
564 1298 689 1338 mox
729 1283 860 1339 dicit
896 1285 1224 1355 apostolicus
1251 1286 1570 1340 orationem.
1616 1283 1755 1339 Can-

187 1373 424 1428 tantibus
447 1375 726 1446 egreditur
751 1375 1161 1430 archidiaconus
1181 1389 1302 1430 cum
1330 1373 1670 1429 subdiaconis
1701 1380 1756 1428 et

185 1465 444 1534 acolytis,
483 1473 540 1519 et
577 1465 751 1520 induit
790 1465 1023 1522 electum
1069 1465 1358 1520 dalmatica
1399 1479 1496 1520 seu
1532 1462 1753 1529 casula,

184 1563 239 1608 et
281 1554 576 1610 introducit
617 1569 741 1608 eum
785 1563 839 1609 et
887 1555 1130 1625 pontifex
1167 1572 1182 1609 :
1220 1553 1405 1609 Clerus
1458 1555 1752 1618 universus,

183 1655 232 1698 et
257 1644 400 1715 plebs
428 1647 748 1700 consentiens
777 1646 997 1700 civitatis
1019 1661 1138 1699 cum
1161 1644 1229 1699 ad
1224 1644 1468 1718 jacentiis
1494 1644 1625 1708 suis,
1659 1641 1757 1696 ele-

183 1745 368 1806 gerunt
389 1736 488 1790 sibi
517 1736 668 1789 illum
694 1735 1068 1806 presbyterum,
1105 1732 1182 1788 vel
1221 1733 1518 1798 diaconum,
1549 1734 1751 1803 episco-

182 1843 306 1897 pum
344 1826 443 1880 sibi
489 1827 785 1880 consecrari
825 1840 838 1878 ε

186 1917 317 1981 viro,
348 1925 403 1969 ut
434 1915 574 1970 Deus
597 1924 644 1969 et
669 1914 923 1968 Dominus
955 1923 1129 1968 noster
1150 1913 1346 1966 tribuat
1375 1912 1424 1966 ei
1455 1911 1756 1967 cathedram

183 2006 523 2078 episcopalem
546 2007 614 2060 ad
638 2005 915 2077 regendam
945 2003 1236 2059 Ecclesium
1263 2020 1435 2068 suam,
1477 2012 1528 2057 et
1560 2002 1756 2073 plebem

185 2097 496 2151 universam.
565 2096 766 2151 Deinde
813 2095 1034 2150 inchoat
1081 2093 1296 2158 schola,
1347 2091 1510 2162 Kyrie
1564 2091 1759 2146 eleison

185 2204 307 2244 cum
352 2188 536 2243 litania
561 2228 576 2252 ,
606 2194 880 2257 prostrato
909 2187 1106 2241 domno
1143 2183 1439 2254 apostolico
1468 2183 1522 2238 in
1552 2189 1758 2236 terram

185 2287 310 2334 ante
350 2279 518 2333 altare
548 2293 671 2333 cum
703 2278 818 2347 ipso
845 2275 1020 2331 electo
1073 2283 1128 2329 et
1169 2274 1436 2343 episcopis
1475 2288 1539 2328 ac
1579 2287 1760 2327 sacer—

185 2373 418 2428 dotibus.
449 2371 643 2426 Finitis
668 2370 892 2434 litaniis,
914 2376 1160 2439 surgunt,
1189 2375 1244 2422 et
1269 2365 1541 2422 benedicit
1563 2379 1707 2420 eum.

256 2464 388 2519 Illud
438 2479 597 2528 vero,
649 2462 790 2532 quod
839 2461 944 2516 duo
995 2459 1230 2530 episcopi
1282 2465 1468 2513 tenent
1520 2457 1760 2511 codicem

185 2553 582 2624 evangeliorum
629 2566 790 2620 super
840 2558 1003 2619 caput
1047 2547 1198 2616 ejus;
1246 2555 1300 2601 et
1341 2561 1448 2600 uno
1506 2543 1761 2625 fundente

186 2658 346 2714 super
369 2658 492 2698 eum
519 2640 964 2704 benedictionem,
989 2637 1181 2708 reliqui
1204 2636 1295 2705 qui
1323 2635 1519 2689 adsunt
1554 2634 1761 2704 episco-

185 2737 261 2807 pi,
293 2735 540 2790 manibus
569 2733 680 2789 suis
707 2747 868 2803 super
889 2738 1051 2800 caput
1085 2729 1202 2798 ejus
1243 2733 1486 2798 tangunt,
1530 2741 1636 2783 non
1674 2741 1762 2780 re-

184 2825 392 2896 peritur
418 2825 471 2877 in
499 2823 818 2878 auctoritate
850 2821 1040 2884 veteri,
1064 2833 1238 2888 neque
1265 2832 1435 2882 nova;
1463 2817 1556 2871 sed
1586 2830 1760 2884 neque

185 2918 239 2972 in
262 2917 502 2971 Romana
532 2915 836 2970 traditione.
875 2911 981 2968 Sed
1003 2911 1180 2966 ethoc
1200 2908 1499 2974 sciendum,
1525 2908 1650 2978 quia
1676 2923 1761 2963 re-

187 3009 318 3080 liqui
347 3007 580 3063 ministri
604 3013 724 3075 post
749 3004 1092 3074 antiphonam
1124 3001 1189 3057 ad
1237 3001 1516 3056 introitum
1549 3007 1605 3055 et
1636 3015 1761 3056 ora-

189 3103 387 3156 tionem
425 3108 553 3154 tunc
591 3098 911 3153 ordinantur
934 3112 948 3149 :
971 3095 1205 3164 episcopi
1227 3109 1354 3149 vero
1378 3101 1499 3163 post
1535 3108 1759 3162 respon-

1859 551 2033 608 tribus
2075 552 2160 608 vel
2207 561 2442 622 quatuor
2484 556 2751 628 episcopis
2792 559 3083 631 episcopus
3120 564 3436 635 ordinetur,

1855 643 2150 712 Gregorius
2169 659 2308 715 papa
2332 644 2491 703 docet
2519 658 2542 686 ο
2575 663 2589 702 :
2621 668 2639 700 ‹
2665 649 2846 716 Tales,
2868 652 3070 722 inquit,
3087 656 3435 727 conveniant,

1855 733 1946 800 qui
1979 732 2064 786 vel
2103 733 2158 786 in
2191 732 2437 803 profectu
2477 736 2711 807 episcopi
2747 740 2981 796 ordinati
3018 744 3315 814 gaudeant,
3350 747 3438 804 vel

1855 837 1952 892 pro
1972 821 2086 890 ejus
2106 824 2350 880 custodia
2371 827 2724 898 omnipotenti
2748 831 2856 886 Deo
2877 848 3066 902 preces
3088 834 3383 893 emundant.
3411 858 3438 890 ›

1856 909 2034 977 Quare
2058 913 2384 982 prohibitum
2415 916 2488 970 sit
2511 916 2602 972 uni
2623 918 2727 973 hoc
2753 917 2951 988 facere,
2973 921 3318 980 Innocentius
3336 942 3435 998 pa-

1855 1015 1923 1069 pa
1952 1000 1979 1039 d
2009 1011 2271 1058 monstrat
2297 1005 2350 1058 in
2379 1006 2750 1064 Decretalibus
2778 1025 2878 1080 cap
2918 1012 2971 1066 9.
3017 1031 3034 1063 ι
3054 1013 3132 1068 Ne
3158 1031 3300 1071 unus
3323 1018 3438 1087 epi-

1855 1107 2077 1160 scopum
2111 1095 2364 1151 ordinare
2389 1109 2696 1167 praesumat,
2729 1117 2797 1157 ne
2826 1101 3085 1160 furtivum
3111 1107 3440 1166 beneﬁcium

1854 1185 2155 1250 praestitum
2190 1186 2454 1242 videatur.
2481 1207 2500 1242 ι
2542 1189 2870 1262 Augustinus
2898 1194 2949 1248 in
2978 1195 3114 1252 libro
3157 1197 3224 1253 de
3255 1198 3438 1266 Quan-

1855 1274 2009 1330 titate
2028 1276 2236 1333 Anima:
2263 1290 2307 1343 θ,
2337 1294 2552 1334 versum
2578 1281 2782 1337 Horatii
2814 1285 2879 1340 de
2903 1287 3145 1355 sapiente
3165 1289 3390 1359 protulit
3417 1308 3440 1342 :;

1981 1419 2158 1484 Fortis,
2183 1427 2236 1474 et
2261 1427 2309 1474 in
2331 1426 2498 1485 seipse
2521 1432 2650 1474 totus
2668 1431 2805 1476 teres
2827 1433 2972 1490 atque
2998 1430 3250 1480 rotundus.

1861 1541 1881 1574 ι
1918 1523 2055 1580 Hinc
2097 1527 2362 1596 sequitur,
2387 1534 2441 1581 et
2469 1536 2614 1582 recte
2658 1547 2670 1582 :
2702 1544 2826 1582 nam
2857 1545 3030 1598 neque
3055 1531 3106 1584 in
3137 1533 3318 1586 animo
3341 1533 3437 1588 bo-

1853 1631 1926 1671 no
1948 1617 2245 1686 quidquam
2275 1619 2504 1684 invenis,
2533 1620 2673 1689 quod
2698 1621 2867 1692 magis
2896 1621 2998 1675 sibi
3027 1636 3093 1675 ex
3114 1621 3261 1675 omni
3281 1628 3438 1690 parte

1855 1706 2176 1771 consentiat,
2214 1703 2396 1776 [quam
2424 1705 2701 1779 virtutem]
2732 1722 2906 1778 neque
2944 1709 2998 1762 in
3031 1709 3206 1777 planis
3247 1707 3443 1779 ﬁguris-

831 1794 870 1878 τ’
887 1794 1110 1878 θηεΜῄ
1142 1824 1316 1893 itaque
1341 1839 1434 1877 nos
1455 1794 1551 1892 mlo
1576 1794 1753 1876 'wdem
1789 1826 1830 1886 Β
1855 1809 2015 1864 quam
2043 1794 2321 1849 circulum.
2348 1814 2365 1845 ι
2412 1795 2754 1866 Superiorem
2778 1799 2972 1867 capitis
2990 1805 3200 1868 partem
3227 1800 3445 1853 rasorio-

1859 1899 2200 1950 renovamus,
2221 1901 2342 1941 cum
2369 1885 2495 1941 forti
2522 1887 2880 1943 sollicitudine
2911 1889 3208 1960 superﬂuas
3231 1890 3438 1961 cogita-

1859 1977 2033 2032 tiones
2066 1979 2134 2034 ab
2163 1978 2344 2033 animo
2367 1993 2675 2034 resecamus
2699 1997 2712 2033 :
2739 1979 2792 2037 in
2829 1979 3068 2036 inferiori
3104 1989 3257 2051 parte
3281 1995 3438 2037 coro-

1858 2087 1980 2127 nam
2019 2079 2299 2140 portamus
2338 2071 2676 2141 capillorum,
2717 2089 2839 2128 cum
2878 2088 2942 2128 ea
2987 2089 3106 2142 quae
3140 2075 3434 2130 secundum

1857 2163 2115 2216 mundum
2147 2163 2455 2217 necessario
2491 2164 2839 2232 gubernanda
2876 2171 3023 2231 sunt,
3059 2181 3185 2221 cum
3226 2167 3443 2222 ratione

1858 2251 2197 2307 concorditer
2213 2267 2575 2321 coaequamus.

2363 2361 2590 2418 CAPUT
2630 2355 2912 2419 XXXVIII.

1858 2472 1922 2510 DE
1949 2469 2187 2510 SINGULIS
2219 2469 2474 2509 VESTIBUS
2511 2470 2699 2518 QUIBUS
2733 2469 3070 2511 SACERDOTES
3091 2472 3192 2512 νει,
3221 2471 3434 2523 ιιειιουι

1999 2540 2223 2580 οιιοιΝιεε
2253 2541 2303 2579 ΙΝ
2343 2539 2538 2580 VETERI
2567 2541 2918 2582 TESTAIENTO
2952 2542 3292 2582 UTEBANTUR.

1927 2636 2080 2690 Nunc
2109 2636 2391 2691 dicendum
2417 2636 2484 2691 de
2505 2636 2732 2707 singulis
2754 2636 3015 2701 vestibus,
3036 2637 3232 2706 quibus
3255 2654 3435 2695 sacer-

1857 2727 2010 2782 dotes
2029 2726 2114 2780 vel
2133 2726 2324 2796 reliqui
2345 2726 2559 2782 ordines
2587 2726 2640 2781 in
2654 2724 2835 2782 Veteri
2858 2725 3200 2782 Testamento
3212 2730 3436 2783 uteban-

1860 2826 1967 2870 tur.
1985 2816 2152 2872 Erant
2174 2825 2354 2872 autem
2373 2825 2498 2872 octo
2513 2817 2719 2887 species
2743 2817 2971 2872 vestium
2997 2819 3432 2885 sacerdotalium,

1859 2909 1912 2964 id
1945 2918 2046 2976 est,
2079 2910 2258 2965 tunica
2291 2909 2429 2965 linea
2468 2909 2679 2975 stricta,
2720 2909 2901 2965 tunica
2940 2909 3308 2980 hyacinthina,
3345 2926 3439 2964 suo

1856 2998 2252 3068 perhumerale,
2301 2999 2595 3064 rationale,
2642 3000 2868 3064 cidaris,
2918 2999 3186 3064 balteum,
3235 3001 3434 3056 lamina

1859 3102 2022 3143 aurea
2043 3088 2100 3144 in
2120 3087 2296 3144 fronte
2323 3087 2614 3158 pontiﬁcis,
2635 3097 2690 3144 et
2707 3087 2978 3144 feminalia
3003 3089 3164 3144 linea.
3205 3089 3298 3143 His
3323 3104 3441 3144 om-

187 3189 389 3246 sorium
421 3197 715 3244 cantatum.
757 3186 908 3253 Quod
942 3193 1121 3240 autem
1159 3184 1321 3254 aliqui
1359 3191 1480 3253 post
1521 3183 1762 3253 Evange—
1783 3166 1831 3228 Ο
1861 3179 2022 3234 nibus
2043 3177 2282 3248 pontifex
2308 3187 2547 3248 tempore
2573 3177 2820 3233 sacrificii
2845 3178 3170 3233 induebatur
3191 3196 3205 3232 :
3226 3179 3439 3235 caeteris

186 3282 317 3336 lium
363 3286 680 3335 consecrant
719 3279 1048 3348 episcopum,
1099 3290 1206 3330 non
1250 3274 1382 3330 dicit
1425 3273 1563 3329 ullus
1590 3271 1753 3329 Ordo.

186 3369 267 3424 Ad
297 3368 797 3424 communicandum
822 3382 952 3423 vero
969 3362 1209 3436 pontifex
1237 3363 1461 3434 porrigit
1489 3363 1538 3418 ei
1561 3361 1762 3418 forma-

189 3469 298 3514 tam
327 3468 489 3530 atque
517 3474 728 3515 sacram
755 3457 1098 3514 oblationem.
1131 3453 1299 3522 Quam
1331 3455 1598 3525 accipiens
1619 3468 1762 3509 com-

187 3549 428 3604 municat
458 3565 622 3620 super
659 3548 847 3614 altare,
873 3556 1067 3603 caztera
1097 3561 1226 3601 vero
1262 3554 1505 3602 reservat
1547 3545 1648 3601 sibi
1695 3545 1762 3599 ad

185 3638 689 3694 communicandum
730 3652 900 3705 usque
941 3637 1008 3690 ad
1040 3636 1154 3690 dies
1188 3637 1561 3707 quadraginta.
1603 3636 1760 3690 Post-

185 3727 403 3784 modum
436 3739 503 3779 ex
540 3729 810 3794 praecepto
849 3722 1126 3792 apostolici
1155 3723 1514 3777 communicat
1547 3737 1760 3776 omnem

183 3814 460 3887 populum.

257 3907 443 3973 Qualis
457 3916 634 3962 autem
653 3915 794 3962 esset
803 3904 1099 3974 antiquitus
1119 3905 1453 3960 consecratio
1477 3904 1760 3975 episcopo-

186 4012 328 4063 rum,
345 3997 579 4052 ostendit
593 3995 946 4066 Hieronymus
970 3995 1024 4049 in
1049 3995 1272 4065 epistola
1293 3996 1360 4050 ad
1385 3995 1671 4067 Evagrium
1689 4009 1714 4037 ι
1744 4017 1760 4050 :

191 4109 209 4142 ι
234 4089 568 4146 Alexandriae
597 4129 612 4154 ,
664 4089 917 4158 inquiens
943 4129 958 4155 ,
1003 4103 1034 4143 a
1089 4088 1270 4143 Marco
1304 4088 1634 4160 evangelista
1667 4104 1760 4144 us-

186 4199 294 4254 que
322 4184 387 4238 ad
411 4182 709 4238 Eraclidem
737 4191 791 4237 et
813 4182 1120 4252 Dionysium
1139 4181 1438 4252 episcopos,
1460 4181 1760 4252 presbyteri

186 4289 402 4344 semper
427 4290 592 4329 unum
617 4289 685 4329 ex
715 4290 774 4330 se
799 4274 1028 4329 electum
1051 4274 1104 4328 in
1127 4274 1408 4330 excelsiori
1436 4276 1602 4346 gradu
1628 4291 1760 4332 con-

186 4365 434 4420 stitutum
452 4363 538 4419 vel
562 4363 882 4419 collocatum
908 4364 1218 4433 episcopum
1240 4363 1608 4430 nominabant,
1630 4381 1762 4436 quo-

186 4457 347 4510 modo
375 4455 420 4510 si
445 4455 714 4510 exercitus
739 4455 1118 4524 imperatorem
1139 4455 1320 4520 faciat,
1347 4463 1403 4511 et
1432 4456 1639 4512 diaconi
1665 4456 1760 4512 eli-

1858 3283 1988 3323 vero
2013 3267 2238 3322 minoris
2263 3267 2461 3337 gradus
2489 3265 2856 3322 sacerdotibus
2890 3266 3017 3322 solis
3045 3277 3278 3336 quatuor
3307 3267 3438 3324 liee-

1858 3361 1950 3414 bat
1975 3361 2076 3424 uti,
2102 3361 2154 3415 id
2178 3367 2281 3425 est,
2306 3360 2487 3415 tunica
2519 3359 2657 3414 linea
2697 3360 2909 3426 stricta,
2944 3360 3135 3426 cidari,
3174 3359 3352 3417 balteo
3381 3370 3437 3416 et

1859 3449 2221 3505 feminalibus.
2273 3449 2500 3520 Reliqua
2540 3464 2670 3504 vero
2714 3458 2945 3520 quatuor
2993 3459 3198 3506 tantum
3239 3453 3437 3508 summi

1858 3539 2130 3609 pontiﬁcis
2155 3548 2332 3595 erant.

1931 3631 2083 3687 Nunc
2107 3633 2173 3687 de
2197 3631 2421 3703 singulis
2446 3631 2811 3702 explanemus.
2855 3631 3053 3686 Tunica
3079 3631 3240 3697 linea,
3272 3631 3441 3688 vestis

1859 3731 1977 3776 erat
2003 3723 2248 3787 interior,
2275 3739 2439 3792 quam
2464 3723 2744 3778 camisiam
2776 3724 3003 3779 dicimus
3019 3722 3104 3776 vel
3123 3738 3433 3793 supparum.

1860 3812 1985 3867 Ilaec
2011 3813 2197 3867 stricta
2233 3813 2449 3876 dicitur,
2484 3813 2735 3882 quoniam
2765 3813 3073 3868 adhaerebat
3110 3812 3344 3882 corpori,
3381 3821 3437 3864 et

1860 3901 1935 3954 ita
1981 3911 2099 3955 erat
2143 3901 2345 3955 strictis
2386 3901 2636 3964 manicis,
2680 3910 2738 3954 ut
2783 3900 2926 3954 nulla
2953 3901 3002 3955 ei
3037 3901 3256 3956 omnino
3300 3915 3433 3970 ruga

1860 3991 2098 4044 inesset:
2125 3991 2276 4052 sicut
2301 3988 2474 4046 solent
2517 3990 2714 4045 milites
2752 3990 2952 4044 habere
2991 3989 3200 4044 tunicas
3241 3988 3430 4055 lineas,

1860 4079 1940 4134 sic
1965 4087 2120 4148 aptas
2148 4079 2426 4143 membris,
2458 4087 2518 4133 ut
2541 4078 2776 4148 expediti
2805 4077 2914 4132 sint
2939 4076 3431 4146 dirigendojaculo,

1860 4169 2126 4224 tendendo
2146 4169 2409 4240 clypeum,
2437 4169 2696 4224 vibrando
2717 4167 2972 4240 gladium,
2997 4168 3208 4239 qualem
3230 4177 3286 4224 et
3301 4167 3433 4225 Joab

1860 4263 2111 4319 habuisse
2135 4263 2354 4335 legitur,
2386 4263 2628 4318 strictam
2655 4262 2722 4317 ad
2745 4277 3052 4318 mensuram
3082 4261 3299 4318 habitus
3321 4277 3435 4316 oon

1858 4353 2006 4424 poris
2034 4354 2118 4409 sui
2146 4372 2159 4408 :
2189 4370 2286 4425 pro
2318 4369 2426 4424 qua
2455 4368 2596 4409 nunc
2624 4353 2936 4409 sacerdotes
2963 4353 3045 4409 vel
3077 4353 3261 4408 clerici
3285 4351 3437 4409 albas

1859 4449 2080 4503 habent.

185 4553 313 4617 gant
342 4546 406 4601 de
429 4561 507 4610 se,
540 4560 697 4614 quem
732 4545 1052 4600 industrium
1083 4547 1353 4612 noverint,
1393 4556 1448 4604 et
1483 4549 1755 4604 archidia-

1930 4537 2095 4610 494
2133 4537 2335 4594 Tunica
2363 4547 2476 4594 tota
2499 4537 2841 4609 hyacinthina
2868 4536 3104 4592 exterior
3123 4536 3434 4606 nuliumque

184 4651 382 4690 conum
423 4643 632 4691 vocent.
658 4655 676 4688 ι
731 4633 1154 4693 Archidiaconus
1197 4639 1440 4693 eamdem
1478 4654 1758 4696 consecra~

185 4727 388 4782 tionem
431 4727 595 4782 habet
635 4743 795 4797 quam
837 4728 1017 4783 caueri
1064 4727 1310 4794 diaconi,
1360 4730 1456 4785 sed
1497 4731 1758 4787 electione

187 4817 413 4873 fratrum
441 4818 790 4887 praeponitur.
828 4818 962 4874 Item
990 4818 1345 4890 Hieronymus
1372 4836 1533 4891 super
1549 4822 1760 4892 Episto-

186 4907 294 4962 lam
323 4908 388 4962 ad
419 4908 598 4962 Titum
627 4909 654 4948 ι)
687 4926 699 4961 :
737 4928 755 4961 ι
774 4908 1075 4979 Antequam
1100 4909 1386 4965 schismata
1414 4911 1468 4965 in
1502 4912 1760 4982 religione

187 5000 403 5064 ﬁerent,
429 5009 486 5056 et
509 4999 780 5054 diceretur
815 5001 869 5054 in
905 5001 1153 5070 populis:
1183 5001 1295 5072 Ego
1335 5017 1453 5056 sum
1495 5001 1668 5068 Pauli,
1709 5013 1764 5058 et

184 5101 417 5159 caetera,
461 5093 734 5148 communi
781 5094 1215 5164 presbyterorum
1255 5093 1478 5149 consilio
1521 5095 1762 5150 Ecclesia

188 5186 494 5256 regebatur.
535 5185 826 5254 Postquam
851 5200 980 5241 vero
1012 5187 1393 5256 unusquisque,
1426 5202 1563 5257 quos
1588 5187 1766 5257 bapti-

185 5275 368 5341 zabat,
399 5291 526 5332 suos
546 5290 668 5332 esse
688 5276 917 5341 dicebat,
943 5292 1051 5332 non
1078 5276 1275 5332 Christi
1304 5277 1358 5331 in
1385 5284 1498 5333 toto
1517 5279 1649 5334 orbe
1670 5279 1765 5334 de-

185 5378 397 5426 cretum
419 5377 524 5438 est,
548 5378 611 5425 ut
634 5385 775 5425 unus
815 5370 881 5424 de
908 5368 1239 5440 presbyteris
1270 5368 1473 5424 electus
1505 5386 1766 5441 superpo-

148 5459 152 5462 “
184 5471 414 5517 neretur
435 5461 670 5527 caeteris,
698 5460 767 5514 ad
787 5475 946 5530 quem
977 5461 1152 5515 omnis
1186 5473 1316 5514 cura
1351 5458 1604 5515 Ecclesiae
1641 5475 1766 5530 per-

259 5607 285 5638 α
326 5594 385 5652 S.
412 5593 562 5651 Hier.
593 5593 752 5665 epist.
788 5592 889 5647 146
915 5593 984 5648 ad
1011 5591 1359 5664 Evangelum,
1387 5605 1492 5646 non
1521 5589 1585 5644 ad
1621 5589 1762 5646 Eva-

187 5666 390 5738 grium.

262 5739 288 5779 ι’
327 5736 401 5792 ld.
437 5736 489 5791 in
518 5751 634 5806 cap.
668 5751 682 5791 ι
711 5734 880 5803 Epist.
908 5731 974 5786 ad
1003 5729 1110 5787 Tit.

1862 4629 2026 4684 alium
2049 4629 2283 4685 colorem
2310 4630 2596 4699 recipiens,
2625 4643 2794 4697 usque
2816 4627 2883 4682 ad
2904 4627 3064 4696 pedes
3082 4627 3430 4692 descendens,

1861 4723 2000 4778 sicut
2025 4731 2082 4777 et
2103 4722 2264 4786 linea,
2297 4722 2438 4776 unde
2467 4729 2522 4775 et
2553 4728 2781 4789 utraque
2809 4718 2996 4775 Graece
3020 4719 3248 4790 poderis,
3275 4720 3328 4775 id
3353 4732 3436 4776 est

1864 4813 2052 4868 talaris
2092 4813 2418 4877 vocabatur,
2465 4812 2670 4866 habens
2718 4810 3123 4866 similitudinem
3170 4811 3434 4865 malorum

1863 4914 2209 4976 granatorum
2255 4918 2564 4968 aureorum,
2592 4910 2646 4956 et
2676 4901 3029 4957 tintinnabula
3069 4916 3252 4956 aurea.
3307 4901 3440 4957 Erat

1864 5005 2046 5050 autem
2072 4995 2187 5049 sine
2216 4994 2441 5049 manicis
2469 4987 2538 5048 ad
2564 4992 2896 5049 colobiorum
2927 4992 3352 5057 similitudinem,
3381 5000 3438 5046 et

1865 5088 1986 5143 ideo
2012 5087 2155 5142 unde
2185 5101 2379 5141 manus
2414 5086 2791 5149 educerentur,
2829 5093 3013 5154 aperta
3048 5090 3186 5138 erat.
3225 5081 3330 5136 Pro
3355 5088 3438 5136 tu-

1865 5179 1984 5234 nica
2013 5178 2359 5249 hyacinthina
2381 5177 2553 5233 nostri
2575 5175 2856 5246 pontiﬁces
2881 5175 3056 5244 primo
3079 5173 3305 5230 colobiis
3329 5181 3441 5228 ute-

1863 5271 2080 5326 bantur.
2121 5269 2216 5324 Est
2235 5276 2414 5324 autem
2436 5267 2693 5323 colobium
2729 5265 2897 5320 vestis
2926 5265 3044 5319 sine
3062 5263 3304 5320 manicis.
3346 5262 3440 5318 Har

1864 5362 1985 5417 dua:
2020 5370 2220 5426 vestes,
2252 5361 2305 5414 id
2335 5371 2436 5426 est,
2475 5360 2654 5416 tunica
2687 5359 2905 5430 byssina
2942 5357 3150 5420 stricta,
3175 5365 3230 5412 et
3258 5355 3436 5411 tunica

1866 5453 2236 5522 hyacinthina,
2261 5451 2430 5506 balteo
2458 5450 2697 5506 astriclae
2721 5456 2900 5515 erant,
2927 5447 3070 5520 quod
3092 5455 3211 5502 erat
3241 5445 3436 5518 cinguli

1938 5600 1962 5629 ο
2006 5587 2064 5642 S.
2104 5587 2265 5658 Greg.
2293 5587 2415 5641 lihr.
2448 5602 2504 5649 ιι,
2537 5586 2693 5658 epist.
2720 5585 2810 5640 3i.

1937 5659 1962 5695 τι
2007 5659 2060 5713 ln
2091 5656 2260 5728 Epist.
2291 5656 2722 5728 adVV'ictricium,
2747 5671 2866 5725 cap.
2897 5656 2945 5709 i.

1947 5741 1967 5764 "
2008 5726 2152 5799 Aug.
2169 5744 2284 5798 cap.
2319 5727 2404 5792 16.
2439 5736 2566 5781 tom.
2602 5726 2646 5790 l,
2680 5740 2803 5796 pag.
2837 5727 2960 5780 508.
