3914 6178
409 337 430 390 1
443 335 549 392 259

1237 331 1298 384 Β.
1338 330 1399 387 F.
1440 329 1665 387 ALBINI
1703 329 1833 386 SEU
1875 317 2151 385 ALClllNl
2189 327 2470 386 OPERUM
2508 329 2686 386 PARS
2724 331 2814 388 IX.

3526 327 3673 384 ιῖεο

407 467 576 524 genus
605 463 676 504 ex
697 450 860 520 bysso
893 454 1116 514 retorta,
1143 449 1454 520 hyacintho,
1485 462 1722 519 purpura
1761 461 1825 502 ac
1860 460 1982 500 ver-
2007 445 2058 506 Α
2082 442 2178 509 He,
2219 444 2362 512 Vau,
2391 445 2528 501 Heth
2555 465 2566 504 :
2595 445 2762 520 [mni]
2791 455 2846 502 et
2867 445 3173 512 dicebatur,
3207 443 3508 508 ineffabile,
3559 461 3671 498 non

411 541 630 607 miculo,
654 557 817 611 opere
843 540 1094 611 plumari,
1122 540 1174 594 in
1207 540 1607 595 similitudinem
1642 538 1796 609 pellis
1829 536 1978 593 colu-

410 632 517 698 bri,
546 632 844 686 latitudinis
873 641 1106 702 quatuor
1127 631 1433 702 digitorum.
1474 629 1580 684 Pro
1612 629 1813 693 balteo,
1839 643 1983 683 nunc

413 737 692 788 zonarum,
737 737 872 793 quas
909 721 1178 778 Romanas
1222 720 1524 790 appellant,
1565 735 1698 775 usus
1737 727 1982 789 receptus

413 821 517 867 est.

480 905 920 975 Superbumerale
939 903 1082 974 quod
1111 903 1375 958 Hebraice
1421 904 1588 974 ephod
1629 903 1844 970 dicitur,
1902 903 1982 960 sic

412 1006 682 1061 vocatum,
714 998 856 1066 quod
888 998 1142 1050 humeros
1166 996 1496 1060 obnuberet;
1520 995 1672 1064 cujus
1700 1005 1984 1052 contextus

414 1092 480 1145 de
500 1092 753 1146 omnibus
779 1090 1050 1145 coloribus
1073 1097 1190 1144 erat
1222 1091 1607 1159 magnitudinis
1633 1091 1901 1158 cubitalis,
1928 1093 1982 1148 id

413 1189 519 1244 est,
547 1196 717 1250 usque
753 1181 821 1234 ad
845 1179 1118 1250 cingulum
1147 1180 1485 1249 pertingens,
1511 1181 1846 1249 amplectens
1868 1197 1986 1237 om-

413 1285 536 1324 nem
562 1271 738 1325 locum
778 1271 1032 1340 pectoris,
1068 1279 1124 1326 et
1150 1272 1217 1325 ad
1245 1272 1740 1339 manusejiciendas
1759 1273 1987 1328 hincin—

413 1360 480 1412 de
506 1368 776 1429 apertum;
820 1362 904 1414 cui
935 1363 1258 1416 vestimento
1288 1361 1438 1416 locus
1466 1379 1666 1417 vacuus
1681 1364 1988 1420 dimitteba-

416 1458 505 1502 tur
538 1451 592 1503 in
620 1451 795 1506 medio
823 1460 1064 1521 pectore,
1097 1453 1465 1522 magnitudine
1489 1453 1671 1523 palmi,
1701 1454 1790 1508 ubi
1844 1455 1987 1510 inse-

415 1541 634 1594 rcbatur
664 1541 944 1606 rationale,
976 1543 1119 1611 quod
1173 1541 1434 1597 Hebraicc
1485 1545 1682 1598 dicitur
1725 1546 1884 1610 essin,
1934 1553 1989 1598 et

415 1634 601 1688 (ἔνευσε
646 1633 819 1704 logion
871 1650 890 1688 :
949 1635 1180 1689 habebat
1230 1643 1409 1689 autem
1457 1636 1894 1705 superhumerale
1934 1636 1989 1691 in

416 1731 647 1790 utroque
671 1724 896 1778 humero
926 1724 1164 1794 singulos
1213 1725 1417 1793 lapides
1467 1727 1784 1796 onychinos,
1834 1736 1890 1780 et
1934 1727 1989 1782 in

2081 532 2224 603 quod
2251 533 2360 589 dici
2391 550 2498 590 non
2527 536 2724 605 possit,
2753 539 2847 592 sed
2877 537 3001 607 quia
3040 552 3141 592 nec
3179 537 3392 593 deﬁniri
3431 545 3486 592 et
3521 551 3677 591 com-

2079 626 2339 695 prehendi
2368 641 2529 681 sensu
2559 627 2716 683 ullius
2742 639 3021 693 creaturae,
3053 638 3115 683 ut
3141 629 3303 699 digne
3327 627 3440 684 Deo
3462 629 3676 697 aliquid

2081 719 2186 773 dici
2215 719 2405 788 possit.
2441 718 2731 789 Ligabatur
2760 729 2940 776 autem
2972 722 3106 776 vitta
3134 722 3483 795 hyacinthina
3507 737 3678 791 super

2082 809 2301 874 tiaram,
2327 817 2386 863 ut
2409 816 2576 864 totam
2603 811 2931 880 pontiﬁcalis
2959 822 3182 868 ornatus
3209 812 3676 883 pulchritudinem

2083 899 2179 956 Dei
2210 900 2527 956 vocabulum
2548 910 2834 958 coronaret
2865 919 2929 960 ac
2953 913 3278 976 protegeret.
3316 903 3509 973 Neque
3537 904 3677 958 hanc

2083 992 2388 1048 ornamenti
2419 994 2655 1063 speciem
2677 993 2878 1050 Christi
2910 997 3119 1065 accepit
3145 995 3344 1050 abillis
3365 995 3640 1052 Ecclesia.

2153 1085 2434 1150 Octavum,
2474 1087 2527 1143 id
2561 1096 2674 1154 est,
2710 1088 3062 1144 novissimum
3101 1099 3484 1144 ornamentum
3521 1089 3675 1159 femi-

2086 1179 2232 1234 nalia
2260 1179 2429 1242 linea,
2472 1179 2667 1248 quibus
2711 1180 3030 1248 operiebant
3067 1195 3287 1235 carnem
3321 1179 3675 1249 turpitudinis

2087 1286 2218 1334 suae,
2247 1271 2314 1326 ab
2341 1269 2560 1326 renibus
2585 1285 2758 1338 usque
2787 1270 2855 1324 ad
2889 1269 3088 1325 femina
3129 1271 3244 1325 sive
3278 1272 3364 1341 (ut
3396 1271 3673 1339 usitatius)

2087 1359 2316 1426 femora,
2350 1377 2473 1415 eum
2508 1360 2574 1414 ad
2605 1359 2930 1415 sacriﬁcium
2961 1360 3311 1416 accedebant.
3353 1360 3673 1429 Huiusmodi

2089 1451 2308 1507 habitus
2331 1452 2407 1506 ita
2431 1459 2589 1506 notus
2624 1458 2708 1506 est
2740 1451 2797 1506 in
2829 1451 3033 1506 nostris
3066 1451 3397 1522 regionibus,
3423 1461 3485 1506 ut
3511 1467 3588 1507 ex
3615 1468 3675 1508 co

2089 1543 2262 1600 Gallia
2291 1543 2550 1598 Braccata
2575 1544 2950 1613 cognominata
2977 1545 3068 1599 sit.

2159 1635 2618 1705 Comprehensum
2638 1635 2896 1699 breviter,
2919 1635 3116 1704 quibus
3142 1634 3387 1690 vestibus
3420 1649 3675 1689 ornaren-

2092 1733 2183 1779 tur
2207 1725 2515 1780 sacerdotes
2539 1731 2594 1778 et
2618 1724 2851 1778 ministri
2883 1723 3066 1792 templi
3102 1723 3220 1788 Dei,
3261 1722 3517 1778 Mosaicae
3551 1723 3678 1793 legis

415 1813 640 1881 singulis
665 1813 934 1881 lapidibus
962 1823 1119 1868 erant
1145 1815 1352 1883 sculpta
1366 1795 1575 1885 singula
1604 1815 1884 1871 duodecim
1900 1832 1986 1887 pa-
2023 1795 2066 1853 Β
2094 1814 2442 1884 temporibus,
2474 1828 2609 1884 quas
2631 1813 2873 1868 adinstar
2895 1813 3107 1868 illorum
3138 1814 3376 1869 revelata
3401 1813 3677 1884 Evangelii

418 1903 777 1958 triarcharum
806 1907 1046 1960 nomina.
1077 1906 1286 1960 Habent
1301 1908 1463 1962 etiam
1479 1925 1623 1963 nunc
1641 1909 1877 1964 ministri
1893 1909 2000 1965 Ec-

415 1995 594 2050 clesiae
616 1995 817 2050 Christi
842 1997 1298 2066 superhumerale,
1331 1999 1474 2068 quod
1523 1999 1781 2052 amictum
1828 2013 1994 2054 voca~

417 2105 556 2155 ntus,
584 2089 798 2158 quando
826 2090 894 2143 ad
921 2089 1091 2144 altare
1117 2090 1446 2144 ministrant.

485 2178 790 2243 Rationale,
815 2193 976 2248 opere
1007 2178 1268 2250 polymito
1297 2178 1497 2234 factum
1527 2189 1646 2236 erat
1686 2179 1842 2249 juxta
1878 2187 1985 2237 tex-

416 2279 595 2326 turam
619 2271 1096 2340 superhumeralis,
1125 2271 1176 2326 id
1199 2279 1304 2337 est,
1343 2272 1547 2327 eisdem
1594 2272 1866 2329 coloribus
1915 2272 1996 2328 fa-

413 2371 561 2416 ctum
585 2371 724 2426 erat,
757 2362 1206 2432 quadrangulum,
1239 2363 1441 2419 habens
1469 2379 1780 2419 mensuram
1830 2364 1996 2435 palmi

417 2446 473 2497 in
502 2443 886 2514 longitudinem
913 2452 969 2499 et
995 2444 1354 2502 latitudinem.
1395 2445 1563 2502 Erant
1593 2448 1646 2501 in
1672 2462 1738 2503 eo
1765 2458 2001 2518 quatuor

415 2535 635 2590 ordines
665 2535 920 2605 lapidum,
948 2537 1084 2591 terni
1106 2552 1203 2607 per
1222 2537 1458 2608 singulos
1485 2553 1670 2594 versus
1691 2539 1994 2596 distributi:

415 2627 610 2698 seulpti
639 2637 793 2683 erant
817 2629 1041 2698 singulis
1067 2628 1348 2684 duodecim
1370 2631 1803 2700 patriarcharum
1825 2631 1999 2686 nomi-

418 2715 594 2771 nibus.
636 2717 804 2770 Erant
830 2725 1009 2771 autem
1032 2717 1293 2772 catenulae
1317 2734 1517 2783 aureae,
1545 2726 1601 2773 et
1622 2720 1802 2775 uncini
1825 2720 1994 2786 aurei,

416 2821 516 2861 nec
536 2821 642 2860 non
661 2813 716 2860 et
739 2807 889 2860 aurei
913 2807 1113 2872 annuli,
1138 2816 1248 2862 tam
1270 2809 1323 2862 in
1347 2818 1580 2878 quatuor
1598 2811 1997 2866 summitatibus

417 2894 716 2960 rationalis,
750 2912 911 2965 quam
940 2905 994 2950 et
1013 2897 1065 2950 in
1094 2899 1494 2954 summitatibus
1515 2901 1994 2969 superhumeralis,

415 3000 534 3054 qua:
570 2992 626 3040 et
658 2986 920 3041 catenulae
960 2987 1360 3054 inserebantur,
1394 2987 1800 3060 jungebantque
1833 2991 1998 3046 ratio-

415 3078 536 3134 nale
567 3087 624 3133 et
649 3080 1088 3148 superhumerale
1124 3082 1390 3151 superius,
1421 3082 1645 3139 inferius
1681 3099 1811 3140 vero
1845 3085 1996 3141 vittis

413 3171 776 3242 hyacinthinis
825 3172 928 3227 sibi
981 3175 1353 3230 nectebantur.
1409 3175 1511 3230 Pro
1557 3177 1806 3233 rationali
1851 3195 1995 3235 nunc

415 3264 608 3317 summi
646 3264 946 3334 pontiﬁces,
980 3281 1116 3335 quos
1140 3267 1574 3338 archiepiscopos
1602 3269 1849 3334 dicimus,
1881 3271 1997 3340 pal-

413 3349 486 3405 lio
511 3360 753 3419 utuntur,
787 3353 928 3422 quod
951 3371 981 3409 a
1017 3363 1204 3410 sancta
1240 3354 1483 3411 Romana
1521 3359 1666 3424 sede,
1698 3361 1996 3430 apostolico

415 3441 597 3506 dante,
627 3442 947 3510 suscipiunt.

489 3529 647 3584 Tiara
685 3539 802 3586 erat
848 3534 1043 3598 vestis,
1083 3534 1335 3604 pileolum
1385 3537 1634 3592 videlicet
1674 3541 1992 3606 rotundum,

413 3621 567 3690 quasi
592 3621 802 3691 sphaera
833 3621 1008 3676 media
1033 3624 1112 3678 sic
1141 3624 1342 3691 divisa,
1381 3634 1441 3680 ut
1467 3636 1524 3681 et
1549 3643 1676 3696 pars
1700 3645 1804 3683 una
1835 3647 1998 3700 pona-

415 3723 504 3766 tur
534 3713 585 3766 in
619 3713 813 3782 capite,
853 3713 926 3767 ita
964 3722 1024 3768 ut
1051 3715 1212 3770 medii
1234 3716 1452 3772 verticis
1480 3718 1820 3774 medietatem
1841 3735 1998 3776 exce-

415 3803 528 3866 dat,
580 3801 784 3857 habcns
833 3803 1017 3870 vittas,
1061 3820 1180 3873 qua:
1218 3805 1534 3870 convolutaa,
1571 3808 1765 3876 smpius
1801 3825 1999 3865 conne-

414 3901 653 3958 ctuntur,
697 3907 764 3946 ne
797 3892 953 3948 facile
983 3894 1292 3949 dilabantur
1319 3915 1331 3948 :
1361 3904 1417 3951 et
1440 3898 1544 3951 hoc
1568 3897 1786 3967 quidem
1827 3900 2000 3955 mino-

415 3999 534 4037 rum
556 3992 673 4038 erat
695 3985 1054 4040 sacerdotum.
1094 3984 1349 4040 Summus
1379 3997 1556 4042 autem
1593 3989 1832 4057 pontifex
1862 4005 2001 4060 pra:-

414 4084 498 4128 ter
537 4075 738 4144 pileum
783 4076 1015 4130 habebat
1047 4092 1304 4132 coronam
1338 4094 1557 4133 auream
1603 4081 1994 4150 triplicemque,

416 4184 577 4238 super
604 4185 765 4238 quam
805 4185 834 4222 a
871 4170 1048 4224 media
1084 4170 1261 4224 fronte
1289 4173 1548 4242 surgebat
1569 4173 1721 4242 quasi
1761 4173 1998 4227 calamus

414 4263 631 4332 quidam
667 4277 882 4327 aureus,
921 4261 1112 4316 similis
1138 4263 1319 4318 herba:
1353 4279 1472 4331 qua:
1515 4263 1776 4319 Hebraice
1807 4280 1995 4328 acano,

415 4354 600 4408 Grzece
621 4361 801 4406 autem
828 4353 961 4418 Ilios,
979 4368 1098 4421 qua:
1118 4355 1257 4422 apud
1280 4370 1380 4409 nos
1393 4355 1579 4410 Latine
1604 4356 1799 4410 cidaris
1816 4370 1862 4409 ιι.
1894 4356 2000 4410 Per

2095 1907 2286 1976 gratia,
2313 1906 2552 1976 suscepit
2570 1905 2830 1961 Ecclesia.
2874 1904 3014 1960 Sunt
3047 1913 3227 1961 tamen
3254 1906 3360 1960 alia
3390 1922 3518 1976 quae
3545 1905 3681 1976 apud

2096 1998 2215 2055 illos
2233 2014 2342 2055 non
2365 1997 2722 2063 habebantur,
2745 2005 2808 2053 ut
2826 1996 2984 2064 stola,
3007 1997 3250 2052 sandalia
3301 2005 3356 2052 et
3377 1998 3676 2058 sudarium.

2097 2089 2238 2157 quod
2260 2088 2326 2142 ad
2349 2088 2662 2158 tergendum
2683 2087 2936 2142 sudorem
2956 2087 3011 2142 in
3032 2101 3192 2141 manu
3214 2086 3416 2158 gestari
3438 2101 3566 2141 mos
3581 2095 3679 2150 est.

2096 2179 2238 2249 quod
2263 2180 2464 2234 usitato
2486 2179 2704 2234 nomine
2736 2177 2980 2246 [amnem
3008 2191 3283 2232 vocamus.
3326 2177 3537 2232 Verum
3562 2177 3682 2246 quia

2098 2273 2190 2330 illo
2217 2281 2460 2344 tempore
2483 2271 2669 2342 ﬁguris
2700 2272 2880 2327 omnia
2906 2280 2963 2326 et
2985 2271 3362 2341 amigmatibus
3390 2272 3678 2326 obumbra-

2098 2366 2315 2430 bantur,
2351 2364 2623 2428 convenit,
2652 2371 2712 2417 ut
2739 2360 2867 2432 quid
2896 2361 2985 2416 illa
3009 2363 3330 2417 vestimenta
3359 2362 3594 2432 mystice
3619 2363 3682 2416 εἰσ

2097 2455 2490 2525 gniﬁcaverint,
2519 2468 2693 2526 quove
2723 2453 2944 2509 nomine
2968 2468 3111 2508 nunc
3145 2452 3459 2524 specialiter
3488 2453 3541 2506 in
3583 2452 3678 2506 Ee-

2099 2548 2263 2604 clesia
2311 2555 2658 2613 venerantur,
2715 2561 2824 2601 non
2865 2545 3150 2611 verbatim,
3199 2545 3293 2602 sed
3347 2545 3680 2616 capitulatim

2097 2641 2462 2696 ostendamus.

2169 2731 2497 2788 Vestimenta
2539 2732 2650 2798 illa,
2698 2748 2818 2802 quae
2856 2735 2910 2788 in
2952 2734 3156 2789 sanctis
3188 2731 3380 2788 ofﬁciis
3415 2732 3678 2802 portanda

2098 2832 2272 2887 erant,
2302 2833 2460 2895 typus
2487 2837 2644 2880 erant
2667 2834 2972 2881 sanctarum
2998 2825 3282 2888 virtutum,
3306 2824 3453 2878 unde
3477 2833 3530 2877 et
3562 2838 3678 2877 sano

2098 2924 2182 2971 cta
2221 2915 2554 2970 dicebantur.
2605 2917 2684 2970 Ad
2716 2917 2834 2971 hmc
2873 2916 3117 2972 facienda
3159 2931 3267 2970 non
3306 2924 3415 2969 tam
3453 2915 3680 2968 diversa!

2098 3023 2257 3079 quam
2283 3008 2537 3078 speciosa:
2564 3009 2770 3077 species
2795 3008 3165 3072 sumebantur,
3193 3022 3386 3060 aurum
3403 3005 3678 3069 videlicet,

2097 3099 2239 3169 quod
2275 3107 2360 3153 est
2396 3098 2648 3168 splendor
2681 3098 2958 3167 sapientia:
2981 3098 3208 3161 divinae;
3241 3098 3326 3152 cui
3356 3096 3680 3165 jungebatur

2098 3187 2439 3258 hyacinthus,
2455 3189 2544 3258 qui
2572 3196 2655 3242 est
2674 3188 2822 3242 color
2849 3188 3049 3251 aerius,
3077 3187 3299 3242 caeleste
3322 3186 3573 3241 videlicet
3596 3186 3678 3240 de-

2095 3279 2370 3334 siderium.
2409 3278 2654 3349 Purpura
2682 3279 3071 3350 apponebatur,
3103 3294 3224 3348 qua!
3254 3277 3530 3348 sanguinis
3559 3277 3677 3331 imi-

2096 3377 2243 3424 tatur
2277 3370 2531 3434 colorem,
2563 3379 2626 3424 ut
2657 3384 2755 3439 per
2781 3369 2887 3424 duo
2921 3383 3116 3440 genera
3147 3369 3394 3438 martyrii
3428 3368 3677 3422 noverint

2095 3476 2154 3515 se
2180 3461 2509 3516 exercendus
2529 3461 2705 3526 electi,
2734 3461 2788 3515 id
2818 3468 2920 3526 est,
2951 3460 2996 3516 si
3021 3475 3244 3515 necesse
3268 3461 3361 3524 sit,
3385 3474 3495 3514 non
3521 3459 3674 3513 dubi-

2095 3560 2212 3605 tent
2242 3552 2380 3606 mori
2411 3567 2511 3620 pro
2543 3550 2780 3617 Christo,
2824 3559 2879 3607 et
2919 3552 3069 3622 pacis
3107 3561 3352 3620 tempore
3395 3551 3452 3604 in
3490 3550 3674 3621 seipsis

2095 3642 2366 3711 appetitus
2402 3641 2675 3706 occidant,
2713 3641 3102 3696 mortiﬁcantes
3136 3640 3383 3696 membra
3419 3656 3516 3695 sua
3555 3655 3670 3695 cum

2097 3732 2242 3786 vitiis
2278 3739 2334 3786 et
2371 3730 2840 3801 concupiscentiis.
2891 3731 3100 3786 Coccus
3137 3730 3220 3784 his
3258 3729 3458 3783 tinctus
3500 3728 3594 3784 Dei
3625 3735 3675 3782 et

2095 3823 2326 3894 proximi
2380 3821 2724 3876 dilectionem
2772 3821 2975 3876 indicat
3019 3818 3312 3875 efﬁcaciter
3365 3819 3664 3873 tenendam.

2096 3913 2296 3983 Byssus
2323 3913 2589 3983 geminam
2618 3911 2945 3977 castitatem,
2975 3911 3218 3980 corporis
3247 3910 3456 3965 scilicet
3482 3918 3537 3963 et
3563 3907 3670 3961 ani-

2096 4017 2198 4056 mze
2231 4001 2532 4071 signiﬁcat:
2556 4000 2697 4054 unde
2737 4001 2802 4054 de
2841 4015 2968 4055 vere
3003 3999 3164 4054 vidua
3197 3999 3329 4054 dicit
3364 3996 3664 4068 Apostolus,

2101 4090 2167 4145 Ut
2203 4093 2269 4145 sit
2302 4101 2484 4145 sancta
2515 4107 2729 4161 corpore
2755 4100 2803 4144 et
2838 4090 3025 4160 spiritu
3057 4088 3110 4158 (Ι
3143 4087 3266 4143 Cor.
3297 4104 3397 4154 vn,
3428 4089 3540 4159 54).
3583 4087 3670 4141 liis

2096 4182 2434 4237 ornamentis
2458 4181 2617 4237 debet
2639 4180 2840 4236 Christi
2873 4180 3112 4251 pontifex
3147 4179 3440 4252 refulgere,
3471 4180 3555 4236 his
3579 4194 3664 4234 co-

2097 4273 2302 4328 loribus
2335 4273 2605 4327 exornari.

2169 4361 2368 4415 Tunica
2401 4361 2538 4415 linea
2559 4402 2573 4426 ,
2625 4371 2671 4415 et
2708 4361 2917 4432 byssina
2948 4361 3128 4416 stricta
3153 4401 3170 4426 ,
3208 4359 3666 4416 mortiﬁcationem

419 4442 681 4496 circulum
708 4457 835 4495 vero
857 4442 1088 4497 habebat
1101 4441 1281 4508 ﬂores,
1301 4445 1502 4500 similes
1517 4444 1633 4500 ﬂori
1650 4447 1990 4517 plantaginis,
2022 4484 2075 4546 Β
2097 4453 2275 4506 carnis
2301 4451 2604 4520 praetendit.
2645 4451 2870 4521 Byssum
2892 4451 3038 4505 enim
3063 4450 3148 4505 vel
3173 4449 3365 4514 linum,
3396 4447 3666 4518 multiplici

417 4534 485 4587 ab
507 4533 758 4602 occipitio
771 4549 940 4603 usque
955 4534 1019 4588 ad
1035 4542 1321 4605 utrumque
1335 4542 1563 4605 tempus.
1601 4537 1656 4590 In
1674 4537 1847 4592 fronte
1866 4553 1994 4593 vero

414 4631 533 4677 erat
559 4621 706 4678 locus
727 4633 938 4694 patens,
971 4625 1060 4679 ubi
1092 4624 1428 4680 inscrebatur
1447 4626 1644 4682 lamina
1671 4645 1852 4693 aurea,
1875 4646 1994 4700 qua:

415 4724 648 4785 quatuor
676 4717 869 4772 litteris
891 4733 1082 4772 nomen
1106 4718 1201 4772 Dei
1224 4716 1456 4771 habebat
1481 4719 1758 4788 scriptum.
1801 4719 1994 4788 Hujus-

415 4807 625 4862 cemodi
652 4807 820 4860 vestis
851 4822 956 4860 non
987 4806 1216 4862 habetur
1251 4807 1304 4860 in
1343 4807 1582 4862 Romana
1619 4808 1882 4873 Ecclesia,
1910 4809 1993 4864 vel

417 4901 471 4955 in
504 4900 704 4954 nostris
729 4899 1053 4968 regionibus.
1093 4900 1210 4953 Non
1235 4901 1378 4954 enim
1404 4900 1569 4954 moris
1597 4908 1699 4965 est,
1729 4908 1789 4954 ut
1811 4901 1995 4970 pileati

416 4993 595 5047 divina
625 4992 880 5064 mysteria
916 4992 1207 5047 celebrent.
1248 4992 1401 5062 Apud
1430 4992 1646 5048 Graecos
1682 5001 1860 5048 autem
1894 4996 1996 5049 hoc

417 5082 632 5147 dicitur,
661 5081 753 5150 qui
781 5079 970 5150 pileos,
1003 5081 1056 5134 id
1084 5088 1188 5144 est,
1221 5081 1444 5150 cuphias
1481 5090 1694 5149 gestant
1718 5083 1770 5135 in
1796 5083 1993 5152 capite,

417 5171 542 5226 dum
565 5172 826 5226 assistunt
846 5171 1128 5226 altaribus.
1161 5169 1384 5224 Lamina
1409 5186 1571 5226 aurea
1596 5173 1647 5226 in
1671 5171 1843 5227 fronte
1863 5189 1994 5243 pon-

417 5264 598 5328 tificis,
625 5264 679 5317 in
709 5279 815 5334 qua
832 5269 1080 5318 sanctum
1115 5261 1342 5316 Domino
1366 5262 1479 5317 sive
1506 5272 1749 5318 sanctum
1783 5263 1993 5317 Domini

419 5355 686 5426 sculptum
715 5353 1030 5418 habebatur,
1059 5361 1431 5408 ornamentum
1453 5363 1570 5408 erat
1588 5354 1796 5408 caeteris
1820 5369 1999 5408 sacra-

419 5447 524 5501 tius
560 5448 905 5503 indumentis.
957 5447 1211 5503 Sanctum
1243 5455 1420 5501 autem
1460 5447 1708 5512 Domino,
1747 5448 1888 5517 quod
1923 5448 1996 5503 ibi

421 5538 687 5608 sculptum
727 5546 846 5593 erat
887 5553 1080 5593 nomen
1129 5547 1372 5593 sanctum
1421 5548 1477 5593 et
1520 5538 1824 5594 venerabile
1867 5539 1993 5604 Dei,

422 5628 562 5692 quod
587 5641 684 5694 per
715 5637 946 5696 quatuor
979 5627 1187 5682 litteras
1218 5629 1578 5695 scribebatur,
1613 5629 1838 5694 scilicet,
1872 5627 1991 5694 Jod,

2096 4543 2428 4598 elaboratum
2470 4541 2805 4607 contusione,
2849 4549 2905 4596 et
2940 4549 3148 4595 natura:
3184 4541 3484 4596 subtilitate
3511 4539 3667 4594 dedno

2097 4643 2244 4690 ctum
2269 4649 2334 4688 ac
2365 4640 2592 4697 textum,
2623 4632 2680 4687 in
2703 4641 2903 4688 vestem
2932 4631 3165 4702 proﬁcit.
3216 4631 3308 4686 Sic
3327 4630 3510 4685 nullus
3529 4629 3669 4684 Chri-

2095 4733 2180 4778 sto
2204 4723 2386 4778 ornari
2410 4723 2625 4792 poterit,
2653 4723 2758 4777 nisi
2781 4721 3055 4792 castigatis
3074 4729 3129 4776 et
3151 4720 3496 4776 mortiﬁcatis
3515 4719 3670 4774 omni

2096 4815 2196 4868 bus
2223 4813 2401 4868 carnis
2420 4812 2760 4882 passionibus
2785 4827 2800 4866 :
2824 4813 2964 4867 unde
2987 4821 3042 4866 et
3065 4813 3201 4867 bene
3228 4813 3423 4866 stricta
3451 4811 3664 4870 dicitur;

2097 4906 2343 4959 strictum
2366 4905 2510 4960 enim
2540 4913 2748 4960 castum
2790 4904 3023 4959 dicimus
3063 4922 3078 4959 :
3119 4918 3149 4957 e
3185 4911 3377 4958 contra
3416 4903 3666 4958 lascivum

2095 4996 2414 5052 dissolutum
2451 5011 2727 5051 vocamus.

2169 5087 2368 5140 Tunica
2397 5096 2504 5140 tota
2538 5086 2899 5156 hyacinthina,
2930 5101 3052 5157 quae
3087 5085 3237 5140 aerio
3267 5084 3571 5156 refulgebat
3594 5098 3670 5139 co-

2095 5179 2238 5244 lore,
2278 5177 2551 5232 ctelcstem
2590 5177 2836 5248 designat
2871 5177 3335 5232 conversationem
3363 5195 3375 5229 :
3401 5192 3525 5244 qum
3569 5185 3671 5229 tota

2095 5277 2213 5323 crat
2242 5267 2614 5337 hyacinthina,
2662 5266 2788 5334 quia
2834 5266 3089 5320 sacerdos
3131 5265 3267 5319 nihil
3307 5264 3470 5319 debet
3514 5263 3670 5336 595

2096 5374 2289 5414 curare
2332 5367 2645 5412 terrenum:
2673 5355 2841 5410 Nemo
2874 5355 3031 5419 enim,
3068 5356 3145 5409 ait
3179 5354 3487 5424 Apostolus,
3535 5355 3670 5407 mili-

2096 5459 2214 5502 tans
2238 5447 2368 5511 Deo,
2403 5445 2632 5516 implicat
2658 5461 2712 5499 se
2734 5445 2951 5514 negotiis
2982 5444 3350 5510 swcularibus,
3392 5454 3448 5498 ut
3483 5445 3533 5497 ei
3561 5441 3672 5512 pla.

2097 5548 2209 5592 ceat
2239 5539 2322 5592 cui
2353 5554 2407 5591 se
2435 5537 2668 5608 probavit
2697 5535 2781 5607 (11
2817 5535 2949 5590 Tim.
2988 5551 3050 5600 tt,
3079 5535 3156 5608 ι).

2168 5628 2381 5683 Balteus
2406 5627 2519 5684 sive
2547 5627 2814 5698 cingulum
2834 5667 2847 5693 ,
2879 5640 2984 5696 quo
3022 5627 3199 5681 tunica
3236 5625 3353 5682 haec
3380 5641 3504 5682 cum
3533 5624 3667 5682 inte-

405 5814 407 5818 ι
497 5750 518 5776 ο
563 5733 758 5788 Similis
781 5739 949 5789 herba:
1067 5740 1248 5793 Latine
1271 5742 1480 5796 cidaris.
1517 5741 1657 5795 Nihil
1690 5743 1822 5796 sani.
1863 5741 2120 5796 Smnosn.
2148 5740 2200 5793 in
2225 5740 2322 5794 Ms.
