3914 6178
282 367 417 423 1241

1089 368 1236 425 OPP.
1282 364 1684 424 SUPPOSITA.
1720 395 1791 405 —
1829 361 1960 418 LIB.
2000 363 2088 419 DE
2126 363 2374 421 DlVINlS
2412 365 2498 423 OF
2504 368 2720 426 FIGIIS.

3399 369 3539 425 19ίὲ

282 485 447 552 riore,
493 483 557 549 id
589 492 692 551 est,
737 485 898 550 linea,
941 485 1272 552 cingebatur,
1305 482 1690 539 continentiam
1719 480 1850 534 insi-
1877 482 1925 539 A
1954 477 2130 533 fronte
2159 479 2428 548 pontiﬁcis
2451 497 2570 537 esse
2595 482 2898 548 videbatur,
2927 484 3182 548 ostendit,
3207 485 3335 554 quia
3359 486 3534 556 digni-

279 585 434 640 nuat,
459 591 576 645 quae
595 585 769 632 mater
797 585 880 631 est
901 585 955 631 et
981 586 1162 631 custos
1179 575 1469 646 pudicitim,
1490 589 1595 643 qua
1620 571 1856 626 maxime

279 669 464 722 ornari
507 669 789 738 pontiﬁces
832 670 1130 725 condecet:
1171 670 1335 735 hanc,
1376 668 1468 738 qui
1507 668 1748 738 ingratus
1775 673 1859 720 est

279 754 414 822 Deo,
443 759 641 826 perdit,
671 759 809 814 sicut
836 757 935 813 Job
961 759 1026 814 de
1056 758 1255 813 talibus
1295 758 1459 812 dicit:
1498 757 1739 811 Baltcum
1778 771 1856 809 re-

278 863 401 916 gum
447 847 699 913 dissolvit,
736 857 783 901 et
828 849 1101 918 prwcingit
1142 850 1268 919 {une
1297 864 1443 903 renes
1487 865 1667 902 eorum
1698 843 1851 918 (Job.

278 951 379 1000 xu,
411 935 532 1006 18).
563 936 766 1007 Regum
794 937 958 1002 enim,
993 938 1046 992 id
1075 946 1158 993 est
1183 945 1491 993 sanctorum
1516 939 1855 992 sacerdotum

278 1024 540 1091 balteum,
568 1027 670 1081 hoc
691 1035 794 1092 est,
818 1027 1068 1096 pudicam
1095 1029 1480 1083 continentiam
1511 1029 1775 1095 dissolvit,
1801 1029 1854 1083 id

280 1126 382 1182 est,
409 1116 624 1172 dissolvi
653 1119 939 1188 permittit,
970 1134 1092 1174 cum
1117 1119 1189 1175 de
1217 1119 1329 1174 suis
1355 1118 1643 1174 virtutibus
1670 1119 1855 1174 extolli

280 1207 581 1276 coeperint:
613 1215 669 1262 et
697 1207 980 1277 praecingit
1010 1207 1134 1262 fune
1172 1223 1374 1277 asperae
1413 1208 1741 1278 poenitentiae
1770 1223 1858 1262 re-

278 1311 376 1351 nes
405 1312 621 1363 eorum,
652 1305 714 1352 ut
761 1299 1019 1368 incipiant
1064 1298 1177 1353 suis
1220 1299 1435 1354 casibus
1469 1300 1853 1369 ingemiscere,

280 1388 371 1456 qui
402 1387 628 1443 aliorum
655 1387 893 1458 lapsibus
921 1388 1217 1443 debuerant
1245 1388 1444 1442 auxilio
1475 1387 1779 1442 subvenire.

351 1477 810 1547 Superhumerale,
834 1478 976 1547 quod
1004 1477 1267 1534 Hebraice
1291 1478 1458 1548 ephod
1480 1477 1697 1542 dicitur,
1727 1477 1854 1532 obe-

278 1567 537 1624 dientiam
560 1571 935 1625 mandatorum
964 1571 1060 1624 Dei
1091 1571 1377 1641 signiﬁcat,
1401 1587 1506 1640 quo
1536 1572 1855 1627 induebatur

279 1660 555 1724 sacerdos,
585 1670 640 1715 ut
667 1663 974 1716 meminerit
995 1672 1258 1732 praecepta
1296 1664 1389 1718 Dei
1417 1672 1666 1729 strenue,
1696 1664 1852 1734 quasi

277 1765 416 1804 onus
445 1751 684 1806 humeris
713 1751 1042 1822 impositum,
1070 1752 1266 1807 debere
1287 1761 1522 1821 portare.
1547 1754 1700 1820 Quod
1723 1771 1852 1810 vero

1958 577 2125 623 tatem
2143 610 2158 635 ,
2186 584 2346 638 quam
2375 573 2662 640 praetendit
2691 573 2744 626 in
2784 574 2967 628 habitu
2991 615 3004 639 ,
3032 587 3284 630 exercere
3324 589 3539 647 semper

1959 660 2118 714 debet
2146 661 2202 714 in
2232 675 2418 730 opere,
2448 671 2508 716 ut
2529 663 2741 717 Domini
2769 663 3023 733 placitum
3063 680 3274 734 semper
3297 667 3498 720 habere
3518 706 3535 731 ,

1956 759 2012 805 et
2039 752 2378 808 subditorum
2416 761 2541 808 vota
2579 753 2808 811 Domino
2841 755 3064 811 idoneus
3099 757 3171 810 sit
3200 772 3413 826 semper
3450 758 3536 812 oi-

1955 841 2119 897 ferre.

2028 934 2352 1000 Feminalia,
2385 936 2580 1007 quibus
2606 938 2854 1008 pudenda
2877 939 2991 994 loca
3019 940 3262 1009 corporis
3283 942 3538 1011 tegeban-

1957 1032 2064 1088 tur,
2093 1026 2480 1080 continentiam
2519 1043 2551 1080 a
2580 1028 2869 1082 concubitu
2909 1029 3218 1100 designant,
3267 1046 3386 1099 quae
3423 1047 3538 1085 ma-

1955 1127 2190 1183 gnopere
2229 1115 2480 1170 omnibus
2527 1117 2782 1186 gradibus
2825 1119 3161 1173 observanda
3206 1120 3532 1189 praecipitur.

1957 1202 2110 1256 Unde
2138 1203 2354 1268 dicitur,
2397 1205 2464 1258 ad
2492 1205 2775 1260 veiandam
2809 1207 3213 1276 turpitudinem.
3249 1208 3426 1278 Turpe
3455 1218 3541 1264 est

1954 1292 2098 1345 enim
2139 1293 2474 1348 sacerdotem
2497 1304 2626 1350 nota
2647 1296 2860 1351 lasciva:
2881 1298 3056 1352 {etatis
3082 1297 3352 1361 infamari,
3375 1315 3534 1368 quem

1954 1384 2206 1438 convenit
2233 1385 2381 1440 velut
2421 1387 2473 1441 in
2505 1402 2630 1442 arce
2657 1389 2990 1444 castimOnia:
3009 1431 3024 1455 ,
3055 1389 3123 1444 ab
3147 1392 3396 1446 omnibus
3422 1409 3539 1447 sus-

1951 1473 2059 1541 pici
2087 1481 2141 1528 et
2165 1476 2432 1530 venerari.
2461 1476 2618 1544 Quod
2641 1493 2772 1533 vero
2801 1477 3075 1535 feminalia
3103 1481 3205 1550 ipsi
3236 1481 3337 1536 sibi
3368 1482 3539 1551 impo-

1951 1569 2118 1628 nant,
2165 1572 2359 1619 caztera
2409 1565 2620 1637 Moyses
2677 1567 2952 1639 designat,
2987 1585 3274 1639 unumque
3322 1570 3534 1642 [Forte,

1952 1653 2411 1725 unumquemque]
2434 1671 2491 1710 se
2517 1671 2548 1708 a
2577 1658 2781 1710 carnali
2801 1660 3234 1728 concupiscentia
3261 1661 3538 1715 refrenare

1952 1739 2149 1797 debere
2170 1759 2184 1807 ;
2211 1744 2404 1799 deinde
2423 1746 2713 1802 virtutibus
2733 1749 2833 1802 sibi
2855 1749 3118 1816 subditos,
3142 1751 3295 1820 quasi
3321 1751 3537 1821 Moysen

277 1840 494 1894 nomina
519 1841 947 1911 patriarcharum
976 1842 1119 1896 inter
1141 1843 1409 1898 sacriﬁcia
1429 1852 1484 1898 et
1508 1845 1560 1898 in
1589 1845 1846 1909 humeris,

1964 1834 2263 1891 ministrum
2293 1839 2500 1908 templi,
2531 1839 2772 1895 vestibus
2799 1855 3085 1898 exornare.

277 1929 418 1986 sicut
446 1937 499 1983 et
526 1931 579 1982 in
613 1937 833 1998 pectore
862 1931 1132 1998 portabat,
1156 1940 1406 1986 monetur
1432 1948 1530 2001 per
1549 1935 1652 1989 hoc
1675 1950 1855 1990 sacer-

278 2019 397 2085 dos,
427 2027 488 2074 ut
509 2019 748 2089 priorum
777 2020 999 2074 Patrum
1028 2020 1191 2076 ﬁdem
1217 2030 1273 2075 et
1296 2023 1541 2092 exempla
1571 2035 1851 2095 sequatur,

277 2120 340 2166 ut
364 2111 621 2177 ﬁdelium,
651 2112 744 2182 qui
771 2120 896 2166 sunt
930 2111 1026 2167 ﬁlii
1061 2113 1452 2182 apostolorum,
1492 2115 1546 2169 in
1589 2116 1701 2170 suis
1725 2131 1854 2171 ora-

281 2203 512 2258 tionibus
541 2205 964 2272 meminerit,-et
999 2212 1060 2260 ut
1090 2205 1220 2276 ipsis
1259 2208 1448 2262 eadem
1488 2209 1731 2279 exempla
1768 2224 1854 2266 se-

277 2295 487 2364 quenda
509 2301 790 2364 proponat.

348 2382 650 2450 Rationale,
683 2383 824 2452 quod
853 2391 971 2438 erat
999 2384 1053 2438 in
1081 2384 1260 2440 fronte
1287 2387 1578 2457 pontiﬁcis,
1610 2387 1855 2460 designat

270 2474 402 2543 quia
424 2482 610 2544 pastor
632 2475 897 2544 sapientia
921 2484 976 2530 et
997 2476 1239 2531 doctrina
1260 2479 1419 2533 debet
1436 2479 1692 2549 praeditus
1709 2495 1848 2536 esse.

275 2561 410 2616 Nam
439 2572 493 2618 et
518 2565 641 2619 ideo
666 2565 929 2620 rationale
949 2564 1139 2634 judicii
1162 2566 1393 2634 dicitur,
1423 2571 1548 2638 quia
1576 2571 1734 2626 debet
1767 2586 1854 2626 re-

275 2662 394 2710 ctor
421 2655 675 2710 Ecclesiae
701 2657 884 2712 subtili
913 2673 1125 2730 semper
1150 2660 1546 2718 examinatione
1569 2663 1708 2718 bona
1737 2678 1853 2718 ma-

273 2747 433 2817 laque
462 2748 786 2814 discernere,
816 2758 870 2803 et
890 2751 1020 2819 quid
1050 2751 1134 2805 vel
1159 2753 1374 2821 quibus,
1401 2755 1614 2823 quando
1643 2763 1697 2809 et
1720 2772 1852 2824 qua-

273 2837 399 2891 liter
442 2837 758 2906 conveniat,
807 2841 1047 2896 studiose
1094 2842 1351 2911 cogitare.
1384 2842 1496 2897 Hoc
1537 2845 1679 2897 enim
1709 2847 1852 2913 quod

273 2927 510 2981 dicitur:
539 2927 712 2982 Panes
737 2931 792 2983 in
819 2931 1076 2985 rationale
1092 2933 1286 3000 judicii
1322 2934 1612 2988 doctrinam
1643 2945 1691 2989 et
1719 2939 1852 2990 veri-

272 3026 433 3070 tatem
463 3017 658 3088 (Exod.
693 3035 884 3087 xxvm,
908 3020 1020 3093 '56),
1058 3030 1118 3076 ut
1154 3023 1402 3079 videlicet
1441 3025 1639 3080 habeat
1670 3028 1848 3083 scicn-

277 3106 407 3159 tiam
439 3105 862 3177 Scripturarum,
895 3127 1001 3181 quo
1028 3113 1200 3181 possit
1233 3113 1367 3168 alios
1397 3113 1592 3170 docere
1639 3124 1696 3170 et
1721 3133 1849 3172 con-

275 3198 603 3254 tradicentes
649 3215 894 3272 arguere.
947 3203 1384 3274 Quadrangulum
1427 3214 1580 3272 erat,
1629 3217 1850 3278 propter

272 3296 504 3356 quatuor
529 3289 942 3360 Evangeliorum
988 3294 1326 3362 doctrinam;
1367 3297 1582 3366 duplex,
1628 3307 1852 3370 pr0pter

273 3381 512 3435 scientiae
541 3389 595 3436 et
621 3383 801 3452 operis
830 3382 1160 3440 ﬁrmitatem.
1191 3386 1439 3442 Mensura
1481 3391 1668 3459 palmi,
1708 3393 1849 3462 quod

273 3482 357 3528 cst
377 3474 666 3544 digitorum
691 3478 954 3543 extensio,
984 3478 1229 3550 designat
1248 3479 1630 3538 discretionem
1651 3484 1704 3538 in
1725 3500 1851 3554 per-

271 3565 574 3618 severantia
604 3566 866 3620 bonorum
904 3583 1146 3638 operum.
1192 3569 1434 3636 Quatuor
1470 3575 1687 3630 ordines
1711 3575 1848 3646 lapi-

273 3653 424 3717 dum,
440 3652 530 3721 qui
557 3663 712 3708 erant
737 3654 790 3708 in
813 3657 1061 3711 rationali
1086 3659 1392 3714 nominibus
1413 3663 1847 3730 patriarcharum

272 3744 550 3814 insculpti,
597 3756 830 3815 quatuor
861 3750 1170 3818 exprimunt
1217 3751 1541 3821 principales
1585 3758 1846 3826 virtutes,

271 3835 638 3905 prudentiam,
668 3842 1099 3908 temperantiam,
1140 3841 1508 3898 fortitudinem
1527 3885 1541 3909 ,
1563 3846 1844 3915 justitiam.

273 3924 438 3980 Terni
485 3927 536 3980 in
578 3944 901 3999 unoquoque
945 3932 1180 4001 lapides,
1230 3933 1388 3989 ﬁdem
1432 3947 1630 3992 sanctm
1674 3938 1851 3995 Trini-

275 4016 426 4081 tatis,
469 4017 581 4071 sive
626 4018 783 4073 ﬁdem
804 4060 818 4085 ,
859 4035 1005 4090 Spem
1033 4028 1086 4075 et
1112 4023 1432 4079 charitatem
1459 4027 1846 4084 demonstrant.

276 4107 406 4173 Quae
432 4110 613 4164 omnia
642 4111 694 4164 in
719 4120 936 4181 pectore
963 4113 1236 4184 pontiﬁcis
1275 4120 1580 4174 necessario
1609 4137 1727 4176 esse
1756 4122 1850 4176 de-

274 4195 424 4261 bere,
457 4197 616 4268 hujus
637 4201 959 4268 ornamenti,
984 4203 1039 4258 id
1069 4211 1173 4270 est,
1205 4203 1486 4262 rationalis
1507 4210 1682 4278 specie
1711 4225 1850 4280 pra:-

275 4295 543 4342 monetur.

349 4379 527 4446 Tiara,
560 4395 678 4450 qute
705 4389 760 4437 et
800 4383 1000 4440 cidaris
1025 4393 1080 4440 et
1103 4385 1262 4441 mitra
1291 4396 1546 4454 vocatur,
1571 4390 1640 4444 'et
1667 4399 1850 4446 conte-

2489 1993 2719 2052 CAPUT
2757 1995 3000 2052 XXXIX.

2164 2141 2292 2190 QUID
2319 2144 2652 2185 SIGNIFICENT
2681 2146 3021 2187 VESTIHEN'I‘A
3043 2146 3330 2189 ECCLESIE.

2024 2257 2296 2315 Sandalia:
2316 2261 2572 2314 dicuntur
2597 2260 2773 2315 solem.
2805 2259 2902 2314 Est
2927 2270 3107 2315 autem
3135 2277 3304 2332 genus
3329 2263 3538 2321 calcea—

1952 2349 2155 2415 menti,
2197 2365 2302 2418 quo
2340 2350 2637 2404 induuntur
2665 2349 2896 2404 ministri
2938 2350 3224 2417 Ecclesiae,
3267 2354 3537 2410 subterius

1953 2440 2168 2510 quidem
2196 2441 2340 2496 solea
2366 2442 2616 2497 muniens
2637 2443 2800 2511 pedes
2827 2457 2856 2495 a
2892 2449 3037 2496 terra
3061 2460 3076 2507 ;
3110 2444 3361 2513 superius
3383 2460 3533 2510 vero,

1953 2529 2026 2584 nil
2057 2531 2378 2600 operimenti
2426 2532 2651 2598 habens,
2694 2539 2875 2603 patet:
2919 2548 3026 2602 quo
3045 2531 3184 2602 jussi
3231 2543 3357 2590 sunt
3403 2551 3537 2606 apo-

1953 2621 2074 2676 stoli
2115 2637 2146 2676 a
2172 2621 2400 2678 Domino
2427 2623 2594 2678 indui.
2669 2621 2952 2694 Signiﬁcat
2994 2631 3176 2679 autem
3221 2625 3531 2680 ministrum

1951 2713 2102 2766 verbi
2133 2712 2228 2768 Dei
2257 2728 2365 2767 non
2391 2713 2588 2768 debere
2611 2713 2843 2768 terrenis
2866 2713 3202 2779 incumbere,
3233 2714 3325 2770 sed
3358 2716 3538 2785 potius

1953 2804 2263 2858 ccelestibus
2288 2804 2519 2871 inhiare,
2548 2813 2602 2859 et
2627 2804 3066 2873 praedicationem
3093 2820 3246 2860 suam
3286 2805 3415 2859 nulli
3444 2821 3535 2860 oc-

1953 2892 2176 2948 cultare.

2024 2983 2152 3039 Post
2184 2985 2456 3041 sandalias
2497 2985 2552 3038 in
2595 2983 2851 3040 Ecclesia:
2889 2985 3254 3051 vestimentis,
3297 2988 3538 3055 sequitur

1951 3075 2396 3146 super/cumerale,
2425 3075 2568 3145 quod
2593 3075 2653 3128 ﬁt
2680 3090 2745 3127 ex
2776 3073 2884 3128 lino
2911 3076 3217 3144 purissimo.
3246 3075 3351 3129 Per
3371 3076 3534 3130 linum

1874 3164 1919 3227 C
1951 3165 2094 3232 quod
2116 3180 2183 3219 ex
2210 3173 2354 3219 terra
2377 3165 2626 3228 sumitur,
2657 3171 2709 3218 et
2730 3179 2826 3233 per
2851 3163 3048 3218 multos
3075 3164 3287 3218 labores
3307 3167 3374 3219 ad
3400 3181 3532 3220 can-

1954 3256 2138 3311 dorem
2170 3257 2401 3319 ducitur,
2444 3255 2754 3324 designatur
2798 3270 2997 3322 corpus
3036 3256 3329 3309 humanum
3352 3297 3366 3320 ,
3395 3256 3537 3323 quod

1951 3359 2018 3398 ex
2047 3353 2190 3399 terra
2224 3351 2454 3400 constat.
2487 3342 2639 3398 Sicut
2674 3359 2805 3413 ergo
2839 3343 3008 3397 linum
3039 3360 3138 3414 per
3167 3345 3363 3399 multos
3391 3346 3539 3400 labo-

1952 3449 2040 3491 res
2073 3435 2140 3489 ad
2183 3437 2474 3489 candorem
2519 3435 2861 3504 perducitur,
2893 3433 2969 3487 ita
3013 3449 3210 3504 corpus
3242 3436 3535 3491 humanum

1950 3527 2136 3581 multis
2166 3526 2564 3581 calamitatibus
2591 3526 2865 3591 attritum,
2911 3527 3199 3581 candidum
3243 3536 3299 3583 et
3342 3545 3534 3599 purum

1949 3631 2070 3671 esse
2093 3615 2253 3671 debet
2282 3615 2348 3671 ab
2372 3615 2519 3671 omni
2545 3614 2705 3670 sorde
2728 3623 3094 3685 peccatorum.

2019 3731 2214 3785 Postea
2243 3731 2489 3800 sequitur
2535 3729 2769 3799 poderis,
2802 3745 2923 3800 qua:
2950 3730 3109 3800 vulgo
3147 3731 3267 3784 alba
3313 3731 3530 3788 dicitur.

1949 3821 2232 3892 Signiﬁcat
2274 3830 2452 3874 autem
2501 3821 2959 3889 perseverantiam
3011 3821 3066 3874 in
3113 3821 3252 3874 bona
3305 3824 3534 3879 actione.

1949 3911 2088 3964 Hinc
2114 3908 2313 3979 Joseph
2344 3909 2486 3963 inter
2513 3909 2709 3962 fratres
2737 3923 2880 3973 suos,
2914 3908 3140 3964 talarem
3169 3911 3408 3965 tunicam
3435 3914 3534 3969 ha-

1948 4002 2130 4057 buisse
2159 4001 2507 4056 describitur.

2024 4112 2222 4168 Tunica
2247 4127 2417 4182 usque
2446 4111 2512 4165 ad
2537 4111 2721 4177 talum,
2752 4118 2836 4167 est
2871 4126 3006 4180 opus
3039 4113 3240 4167 bonum
3272 4129 3443 4184 usque
3468 4118 3535 4172 ad

1949 4204 2505 4267 consummationem,
2554 4203 2606 4256 in
2655 4203 2764 4258 talo
2808 4203 2952 4257 enim
2984 4202 3106 4258 ﬁnis
3147 4212 3231 4259 est
3264 4207 3528 4275 corporis.

1949 4297 2043 4353 Ille
2069 4312 2198 4368 ergo
2226 4296 2363 4350 bene
2390 4295 2641 4360 inchoat,
2671 4295 2763 4364 qui
2795 4294 3173 4348 rectitudinem
3200 4295 3324 4350 boni
3356 4297 3536 4366 operis

1949 4402 2121 4456 usque
2167 4386 2233 4441 ad
2279 4385 2438 4440 ﬁnem
2469 4384 2662 4439 debitae
2690 4384 2938 4454 perducit
2981 4386 3224 4440 actionis.
3265 4384 3368 4450 Qui
3396 4387 3535 4440 enim

275 4474 436 4544 gebat
464 4483 518 4529 et
541 4476 767 4530 ornabat
793 4486 955 4549 caput
982 4480 1266 4550 pontiﬁcis,
1306 4482 1560 4537 admonet
1583 4497 1704 4538 eum
1732 4499 1849 4540 om-
1876 4514 1925 4574 ο
1949 4479 2348 4550 perseveraverit
2377 4493 2539 4548 usque
2569 4477 2624 4529 in
2653 4477 2832 4546 ﬁnem,
2861 4475 2946 4529 hic
2970 4475 3146 4530 salvus
3177 4477 3274 4530 erit
3305 4475 3530 4548 (Matth.

274 4580 373 4618 nes
411 4579 600 4621 sensus
644 4567 836 4636 capitis
864 4569 975 4623 Deo
1018 4585 1339 4626 consecrare
1384 4572 1613 4639 debere,
1653 4587 1720 4628 ne
1761 4574 1845 4628 vei

275 4657 418 4710 oculi
439 4667 661 4728 pateant
684 4660 750 4714 ad
773 4661 1062 4716 videndum
1082 4664 1397 4730 vanitatem,
1420 4666 1504 4720 vel
1523 4669 1703 4721 caeteri
1725 4682 1839 4723 sen<

275 4763 368 4802 sus
410 4749 499 4816 qui
544 4750 598 4803 in
625 4751 800 4820 capite
822 4751 1036 4821 vigent,
1082 4753 1350 4822 iniquitati
1395 4757 1750 4822 consentiant,
1791 4766 1848 4813 et

272 4856 372 4910 per
399 4840 518 4895 illos
544 4842 851 4897 intromissa
877 4843 1160 4899 delectatio
1199 4845 1426 4899 incestet
1454 4847 1619 4900 animi
1647 4849 1846 4902 sancti-

274 4939 460 4982 tatem.
520 4929 742 4985 Lamina
773 4947 933 4986 aurea
994 4933 1187 4988 divina:
1229 4934 1528 5004 majestatis
1555 4945 1717 5006 atque
1744 4955 1838 5008 po-

273 5021 458 5074 tentiae
485 5019 655 5090 ﬁgura
685 5030 766 5076 est
787 5062 802 5088 ,
845 5038 966 5092 quae
991 5023 1046 5077 in
1072 5021 1251 5079 fronte
1284 5025 1552 5094 pontiﬁcis
1597 5027 1848 5097 deporta-

272 5113 454 5176 batur,
496 5113 621 5182 quia
651 5112 742 5167 illa
778 5112 1061 5168 inell‘abilis
1099 5114 1326 5168 Deitatis
1354 5117 1590 5183 potentia
1637 5119 1846 5173 cunctis

273 5217 394 5271 quae
427 5203 652 5268 creavit,
683 5205 1043 5272 supereminet
1068 5222 1082 5258 :
1122 5214 1178 5260 et
1215 5207 1436 5271 idcirco,
1466 5208 1620 5276 quasi
1651 5220 1844 5265 cuncta

272 5294 642 5360 sanctiﬁcans,
668 5296 922 5351 eximiam
961 5298 1062 5352 sibi
1092 5300 1272 5354 sedem
1299 5300 1354 5354 in
1385 5298 1585 5365 fronte,
1612 5300 1715 5356 hoc
1739 5310 1842 5367 est,

273 5384 330 5439 in
357 5387 554 5440 mentis
589 5386 982 5456 principalitate
1019 5389 1314 5443 constituit.
1366 5389 1610 5455 Quatuor
1652 5391 1845 5447 litterae

273 5474 330 5528 in
359 5473 554 5528 lamina
587 5477 819 5546 scriptaa,
859 5484 1090 5545 quatuor
1130 5486 1254 5530 sunt
1281 5491 1479 5532 cornua
1509 5479 1715 5544 crucis,
1767 5489 1846 5535 to-

274 5571 390 5617 uim
419 5563 674 5618 mundum
720 5565 1157 5635 complectentis,
1188 5565 1333 5620 cruci
1364 5566 1506 5620 enim
1544 5565 1745 5622 Christi
1790 5569 1844 5623 in

275 5656 421 5708 omni
463 5665 710 5711 creatura
759 5673 890 5726 apex
919 5657 1262 5723 conceditur,
1306 5672 1411 5727 qua
1448 5660 1684 5713 omnium
1716 5661 1846 5715 ﬁde-

279 5744 406 5800 lium
458 5746 662 5804 frontes
713 5749 1009 5819 signantur.
1069 5747 1219 5815 Quod
1273 5749 1469 5804 lamina
1521 5765 1732 5822 semper
1790 5754 1842 5806 in

1952 4585 2025 4636 ι,
2057 4569 2182 4640 2‘2).

2023 4677 2226 4732 Deinde
2248 4677 2490 4746 sequitur
2516 4692 2669 4741 zona,
2692 4690 2813 4746 quae
2850 4674 3122 4746 cingulum
3153 4674 3353 4729 dicitur
3371 4716 3386 4741 ,
3423 4689 3532 4746 qua

1951 4768 2297 4837 restringitur
2323 4766 2559 4835 podcris,
2603 4781 2670 4819 ne
2715 4765 2836 4818 laxe
2862 4779 2961 4834 per
2986 4765 3149 4834 pedes
3177 4764 3398 4819 diilluat.
3429 4765 3533 4820 Per

1952 4874 2115 4927 quam
2160 4857 2472 4927 designatur
2501 4856 2758 4911 discretio
2805 4857 3044 4910 omnium
3082 4857 3380 4912 virtutum:
3421 4859 3532 4912 vir-

1952 4955 2094 5002 tutcs
2122 4948 2264 5000 enim
2293 4947 2410 5000 sine
2439 4947 2779 5010 discretione,
2828 4963 2933 5001 non
2980 4947 3225 5014 virtutes,
3276 4949 3371 5004 sed
3399 4950 3530 5004 vitia

1947 5046 2110 5103 sunt;
2152 5053 2279 5090 nam
2307 5037 2536 5093 virtutes
2563 5038 2615 5092 in
2641 5038 2875 5108 quodam
2919 5039 3213 5094 meditullio
3247 5048 3374 5096 sunt
3403 5055 3530 5096 con-

1948 5128 2172 5181 stituttc.

2012 5215 2271 5284 Sequitur
2294 5215 2553 5268 orarium.
2589 5215 2858 5282 Orarium,
2908 5217 2962 5273 id
3005 5226 3090 5272 est
3131 5219 3266 5275 stola
3290 5262 3306 5288 ,
3333 5221 3532 5276 dicitur

1946 5321 2012 5361 eo
2045 5305 2189 5375 quod
2216 5305 2545 5370 oratoribus,
2575 5305 2627 5360 id
2655 5314 2759 5370 est,
2799 5309 3240 5375 praedicatoribus
3267 5311 3529 5366 conceda»

1950 5405 2060 5450 tur.
2090 5395 2358 5449 Admonet
2379 5395 2549 5461 illum,
2587 5397 2678 5465 qui
2708 5397 2797 5452 illo
2834 5398 3089 5464 induitur,
3118 5407 3177 5453 ut
3202 5416 3408 5456 memor
3435 5401 3526 5469 sit,

1951 5487 2052 5540 sub
2077 5486 2206 5556 jugo
2231 5485 2455 5551 Christi,
2483 5487 2627 5557 quod
2660 5487 2856 5544 leve-et
2878 5505 3041 5544 suave
3061 5500 3163 5556 est,
3187 5505 3303 5546 esse
3325 5507 3381 5547 se
3401 5507 3527 5547 con-

1953 5577 2200 5631 stitutum
2211 5617 2223 5629 .

2021 5665 2186 5736 496
2215 5665 2512 5720 Dalmatica
2542 5683 2660 5738 quae
2694 5671 2959 5740 sequitur,
2987 5672 3056 5727 ob
3085 5673 3186 5727 hoc
3215 5673 3426 5737 dicitur,
3461 5687 3525 5725 co

1953 5757 2092 5827 quod
2138 5759 2190 5812 in
2235 5757 2494 5813 Dalmatia
2523 5759 2591 5814 sit
2622 5768 2853 5831 rcpcrta.
2899 5761 3037 5817 Usus
3067 5771 3242 5818 autem
3275 5761 3521 5817 dalmati-
