3914 6178
353 265 489 322 1245

1171 262 1232 316 Β.
1271 259 1334 314 F.
1375 255 1598 314 ALBlNl
1635 253 1766 310 SEU
1803 253 2082 313 ALCUINI
2121 255 2405 312 OPEltUM
2445 255 2625 312 PARS
2663 258 2754 312 IX.

3466 263 3600 318 HN

353 393 534 435 carum
561 393 590 430 a
616 377 775 430 beato
804 372 1080 444 Sylvestro
1102 390 1240 446 papa
1268 387 1294 415 ι
1335 374 1615 428 institutus
1643 378 1727 426 est
1751 389 1764 424 :
1796 384 1920 424 nam
1947 371 1998 432 Δ
2026 377 2112 425 tur
2138 369 2435 432 ineffabile,
2461 384 2568 424 non
2591 370 2737 438 quod
2765 385 2870 424 non
2898 368 3020 434 fari,
3061 371 3154 425 sed
3183 373 3328 442 quod
3356 373 3601 440 diﬁiniri,

348 479 511 526 antea
554 466 776 523 colobiis
816 466 1124 520 utebantur.
1171 465 1439 520 Colobium
1468 479 1597 518 vero
1637 471 1720 517 est
1756 460 1926 515 vestis

353 565 469 621 sine
493 561 738 616 manicis.
767 558 1047 628 Signiﬁcat
1080 568 1262 613 autem
1303 559 1358 611 in
1397 572 1484 622 eo,
1525 556 1668 626 quod
1689 560 1773 609 est
1810 553 1926 608 sine

353 653 600 716 manicis,
626 664 1060 720 unumquemque
1083 649 1292 703 ﬁdelem
1313 648 1669 702 exercitatum
1696 659 1817 701 esse
1841 645 1928 698 de-

353 747 482 801 bere
520 745 588 798 ad
617 744 756 797 bona
793 755 956 811 Opera
999 739 1318 794 exercenda.
1362 737 1498 793 Cum
1544 751 1673 807 ergo
1709 735 1927 790 nuditas

351 835 698 892 brachiorum
735 833 1075 902 culparetur,
1115 839 1173 884 ut
1211 831 1479 896 diximus,
1511 846 1542 884 a
1564 830 1724 884 beato
1759 827 1930 884 Silve-

353 940 468 982 stro
497 925 904 981 dalmaticarum
933 931 1183 991 repertus
1207 929 1289 976 est
1316 938 1465 976 usus.
1499 922 1594 976 Est
1629 932 1806 975 autem
1831 936 1927 974 ve-

353 1018 662 1072 stimentum
680 1015 734 1067 in
753 1013 968 1067 modum
990 1011 1186 1075 crucis,
1205 1026 1430 1065 monens
1451 1011 1751 1064 indutorem
1773 1023 1928 1063 suum

356 1105 674 1162 cruciﬁxum
720 1118 840 1157 esse
883 1101 1078 1156 debere
1120 1103 1351 1167 mundo,
1373 1099 1526 1169 juxta
1571 1099 1924 1169 Apostolum:

354 1197 488 1253 Mihi
505 1194 735 1250 mundus
755 1192 1037 1261 cruci/imus
1060 1201 1154 1255 est,
1170 1201 1216 1244 et
1238 1208 1328 1262 ego
1356 1191 1552 1246 mundo
1566 1187 1794 1260 (Gal.vr,
1818 1187 1926 1259 14).

354 1288 527 1342 Habet
552 1285 717 1340 etiam
748 1283 802 1337 in
831 1282 1051 1337 sinistra
1084 1291 1239 1352 parte
1265 1283 1347 1336 sui
1376 1281 1637 1335 ﬁmbrias.
1670 1279 1774 1334 Per
1801 1277 1930 1334 sini-

353 1386 519 1432 stram
554 1382 764 1445 partem
807 1385 1044 1443 praesens
1071 1371 1183 1425 vita
1225 1369 1504 1440 ﬁguratur,
1549 1384 1668 1438 quae
1705 1369 1932 1423 diversis

351 1467 496 1522 euris
524 1463 792 1529 abundat;
837 1478 957 1531 quae
983 1477 1124 1515 cura:
1153 1460 1526 1531 signiﬁcantur
1553 1475 1651 1529 per
1692 1458 1933 1515 ﬁmbrias

353 1561 584 1615 sinistra:
627 1561 836 1630 partis;
879 1575 974 1628 per
1017 1560 1316 1623 dexteram,
1348 1573 1468 1626 qua:
1512 1557 1737 1612 ﬁmbriis
1763 1564 1926 1620 caret,

353 1648 532 1701 futura
559 1649 669 1703 vita
694 1649 1036 1717 exprimitur,
1072 1648 1123 1700 in
1151 1662 1257 1716 qua
1283 1646 1440 1700 nullae
1471 1661 1615 1699 cura:
1643 1645 1933 1700 sollicitant

2027 468 2211 526 utest,
2258 461 2479 513 minime
2508 461 2697 530 possit.
2725 457 3029 529 Stephanus
3057 463 3275 517 natione
3323 461 3608 523 Romanus

2025 565 2094 606 ex
2132 559 2285 620 patre
2311 548 2500 613 Jobio,
2533 558 2592 602 ut
2632 548 2828 619 legitur
2856 551 2909 604 in
2947 549 3127 606 Gestis
3155 550 3606 621 Pontiﬁcialibus,

2026 642 2310 696 constituit
2347 640 2739 705 sacerdotibus,
2786 640 3069 710 levitisque
3098 653 3278 698 vestes
3321 659 3507 700 sacras
3555 646 3613 700 in

2026 746 2127 786 usu
2157 730 2472 800 quotidiano
2493 745 2603 783 non
2639 729 2740 794 uti,
2774 731 2877 783 nisi
2917 730 2971 783 in
3003 730 3267 786 Ecclesia.
3301 732 3440 787 Hinc
3483 733 3613 788 Hie-

2027 837 2284 891 ronymus
2323 821 2379 875 in
2419 820 2557 877 libro
2585 837 2678 874 xxv
2719 835 2882 889 super
2918 821 3255 876 Ezechielem
3297 833 3346 876 ε.
3381 841 3402 872 ‹
3439 824 3615 880 Porro

2027 912 2216 982 religio
2247 911 2472 966 alterum
2495 912 2738 967 habitum
2765 911 2928 966 habet
2954 913 3008 966 in
3033 913 3354 979 ministerio,
3374 915 3609 971 alterum

2029 1002 2083 1056 in
2113 1018 2214 1057 usu
2237 1004 2457 1071 vitaque
2485 1001 2776 1056 communi.
2813 1021 2830 1053 ι
2867 999 3096 1056 Sudan’o
3135 1003 3372 1059 solemus
3397 1015 3614 1077 tergere

2029 1092 2275 1162 pituitam
2300 1091 2582 1146 oculorum
2605 1099 2662 1146 et
2685 1092 2918 1156 narium,
2943 1103 3107 1162 atque
3133 1093 3463 1165 superfluam
3483 1097 3615 1152 sali-

2030 1201 2151 1238 vam
2182 1185 2554 1240 decurrentem
2575 1199 2673 1255 per
2695 1185 2837 1240 labia
2861 1203 2871 1238 :
2900 1186 3169 1256 signiﬁcat
3194 1190 3433 1244 studium
3455 1207 3616 1246 mun-

2030 1275 2183 1330 dana:
2206 1275 2580 1346 cogitationis;
2620 1277 2676 1331 in
2700 1292 2862 1331 manu
2892 1277 3112 1333 sinistra
3137 1287 3408 1349 portatur,
3435 1291 3498 1336 ut
3522 1299 3615 1338 os-

2030 1365 2285 1420 tendatur
2311 1367 2364 1422 in
2393 1366 2676 1437 temporali
2707 1367 2817 1422 vita
2849 1367 3065 1423 tzedium
3091 1385 3194 1426 nos
3215 1371 3328 1440 pati
3352 1371 3613 1442 superﬁui

2029 1455 2289 1526 humoris.

2102 1547 2351 1602 Varietas
2376 1546 2404 1586 ἀ
2432 1548 2799 1603 sandaliorum
2837 1549 3157 1606 varietatem
3202 1552 3478 1622 signiﬁcat
3507 1554 3613 1624 mi:

2031 1637 2398 1692 nisteriorum.
2430 1638 2678 1709 Episcopi
2707 1647 2761 1694 et
2789 1641 3084 1696 sacerdotis
3111 1657 3249 1712 pene
3286 1661 3460 1700 unum
3487 1644 3609 1700 ofﬁ-

352 1739 562 1794 animas
601 1711 931 1795 sanctarum,
977 1711 1317 1793 Iﬁconsutilis
1360 1740 1522 1794 etiam
1549 1745 1664 1800 est,
1708 1735 1833 1804 quia
1871 1734 1923 1788 in
1957 1711 2006 1773 Β
2032 1728 2173 1782 cium
2218 1736 2336 1782 est:
2377 1737 2433 1783 at
2461 1728 2586 1798 quia
2633 1731 2852 1784 nomine
2878 1739 2936 1786 et
2962 1732 3166 1788 honore
3204 1733 3616 1803 discernuntur,

351 1829 592 1885 Ecclesia
621 1830 704 1883 vel
736 1829 788 1883 in
819 1829 981 1884 corde
1005 1829 1423 1898 uniuscujusque
1448 1827 1642 1892 ﬁdelis,
1665 1826 1808 1880 nulla
1833 1825 1925 1882 de-

352 1921 442 1974 bet
465 1935 584 1975 esse
607 1921 863 1986 scissura,
891 1921 984 1975 sed
1012 1919 1292 1976 indiscissa
1314 1920 1437 1976 ﬁdei
1462 1921 1760 1990 integritas.
1786 1917 1926 1972 Sini-

353 2019 526 2064 strum
556 2009 697 2064 latus
725 2010 886 2064 habet
917 2009 1174 2073 ﬁmbrias,
1224 2011 1352 2080 quia
1380 2009 1608 2066 actualis
1644 2009 1750 2063 vita
1776 2007 1916 2063 solli-

353 2101 458 2155 cita
486 2109 586 2165 est,
615 2108 669 2156 et
699 2100 947 2155 turbatur
972 2116 1099 2170 erga
1124 2100 1384 2170 plurima:
1410 2109 1466 2154 at
1487 2100 1766 2156 dexterum
1786 2098 1928 2152 latus

355 2208 462 2248 non
492 2192 672 2258 habet,
697 2193 821 2261 quia
851 2192 1264 2263 contemplativa
1294 2192 1405 2246 vita
1436 2190 1568 2246 nihil
1591 2190 1645 2244 in
1680 2204 1736 2245 se
1767 2189 1926 2243 habet

354 2285 654 2340 sinistrum.
687 2285 936 2355 Largitas
960 2286 1328 2349 brachiorum,
1357 2285 1663 2355 largitatem
1707 2289 1762 2336 et
1794 2279 1927 2334 hila—

351 2376 567 2429 ritatem
590 2376 792 2430 datoris
818 2375 1116 2446 signiﬁcat.
1160 2375 1446 2438 Diaconus,
1475 2373 1566 2443 qui
1599 2387 1703 2426 non
1735 2379 1815 2425 est
1842 2369 1925 2423 in-

354 2465 511 2519 dutus
538 2464 839 2529 dalmatica,
863 2464 1046 2519 casula
1071 2464 1486 2520 circumcinctus
1504 2462 1651 2533 legit,
1683 2469 1740 2514 ut
1766 2476 1928 2531 expe-

354 2556 464 2610 dite
488 2555 658 2624 possit
679 2556 1026 2621 ministrare;
1059 2555 1141 2617 vel
1171 2555 1294 2624 quia
1324 2553 1490 2624 ipsius
1517 2561 1600 2607 est
1625 2552 1703 2607 ire
1737 2552 1806 2607 ad
1831 2567 1925 2608 co-

354 2647 602 2701 mitatum
631 2656 850 2718 prepter
875 2647 1137 2702 instantes
1165 2646 1534 2700 necessitates.

425 2736 678 2808 Mappula
707 2753 826 2807 quae
857 2737 909 2791 in
935 2739 1153 2793 sinistra
1182 2745 1335 2807 parte
1358 2745 1619 2807 gestatur,
1646 2751 1751 2806 qua
1772 2735 1927 2806 pitui-

351 2835 462 2883 tam
495 2827 768 2883 oculorum
791 2837 844 2883 et
873 2829 1084 2883 narium
1109 2829 1461 2898 detergimus,
1493 2833 1814 2897 praesentem
1842 2825 1924 2879 vi-

353 2927 463 2974 tam
497 2919 759 2990 designat,
805 2920 859 2974 in
905 2936 1008 2990 qua
1037 2918 1336 2990 superfluos
1376 2920 1632 2974 humores
1669 2918 1924 2989 patimur.

351 3007 547 3064 Casula
577 3026 696 3080 qua:
726 3027 889 3080 super
915 3011 1094 3065 omnia
1139 3011 1450 3065 indumenta
1486 3009 1720 3080 ponitur,
1753 3009 1921 3079 signi-

353 3103 476 3157 ﬁcat
501 3102 841 3168 charitatem,
872 3118 990 3172 qua:
1031 3101 1164 3157 alias
1190 3102 1417 3156 virtutes
1453 3101 1682 3156 excellit.
1717 3101 1792 3154 De
1816 3115 1923 3170 qua

349 3191 657 3263 Apostolus,
681 3196 1116 3250 commemoratis
1137 3195 1457 3264 quibusdam
1479 3194 1785 3256 virtutibus,
1816 3192 1919 3246 ait:

351 3281 528 3351 Major
550 3295 722 3338 autem
750 3286 936 3340 horum
959 3295 1032 3339 est
1056 3285 1285 3340 charitas
1314 3285 1367 3356 (Ι
1393 3284 1516 3340 Cor.
1540 3302 1660 3350 xm,
1693 3285 1802 3355 1⁸5).

423 3372 450 3411 b
505 3372 738 3425 Pallium
785 3375 1312 3444 archiepiscoporum
1356 3390 1517 3444 super
1544 3375 1721 3428 omnia
1769 3374 1924 3427 indu-

357 3469 534 3516 menta
572 3469 674 3526 est,
705 3469 764 3516 ut
801 3463 999 3517 lamina
1045 3463 1098 3516 in
1147 3464 1323 3518 fronte
1362 3464 1651 3533 pontiﬁcis.
1697 3464 1923 3520 Pallium

354 3549 488 3604 nihil
516 3559 597 3604 est
628 3550 772 3604 aliud
791 3591 806 3616 ,
854 3551 956 3606 nisi
1003 3551 1258 3606 discretio
1287 3553 1429 3607 inter
1459 3553 1924 3624 archiepiscopum

346 3651 404 3697 et
450 3640 565 3710 ejus
609 3643 997 3714 suﬁ‘raganeos.
1047 3643 1272 3698 Pallium
1325 3644 1596 3714 signiﬁcat
1637 3653 1921 3714 torquem,

350 3745 511 3798 quem
535 3731 780 3786 solebant
800 3731 1035 3803 legitime
1056 3740 1324 3788 certantes
1344 3734 1609 3803 accipere.
1627 3733 1739 3789 Hoc
1761 3735 1924 3790 etiam

353 3832 474 3877 erat
517 3824 715 3878 lamina
747 3825 866 3889 illa,
906 3833 966 3878 ut
998 3824 1140 3891 dixi,
1193 3841 1354 3895 quam
1401 3842 1644 3882 summus
1685 3827 1925 3897 pontifex

349 3913 495 3967 circa
526 3920 767 3982 tempora
795 3913 1033 3979 ferebat,
1069 3915 1124 3966 in
1163 3929 1269 3984 qua
1295 3915 1555 3984 scriptum
1584 3923 1702 3970 erat
1729 3932 1926 3973 nomen

353 4007 445 4062 Dei
470 4015 966 4079 tetragrammaton,
995 4009 1170 4075 idest,
1192 4018 1422 4079 quatuor
1440 4009 1768 4077 litterarum,
1794 4012 1922 4077 Jod,

354 4095 462 4158 lle,
507 4096 621 4149 Vau
698 4106 753 4150 et
795 4097 954 4150 Heth.
997 4097 1092 4152 Est
1123 4107 1303 4153 autem
1343 4098 1748 4168 interpretatio,
1779 4100 1885 4154 Jod
1908 4141 1922 4167 ,

352 4187 706 4256 principium,
756 4186 865 4252 He,
899 4188 1030 4252 iste,
1066 4188 1184 4242 Vau
1215 4190 1341 4254 vita,
1375 4199 1431 4244 et
1461 4189 1598 4245 Heth
1623 4193 1824 4262 passio,
1872 4193 1926 4248 id

347 4286 468 4332 est:
510 4279 616 4333 Iste
644 4287 728 4333 est
752 4279 1075 4349 principium
1115 4282 1384 4349 passionis
1407 4282 1551 4337 vitae.
1585 4282 1736 4338 Passi
1762 4284 1929 4352 igitur

347 4375 476 4421 sunt
505 4367 654 4421 multi
678 4378 802 4422 ante
823 4368 1117 4435 Christum,
1145 4371 1239 4426 sed
1266 4387 1426 4426 nemo
1449 4387 1634 4427 eorum
1655 4389 1754 4443 per
1772 4390 1924 4430 suam

343 4459 651 4530 passionem
686 4462 996 4518 hominibus
1021 4463 1187 4517 vitam
1228 4467 1443 4520 attulit:
1483 4466 1728 4525 Christus
1754 4486 1912 4537 vero,

341 4546 499 4618 cujus
523 4549 741 4619 sanguis
766 4550 821 4604 in
845 4566 1008 4606 cruce
1037 4551 1186 4608 fusus
1209 4562 1292 4609 est
1313 4570 1412 4624 pro
1434 4557 1600 4612 totius
1625 4559 1807 4614 mundi
1833 4577 1916 4616 re-

344 4635 684 4704 demptione,
714 4639 948 4695 humano
970 4644 1153 4713 generi
1178 4644 1357 4699 attulit
1384 4646 1569 4700 vitam.
1613 4647 1918 4704 Secundum

341 4724 508 4779 alium
549 4728 852 4794 doctorem,
889 4731 994 4785 Jod
1033 4733 1384 4804 principium,
1419 4735 1502 4790 He
1545 4737 1678 4805 iste,
1722 4738 1837 4793 Vau
1866 4749 1922 4796 et

346 4811 489 4870 Heth
511 4817 621 4872 vita
651 4819 1069 4889 interpretatur:
1109 4827 1251 4894 quod
1288 4827 1360 4881 ita
1400 4835 1578 4896 potest
1621 4831 1869 4902 conjungi
1902 4850 1914 4885 :

288 4967 290 4970 ,
341 4903 454 4963 Iste
479 4915 563 4961 est
589 4909 912 4980 principium
941 4919 995 4966 et
1024 4913 1132 4968 vita
1177 4913 1444 4973 Christus.
1488 4921 1793 4975 Vocabatur
1823 4938 1919 4976 au—

345 5008 454 5053 tem
483 5001 586 5055 hoc
627 5017 825 5056 nomen
856 5012 1099 5058 sanctum
1138 5005 1386 5073 Domini,
1411 5016 1472 5062 ut
1498 5020 1580 5064 est
1607 5028 1618 5064 :
1659 5009 1918 5066 Fecerunt

343 5088 628 5157 laminam,
676 5092 728 5148 id
757 5100 841 5148 est
859 5133 874 5159 ,
922 5105 1302 5161 sacraverunt,
1328 5099 1746 5170 scripseruntque
1773 5102 1828 5154 in
1857 5118 1918 5154 ea

343 5191 581 5236 sanctum
610 5181 824 5236 Domini
849 5183 1046 5255 (Exod.
1073 5200 1262 5252 χχιιι,
1286 5185 1401 5258 29),
1427 5190 1569 5258 quod
1597 5191 1922 5261 interpreta-

414 5366 437 5392 ι
473 5355 592 5408 Vid.
621 5354 772 5423 llugo
795 5356 1058 5423 Menard.,
1091 5368 1203 5413 not.
1236 5359 1361 5416 259.

415 5424 439 5460 ι»
467 5423 642 5497 ama],
675 5423 796 5497 libr.
829 5443 890 5492 ιι,
922 5444 1040 5497 cap.
1067 5430 1156 5484 25.

421 5503 441 5573 ς
563 5493 710 5573 Hier.
737 5491 1072 5573 libr.xm'in
1103 5501 1326 5573 Eaechq
1357 5518 1474 5573 cap.
1497 5520 1638 5565 κων,
1661 5520 1801 5559 vers.
1831 5507 1914 5562 18.

410 5559 433 5595 (ι
467 5561 639 5637 ᾼρηθΙ.
675 5563 776 5617 loc.
809 5565 929 5630 cit.,
959 5584 1078 5637 cap.
1107 5569 1196 5623 25.

419 5638 440 5661 ο
475 5629 603 5691 Qua:
649 5643 945 5698 sequuntur
979 5629 1102 5692 huic
1143 5641 1303 5708 capiti
1349 5643 1488 5710 apud
1528 5644 1918 5709 Quereetanum

1949 4425 2003 4487 D

2026 1818 2191 1873 etiam
2241 1827 2296 1873 et
2324 1820 2586 1874 varietate
2626 1821 3019 1886 sandaliorum,
3067 1833 3128 1878 ut
3166 1825 3372 1880 visibus
3410 1831 3620 1884 nostris

2025 1925 2180 1965 error
2215 1910 2510 1966 auferatur.
2543 1911 2840 1982 Episcopus
2878 1915 3040 1968 habet
3077 1914 3365 1985 ligaturam
3394 1917 3451 1971 in
3497 1918 3618 1974 suis

2026 2001 2313 2067 sandaliis,
2346 2017 2508 2071 quam
2536 2017 2641 2057 non
2680 2003 2843 2058 habet
2881 2004 3185 2075 presbyter.
3235 2006 3487 2078 Episcopi
3531 2018 3621 2063 est

2025 2089 2132 2144 huc
2159 2091 2390 2160 illucque
2416 2093 2722 2148 discurrere
2746 2109 2845 2164 per
2871 2097 3182 2164 parochiam
3208 2116 3220 2149 :
3253 2113 3320 2152 ne
3357 2099 3501 2154 forte
3524 2115 3619 2156 ca-

2025 2179 2155 2234 dant
2183 2181 2420 2236 sandalia
2449 2182 2514 2236 de
2540 2184 2786 2252 pedibus,
2814 2185 2974 2255 ligata
3004 2194 3149 2241 sunt.
3174 2187 3490 2261 Presbyter,
3517 2192 3618 2262 qui

2027 2273 2170 2328 domi
2199 2273 2403 2329 hostias
2432 2274 2694 2342 immolat,
2733 2277 3016 2334 sublimius
3047 2279 3245 2351 [AmaL
3272 2321 3288 2347 ,
3337 2283 3616 2356 securius]

2027 2365 2245 2421 incedit.
2276 2367 2562 2433 Diaconus,
2590 2371 2714 2438 quia
2741 2370 3018 2425 dissimilis
3033 2380 3116 2426 est
3133 2373 3387 2442 episcopo
3421 2374 3475 2428 in
3507 2391 3613 2430 suo

2025 2456 2224 2522 ofﬁcio,
2265 2472 2370 2512 non
2401 2468 2484 2513 est
2512 2475 2734 2516 necesse
2774 2470 2832 2515 ut
2871 2461 3068 2517 habeat
3096 2464 3380 2519 dissimilia
3404 2467 3612 2520 sanda-

2025 2547 2134 2602 lia:
2168 2556 2223 2601 et
2251 2549 2362 2619 ipse
2389 2548 2675 2619 ligaturam
2718 2551 2904 2618 habet,
2932 2553 3058 2622 quia
3085 2569 3244 2609 suum
3284 2565 3371 2610 est
3411 2556 3495 2611 ire
3538 2558 3614 2612 ad

2027 2641 2357 2696 comitatum.
2393 2642 2794 2711 Subdiaconus,
2841 2647 2933 2715 qui
2978 2647 3030 2701 in
3074 2647 3347 2716 adjutorio
3390 2649 3613 2705 diaconi
3671 2688 3676 2691 -

2025 2742 2130 2798 est,
2157 2743 2211 2789 et
2241 2750 2376 2804 pene
2401 2735 2454 2788 in
2479 2737 2666 2790 eodem
2694 2737 2892 2802 ofﬁcio,
2953 2753 3173 2794 necesse
3197 2749 3283 2795 est
3320 2749 3381 2794 ut
3407 2741 3613 2797 habeat

2026 2824 2308 2878 dissimilia
2352 2827 2589 2881 sandalia
2617 2867 2633 2892 ,
2676 2842 2744 2882 ne
2790 2828 2932 2884 forte
2975 2830 3235 2886 diaconus
3284 2833 3610 2887 aestimetur.

2027 2910 2284 2967 Sandalia
2318 2915 2641 2986 signiﬁcant,
2672 2917 2798 2986 quia
2822 2919 3145 2990 praedicator
3163 2937 3342 2992 neque
3363 2923 3616 2979 cmicstia

2027 3003 2186 3058 debet
2207 3005 2557 3072 abscondere,
2587 3022 2761 3077 neque
2793 3011 3022 3066 terrenis
3054 3012 3280 3069 inhiare.

2098 3093 2380 3165 Signorum
2408 3113 2554 3163 usus,
2585 3114 2615 3152 a
2646 3099 2830 3155 Veteri
2863 3100 3208 3157 Testamento
3229 3113 3478 3174 sumptus
3499 3115 3610 3160 est.

2022 3184 2082 3239 In
2108 3185 2246 3241 libro
2288 3186 2645 3243 Numerorum
2675 3189 2812 3244 dixit
2836 3191 3096 3247 Dominus
3125 3192 3290 3264 Moysi
3317 3213 3330 3248 :
3372 3193 3488 3250 Fac
3516 3197 3618 3251 tibi

2023 3273 2157 3328 duas
2184 3275 2334 3329 tubas
2358 3287 2631 3347 argenteas
2657 3279 2896 3347 ductiles,
2919 3281 3106 3352 quibus
3133 3301 3417 3339 convocare
3439 3287 3616 3356 possis

2024 3363 2410 3420 multitudinem
2438 3368 2627 3438 (Num.
2657 3386 2714 3436 ι,
2740 3371 2819 3442 2).

2191 3489 2215 3517 θ
2246 3477 2690 3538 eremoniarum
2713 3486 2889 3540 missa:
2914 3488 3135 3556 mystica
3165 3489 3440 3559 expositio.

2101 3569 2120 3608 ί
2146 3567 2396 3626 Ofﬁcium
2427 3573 2607 3630 missae
2630 3577 2836 3633 addidit
2861 3577 3177 3635 Carlestinus
3212 3597 3373 3651 papa.
3397 3591 3454 3637 et
3477 3598 3616 3639 con-

2026 3661 2219 3728 stituit,
2249 3670 2311 3716 ut
2350 3664 2544 3731 psalmi
2591 3682 2653 3720 CL
2702 3678 2828 3723 ante
2870 3670 3201 3726 sacriﬁcium
3248 3673 3620 3742 psallerentur

2027 3754 2417 3823 antiphonatim
2440 3770 2505 3810 ex
2534 3758 2806 3823 omnibus,
2821 3761 2964 3829 quod
2987 3769 3147 3816 antea
3169 3778 3276 3817 non
3299 3763 3486 3827 ﬁebat,
3502 3764 3612 3820 nisi

2025 3852 2236 3898 tantum
2268 3846 2494 3914 epistola
2521 3847 2673 3902 Pauli
2698 3850 3050 3916 recitabatur,
3082 3862 3136 3907 et
3159 3861 3408 3908 sanctum
3438 3853 3615 3908 Evan-

2027 3934 2245 4004 gelium,
2271 3943 2327 3990 et
2355 3937 2433 3991 sic
2460 3937 2625 3992 missa
2663 3939 3060 3996 celebrabatur.
3102 3941 3258 4008 Quod
3287 3958 3389 3998 nos
3416 3944 3494 3997 ita
3525 3943 3612 3998 in-

2028 4024 2335 4095 telligimus,
2365 4026 2491 4097 quia
2519 4040 2584 4082 ex
2620 4029 2870 4084 omnibus
2905 4031 3131 4099 psalmis
3159 4041 3480 4103 excerperet
3514 4048 3612 4088 an-

2028 4114 2312 4183 tiphonas,
2359 4130 2477 4184 qua:
2504 4116 2863 4185 psallerentur
2902 4119 2956 4173 in
2998 4119 3178 4176 ofﬁcio
3215 4123 3441 4178 missae:
3482 4137 3608 4178 nam

2027 4211 2186 4258 antea
2218 4205 2574 4261 inchoabatur
2605 4209 2769 4263 missa
2814 4224 2845 4263 a
2880 4208 3128 4266 lectione.
3155 4212 3256 4279 Qui
3288 4230 3410 4270 mos
3434 4216 3610 4272 adhuc

2028 4294 2290 4349 retinetur
2311 4295 2366 4349 in
2390 4296 2570 4367 vigilia
2595 4298 2816 4355 Pascha:
2837 4310 2892 4356 et
2912 4303 3285 4359 Pentecostes.
3304 4305 3610 4363 Procedens

2027 4383 2268 4450 pontifex
2297 4385 2350 4438 in
2379 4400 2609 4454 persona
2635 4387 2856 4456 Christi,
2897 4391 3045 4448 ducit
3073 4409 3260 4450 secum
3290 4399 3608 4467 prophetas,

2027 4473 2079 4527 id
2109 4481 2212 4540 est,
2241 4474 2516 4542 diaconos,
2546 4478 2638 4546 qui
2665 4481 2987 4535 annuntiant
3026 4498 3094 4536 ex
3131 4483 3430 4554 Evangelio
3465 4487 3606 4543 futu-

2023 4580 2137 4620 ram
2164 4566 2372 4631 vitam;
2413 4575 2466 4622 et
2493 4570 2794 4638 sapientes,
2835 4572 2890 4627 id
2917 4581 3020 4640 cst,
3062 4576 3464 4647 subdiaconus,
3511 4583 3599 4652 qui

2024 4657 2201 4710 sciunt
2225 4672 2352 4712 vasa
2397 4657 2610 4714 Domini
2641 4661 2949 4731 disponere,
2989 4671 3044 4719 et
3073 4666 3202 4735 quid
3232 4669 3414 4736 primo
3438 4671 3608 4725 feren—

2025 4747 2151 4800 dum
2181 4747 2272 4811 sit,
2302 4749 2429 4817 quid
2457 4753 2760 4818 posterius;
2784 4761 2838 4807 et
2866 4755 3094 4820 scribas,
3127 4757 3182 4810 id
3209 4767 3311 4822 est,
3339 4761 3598 4832 acolytos.

2025 4839 2115 4908 qui
2145 4841 2444 4896 accendunt
2469 4844 2631 4899 corda
2660 4845 2893 4902 ﬁdelium
2921 4863 2987 4903 ex
3027 4851 3316 4921 scriptura.
3351 4853 3600 4910 Procedit

2023 4929 2076 4983 in
2105 4931 2377 4987 thuribulo
2405 4933 2701 5004 thymiama
2722 4977 2736 5002 ,
2771 4939 2916 5007 quod
2961 4940 3231 5010 signiﬁcat
3270 4959 3473 5014 corpus
3497 4944 3602 5014 ple-

2023 5035 2148 5073 num
2175 5020 2340 5078 odore
2374 5022 2536 5078 bono.
2569 5027 2596 5066 ε
2624 5025 2916 5096 Postquam
2944 5040 3305 5098 praesentatus
3333 5044 3420 5089 est
3446 5035 3603 5090 eccle

2021 5113 2136 5177 sim,
2164 5112 2451 5169 inclinatus
2479 5123 2587 5170 stat
2612 5117 2665 5170 in
2692 5119 2996 5189 exemplum
3023 5122 3348 5180 humilitatis
3378 5125 3600 5191 Christi,

2025 5203 2076 5256 in
2107 5218 2212 5272 qua
2243 5203 2418 5259 factus
2455 5214 2538 5260 est
2578 5207 2838 5266 obediens
2873 5211 3021 5268 Patri
3051 5229 3222 5284 usque
3249 5217 3317 5271 ad
3349 5227 3594 5274 mortem.

2026 5391 2251 5440 annexa,
2282 5378 2651 5500 sleparavimus
2672 5381 2772 5436 sub
2792 5397 2931 5440 novo
2956 5385 3112 5443 titulo
3138 5389 3208 5445 ob
3234 5390 3596 5446 diversitatem

2027 5461 2284 5500 araumen
2315 5465 2350 5500 ι.

2027 5461 2350 5514 argumenti.

2104 5517 2128 5595 ς
2156 5515 2460 5595 ᾼηιξιζίπξυε
2639 5537 2720 5588 m,
2756 5539 2874 5595 cap.
2903 5524 2955 5578 5.

2105 5589 2128 5624 ⁸
2158 5585 2458 5642 Amalarius
2481 5589 2609 5644 ibid.
