3914 6178
184 391 324 444 lilii
965 390 1115 448 OPP.
1160 388 1558 446 SUPPOSITA.
1598 419 1669 428 --
1707 387 1835 442 LIB.
1875 389 1962 443 DE
2001 386 2251 443 DlV'lNIS
2287 384 2592 442 OFFICII’S.
3294 387 3435 443 {illi

178 509 240 562 In
287 510 403 576 ipsa
448 506 745 564 elevatione
775 507 994 580 [Amal.,
1042 505 1409 579 inclinatione]
1440 507 1532 561 dat
1568 519 1758 575 pacem
1787 510 1829 565 Α
1861 506 1959 560 sed
1985 506 2401 560 circumstarent
2427 501 2654 576 [Amal.,
2688 502 2841 557 curvi
2871 500 3122 573 starent].
3165 501 3437 558 Diamnus

178 598 471 664 ministris,
501 598 592 668 qui
619 599 804 653 dextra
843 598 1081 667 laevaque
1104 605 1246 652 sunt.
1275 596 1389 666 Ipse
1415 606 1497 650 est
1521 611 1624 665 pax
1653 611 1753 651 no-
1858 606 2040 667 portat
2060 596 2396 668 evangelium
2419 596 2472 650 in
2499 595 2981 661 sinistrobrachio,
3004 595 3255 665 perquod
3268 593 3436 664 signi-

179 699 317 752 stra,
347 703 447 757 per
472 705 634 758 quam
682 689 1090 744 reconciliamur
1116 689 1244 743 Deo.
1275 689 1531 743 Eamdem
1568 703 1756 758 pacem
1859 686 2054 740 ﬁcatur
2089 686 2407 756 temporalis
2440 687 2585 752 vita,
2640 684 2732 739 ubi
2778 686 3064 754 praedicari
3088 684 3435 756 Evangelium

176 779 339 834 oﬁ'ert
363 778 696 846 cantoribus,
733 780 823 850 qui
854 788 998 833 retro
1033 788 1219 834 stant:
1260 789 1319 835 ut
1353 781 1511 845 illud,
1563 779 1757 832 Pacem

177 887 352 925 meam
378 871 444 925 do
474 873 637 936 vobis,
667 888 844 942 pacem
873 871 1105 941 relinquo
1126 873 1269 925 vobis
1295 871 1476 944 (Joan.
1501 886 1615 935 xxv,
1639 869 1751 941 27).

179 960 543 1018 Praesentibus
564 963 678 1029 dat,
707 963 1018 1018 absentibus
1047 964 1329 1032 relinquit;
1360 965 1463 1018 hoc
1486 971 1584 1026 est,
1612 963 1755 1033 quod

175 1054 416 1110 solemus
446 1054 658 1110 dicere:
687 1053 865 1109 lnnuit
893 1054 1176 1126 episcopus
1203 1058 1436 1121 cantori,
1464 1057 1554 1125 qui
1581 1063 1755 1110 mutat

176 1144 394 1199 laudem
439 1145 504 1199 de
541 1145 710 1200 veteri
749 1145 804 1199 in
847 1161 1072 1211 novam,
1117 1156 1174 1202 et
1200 1148 1389 1218 incipit
1435 1147 1752 1202 Trinitatem

177 1243 422 1290 sanctam
452 1235 696 1301 laudare,
721 1245 777 1290 et
800 1235 949 1302 dicit,
973 1233 1152 1293 Gloria
1182 1236 1360 1305 Patri,
1380 1248 1434 1293 et
1456 1239 1618 1311 497
1639 1241 1756 1294 dia-

175 1325 300 1380 coni
331 1326 483 1394 quasi
511 1327 711 1382 chorus
749 1329 1138 1397 apostolorum,
1165 1338 1310 1384 stant
1338 1346 1460 1385 cum
1491 1346 1556 1385 eo
1578 1329 1754 1385 humi-

177 1414 315 1480 liati,
343 1423 395 1470 et
421 1415 605 1469 dicunt
632 1433 645 1469 :
685 1416 926 1482 Domine,
951 1418 1078 1472 doce
1103 1437 1194 1474 nos
1214 1436 1366 1474 orare
1398 1419 1548 1492 (Luc.
1572 1437 1645 1482 x1,
1674 1419 1748 1492 1).

174 1505 305 1561 lude
335 1507 573 1562 vicissim
608 1509 715 1565 duo
755 1509 966 1566 diaconi
1015 1512 1334 1568 altrinsecus
1371 1516 1572 1570 vadunt
1597 1530 1750 1570 oscu-

174 1597 274 1651 lari
301 1597 470 1652 latera
499 1597 703 1654 altaris.
737 1600 854 1668 Quo
883 1601 1123 1657 osculato
1151 1601 1356 1674 [Forte,
1385 1621 1490 1674 quo
1518 1604 1750 1677 osculo],

174 1689 576 1745 demonstratur
612 1706 716 1761 pax
758 1707 918 1761 quam
942 1693 1021 1748 eis
1049 1695 1444 1749 commendavit
1469 1695 1748 1761 Dominus,

174 1779 360 1834 dicens
385 1798 397 1832 :
437 1780 505 1835 In
534 1798 894 1854 quamcunque
926 1783 1138 1838 domum
1164 1786 1506 1851 intraveritis,
1552 1787 1706 1841 dicite
1728 1801 1746 1838 :

1856 791 2078 831 necesse
2099 784 2200 831 est.
2241 777 2356 830 Duo
2392 776 2569 840 cerei,
2590 776 2681 844 qui
2724 783 3013 845 portantur
3054 783 3180 829 ante
3205 788 3439 844 evange-

1855 869 1986 923 lium
2005 910 2019 934 ,
2049 869 2220 939 legem
2251 877 2307 924 et
2336 871 2630 939 prophetas
2657 869 2939 939 designant
2968 868 3312 938 praecessisse
3339 866 3433 920 ad-

1854 969 2073 1017 ventum
2105 959 2310 1014 Christi
2342 975 2358 1013 :
2385 960 2717 1014 thuribulum
2743 1001 2756 1022 ,
2813 959 3123 1029 opinionem
3170 959 3432 1013 virtutum

1855 1054 1920 1109 de
1943 1051 2160 1107 Christo
2183 1051 2587 1121 procedentem.
2609 1050 2890 1116 Cantores,
2918 1065 3069 1106 more
3094 1050 3431 1114 Levitarum,
3517 1092 3520 1095 .

1854 1145 1947 1214 qui
1973 1144 2154 1198 omnia
2174 1142 2482 1197 necessaria
2509 1142 2844 1198 tabernaculi
2867 1141 3224 1212 providebant
3241 1181 3256 1204 ,
3286 1153 3434 1208 qum-

1855 1245 1983 1291 runt
2009 1251 2205 1307 aquam
2233 1237 2300 1290 ad
2324 1233 2556 1300 fontem,
2589 1242 2644 1290 et
2684 1242 2904 1290 servant
2945 1248 3068 1288 eam
3097 1239 3436 1302 coopertam,

1854 1342 2026 1396 usque
2059 1327 2124 1381 ad
2163 1334 2375 1395 tempus
2410 1325 2681 1392 sacriﬁcii,
2721 1334 2776 1380 et
2803 1327 2884 1381 sic
2912 1341 3033 1379 eam
3064 1325 3321 1379 mundam
3353 1321 3437 1376 of-

1851 1416 2052 1471 ferunt.
2093 1417 2111 1455 ΐ
2146 1415 2333 1471 Sixtus
2378 1432 2516 1487 papa
2569 1417 2851 1471 constituit
2899 1415 3256 1485 adjectionem
3286 1413 3434 1466 illam

1851 1509 2110 1577 primaevo
2129 1509 2353 1580 hymno,
2380 1507 2432 1562 id
2455 1515 2537 1562 est
2559 1548 2573 1573 ,
2617 1505 2865 1570 Sanctus,
2895 1505 3147 1571 Sanctus,
3178 1505 3433 1568 Sanctus,

1853 1606 1957 1652 etc.
2010 1599 2342 1670 Augustinus
2388 1599 2442 1653 in
2489 1598 2631 1653 libro
2681 1597 2748 1651 de
2797 1595 3028 1650 Civitate
3074 1595 3170 1650 Dei
3222 1610 3320 1649 vm
3355 1596 3428 1646 σε

1857 1706 1874 1738 ι
1899 1687 2236 1744 Sacriﬁcium
2252 1703 2380 1758 ergo
2394 1687 2626 1751 visibile,
2651 1685 2936 1740 invisibilis
2961 1684 3213 1739 sacriﬁcii
3243 1697 3428 1738 sacra-

1851 1786 2116 1843 mentum,
2145 1777 2200 1832 id
2228 1785 2342 1840 est,
2372 1790 2588 1831 sacrum
2613 1775 2823 1845 signum
2850 1783 2954 1830 est.
2985 1795 3004 1826 ι
3038 1775 3064 1813 ιι
3088 1773 3169 1827 Ab
3197 1773 3283 1826 his
3307 1787 3435 1842 per-

176 1869 294 1924 Pax
320 1869 441 1924 huic
461 1847 642 1926 domui
669 1847 818 1945 (Luc:
851 1890 901 1937 x,
932 1873 1007 1944 5).
1042 1873 1226 1928 Altare
1259 1875 1424 1930 corda
1453 1847 1748 1931 electorum
1779 1847 1825 1907 Β
1853 1867 2000 1923 sonis
2028 1867 2226 1922 dantur
2256 1865 2440 1921 oscula
2469 1872 2657 1920 mutuo
2692 1865 2747 1919 in
2773 1865 3037 1929 Ecclesia,
3081 1878 3201 1933 quae
3231 1862 3434 1916 nullius

173 1960 460 2031 signiﬁcat.
494 1973 519 2002 α
545 1961 747 2018 Deinde
782 1963 836 2018 in
866 1965 1182 2018 memoriam
1215 1965 1482 2034 passionis
1513 1964 1747 2031 Christi,

173 2051 358 2108 dicunt
391 2059 639 2109 cantores
664 2069 881 2109 versum
912 2057 976 2112 de
1002 2057 1278 2125 psalterio.
1310 2056 1630 2112 Psalterium
1667 2057 1752 2111 in-

173 2141 339 2197 ferius
363 2144 686 2212 percutitur,
717 2147 964 2214 superius
990 2148 1179 2201 reboat
1203 2164 1216 2198 :
1259 2155 1314 2201 et
1341 2146 1521 2217 passio
1549 2146 1750 2201 Christi

173 2233 238 2287 ab
268 2231 514 2288 inferiori
560 2242 714 2303 parte
758 2236 925 2292 habet
968 2223 1379 2308 pereussuram;
1411 2253 1441 2292 a
1485 2238 1750 2308 superiori

171 2324 504 2379 dulcedinem
534 2329 968 2384 resurrectionis.
1020 2329 1158 2384 Hinc
1199 2330 1476 2385 osculatur
1509 2330 1750 2402 Evange-

171 2415 321 2477 lium,
355 2414 410 2468 in
457 2431 563 2485 quo
593 2416 697 2470 duo
723 2418 906 2487 populi
943 2418 1009 2473 ad
1054 2434 1243 2487 pacem
1273 2420 1517 2474 redeunt.
1549 2419 1751 2474 Deinde

172 2505 365 2559 transit
389 2507 457 2560 ad
485 2505 762 2561 dexteram
791 2507 1000 2562 altaris.
1043 2507 1233 2577 Liquet
1273 2510 1556 2575 omnibus,
1607 2510 1750 2578 quod

172 2613 385 2666 semper
413 2597 661 2653 Christus
688 2599 799 2668 egit
839 2601 1115 2654 dexteram
1147 2601 1312 2654 vitam
1339 2609 1620 2670 postquam
1658 2616 1748 2656 re-

171 2689 424 2742 surrexit.
474 2688 693 2743 Diaconi
744 2699 930 2759 postea
979 2697 1124 2744 stant
1156 2691 1210 2744 in
1239 2692 1456 2756 ordine,
1487 2699 1548 2745 ut
1576 2692 1746 2747 illud:

168 2781 226 2835 Si
256 2782 372 2851 quis
396 2780 504 2834 uult
532 2790 647 2852 post
668 2799 748 2835 me
771 2782 960 2848 venire,
986 2790 1088 2837 etc.
1130 2781 1281 2852 (Luc.
1322 2799 1396 2847 ix,
1565 2783 1594 2822 ι)
1623 2783 1750 2852 Epi-

165 2887 332 2942 scopo
360 2873 680 2928 ascendente
706 2872 772 2927 ad
802 2873 1003 2938 sedem,
1028 2881 1357 2929 cereostrata
1386 2884 1662 2928 mutantur
1683 2876 1748 2930 de

167 2962 308 3017 locis
336 2962 449 3017 suis
492 2963 547 3016 in
595 2963 839 3016 ordinem
872 2964 1030 3018 unius
1056 2963 1211 3018 linea:
1246 2979 1414 3032 usque
1443 2964 1510 3019 ad
1555 2964 1743 3019 altare.

167 3053 273 3108 Per
315 3061 641 3108 cereostrata
689 3051 1066 3122 signiﬁcantur
1107 3053 1244 3107 dona
1291 3054 1614 3124 gratiarum,
1650 3070 1749 3125 per

163 3160 285 3214 quae
310 3143 642 3198 illuminatur
662 3142 924 3198 Ecclesia.
950 3142 1120 3199 Unius
1140 3142 1296 3199 linea:
1320 3145 1540 3214 positio,
1565 3147 1744 3201 unitas

161 3243 248 3290 est
275 3233 507 3304 Spiritus
547 3235 720 3290 sancti
754 3235 808 3289 in
847 3235 1072 3306 singulis
1099 3236 1274 3291 donis.
1316 3236 1500 3293 Potest
1529 3247 1584 3294 et
1612 3239 1742 3294 sim-

160 3325 376 3394 pliciter
414 3324 637 3396 intelligi
683 3325 963 3395 dispositio
1001 3340 1281 3380 cereorum
1311 3329 1594 3397 expeditus
1619 3345 1744 3385 cur-

161 3429 256 3469 sus
285 3414 432 3469 circa
459 3415 632 3470 altare
674 3416 1038 3472 ministrandi.
1073 3426 1095 3456 ο
1131 3416 1493 3489 Telesphorus
1525 3420 1741 3476 natione

162 3505 386 3560 Crzecus
411 3522 476 3561 ex
505 3505 836 3574 auachorita,
883 3509 1164 3564 constituit
1212 3518 1273 3564 ut
1321 3512 1554 3584 hymnus
1596 3514 1741 3571 dice-

161 3606 315 3654 retur
341 3599 615 3668 angelicus
659 3607 784 3652 ante
825 3600 1171 3654 sacrificium.
1217 3600 1573 3672 Symmachus
1618 3612 1740 3675 post

162 3687 558 3757 Telesphorum
585 3687 1030 3756 quadragesimus
1078 3690 1299 3756 quintus
1352 3695 1636 3748 constituit
1680 3703 1740 3750 ut

160 3777 310 3832 omni
355 3775 443 3830 die
493 3774 773 3830 Dominico
830 3783 886 3829 et
942 3775 1200 3831 natalitiis
1245 3788 1548 3850 martyrum
1594 3783 1737 3838 idem

163 3872 399 3941 hymnus
426 3874 760 3922 cantarctur.

234 3958 316 4013 Ad
337 3957 601 4014 orientem
627 3971 844 4012 oramus
866 3997 882 4024 ,
925 3965 984 4012 ut
1029 3958 1381 4014 admoneatur
1427 3960 1643 4017 animus
1668 3963 1737 4018 ad

163 4057 412 4103 naturam
443 4047 881 4104 excellentiorem
933 4064 991 4103 se
1028 4057 1377 4116 convertere,
1411 4052 1464 4106 id
1513 4059 1634 4118 est,
1663 4054 1732 4109 ad

163 4143 354 4196 Deum.
391 4139 570 4195 dPost
596 4139 838 4194 laborem
885 4148 940 4194 et
985 4155 1120 4209 opus
1171 4139 1462 4196 ministerii
1489 4141 1735 4213 pontifex

163 4230 409 4287 ascendit
431 4231 636 4295 sedem,
666 4230 718 4284 in
732 4230 1051 4285 memoriam
1069 4231 1403 4287 ascensionis
1419 4233 1732 4301 Dominicae,

161 4338 220 4385 et
247 4329 436 4385 sedent
455 4344 579 4384 cum
604 4344 689 4394 eo,
717 4329 911 4398 quibus
938 4329 1186 4398 promisit
1232 4347 1244 4383 :
1277 4327 1533 4386 Sedebitis
1578 4351 1736 4404 super

161 4419 310 4474 sedes
331 4419 603 4474 duodecim
631 4419 846 4486 (Matth.
875 4435 990 4486 xix,
1011 4419 1124 4494 28).
1150 4420 1253 4476 Per
1280 4437 1374 4478 eos
1401 4424 1491 4492 qui
1523 4426 1730 4492 sedent,

1767 3194 1820 3261 ϐ

1851 1957 2215 2012 titillationem
2241 1955 2541 2011 libidinosae
2567 1953 2930 2024 suggestionis
2953 1951 3433 2023 coguntexcitare.

1856 2051 1871 2089 ί
1912 2048 2133 2120 Sergius
2159 2063 2296 2119 papa
2327 2047 2638 2112 constituit,
2673 2055 2733 2101 ut
2762 2054 3006 2117 tempore
3038 2043 3433 2100 confractionis

1849 2137 2112 2192 Dominici
2153 2137 2422 2206 corporis,
2447 2137 2628 2206 Agnus
2661 2131 2783 2199 Dei,
2806 2151 2836 2188 a
2860 2136 3006 2191 clero
3035 2144 3091 2190 et
3114 2133 3312 2205 populo
3339 2134 3433 2188 de-

1849 2235 2115 2281 cantetur.
2144 2225 2413 2281 Triforme
2437 2233 2522 2281 est
2539 2241 2736 2294 corpus
2756 2225 2978 2289 Christi,
3007 2240 3196 2280 eorum
3221 2225 3432 2280 scilicet

1849 2318 1940 2386 qui
1970 2323 2322 2386 gustaverunt
2347 2324 2578 2371 mortem
2602 2357 2616 2380 ,
2649 2324 2704 2370 et
2726 2315 2981 2370 morituri
3009 2324 3154 2370 sunt.
3187 2315 3432 2370 Primum

1849 2407 2057 2468 scilicet
2104 2413 2348 2462 sanctum
2376 2415 2432 2461 et
2485 2405 2923 2471 immaculatum,
2961 2407 3106 2476 quod
3152 2413 3430 2475 sumptum

1849 2507 1933 2554 est
1957 2513 2022 2554 ex
2054 2497 2242 2552 Maria.
2269 2496 2532 2563 Alterum,
2561 2497 2704 2566 quod
2733 2496 2976 2552 ambulat
3023 2497 3074 2550 in
3103 2505 3269 2550 terra.
3298 2496 3430 2550 Ter-

1851 2589 1985 2644 tium
2011 2587 2152 2658 quod
2178 2586 2324 2655 jacet
2343 2588 2397 2642 in
2426 2587 2708 2658 sepulcris.
2751 2575 2859 2642 Per
2885 2587 3209 2658 particulam
3235 2585 3435 2641 oblatae

1849 2680 2027 2735 missae
2039 2679 2091 2733 in
2115 2678 2361 2744 calicem,
2378 2679 2681 2734 ostenditur
2692 2693 2888 2746 corpus
2908 2677 3130 2741 Christi,
3145 2676 3289 2745 quod
3304 2673 3422 2743 jam

1849 2769 2083 2830 surrexit
2111 2783 2141 2821 a
2169 2757 2416 2823 mortuis.
2446 2768 2552 2824 Per
2580 2775 2878 2824 comestam
2928 2782 2956 2820 a
3007 2765 3287 2821 sacerdote
3332 2763 3420 2817 vel

1848 2859 2073 2929 populo,
2105 2858 2393 2914 ambulans
2417 2860 2592 2914 adhuc
2620 2873 2783 2928 super
2812 2866 3034 2914 terram.
3059 2857 3164 2912 Per
3179 2856 3428 2912 relictam

1850 2948 1903 3003 in
1935 2947 2093 3003 altari
2120 2962 2290 3016 usque
2318 2948 2385 3001 ad
2414 2948 2574 3002 ﬁnem
2612 2949 2792 3002 missae
2811 2988 2825 3013 ,
2852 2946 3046 3016 iacens
3078 2948 3133 3000 in
3163 2944 3432 3017 sepulcris

1849 3054 2024 3109 usque
2066 3038 2135 3093 ad
2172 3037 2334 3092 ﬁnem
2371 3038 2574 3092 saeculi.

2411 3148 2425 3200 i
2476 3148 2706 3207 CAPUT
2742 3150 2854 3204 XL.

1953 3263 1978 3303 ιι
2021 3277 2086 3316 ns
2125 3277 2522 3316 CELEBRATIONE
2575 3277 2738 3316 mssa:
2803 3279 2872 3317 nr
2940 3279 3060 3317 esus
3098 3277 3318 3318 διαειπ-

2498 3347 2746 3387 CATIONE.

1912 3440 2214 3496 Celebratio
2243 3440 2444 3505 missae,
2483 3441 2536 3494 in
2562 3442 3129 3496 commemorationem
3152 3441 3426 3511 passionis

1840 3531 2040 3588 Christi
2069 3531 2366 3602 peragitur.
2399 3530 2488 3586 Sic
2516 3531 2661 3587 enim
2690 3533 2803 3602 ipse
2831 3532 3086 3602 praecepit
3128 3531 3387 3601 apostolis
3407 3573 3422 3596 ,

1841 3624 2062 3679 tradens
2092 3624 2172 3678 eis
2205 3639 2402 3694 corpus
2431 3632 2485 3679 et
2531 3625 2850 3694 sanguinem
2881 3640 3037 3679 suum
3071 3643 3082 3677 :
3117 3622 3234 3677 Hoc
3265 3624 3432 3694 facite

1837 3715 1894 3768 in
1921 3730 2086 3766 meam
2108 3714 2650 3767 commemorationem
2692 3712 2843 3784 (Luc.
2880 3731 2993 3778 xxi,
3042 3713 3153 3781 19),
3185 3714 3288 3766 hoc
3313 3721 3426 3779 est,

1841 3804 1897 3857 in
1934 3803 2251 3857 memoriam
2301 3803 2570 3870 passionis
2621 3817 2776 3856 mem.
2833 3801 3116 3872 Tanquam
3171 3802 3417 3864 diceret,

1841 3890 1983 3959 quod
2024 3905 2122 3957 pro
2164 3897 2343 3942 vestra
2373 3889 2547 3942 salute
2588 3904 2782 3958 passus
2812 3905 2952 3955 sum,
3008 3891 3076 3944 ad
3105 3888 3424 3945 memoriam

1841 3988 2114 4045 revocate,
2145 3987 2201 4032 et
2241 3993 2341 4048 pro
2364 3988 2544 4032 vestra
2573 3986 2985 4049 vestrorumque
3017 3979 3190 4034 salute
3231 3980 3422 4034 eadem

1837 4069 2083 4143 proferre
2109 4077 2314 4124 curate.
2366 4068 2515 4124 Hanc
2545 4069 2738 4125 Petrus
2760 4070 3033 4140 apostolus
3069 4071 3278 4140 primus
3301 4085 3424 4124 om-

1838 4163 1987 4216 nium
2016 4159 2314 4215 Antiochiae
2343 4160 2541 4216 dicitur
2572 4159 2896 4215 celebrasse.
2931 4159 2990 4214 In
3025 4174 3132 4229 qua
3160 4169 3271 4213 tres
3301 4167 3428 4213 tan--

1837 4252 2114 4307 tummodo
2163 4251 2440 4305 orationes
2494 4250 2548 4304 in
2603 4249 2758 4305 initio
2807 4249 2930 4304 ﬁdei
2967 4248 3427 4320 proferebantur,

1837 4340 2155 4410 incipientes
2183 4339 2251 4394 ab
2270 4354 2334 4394 eo
2356 4338 2494 4404 loco,
2519 4339 2610 4393 ubi
2641 4339 2840 4394 dicitur
2867 4358 2879 4392 :
2912 4339 3066 4393 Hanc
3089 4339 3254 4410 igitur
3276 4336 3428 4391 οιιια-

1836 4431 2047 4484 tionem.
2081 4429 2243 4485 Missa
2272 4437 2451 4485 autem
2479 4431 2702 4496 dicitur,
2754 4430 2910 4501 quasi
2943 4430 3280 4495 transmissa,
3325 4427 3422 4482 vel:

161 4513 602 4602 demonstrantur
628 4511 868 4602 membra
893 4509 1092 4566 Christi
1125 4513 1179 4567 in
1206 4525 1337 4582 pace
1354 4515 1728 4584 quiescentia:
1761 4543 1809 4602 υ
1835 4522 1988 4592 quasi
2015 4521 2354 4577 transmissio
2377 4562 2391 4586 ,
2432 4537 2497 4577 eo
2538 4521 2680 4591 quod
2719 4521 2948 4591 populus
2993 4520 3164 4574 ﬁdelis
3199 4518 3267 4574 de
3297 4518 3426 4574 suis.

157 4615 258 4669 per
286 4614 380 4654 eos
403 4599 495 4669 qui
519 4607 680 4665 stant,
713 4600 767 4654 in
811 4601 1111 4657 certamine
1158 4603 1351 4673 posita.
1385 4604 1585 4661 Cantor
1616 4607 1733 4662 sine

159 4692 342 4760 aliqua
369 4692 688 4748 necessitate
720 4700 868 4748 tenet
892 4694 1106 4750 tabulas
1134 4705 1354 4765 propter
1379 4696 1509 4752 illud
1543 4715 1555 4750 :
1592 4697 1735 4752 Lau-

160 4786 284 4839 dent
306 4800 494 4837 nomen
531 4783 742 4838 Domini
764 4783 818 4836 in
844 4785 1001 4838 choro
1026 4827 1041 4851 ,
1079 4794 1135 4840 et
1172 4787 1398 4858 reliqua.
1434 4787 1560 4843 Haec
1585 4788 1732 4859 jubi~

160 4874 318 4938 latio,
351 4888 512 4943 quam
541 4875 858 4943 sequentium
885 4883 1107 4942 vocant,
1159 4876 1286 4930 illud
1316 4885 1526 4947 tempus
1569 4880 1733 4950 signi-

157 4964 288 5019 ﬁcat
307 5004 322 5028 ,
353 4963 568 5033 quando
593 4978 700 5017 non
724 4972 842 5018 erat
867 4966 1174 5020 necessaria
1197 4967 1395 5022 locutio
1416 4969 1725 5035 verborum,

158 5053 254 5108 sed
278 5052 391 5108 sola
417 5052 742 5122 cogitatione
768 5070 920 5110 mens
951 5057 1120 5110 menti
1168 5061 1493 5115 monstrabit
1519 5101 1534 5127 ,
1590 5063 1732 5131 quod

158 5148 358 5202 retinet
378 5147 432 5201 in
456 5161 533 5202 se.
568 5157 592 5186 ο
613 5145 932 5204 Anastasius
955 5165 1093 5219 papa
1121 5150 1370 5218 instituit,
1403 5163 1461 5208 ut
1490 5157 1734 5224 quoties-

158 5251 372 5308 cunque
393 5237 744 5309 Evangelium
758 5239 972 5309 legitur,
1005 5243 1312 5296 sacerdotes
1329 5259 1434 5298 non
1459 5245 1729 5313 sederent,

231 5363 259 5389 ι
301 5350 608 5404 Amalarius
633 5351 766 5406 ibid.

229 5425 259 5459 υ
293 5420 468 5474 Amal.
502 5420 623 5475 libr.
658 5437 738 5483 ιιι,
769 5437 888 5490 cap.
921 5422 972 5475 7’.

231 5501 255 5527 ε
297 5493 470 5543 Amal.
498 5491 626 5544 ibid.
650 5499 703 5543 et
726 5491 876 5559 Hugo
901 5492 1138 5547 Menard.
1177 5503 1290 5547 not.
1324 5495 1376 5548 7.

226 5559 256 5600 ἀ
291 5560 619 5633 Amalarius,
648 5562 752 5633 loc.
779 5563 872 5615 cit.
901 5579 1019 5633 cap.
1047 5563 1132 5617 l0.

234 5643 258 5668 ·
295 5629 624 5694 Amalarius,
647 5632 750 5686 loc.
780 5633 873 5686 cit.
903 5629 1020 5703 cap.
1068 5634 1156 5689 18.

234 5701 252 5737 ί
298 5700 498 5756 Amal..
536 5701 640 5756 loc.
672 5703 764 5756 cit.
794 5717 911 5756 can.
944 5704 1032 5756 Ἡ.

233 5701 252 5737 ί
298 5700 498 5765 Amal.,
536 5701 640 5758 loc.
672 5703 764 5756 cit.
794 5717 858 5755 ca
902 5743 911 5754 .
944 5700 1032 5756 Ἦ.

237 5773 260 5808 ⁸
299 5771 356 5825 S.
389 5771 524 5825 Aug.
552 5773 670 5825 libr.
709 5790 741 5825 λ
771 5773 834 5825 de
860 5719 1016 5825 ἓὶνὶι.

237 5773 260 5808 ⁸
299 5771 356 5825 S.
389 5771 524 5842 Aug.
552 5773 670 5827 libr.
709 5790 741 5826 λ
771 5773 834 5826 de
860 5771 1016 5828 Civit.
1050 5773 1163 5840 Dei,
1194 5791 1310 5845 cap.
1337 5775 1388 5829 3.

1837 4613 2044 4668 meritis
2067 4629 2172 4668 non
2200 4629 2562 4683 praesumens,
2601 4628 2793 4683 preces
2822 4620 2876 4666 et
2921 4612 3245 4675 oblationes,
3277 4626 3430 4681 quas

1836 4705 1945 4761 Deo
1968 4706 2321 4776 omnipotenti
2348 4703 2543 4760 oﬁ‘erre
2571 4705 2873 4774 desiderat,
2900 4719 2999 4774 per
3042 4705 3418 4759 ministerium-

1835 4803 1890 4851 et
1910 4796 2212 4851 orationem
2237 4795 2536 4849 sacerdotis
2569 4795 2635 4848 ad
2678 4793 2844 4847 Deum
2871 4795 3224 4861 transmittat,
3250 4809 3420 4864 quem

1835 4885 2188 4939 mediatorcm
2219 4885 2360 4939 inter
2389 4899 2448 4938 se
2475 4892 2530 4938 et
2557 4883 2707 4938 illum
2755 4899 2878 4939 esse
2915 4884 3215 4953 cognoscit,
3243 4882 3414 4937 conﬁ-

1834 4974 1966 5030 dens
1990 4992 2088 5046 per
2110 4975 2227 5045 ejus
2249 4975 2552 5030 orationem
2575 4983 2735 5044 atque
2767 4973 3210 5028 intercessionem
3241 4986 3272 5026 a
3304 4986 3418 5026 ma:-

1833 5064 1900 5119 lis
1921 5065 2172 5119 omnibus
2209 5065 2454 5129 liberari,
2492 5073 2652 5134 atque
2675 5064 2913 5119 creatori
2948 5077 3048 5118 suo
3072 5060 3419 5117 reconciliari

1836 5164 1890 5213 et
1914 5158 1966 5212 in
1995 5157 2246 5212 omnibus
2278 5155 2640 5212 corroborari.
2676 5154 2772 5210 Vel
2802 5156 2970 5209 missa
2992 5194 3008 5219 ,
3063 5159 3121 5206 ut
3169 5151 3425 5207 Isidorus

1836 5249 1965 5304 dicit
1993 5247 2046 5315 1,.
2066 5248 2208 5302 dicta
2239 5256 2324 5302 est
2350 5248 2418 5303 ab
2447 5246 2762 5302 omittendo.
2805 5245 3071 5314 Tempore
3117 5245 3260 5298 enim
3303 5259 3425 5314 quo

1907 5361 1934 5399 ιι
1972 5358 2298 5422 Amalarius,
2326 5358 2428 5413 loc.
2463 5359 2555 5411 cit.
2584 5373 2704 5422 cap.
2735 5356 2804 5412 52
2833 5357 2887 5411 in
2914 5356 3042 5411 ﬁne.

1913 5432 1928 5470 ί
1974 5428 2172 5493 Amal.,
2198 5428 2300 5483 loc.
2325 5429 2419 5482 cit.
2452 5443 2570 5497 cap.
2603 5428 2692 5482 55.

1908 5499 1922 5549 i
1975 5499 2254 5553 Tribuitur
2275 5515 2305 5552 a
2335 5495 2646 5552 Mabillbnio
2667 5506 2720 5551 et
2742 5496 2863 5551 aliis
2883 5495 3124 5564 Remigio
3144 5495 3415 5552 Autissio-

1837 5570 2084 5695 dggensi,
2117 5576 2265 5624 tom.
2299 5567 2341 5623 V
2389 5567 2651 5624 Actorum
2697 5566 2797 5622 SS.
2842 5566 2971 5623 0rd.
3016 5568 3250 5634 Bened.,
3281 5583 3408 5638 pag.

1910 5712 1934 5750 ιι
1976 5709 2085 5772 ΑΙ..
2112 5708 2292 5763 Brevis
2315 5707 2564 5779 expositio
2590 5707 2778 5779 missas.

1914 5779 1930 5818 1
1973 5780 2096 5834 lsid.
2132 5780 2252 5836 libr.
2288 5797 2359 5836 vi.
2383 5778 2572 5851 Orig,
2605 5794 2721 5848 cap.
2762 5778 2840 5833 I9.
