3914 6178
453 281 473 334 l
485 279 588 333 247

1287 269 1348 326 Β.
1389 269 1451 324 F.
1491 266 1716 323 ALBlNl
1755 265 1886 323 SEU
1924 264 2200 324 ALCUINI
2237 265 2520 325 OPERUM
2554 268 2734 324 PARS
2771 269 2865 323 IX.

3562 274 3698 330 ωε

447 393 701 450 sacerdos
738 387 927 456 incipit
953 397 1271 439 consecrare
1295 396 1492 450 corpus
1537 379 1900 444 Dominicum,
1933 377 2010 432 di-
2039 379 2089 438 Δ
2116 377 2183 431 ad
2227 380 2540 432 memoriam
2571 395 2832 435 revocans
2854 420 2869 444 ,
2921 379 3061 435 sicut
3104 378 3359 437 Christus
3394 385 3700 441 cruciﬁxus

446 483 675 540 cendum
705 484 788 532 est
809 491 841 529 a
866 475 1092 530 diacono
1112 471 1594 543 postEvangelium
1625 488 1637 523 :
1665 468 1722 524 Si
1743 471 1858 539 quis
1878 479 2016 522 cate-

445 575 726 625 chumenus
752 573 850 629 est,
878 563 1121 628 procedat
1147 562 1311 630 foras.
1355 561 1423 614 Et
1446 561 1572 629 quia
1599 569 1728 614 tunc
1753 560 2014 614 emittun-

447 671 536 716 tur
557 655 937 718 catechumeni
976 655 1044 708 ab
1083 653 1334 716 ecclesia,
1365 653 1456 720 qui
1486 667 1592 706 non
1621 652 1817 706 debent
1851 651 2016 704 inter-

444 766 567 807 esse
617 750 791 804 sacris
817 746 1119 818 mysteriis,
1175 761 1241 800 eo
1286 744 1429 813 quod
1468 744 1704 798 nondum
1734 750 1859 798 sunt
1893 758 2016 812 per—

444 843 593 897 fecti.
617 842 742 895 Sive
771 839 875 893 alio
901 837 1059 891 modo
1098 843 1275 903 potest
1310 834 1414 888 dici
1441 835 1628 897 missa,
1659 847 1724 887 eo
1748 833 1888 901 quod
1918 847 2015 886 nos

446 934 624 987 mittat
649 931 717 985 ad
761 931 946 983 Deum.
988 927 1112 980 Ideo
1138 934 1320 978 autem
1351 939 1460 978 non
1499 925 1568 978 ab
1613 923 1905 992 apostolica
1930 922 2015 976 vel

443 1021 750 1092 evangelica
773 1019 1024 1081 lectione,
1052 1015 1194 1084 quod
1223 1013 1397 1082 majus
1419 1027 1539 1067 esse
1563 1021 1792 1076 constat,
1824 1010 2014 1065 eadem

445 1115 607 1168 missa
649 1111 950 1173 inchoatur,
1000 1108 1092 1162 sed
1122 1107 1302 1176 potius
1345 1103 1585 1158 canendo
1633 1110 1685 1156 et
1712 1101 2010 1171 psallendo,

445 1210 710 1272 quatenus
741 1199 966 1253 dulcedo
990 1197 1268 1251 suavitatis
1295 1197 1456 1250 corda
1487 1194 1820 1247 audientium
1865 1193 2014 1261 prius

443 1289 766 1346 demulceat.
787 1297 842 1342 et
866 1289 944 1342 sic
959 1294 1079 1355 post
1105 1285 1522 1340 modulationem
1542 1284 1722 1338 suavis
1735 1299 1832 1337 can
1841 1283 2014 1336 tilena:

442 1383 498 1437 in
527 1379 896 1450 spiritualibus
949 1377 1109 1432 rebus
1161 1376 1389 1447 populus
1423 1392 1520 1445 per
1543 1377 2014 1446 compunctionem

442 1473 638 1527 mentis
659 1473 916 1533 intentus,
940 1469 1216 1524 salutifera
1231 1467 1505 1537 Evangelii
1526 1469 1690 1524 verba
1708 1468 1915 1522 ardenti
1935 1467 2014 1521 af-

445 1564 589 1619 fectu
623 1562 901 1630 suscipiat.

511 1671 663 1737 Quod
688 1679 866 1726 autem
891 1671 1117 1740 pOpulus
1139 1670 1420 1724 Dominico
1440 1672 1544 1735 die,
1568 1671 1682 1725 sive
1703 1672 2014 1726 solemnita-

443 1771 578 1827 tum,
599 1764 665 1816 ad
688 1762 973 1816 ecclesiam
999 1761 1238 1823 conﬂuit,
1262 1761 1328 1815 ad
1352 1763 1709 1817 imitationem
1732 1764 2013 1818 lsraelitici

438 1851 618 1922 populi
640 1852 876 1906 creditur
897 1850 1035 1916 ﬁeri,
1071 1852 1162 1921 qui
1183 1852 1516 1920 temporibus
1536 1853 1754 1906 statutis
1767 1852 1933 1924 5.98
1948 1853 2014 1906 ad

438 1939 695 2010 templum
725 1940 935 1994 Domini
962 1939 1295 2006 conﬂuebat,
1325 1948 1381 1993 et
1409 1955 1504 1995 sex
1539 1940 1728 1995 diebus
1754 1956 2011 2010 operans,

438 2031 668 2100 septimo
696 2032 764 2086 ab
793 2033 939 2086 omni
968 2046 1131 2100 opere
1185 2032 1366 2086 servili
1412 2032 1757 2101 requiescere
1789 2032 2016 2102 jubeba-

441 2131 558 2185 tur,
589 2137 698 2175 non
747 2130 926 2177 tamen
959 2139 988 2176 a
1017 2123 1368 2178 meditatione
1415 2124 1570 2195 legis.
1625 2123 1717 2178 Sic
1745 2123 1892 2178 enim
1940 2125 2016 2178 ait

436 2211 726 2280 Apostolus
756 2230 768 2265 :
803 2211 1010 2283 Moyses
1032 2214 1182 2267 habet
1215 2215 1271 2268 in
1309 2213 1529 2285 singulis
1549 2213 1844 2268 civitatibus
1864 2253 1878 2278 ,
1925 2214 2014 2285 qui

435 2315 553 2353 eum
587 2316 680 2371 per
700 2300 906 2371 singula
929 2303 1146 2357 sabbata
1170 2306 1452 2374 praedicent
1475 2308 1532 2360 in
1563 2310 1843 2378 synagogis
1869 2308 2008 2379 (Act.

437 2405 528 2454 xv,
555 2390 667 2462 2i).
700 2391 854 2447 Unde
888 2403 942 2447 et
975 2395 1247 2449 canticum
1277 2395 1476 2467 Moysis
1503 2414 1602 2468 per
1627 2415 1787 2456 omne
1815 2402 2013 2456 sabba-

438 2479 620 2533 tumin
637 2480 878 2537 Ecclesia
901 2484 1130 2538 recitare
1151 2500 1268 2539 mos
1290 2487 1691 2544 ecclesiasticus
1710 2493 2009 2546 consuevit.

435 2572 505 2627 Et
537 2572 680 2642 quod
707 2573 782 2628 illi
812 2566 1084 2654 faciebant
1112 2576 1168 2629 in
1214 2578 1466 2642 sabbato,
1515 2580 1604 2648 qui
1634 2581 1842 2650 primus
1870 2582 2011 2654 apud

437 2662 557 2716 illos
585 2664 639 2716 in
693 2663 884 2717 diebus
927 2647 1278 2720 hebdomadis
1321 2647 1653 2734 habebatur,
1669 2647 1927 2739 quoniam
1956 2673 2010 2726 in

436 2750 555 2819 ipso
603 2751 871 2819 requievit
923 2750 1064 2807 Deus
1093 2754 1160 2807 ab
1189 2755 1444 2823 operibus
1473 2757 1615 2823 suis;
1667 2775 1766 2813 nos
1793 2769 2012 2830 propter

438 2840 800 2894 reverentiam
831 2841 1123 2896 Dominicae
1146 2846 1578 2912 resurrectionis,
1626 2848 1711 2903 die
1731 2849 2010 2906 Dominica

435 2945 596 3001 agere
615 2945 887 2986 curamus.
914 2932 1144 2988 Necesse
1174 2943 1258 2988 est
1283 2935 1446 3001 enim,
1475 2945 1533 2990 ut
1559 2940 1788 3009 populus
1817 2943 1912 2997 Dei
1942 2959 2009 2998 eo

2115 479 2197 525 est
2231 486 2328 538 pro
2371 471 2544 526 salute
2585 473 2770 526 mundi
2798 513 2812 538 ,
2853 473 2926 527 ita
2977 482 3032 527 ct
3067 474 3315 529 minister
3343 476 3496 531 verbi
3528 478 3703 547 ipsius

2114 562 2462 630 semetipsum
2507 563 2653 618 vitiis
2679 572 2734 617 et
2761 565 3211 634 concupiscentiis
3240 567 3566 638 cruciﬁgere
3593 587 3703 626 non

2113 650 2498 715 obliviscatur,
2559 667 2658 720 pro
2711 668 2894 707 amore
2952 653 3348 726 Redemptoris.
3413 659 3572 725 Quod
3608 677 3704 716 ea-

2114 743 2235 797 dem
2269 744 2436 797 vcstis
2465 745 2849 799 candiditatem
2877 745 3077 812 habet,
3119 749 3356 803 ostendit
3380 751 3697 808 ministrum

2113 829 2314 886 Christi
2354 833 2640 886 candorem
2687 835 2952 890 castitatis
3009 845 3188 892 mente
3240 841 3404 893 simul
3459 851 3518 895 et
3571 860 3699 898 cor-

2113 936 2242 989 pore
2279 922 2478 976 habere
2531 923 2756 988 debere,
2789 927 2880 994 qui
2909 928 3288 984 auctoritatem
3334 930 3695 1000 Evangelium

2114 1011 2437 1079 praedicandi
2471 1013 2524 1066 in
2555 1014 2800 1068 Ecclesia
2835 1017 3050 1072 retinet.
3106 1019 3277 1073 Habet
3323 1030 3378 1075 et
3405 1024 3695 1080 coccineas

2116 1102 2366 1170 virgulas,
2396 1105 2712 1174 sanguinem
2727 1106 2927 1162 Christi
2944 1124 3042 1178 pro
3065 1109 3234 1164 salute
3250 1113 3440 1166 mundi
3459 1111 3692 1169 effusum

2115 1189 2472 1246 declarantes.

2185 1281 2621 1341 Prasccdentibus
2648 1285 2714 1340 ad
2755 1287 2926 1343 altare
2957 1290 3251 1356 ministris,
3295 1293 3350 1347 in
3379 1293 3568 1349 medio
3608 1310 3693 1349 eo-

2114 1384 2234 1423 rum
2262 1379 2480 1440 propter
2518 1374 2756 1429 debitum
2805 1378 3064 1434 honorem
3113 1381 3453 1451 evangelium
3484 1382 3690 1438 Christi

2115 1459 2376 1527 dJertur,
2410 1471 2662 1532 tanquam
2690 1481 2917 1536 persona
2939 1472 3309 1538 praepotentis,
3337 1475 3694 1542 praecedenti~

2114 1553 2215 1606 bus
2240 1567 2303 1607 ac
2324 1557 2675 1623 sequentibus
2699 1558 2982 1626 ministris,
3001 1564 3323 1631 constipata,
3350 1580 3475 1618 cum
3503 1581 3696 1634 proce-

2117 1642 2202 1696 dit
2240 1643 2294 1696 in
2347 1645 2640 1713 publicum.
2674 1646 2829 1702 Cerei
2882 1665 3096 1720 quoque
3125 1653 3463 1722 evangelium
3493 1670 3695 1723 praece-

2045 1707 2091 1766 B
2120 1735 2306 1788 dentes
2342 1707 2716 1792 demonstrant
2768 1707 2942 1809 gratia
2975 1707 3580 1811 Evangeliivmunduin,
3609 1748 3694 1814 qui

2117 1833 2235 1878 erat
2263 1825 2317 1879 iu
2347 1828 2586 1882 tenebris
2613 1837 2982 1898 peccatorum,
3015 1831 3395 1887 illuminatum.
3421 1835 3586 1899 Quod
3609 1852 3694 1889 au-

2117 1923 2228 1969 tem
2243 1916 2430 1970 eadem
2454 1919 2728 1986 processio
2753 1921 3013 1990 evangelii
3039 1923 3107 1977 ab
3128 1923 3348 1976 australi
3368 1935 3534 1993 parte
3560 1926 3621 1979 lit
3646 1927 3694 1982 in

2116 2004 2329 2081 plagam
2365 2010 2840 2076 septentrionalem
2860 2053 2873 2076 ,
2906 2013 3146 2068 declarat
3177 2014 3461 2068 Dominum
3513 2015 3693 2072 Jesum

2117 2088 2414 2160 Christum,
2445 2097 2537 2164 qui
2557 2099 2782 2153 verbum
2812 2101 2999 2156 salutis
3013 2103 3212 2158 mundo
3239 2103 3438 2168 intulit,
3473 2122 3507 2159 a
3541 2118 3689 2176 parte

2117 2183 2418 2238 meridiana
2440 2194 2619 2240 ortum
2645 2203 2784 2243 esse.
2811 2189 2947 2244 Nam
2970 2191 3307 2248 Hierusalem
3323 2235 3335 2257 ,
3372 2196 3429 2248 in
3459 2211 3569 2264 qua
3591 2197 3691 2251 Do-

2115 2272 2294 2328 minus
2318 2272 2476 2330 Iesus
2501 2275 2750 2333 Christus
2771 2281 2946 2349 primo
2960 2283 3184 2337 verbum
3200 2285 3388 2340 salutis
3405 2289 3694 2342 annuntia-

2113 2360 2211 2425 vit,
2235 2362 2286 2416 in
2309 2364 2533 2419 meridie
2550 2366 2712 2421 habet
2727 2368 3022 2438 Bethleem,
3049 2388 3077 2426 a
3093 2389 3201 2442 quo
3225 2373 3343 2429 loco
3364 2376 3482 2444 ipsc
3511 2376 3692 2433 Salva-

2117 2457 2201 2503 tor
2222 2453 2390 2518 venit,
2439 2455 2578 2510 sicut
2607 2458 2865 2528 scriptum
2895 2470 2977 2516 est
3008 2475 3024 2514 :
3052 2461 3193 2518 Deus
3219 2465 3282 2517 ab
3313 2475 3497 2520 austro
3531 2470 3689 2523 veniet

2115 2540 2345 2612 (Hahae.
2377 2562 2461 2611 ιη,
2484 2547 2563 2619 5).

2183 2653 2415 2710 Cantore
2442 2656 2754 2727 incipiente,
2785 2659 2946 2732 Kyrie
2973 2661 3190 2731 eleison,
3219 2665 3562 2723 collocantur
3600 2685 3687 2727 oe-

2112 2743 2192 2796 rei
2223 2743 2276 2797 in
2302 2745 2491 2800 ordine
2536 2763 2566 2800 a
2619 2759 2775 2818 parte
2819 2754 3043 2807 australi
3080 2755 3133 2808 in
3166 2760 3597 2825 septentrionem
3626 2763 3694 2818 ab

2114 2833 2347 2904 acolyto,
2383 2838 2699 2894 ostendente
2749 2840 2852 2896 hoc
2902 2840 3078 2909 facto,
3131 2847 3276 2915 quod
3321 2849 3582 2905 misertus
3624 2853 3692 2906 sit

2116 2927 2374 2983 Dominus
2413 2931 2752 3000 omnipotens
2782 2936 3000 3001 mundo,
3047 2939 3101 2991 in
3137 2941 3366 2995 meridie
3393 2951 3448 2995 et
3475 2953 3694 3012 septen-

435 3021 541 3086 die,
594 3036 700 3091 quo
751 3021 1012 3078 Dominus
1063 3026 1361 3080 resurrexit
1383 3067 1397 3092 ,
1431 3043 1463 3081 3
1491 3031 1763 3086 ruralibus
1808 3049 2010 3090 vacans
2037 3045 2086 3110 α
2116 3013 2465 3110 trione._ldeo
2492 3025 2677 3110 autem,
2700 3019 2861 3090 Kyrie
2888 3021 3081 3076 eleison
3120 3034 3174 3077 et
3200 3024 3374 3080 Latini
3399 3027 3609 3093 Grazce,
3639 3040 3692 3084 et

434 3114 687 3181 operibus
710 3155 724 3177 ,
757 3114 1060 3170 instruatur
1104 3118 1374 3185 quomodo
1402 3134 1499 3188 per
1525 3128 1690 3176 totam
1721 3123 2012 3180 hebdoma-

436 3202 560 3255 dam
583 3203 902 3272 spiritaliter
924 3203 1034 3257 Deo
1055 3205 1237 3260 vivere
1259 3206 1483 3274 debeat;
1512 3217 1568 3264 et
1595 3212 1686 3281 qui
1713 3229 1810 3281 per
1837 3221 2010 3269 totam

438 3290 835 3346 hebdomadam
878 3309 1062 3347 curam
1094 3297 1336 3364 corporis
1364 3299 1614 3355 morituri
1643 3303 2012 3361 indesinenter

434 3380 565 3448 egit,
590 3395 654 3434 eo
671 3380 756 3434 die
778 3396 962 3435 curam
983 3382 1176 3437 animae
1201 3385 1254 3438 in
1271 3398 1589 3456 perpetuum
1612 3393 1836 3448 victum
1851 3410 2011 3466 agere

438 3476 612 3523 curet.

505 3579 688 3637 Primo
713 3582 955 3637 omnium
999 3585 1200 3640 dicitur
1245 3589 1539 3658 antiphona
1582 3593 1648 3648 ad
1700 3593 2004 3652 introitum.

433 3670 745 3741 Antiphona
780 3688 847 3727 ex
879 3673 1070 3729 Grieco
1097 3676 1481 3748 interpretatur
1503 3697 1605 3737 vox
1632 3686 1911 3755 reciproca
1948 3690 2003 3744 in

436 3761 654 3826 Latino,
684 3763 892 3818 duobus
919 3765 1227 3820 alternatim
1256 3770 1628 3840 psallentibus,
1651 3777 1839 3832 ordine
1862 3793 2010 3832 com-

435 3857 676 3915 mutato,
734 3851 848 3906 sive
875 3852 943 3906 de
991 3869 1100 3910 uno
1131 3857 1200 3911 ad
1247 3874 1432 3913 unum.
1476 3861 1627 3928 Quod
1664 3881 1830 3935 genus
1867 3868 2009 3937 psal-

435 3940 576 3994 lendi
601 3939 774 3996 Grieci
798 3943 1068 4000 invenisse
1098 3947 1384 4004 traduntur
1411 3967 1562 4020 :quze
1585 3954 1704 4008 ideo
1724 3956 1805 4008 Ad
1825 3956 2009 4012 introi-

433 4037 544 4080 tum
569 4028 788 4095 dicitur,
813 4032 937 4100 quia
968 4047 1067 4102 per
1093 4036 1235 4091 hanc
1264 4038 1548 4095 introimus
1574 4042 1641 4096 ad
1669 4043 1900 4100 oiIicium
1929 4047 2008 4100 di-

433 4120 634 4184 vinum,
669 4123 810 4178 sicut
839 4139 936 4194 per
961 4127 1242 4182 introitum
1271 4131 1398 4185 ostii
1444 4135 1511 4189 ad
1551 4146 1761 4192 secreta
1792 4139 2003 4195 domus.

433 4210 636 4267 Deinde
662 4213 956 4283 imponitur
983 4233 995 4269 :
1033 4215 1216 4272 Gloria
1231 4219 1385 4276 Patri
1413 4234 1460 4277 et
1489 4223 1638 4280 Filio
1682 4237 1740 4282 et
1787 4227 2006 4300 Spiritui

432 4311 634 4356 sancto.
676 4301 805 4369 Quae
849 4306 1011 4360 verba
1059 4308 1126 4362 ad
1172 4309 1488 4368 divisionem
1517 4317 1874 4384 psalmorum,
1912 4321 2004 4389 qui

2117 3103 2290 3159 Graeci
2320 3105 2509 3161 Latine
2550 3109 2854 3188 proferunt,
2913 3113 3040 3182 quia
3090 3122 3145 3169 et
3181 3115 3391 3170 illorum
3439 3121 3691 3188 quaedam

2111 3199 2300 3256 (ΣΙ-ωειλ
2321 3185 2596 3257 honestids
2613 3219 2772 3272 quam
2794 3205 3003 3272 Latina,
3027 3216 3080 3262 et
3096 3209 3340 3278 quaedam
3357 3185 3552 3265 Latina
3576 3228 3689 3267 me-

2112 3290 2216 3346 lius
2238 3309 2398 3362 quam
2421 3293 2609 3349 Graeca
2639 3307 2851 3363 sonant,
2885 3306 2939 3353 et
2983 3307 3044 3353 ut
3093 3316 3259 3354 unum
3285 3302 3400 3371 ejus
3428 3304 3686 3373 populum

2111 3397 2210 3438 nos
2228 3398 2346 3438 esse
2371 3388 2737 3453 ostendamus,
2769 3404 3044 3459 unumque
3076 3389 3244 3446 Deum
3274 3400 3574 3465 utrumque
3598 3410 3688 3466 po-

2108 3473 2293 3541 pulum
2337 3476 2578 3542 credere,
2627 3477 2812 3548 Kyrie,
2871 3481 3114 3548 Domine,
3147 3483 3370 3551 eieison,
3405 3488 3684 3542 miserere.

2110 3561 2332 3631 Christe,
2363 3565 2576 3633 eleison,
2604 3569 2778 3634 idest,
2801 3573 2962 3640 quies
2977 3583 3168 3630 unctus
3193 3592 3301 3630 non
3328 3577 3449 3632 oleo
3471 3580 3685 3646 visibili,

2109 3657 2203 3710 sed
2233 3657 2564 3727 plenitudine
2592 3660 2920 3729 divinitatis,
2954 3665 3232 3721 miserere.
3279 3666 3418 3722 Nam
3459 3669 3686 3725 chrisma

2108 3746 2308 3803 dicitur
2335 3752 2534 3806 unctio.

2178 3841 2371 3913 Incipit
2396 3845 2587 3900 deinde
2629 3846 2883 3902 sacerdos
2919 3865 2932 3902 :
2981 3845 3161 3903 Gloria
3192 3852 3245 3905 in
3289 3853 3511 3907 excelsis
3553 3853 3680 3919 Deo,

2108 3932 2367 4002 hymnum
2394 3934 2447 3986 in
2474 3934 2755 3989 nativitate
2787 3935 3084 3992 Salvatoris
3130 3939 3199 3992 ab
3239 3941 3447 4011 angelis
3489 3943 3680 3996 decan-

2108 4029 2278 4076 tatum
2304 4040 2317 4076 :
2349 4023 2444 4078 sed
2466 4039 2497 4077 a
2531 4025 2690 4079 beato
2723 4023 2925 4081 Hilario
2968 4027 3292 4085 Pictaviensi
3321 4042 3511 4100 postea
3542 4046 3563 4072 ε
3589 4049 3682 4086 au-

2109 4120 2255 4166 ctum
2289 4120 2344 4167 et
2372 4125 2836 4183 consummatum,
2865 4127 2920 4172 et
2961 4119 3063 4174 hoc
3107 4120 3281 4190 ipsum
3309 4121 3377 4176 ad
3429 4123 3682 4178 imitatio—

2109 4222 2233 4260 nem
2263 4208 2602 4278 angelorum,
2634 4217 2695 4264 ut
2727 4213 3077 4266 ostendamus
3110 4230 3208 4268 nos
3233 4217 3484 4270 eumdem
3507 4216 3683 4273 Domi~

2108 4314 2236 4352 num
2260 4298 2439 4354 colere
2465 4300 2519 4353 in
2545 4302 2734 4367 terris,
2783 4317 2941 4373 quem
2970 4311 3024 4359 et
3052 4305 3241 4376 Angeli
3277 4317 3605 4363 venerantur
3630 4311 3680 4363 in

433 4393 583 4462 prius
635 4393 1006 4451 indifferenter
1058 4401 1420 4469 canebantur,
1483 4405 1674 4462 beatus
1735 4409 2001 4481 Iiierony-
2035 4389 2285 4459 υοωιίδ-

432 4499 554 4538 mus
582 4525 596 4548 ,
639 4485 871 4543 Damaso
907 4505 1044 4560 papa
1082 4500 1297 4561 petente
1323 4536 1338 4560 ,
1379 4502 1703 4568 composuit.
1743 4502 1848 4559 Sed
1877 4521 2003 4560 cum

431 4591 773 4646 nequaquam
817 4581 872 4636 id
915 4582 1186 4640 sufﬁceret
1213 4627 1227 4652 ,
1278 4590 1541 4657 praedicto
1578 4595 1874 4664 apostolico
1904 4598 2005 4652 ite-

433 4687 550 4726 rum
591 4683 942 4743 suggerente,
983 4677 1187 4734 addidit
1216 4681 1388 4736 adhuc
1422 4697 1436 4735 :
1466 4681 1612 4737 Sicut
1645 4695 1757 4739 erat
1786 4688 1839 4740 in
1866 4690 2008 4757 prin-

431 4764 566 4832 cipio
592 4803 606 4828 ,
648 4773 752 4819 etc.
791 4765 858 4819 Et
887 4768 990 4823 hoc
1019 4771 1086 4823 ad
1117 4780 1308 4826 nutum
1333 4772 1545 4827 diaconi
1574 4775 1650 4828 ait
1681 4786 1893 4843 cantor,
1924 4779 2003 4832 si-

431 4866 524 4911 cut
550 4866 606 4912 et
628 4856 790 4928 Kyrie
809 4859 1022 4925 eleison,
1054 4863 1178 4932 quia
1208 4866 1274 4918 ad
1304 4866 1405 4921 hoc
1435 4867 1488 4920 in
1525 4868 1886 4924 ministerium
1911 4873 2004 4926 ad-

433 4951 692 5015 mittitur,
717 4958 778 5004 ut
797 4950 1028 5007 ollicium
1057 4956 1265 5027 integre
1293 4960 1477 5030 peragi
1507 4962 1696 5028 possit.
1731 4962 2002 5029 Quoniam

430 5047 711 5117 presbyter
738 5048 852 5102 sine
897 5050 1122 5105 diacono
1171 5068 1364 5108 nomen
1397 5057 1561 5126 habet
1582 5099 1596 5123 ,
1626 5057 1858 5114 cilicium
1893 5078 2001 5116 non

431 5137 611 5192 habet.

431 5227 439 5237 '
499 5227 675 5282 Induit
698 5231 953 5287 diaconus
988 5232 1325 5290 dalmaticam
1353 5237 1405 5291 in
1433 5238 1837 5296 similitudinem
1873 5258 2003 5298 cru-

428 5316 506 5375 cis
528 5359 542 5383 ,
586 5329 645 5375 ut
674 5322 767 5392 qui
794 5324 1041 5380 minister
1063 5327 1212 5382 verbi
1241 5327 1474 5396 Christi,
1506 5333 1814 5400 passionem
1858 5333 2002 5390 illius

499 5487 523 5515 α
565 5476 655 5531 Sic
685 5477 1022 5554 Mabillonius
1046 5481 1176 5554 legit
1202 5483 1253 5537 in
1274 5483 1518 5554 Liturgia
1544 5485 1816 5540 Gallicana
1863 5497 1995 5543 tom.

428 5541 468 5605 1ο
513 5559 630 5626 (ἔθυε
673 5547 726 5611 ’ίν
776 5564 896 5626 ναξ.
930 5550 1017 5604 ²9α
1051 5541 1203 5620 Apud
1231 5541 1624 5626 Quei'cetaiitlm
1677 5541 1995 5626 legebatur,

429 5622 603 5677 postea
632 5626 802 5668 actum
826 5658 837 5680 ,
866 5619 1012 5681 loco,
1039 5619 1266 5675 auctum.
1305 5624 1379 5678 De
1400 5635 1616 5680 auctore
1635 5619 1790 5695 hujus
1808 5619 1996 5697 hymni

2181 4499 2374 4556 Postea
2401 4502 2534 4557 dicit
2555 4504 2836 4560 sacerdos:
2863 4505 3120 4563 Dominus
3133 4510 3420 4576 vobiscum,
3449 4514 3679 4568 salutans

2109 4589 2363 4660 populum
2389 4597 2444 4645 et
2471 4608 2651 4656 orans,
2681 4602 2740 4649 ut
2759 4595 3018 4651 Dominus
3044 4597 3116 4652 sit
3142 4614 3263 4653 cum
3297 4603 3409 4666 eis,
3447 4603 3585 4658 sicut
3607 4604 3680 4658 di-

2111 4689 2306 4750 gnatus
2335 4689 2419 4736 est
2443 4681 2622 4736 dicere
2645 4699 2744 4752 per
2759 4685 3113 4755 Prophetam:
3142 4687 3458 4747 Inhabitabo
3486 4695 3539 4745 in
3561 4693 3676 4754 illis,

2111 4777 2166 4822 ct
2193 4769 2396 4838 reliqua
2447 4770 2532 4842 (Il
2566 4770 2686 4826 Cor.
2716 4790 2793 4838 v1,
2826 4773 2912 4845 16)
2944 4793 2956 4827 :
2990 4777 3215 4846 etquod
3257 4777 3512 4836 Salvator
3558 4784 3676 4838 dixit

2110 4859 2384 4929 discipulis
2431 4863 2564 4929 suis,
2613 4873 2666 4918 et
2689 4864 2742 4918 in
2772 4866 2894 4930 illis,
2939 4869 3191 4924 omnibus
3223 4870 3479 4930 ﬁdelibus
3513 4895 3525 4928 :
3556 4876 3678 4930 Ecce

2108 4966 2200 5020 ego
2228 4952 2487 5005 vobiscum
2518 4970 2633 5006 sum
2665 4953 2879 5026 (Matth.
2912 4973 3103 5025 XXVIII,
3137 4959 3250 5031 c20).
3283 4962 3384 5029 Qui
3411 4966 3678 5020 salutatio-

2108 5045 2191 5098 nis
2221 5060 2398 5100 sermo
2431 5061 2536 5100 non
2568 5047 2803 5102 humano
2831 5049 3061 5105 arbitrio
3098 5056 3467 5123 compositus,
3494 5057 3588 5111 sed
3620 5072 3679 5111 ex

2107 5135 2300 5190 divinae
2327 5136 2620 5208 Scriptum:
2643 5139 2969 5194 auctoritate
2992 5142 3255 5212 probatur
3280 5156 3533 5215 sumptus
3549 5189 3564 5212 ,
3596 5148 3679 5202 ubi

2106 5223 2418 5294 frequenter
2455 5236 2511 5280 et
2545 5227 2894 5298 singulariter
2933 5239 2987 5285 et
3020 5234 3313 5300 plurariter
3348 5241 3566 5308 positus
3610 5241 3678 5293 le-

2100 5313 2246 5383 gitur
2283 5315 2705 5384 :singulariter,
2755 5319 2895 5373 sicut
2939 5321 3163 5391 angelus
3213 5327 3284 5380 ad
3325 5328 3544 5384 beatam
3576 5329 3680 5385 lia-

2103 5493 2349 5578 videatur
2373 5495 2759 5578 Fillempntius
2807 5508 2935 5578 tom.
2974 5504 3082 5578 νη,
3118 5523 3242 5578 pag.
3294 5509 3437 5575 467;
3485 5521 3542 5565 et
3593 5511 3683 5565 Ri-

2103 5565 2334 5653 vet‘us'in
2370 5565 2536 5653 Gallia
2573 5568 2861 5653 Litteraria
2889 5580 3012 5628 tom.
3050 5565 3274 5647 l,'pavrt.
3311 5596 3372 5647 ιι,
3401 5565 3530 5653 pag.
3565 5583 3682 5641 180.

2109 5635 2223 5687 Vili.
2258 5635 2392 5706 llug.
2421 5636 2657 5693 Mcnard.
2692 5648 2802 5694 not.
2834 5642 2882 5694 7.
