3914 6178
224 243 361 299 19.49

1029 248 1176 304 OPP.
1219 247 1621 305 SUPPOSITA.
1660 278 1727 287 --
1765 246 1889 301 LIB.
1933 247 2019 301 DE
2055 246 2300 302 DIVINIS
2336 246 2641 304 OFFlClIS.

3322 251 3459 309 {250

220 361 357 415 riam
381 374 396 413 :
416 359 540 423 Ave,
568 360 737 429 gratia
760 359 933 431 pleno,
954 361 1207 416 Dominus
1229 372 1395 415 tecum
1412 360 1562 433 (Luc.
1593 359 1738 430 |,28)
1769 378 1779 410 :
1818 363 1859 417 Α
1891 359 2042 411 tiam.
2074 357 2239 412 Amen
2272 374 2400 414 vero
2431 358 2771 414 conﬁrmatio
2791 367 2876 414 est
2901 358 3164 416 orationis
3187 376 3217 416 a
3243 365 3457 431 populo.

219 456 278 503 et
317 448 458 503 sicut
494 447 564 502 ad
607 446 913 503 Gedeonem
959 449 1208 504 similiter
1240 448 1459 517 angelus
1503 447 1788 502 salutando

218 538 358 592 dixit
389 555 403 590 :
436 536 691 591 Dominus
717 546 902 600 tecum,
929 538 1157 590 virorum
1178 537 1456 606 fortissim
1480 534 1677 607 (ludio.
1709 549 1785 598 v1,

220 626 310 697 12)
338 641 354 679 :
388 626 688 691 Pluraliter,
712 627 852 682 sicut
880 627 935 679 in
967 626 1102 680 libro
1130 626 1277 679 Ruth
1302 624 1500 694 legitur
1526 623 1666 677 Booz
1696 637 1785 678 sa-

218 718 441 772 lutando
462 717 664 773 dixisse
696 717 1025 772 messoribus
1050 717 1165 771 suis
1190 734 1202 768 :
1243 716 1499 770 Dominus
1528 714 1787 769 vobiscum

220 806 407 877 (Ruth.
437 822 515 872 ιι,
537 806 593 879 4)
626 825 639 861 :
670 816 727 861 et
753 808 892 862 sicut
915 807 969 861 in
994 807 1447 874 Paralipomenon
1468 806 1731 876 propheta
1758 818 1790 858 a

218 896 332 952 Deo
357 897 571 961 missus,
628 897 898 951 invenitur
949 897 1212 952 salutasse
1258 894 1369 950 Aza
1420 910 1602 966 regem
1653 892 1789 949 Juda

222 1000 349 1042 cum
392 985 631 1041 exercitu
660 1002 758 1041 suo
788 987 1023 1042 vietores
1069 988 1135 1042 de
1182 986 1368 1057 praelio
1406 993 1735 1040 revertentes
1771 1002 1783 1037 :

227 1075 480 1130 Dominus
501 1076 782 1142 vobiscum,
813 1077 936 1149 quia
968 1078 1142 1148 fuistis
1162 1095 1280 1132 cum
1304 1077 1528 1132 Domino
1559 1075 1646 1147 (II
1675 1075 1787 1129 Ρα-

222 1168 325 1225 rol.
355 1169 549 1240 ΠΛ).
590 1156 833 1226 Ecclesia
878 1184 1007 1243 ergo
1058 1179 1168 1226 tam
1219 1171 1421 1226 salubri
1470 1169 1789 1225 salutatione

223 1259 517 1314 sacerdotis
556 1269 815 1329 accepta,
868 1269 924 1316 et
970 1262 1084 1330 ipsa
1141 1262 1483 1317 resalutando
1534 1266 1656 1314 orat
1681 1300 1695 1325 ,
1735 1266 1789 1314 et

222 1346 426 1403 orando
475 1348 734 1402 resalutat
775 1367 788 1401 :
838 1350 1139 1419 postulans,
1192 1358 1254 1403 ut
1303 1350 1445 1405 sicut
1470 1348 1558 1404 ille
1586 1349 1791 1418 Optavit

223 1434 516 1489 Dominum
529 1451 648 1490 esse
671 1453 794 1492 cum
821 1437 972 1505 ipsis,
998 1438 1073 1492 ita
1099 1439 1170 1493 sit
1190 1446 1385 1493 etcum
1407 1438 1547 1508 ipso,
1570 1437 1783 1493 dicens:

222 1524 433 1579 Etcum
454 1527 642 1597 spiritu
668 1535 777 1593 tuo,
807 1526 862 1581 id
903 1535 1009 1593 est,
1049 1543 1170 1583 cum
1201 1529 1378 1583 anima
1405 1537 1497 1583 tua
1513 1521 1595 1584 'sit
1618 1528 1792 1583 omni-

220 1624 416 1685 potens
436 1617 598 1682 Deus,
629 1624 691 1671 ut
732 1617 890 1688 digne
913 1633 1013 1688 pro
1043 1626 1228 1673 nostra
1284 1618 1455 1673 salute
1500 1634 1623 1673 eum
1662 1633 1791 1673 exo-

1887 446 2275 515 lnterpretatur
2315 449 2479 513 enim,
2530 462 2691 514 vere,
2733 448 2848 503 sive
2899 449 3150 516 ﬁdeliter,
3203 460 3459 522 tanquam

1888 537 2217 608 respondens
2244 538 2467 607 populus
2512 539 2654 594 dicat
2679 554 2694 593 :
2717 541 2859 595 Vere
2894 540 2970 596 ita
3017 541 3249 597 ﬁdeliter
3287 545 3464 599 credi-

1887 643 2011 683 mus
2029 628 2168 683 sicut
2189 629 2344 694 dicis,
2374 628 2568 684 Filium
2597 631 2846 687 videlicet
2868 633 2966 688 Dei
2993 641 3118 689 ante
3152 635 3331 689 omnia
3363 652 3460 691 sae-

1887 722 2029 786 cula,
2060 730 2114 776 et
2137 721 2191 776 in
2229 723 2500 792 prmsenti,
2531 732 2586 778 et
2614 724 2668 778 in
2692 723 2873 781 futuro
2895 743 3120 798 regnare
3140 743 3265 801 cum
3306 728 3464 784 Patre

1887 818 1942 866 et
1984 810 2187 881 Spiritu
2229 820 2436 878 sancto,
2490 822 2546 869 et
2596 829 2822 885 regnum
2869 831 2933 871 ac
2976 825 3303 887 potestatem
3346 820 3467 892 ejus

1888 900 2033 955 nullo
2056 901 2161 955 ﬁne
2190 902 2457 957 concludi.
3146 912 3149 919 '

1958 989 2161 1043 Deinde
2186 990 2429 1058 sequitur
2448 992 2603 1048 lectio
2631 995 2922 1063 apostolica
2948 1004 3072 1052 ante
3087 998 3462 1070 Evangelium,

1889 1092 1995 1131 non
2019 1092 2181 1133 causa
2229 1078 2536 1148 dignitatis,
2579 1083 2675 1137 sed
2719 1085 2786 1139 ad
2824 1100 3027 1140 morem
3081 1090 3463 1157 apostolorum,

1889 1167 2132 1236 quiante
2178 1168 2465 1225 Dominum
2507 1172 2680 1240 ibant,
2721 1174 2861 1229 sicut
2890 1188 3073 1232 narrat
3100 1179 3465 1249 Evangelium,

1888 1272 2025 1327 quos
2050 1258 2297 1313 mittebat
2336 1258 2594 1316 Deminus
2633 1270 2756 1318 ante
2792 1279 2849 1320 se
2875 1266 3031 1321 binos
3066 1276 3123 1321 et
3143 1268 3317 1323 binos.
3349 1269 3472 1338 Epi-

1890 1346 2025 1402 stola
2049 1356 2229 1402 autem
2256 1350 2454 1404 dicitur
2477 1355 2810 1423 supermissa,
2840 1370 2904 1409 eo
2934 1357 3076 1424 quod
3111 1373 3272 1428 super
3301 1359 3469 1412 Vetus

1892 1435 2297 1491 Testamentum
2347 1445 2402 1493 et
2444 1440 2791 1509 Evangelium
2820 1444 2982 1498 missa
3021 1445 3110 1510 sit,
3166 1462 3271 1500 non
3307 1463 3469 1502 causa

1891 1523 2186 1594 dignitatis,
2225 1526 2319 1581 sed
2350 1536 2408 1582 ut
2431 1530 2680 1600 quisque,
2708 1532 2799 1600 qui
2827 1533 3175 1604 Evangelium
3199 1535 3359 1589 fuerit
3385 1536 3468 1588 in-

1891 1631 2138 1688 gressus,
2170 1618 2244 1672 ibi
2282 1617 2520 1676 inveniat
2556 1622 2879 1677 medicinam
2925 1625 3136 1679 salutis.
3175 1624 3470 1694 Incipiente

223 1719 314 1760 res
344 1723 358 1759 :
382 1713 438 1761 et
463 1722 569 1761 non
599 1707 750 1773 dicit,
768 1707 976 1773 Tecum,
1005 1709 1120 1774 sed,
1138 1724 1253 1762 cum
1278 1710 1463 1780 spiritu
1489 1720 1598 1775 tuo,
1628 1717 1685 1763 ut
1705 1707 1787 1763 οὶ·-
1817 1694 1863 1756 Β
1889 1714 2068 1761 autem
2104 1708 2433 1765 subdiacono
2466 1710 2816 1781 apostolicam
2843 1711 3126 1768 lectionem
3148 1753 3163 1777 ,
3191 1716 3349 1767 verso
3377 1729 3471 1767 or-
3530 1714 3545 1757 ξ

150 1812 161 1823 ι
224 1793 409 1849 ﬁcium
444 1794 854 1850 subsecuturum
885 1797 1201 1867 spiritaliter
1230 1804 1400 1851 totum
1434 1796 1549 1853 ﬁeri
1597 1797 1792 1852 intelli-

223 1894 402 1956 gatur.
454 1886 523 1941 Et
561 1886 698 1941 bene
726 1886 985 1942 Dominus
1010 1902 1134 1943 cum
1164 1887 1357 1958 spiritu
1402 1887 1637 1943 hominis
1672 1900 1793 1943 esse

222 1983 463 2045 optatur,
484 1976 610 2045 quia
636 1976 691 2030 in
717 1976 909 2046 spiritu
959 1984 1016 2031 et
1059 1984 1238 2032 mente
1281 1978 1533 2032 rationali
1576 1984 1792 2032 creatus

222 2072 309 2120 est
344 2065 506 2121 homo
532 2066 601 2121 ad
627 2066 914 2135 imaginem
945 2075 1001 2121 et
1046 2067 1451 2123 similitudinem
1482 2068 1598 2134 Dei,
1631 2074 1688 2122 et
1714 2066 1791 2122 ibi

222 2164 310 2213 est
335 2171 505 2227 capax
536 2156 730 2210 divina:
751 2156 938 2226 gratiae
963 2164 1020 2211 et
1042 2156 1469 2213 illuminationis.

298 2248 406 2304 Sed
441 2256 496 2304 et
523 2247 612 2302 illa
642 2247 893 2303 salutatio
918 2248 1237 2318 episcopalis
1264 2248 1328 2304 ad
1352 2248 1605 2319 pupulum
1623 2290 1637 2314 ,
1688 2263 1794 2319 qua

226 2338 424 2394 dicitur
448 2356 462 2392 :
495 2336 616 2392 Pax
636 2338 914 2405 vobiscum,
939 2341 1053 2394 sive
1081 2339 1202 2394 Pam
1229 2340 1391 2403 vobis,
1415 2339 1663 2394 similiter
1689 2354 1794 2393 non

227 2430 466 2484 humano
494 2444 658 2485 sensu
709 2430 964 2495 inventa,
1020 2432 1113 2486 sed
1141 2430 1207 2486 de
1251 2429 1544 2500 Scriptura:
1593 2440 1797 2486 sanctae

230 2521 557 2577 auctoritate
578 2528 790 2590 sumpta
813 2528 915 2576 est.
931 2521 1063 2576 Nam
1084 2530 1137 2576 et
1165 2523 1218 2576 in
1247 2522 1429 2577 Veteri
1453 2521 1799 2577 Testamento

227 2610 508 2667 invenitur
543 2610 744 2668 dixisse
780 2612 1001 2682 angelus
1048 2611 1255 2666 Dauieli
1296 2613 1576 2683 prophetas
1607 2631 1620 2667 :
1669 2611 1798 2668 Noli

224 2703 439 2771 timere,
461 2703 551 2758 uir
572 2702 953 2758 desideriorum
977 2723 997 2761 :
1015 2720 1123 2774 pax
1144 2703 1259 2769 tibi,
1275 2703 1593 2774 confortare,
1622 2713 1672 2759 et
1691 2714 1799 2760 esto

228 2791 479 2847 robustus
508 2791 670 2865 (Dan.
701 2807 757 2858 ι,
788 2790 900 2863 l9).
924 2791 992 2847 Et
1022 2792 1078 2846 in
1102 2791 1272 2858 Novo,
1298 2793 1355 2848 id
1382 2800 1485 2859 est,
1528 2793 1584 2849 in
1623 2795 1802 2849 Evan-

220 2882 398 2954 gelio,
425 2895 566 2952 pene
592 2895 807 2951 semper
858 2882 934 2936 ita
986 2881 1181 2952 legitur
1227 2881 1485 2938 Dominus
1530 2882 1801 2954 apostolos

234 2971 503 3028 salutasse
519 2971 790 3026 dicendo:
824 2968 946 3025 Pax
992 2971 1153 3037 vobis,
1198 2979 1255 3027 et
1294 2972 1498 3028 eisdem
1544 2973 1802 3044 apostolis

224 3062 483 3120 eamdem
500 3060 840 3116 salutationis
858 3059 1088 3116 formam
1111 3061 1538 3127 commendavit,
1569 3062 1754 3118 dicens
1784 3080 1797 3117 :

235 3150 309 3208 In
339 3167 698 3222 quamcunque
753 3150 1013 3205 civitatem
1065 3159 1156 3204 aut
1193 3149 1407 3205 domum
1443 3151 1761 3206 intraveritis
1786 3191 1803 3218 ,

235 3240 464 3298 salutate
482 3256 597 3295 eam
620 3279 636 3305 ,
673 3239 904 3294 dicentes
943 3255 962 3294 :
1004 3237 1123 3294 Pax
1150 3240 1272 3293 huic
1295 3239 1475 3294 domui
1497 3238 1714 3311 (Matth.
1745 3256 1804 3307 χ,

238 3331 350 3402 i2).
392 3330 582 3386 Merito
601 3345 732 3402 ergo
751 3336 808 3385 et
834 3329 1205 3400 apostolorum
1229 3328 1394 3401 5.99
1420 3345 1764 3387 successores
1786 3371 1803 3398 ,

232 3423 293 3479 id
320 3430 405 3478 est
432 3422 793 3478 Ecclesiarum
817 3422 1074 3493 praesules
1097 3461 1113 3488 ,
1168 3421 1272 3477 hac
1298 3421 1623 3478 salutatione
1642 3430 1809 3477 utun—

234 3521 354 3574 tur,
377 3509 595 3565 domum
644 3509 742 3564 Dei
777 3509 1093 3575 salutantes,
1127 3510 1218 3565 ubi
1239 3525 1428 3566 omnes
1445 3519 1658 3581 oportet
1673 3512 1814 3569 ﬁlios

234 3615 358 3658 esse
394 3601 543 3673 pacis
569 3639 585 3665 ,
622 3607 683 3653 ut
718 3599 975 3653 salutatio
1025 3599 1176 3668 pacis
1235 3614 1399 3669 super
1452 3616 1546 3656 eos
1597 3604 1811 3671 requie-

241 3708 407 3751 scens
432 3732 448 3759 ,
488 3700 545 3748 et
579 3691 937 3746 salutantibus
971 3699 1028 3745 et
1072 3689 1321 3745 salutatis
1350 3691 1520 3760 possit
1547 3705 1667 3747 esse
1696 3692 1812 3747 fru-

234 3790 456 3840 ctuosa.

311 3878 517 3933 Deinde
544 3876 693 3941 dicit,
717 3874 960 3940 Oremus,
980 3874 1219 3930 invitans
1243 3888 1426 3929 secum
1451 3872 1728 3942 populum,
1753 3881 1815 3927 ut

243 3969 405 4027 simul
446 3976 624 4025 orent.
648 3967 982 4038 Quapropter
1009 3966 1228 4022 acclivis
1257 3965 1414 4021 debet
1439 3978 1558 4019 esse
1590 3962 1815 4035 populus

244 4075 525 4131 usquequo
568 4059 820 4115 sacerdos
856 4057 1083 4129 incipiat
1126 4057 1347 4112 dicere:
1382 4052 1489 4109 Per
1517 4053 1689 4108 omnia
1718 4069 1817 4107 sa:-

246 4149 368 4205 cula
394 4149 726 4205 «sculorum.
764 4146 1022 4218 Sequitur
1053 4144 1303 4211 Collecta,
1349 4158 1470 4214 quae
1505 4143 1647 4199 dicta
1679 4150 1764 4197 est
1784 4157 1814 4196 a

245 4240 584 4307 collectione,
622 4254 689 4295 eo
713 4238 855 4309 quod
896 4251 966 4292 ex
995 4236 1315 4292 auctoritate
1337 4233 1643 4289 divinarum
1672 4231 1818 4288 Scri-

1825 3026 1874 3088 (Ξ

1892 1799 2016 1855 dine
2035 1800 2177 1856 cerei
2223 1803 2623 1857 transferuntur
2660 1803 2728 1857 ab
2769 1804 2979 1857 oriente
3026 1804 3078 1858 in
3115 1803 3470 1865 occidentem,

1890 1899 1951 1946 ut
1972 1892 2392 1961 demonstretur,
2434 1910 2534 1965 per
2582 1909 2769 1951 vocem
2800 1901 2855 1949 et
2895 1909 2993 1964 per
3034 1893 3472 1963 pmdicationem

1891 1982 2255 2051 apostolorum
2301 1990 2473 2039 totum
2508 1984 2767 2038 mundum
2817 1984 2990 2055 gratia
3034 1983 3157 2038 ﬁdei
3203 1983 3473 2038 illumina-

1893 2076 2029 2135 tum,
2080 2087 2188 2126 non
2241 2072 2415 2129 solum
2458 2090 2490 2128 a
2534 2073 2757 2127 meridie
2802 2074 2856 2128 in
2904 2074 3346 2143 septentrionem,
3378 2074 3471 2128 sed

1892 2160 2053 2213 etiam
2083 2160 2151 2214 ab
2177 2162 2385 2216 oriente
2415 2161 2470 2215 in
2492 2162 2848 2217 occidentem.
2877 2161 3105 2217 Nomine
3131 2163 3274 2217 enim
3297 2164 3472 2218 orien-

1894 2249 1965 2302 tis
1993 2256 2048 2303 et
2076 2248 2371 2304 occidentis
2390 2290 2404 2315 ,
2436 2250 2617 2304 omnia
2645 2250 2861 2304 climata
2891 2251 3075 2305 mundi
3116 2253 3471 2320 comprehen-

1896 2341 2113 2407 duntur,
2156 2343 2377 2411 etquod
2407 2350 2485 2397 tot
2524 2342 2712 2397 diebus
2746 2341 2824 2396 sol
2859 2357 2955 2397 sua
2994 2342 3278 2412 prmsentia
3315 2359 3378 2398 ea
3408 2343 3475 2397 il-

1895 2430 2105 2495 lustret,
2159 2431 2299 2486 sicut
2336 2433 2447 2486 ibi:
2483 2431 2705 2486 Veniant
2754 2430 2819 2485 ab
2867 2433 3066 2486 oriente
3110 2442 3158 2487 et
3215 2433 3477 2488 occidente

1899 2520 2049 2594 (Luc.
2081 2540 2198 2590 xm,
2226 2522 2339 2595 29).

1966 2610 2316 2667 Postmodum
2343 2620 2594 2668 cantatur
2619 2613 3041 2684 responsorium,
3082 2613 3307 2678 dictum,
3335 2612 3479 2683 quod

1899 2700 2127 2770 acapite
2161 2709 2456 2771 repetatur.
2501 2701 2705 2757 Deinde
2748 2708 3001 2758 cantatur
3044 2699 3292 2768 Alleluia,
3333 2702 3480 2770 quod

1899 2801 1966 2842 ex
1987 2786 2215 2843 Hebraeo
2243 2788 2298 2843 in
2325 2788 2577 2844 Latinum
2599 2788 3008 2859 interpretatum
3031 2796 3206 2854 sonat,
3234 2786 3472 2842 Laudatc

1899 2870 2103 2946 Deum;
2144 2878 2270 2936 nam
2308 2880 2557 2947 Alleluia,
2605 2880 2823 2946 dicitur,
2866 2877 3120 2933 laudate:
3150 2876 3237 2943 Ia,
3286 2891 3483 2932 nomen

1901 2968 1997 3025 Dei
2026 2977 2129 3036 est,
2157 2985 2324 3024 unum
2347 2982 2413 3024 ex
2441 2969 2626 3025 decem
2664 2969 2995 3034 nominibus,
3038 2968 3237 3039 quibus
3262 2976 3485 3022 vocatur

1904 3059 2049 3116 Deus
2092 3061 2232 3130 apud
2274 3060 2548 3116 Hebraeos.
2607 3060 2841 3116 Alleluia
2897 3068 3099 3123 autem,
3147 3060 3380 3130 primum
3430 3059 3484 3114 in

1903 3151 2054 3208 Novo
2075 3152 2422 3208 Testamento
2442 3150 2686 3206 additum
2715 3158 2817 3215 est,
2847 3150 3056 3205 dicente
3099 3149 3346 3204 Joanne:
3377 3148 3488 3203 Au—

1905 3242 2013 3296 divi
2051 3258 2226 3296 vocem
2263 3242 2320 3296 in
2347 3240 2474 3296 coelo
2519 3241 2801 3295 dicentium
2828 3252 2845 3290 :
2870 3238 3101 3294 Alleluia
3135 3240 3337 3310 (Apoc.
3368 3254 3486 3307 six,

1905 3330 1939 3386 6
1966 3328 2010 3401 ),
2037 3338 2091 3387 et
2116 3332 2243 3401 quia
2267 3332 2373 3387 hac
2410 3345 2542 3386 voce
2570 3328 2803 3401 Angelos
2824 3327 2878 3383 in
2905 3327 3043 3384 caelo
3066 3328 3236 3384 Deum
3265 3327 3490 3384 laudare

1906 3423 2271 3495 cognovimus,
2318 3420 2625 3489 hujusmodi
2667 3433 2801 3475 voce
2853 3417 3176 3473 laudationis
3219 3418 3486 3473 creditum

1906 3521 1992 3568 est
2021 3513 2189 3567 Deum
2228 3510 2502 3567 delectari.
2559 3510 2673 3565 Hoc
2700 3524 2916 3579 quoque
2961 3509 3083 3563 ideo
3120 3508 3396 3572 canimus,
3426 3514 3489 3560 ut

1908 3605 2156 3660 eumdem
2198 3603 2366 3657 Deum
2398 3618 2496 3658 nos
2525 3601 2705 3656 colere
2736 3601 2788 3654 in
2825 3607 2969 3655 terra
2997 3601 3366 3661 ostendamus,
3398 3595 3492 3663 qui

1909 3694 2075 3749 etiam
2110 3693 2311 3748 colitur
2334 3692 2402 3745 ab
2442 3691 2645 3759 angelis
2670 3690 2725 3743 in
2754 3689 2912 3752 caelo,
2943 3695 2998 3741 et
3029 3689 3130 3741 hoc
3157 3696 3282 3740 ante
3306 3685 3494 3738 lectio-

1911 3799 2034 3840 nem
2063 3783 2427 3853 evangelicam
2454 3795 2484 3833 a
2520 3788 2743 3834 cantore
2781 3776 3175 3845 interponitur,
3216 3782 3278 3828 ut
3304 3772 3489 3828 laude-

1911 3882 2002 3928 tur
2022 3873 2089 3927 ab
2118 3870 2391 3932 omnibus,
2419 3866 2571 3935 cujus
2597 3866 2770 3935 gratia
2797 3865 3075 3920 salvantur
3095 3877 3305 3927 omnes,
3334 3861 3490 3932 quasi

1914 3963 2060 4020 dicat
2108 3979 2120 4014 :
2172 3959 2310 4027 Quia
2347 3957 2511 4012 verba
2554 3955 2830 4026 Evangelii
2885 3952 3114 4008 salutem
3160 3951 3496 4009 confercntia

1914 4070 2041 4110 mox
2068 4049 2307 4107 audituri
2333 4038 2485 4113 estis,
2526 4047 2740 4102 laudate
2776 4046 3082 4110 Dominum,
3117 4042 3270 4113 cujus
3295 4042 3499 4099 beneﬁ-

1917 4147 2002 4202 cio
2030 4146 2170 4200 hanc
2196 4141 2427 4213 gratiam
2448 4138 2727 4209 percipere
2753 4136 3049 4192 meruistis.

1987 4235 2241 4292 Defertur
2269 4230 2609 4301 evangelium
2655 4229 2722 4284 ad
2766 4227 3096 4300 analogium,
3145 4223 3498 4296 praecedenti-

245 4340 525 4402 pturarnm
572 4331 682 4387 sint
721 4329 965 4394 collecta,
1016 4341 1136 4398 quae
1160 4325 1215 4380 in
1258 4324 1500 4380 Ecclesia
1544 4324 1813 4395 leguntur,
1845 4328 2019 4425 Dbus
2059 4325 2269 4383 cereis:
2300 4330 2362 4378 ut
2386 4320 2707 4376 ostendatur
2731 4319 2905 4391 gratia
2942 4316 3109 4387 ipsius
3148 4312 3405 4369 mundum
3431 4311 3499 4365 il-

246 4421 389 4477 sicut
428 4429 515 4477 est
549 4420 639 4476 illa
673 4421 741 4476 de
766 4420 940 4475 tribus
972 4417 1184 4489 pueris;
1219 4414 1307 4471 vel
1352 4415 1498 4486 quod
1539 4428 1605 4469 ex
1635 4413 1816 4468 multis

245 4510 587 4568 sermonibus
612 4526 716 4566 una
755 4510 1039 4580 colligatur
1075 4506 1280 4572 oratio;
1312 4506 1425 4560 sive
1443 4520 1474 4559 a
1504 4504 1816 4560 collectione

243 4602 334 4659 vel
359 4603 617 4660 societate
645 4601 840 4657 dicitur
878 4597 1080 4670 pOpuli,
1112 4596 1204 4668 qui
1247 4604 1377 4651 tunc
1419 4596 1475 4651 in
1499 4610 1664 4649 unum
1688 4607 1816 4648 con-

243 4710 474 4753 currens
501 4692 787 4765 colligitur.
838 4690 963 4745 ldeo
990 4697 1170 4744 autem
1211 4688 1267 4742 in
1290 4686 1540 4742 omnibus
1576 4683 1817 4740 collectis

244 4786 646 4857 interponitur,
694 4780 802 4837 Per
846 4781 1129 4835 Dominum
1168 4788 1402 4833 nostrum
1444 4774 1626 4829 Iesum
1662 4771 1817 4827 Chri-

243 4889 405 4941 stum,
432 4884 563 4940 etc.,
588 4882 651 4929 ut
667 4887 827 4929 omne
847 4871 990 4941 quod
1015 4870 1174 4924 datur
1203 4884 1233 4922 a
1257 4868 1438 4932 Patre,
1461 4864 1819 4934 intelligamus

243 4984 344 5042 per
364 4968 563 5024 Filium
586 4967 705 5036 ejus
728 4979 827 5019 nos
847 4962 1107 5033 accipere,
1137 4959 1289 5029 cujus
1303 4956 1591 5013 haereditate
1611 4970 1816 5011 sumus.

247 5062 353 5117 Per
378 5060 551 5133 ipsum
581 5072 710 5129 ergo
733 5055 965 5111 hostiam
1004 5052 1179 5108 laudis
1204 5058 1364 5121 atque
1390 5048 1654 5104 orationis
1691 5044 1819 5102 oﬁ‘e-

247 5154 441 5217 rimus,
474 5150 569 5221 qui
610 5163 709 5218 per
744 5153 976 5203 mortem
1020 5143 1187 5214 ipsius
1229 5137 1563 5195 reconciliati
1610 5151 1814 5201 sumus,

248 5258 373 5298 cum
400 5239 603 5296 inimici
624 5253 885 5295 essemus.
929 5235 1124 5290 Dicens
1142 5245 1274 5286 vero
1292 5229 1545 5285 sacerdos
1570 5245 1584 5280 :
1615 5226 1717 5293 Qui
1747 5236 1822 5281 te-

247 5348 369 5386 cum
398 5332 520 5385 vivit
554 5339 603 5385 et
625 5337 829 5400 regnat,
857 5327 1109 5382 admonet
1128 5321 1414 5395 populum,
1443 5326 1505 5374 ut
1528 5317 1715 5375 credat
1735 5316 1822 5371 Fi-

208 5440 217 5446 '
248 5425 385 5479 lium
422 5422 519 5477 Dei
556 5423 741 5478 vivere
776 5427 833 5475 et
869 5431 1096 5487 regnare
1142 5427 1357 5484 semper
1401 5410 1520 5467 sine
1550 5410 1708 5465 initio
1768 5416 1825 5464 et

248 5518 368 5572 sine
387 5514 641 5579 termino,
664 5520 721 5568 et
738 5524 900 5566 unam
940 5514 1265 5578 potestatem
1307 5504 1509 5560 habere
1545 5499 1829 5570 aequaliter

245 5621 374 5665 eum
400 5606 561 5663 Patre
602 5612 659 5659 et
683 5600 887 5674 Spiritu
935 5605 1153 5667 sancto,
1204 5605 1366 5668 atqrre
1391 5608 1553 5652 unam
1576 5593 1821 5651 substan-

1919 4420 2262 4477 luminatum.
2304 4415 2482 4473 Verba
2511 4412 2790 4483 Evangelii
2838 4410 2997 4465 levita
3034 4406 3496 4479 pronuntiaturus,

1921 4519 2110 4568 contra
2135 4507 2560 4580 septentrionem
2584 4502 2777 4557 faciem
2805 4499 2991 4563 vertit,
3015 4504 3075 4551 ut
3099 4494 3343 4551 ostendat
3370 4493 3503 4548 Ver—

1919 4604 2049 4659 bum
2076 4601 2173 4655 Dei
2225 4608 2280 4655 et
2310 4594 2779 4652 annuntiationem
2831 4588 3067 4658 Spiritus
3103 4584 3273 4641 sancti
3311 4591 3503 4639 contra

1920 4708 2045 4750 eum
2093 4691 2277 4761 dirigi,
2309 4690 2403 4759 qui
2448 4699 2663 4754 semper
2694 4679 2917 4751 Spiritui
2963 4685 3150 4733 sancto
3195 4673 3504 4731 contrarius

1921 4782 2128 4848 existit,
2157 4789 2213 4835 et
2236 4780 2292 4834 in
2314 4777 2462 4833 nullo
2483 4776 2534 4830 ei
2560 4770 2944 4829 communicat.
2975 4766 3121 4835 Quos
3148 4765 3291 4821 enim
3323 4763 3503 4834 Spirio

1923 4881 2010 4927 tus
2031 4878 2270 4934 sanctus,
2299 4866 2391 4937 qui
2419 4872 2503 4920 est
2527 4863 2691 4926 Deus,
2723 4860 2790 4913 ad
2815 4858 2976 4913 ﬁdem
3006 4852 3258 4925 colligere
3283 4852 3499 4908 deside-

1920 4970 2024 5028 rat,
2060 4958 2304 5016 diabolus
2331 4957 2640 5025 dispergere
2664 4952 2733 5007 ab
2759 4950 2967 5006 unitate
2994 4945 3251 5003 Ecclesiae
3279 4954 3336 4998 et
3364 4943 3505 4996 inte-

1921 5050 2119 5122 gritate
2160 5046 2285 5102 ﬁdei
2334 5044 2561 5099 laborat.
2594 5039 2750 5097 Sicut
2784 5038 2927 5095 enim
2968 5050 3069 5108 per
3099 5042 3365 5097 austrum,
3409 5029 3506 5101 qui

1920 5147 2115 5197 ventus
2143 5145 2226 5193 est
2255 5135 2492 5200 calidus,
2524 5140 2580 5189 et
2618 5131 2819 5187 leniter
2852 5127 2964 5194 ﬁat,
3006 5126 3240 5198 Spiritus
3283 5130 3510 5179 sanctus

1922 5228 2254 5299 designatur,
2304 5224 2397 5293 qui
2432 5222 2596 5279 corda
2635 5235 2757 5292 quae
2790 5217 2980 5289 tangit,
3028 5216 3096 5271 ad
3134 5228 3376 5269 amorem
3427 5212 3506 5267 di-

1923 5318 2175 5375 lectionis
2200 5313 2499 5370 inﬁammat
2526 5330 2541 5368 :
2569 5314 2645 5368 ita
2663 5319 2719 5367 et
2742 5325 2841 5381 per
2861 5306 3188 5378 aquilonem,
3215 5305 3306 5376 qui
3335 5304 3505 5359 durus

1921 5414 1978 5462 et
2012 5404 2241 5476 frigidus
2288 5410 2395 5469 est,
2445 5401 2693 5457 diabolus
2726 5396 3065 5466 intelligitur,
3092 5394 3185 5464 qui
3232 5408 3327 5449 eos
3368 5407 3506 5462 quos

1921 5497 2181 5570 possidet,
2213 5495 2280 5550 ab
2310 5508 2496 5550 amore
2525 5490 2809 5549 cbaritatis
2848 5497 3011 5559 atque
3039 5485 3363 5551 dilectionis,
3396 5492 3508 5539 tor-

1924 5598 2115 5662 pentes
2139 5596 2196 5644 et
2224 5585 2451 5659 frigidos
2487 5584 2682 5643 reddit.
2721 5580 2875 5652 Quod
2900 5579 3044 5637 enim
3076 5592 3176 5650 per
3202 5575 3504 5648 aquilonem
