3914 6178
476 294 604 348 i251

1290 276 1352 330 Β.
1390 276 1454 329 F.
1491 270 1714 325 ALBlNl
1750 268 1878 324 SEU
1918 240 2192 321 ΑιλῑυιΝι
2229 261 2511 320 OPERUM
2550 259 2728 315 PARS
2761 258 2851 312 1x.

3577 251 3730 303 12332

468 403 716 460 diabolus
765 396 1090 465 designetur,
1119 387 1354 446 ostendit
1402 383 1685 453 propheta,
1735 378 1916 432 dicens
1944 392 1955 426 :
1989 371 2033 426 Ο
2063 377 2110 433 Δ
2139 375 2204 428 sti
2239 373 2493 426 mundum
2521 370 2804 432 salvatum,
2843 375 2896 418 et
2920 362 3040 421 sine
3075 378 3135 416 ea
3167 362 3422 416 mundum
3467 376 3578 414 non
3625 377 3734 430 po-

472 491 706 559 Lucifer,
739 488 826 556 qui
861 463 1065 536 dicebas
1103 479 1156 530 in
1188 474 1341 529 corde
1385 483 1472 525 tuo
1497 485 1514 521 :
1544 467 1744 522 Sedebo
1772 466 1827 517 in
1855 463 2037 515 lateri-

467 585 570 637 bus
599 549 879 649 aquilonis,
910 579 963 624 et
1008 569 1210 636 reliqua
1240 563 1392 634 (Isai.
1438 574 1550 622 xxv,
1593 555 1701 626 15).
1737 552 1963 608 Crucem
1986 549 2038 603 in

475 674 653 727 fronte
683 667 832 738 ponit
861 665 1134 722 diaconus,
1166 652 1580 710 annuntiaturus
1619 648 1781 699 verba
1810 643 1954 707 vitm,
1984 648 2044 694 ut

471 735 725 817 ostendat
755 772 810 811 se
856 750 1176 821 discipulum
1218 744 1357 798 illius
1393 754 1534 803 esse,
1576 735 1666 806 qui
1702 747 1916 789 crucem
1944 744 2042 800 pro

478 856 644 911 totius
687 848 870 906 mundi
905 845 1072 900 salute
1101 836 1372 895 sustinuit.
1407 831 1609 886 Deinde
1641 828 1692 880 in
1723 832 1954 895 pectore,
1985 827 2044 873 ut

476 947 655 1003 omnis
680 958 814 996 vana
843 949 898 994 et
918 933 1191 992 immunda
1222 925 1476 997 cogitatio
1509 923 1574 977 ab
1595 921 1711 987 eius
1745 915 1905 972 corde
1931 910 2044 981 pel-

479 1040 642 1093 latur.
673 1034 883 1090 Salutat
928 1036 980 1081 et
1015 1021 1287 1095 populum,
1335 1017 1518 1069 dicens
1551 1029 1564 1064 :
1592 1010 1844 1063 Dominus
1879 1003 2050 1057 vobis-

481 1144 601 1182 cum
622 1165 636 1190 ,
668 1130 931 1192 quatenus
965 1091 1124 1168 corda
1158 1109 1366 1162 illorum
1399 1119 1427 1156 a
1455 1097 1740 1155 mundanis
1767 1091 2049 1163 cogitatio-

482 1219 642 1274 nibus
680 1213 936 1267 Dominus
985 1201 1258 1262 emundet,
1309 1203 1365 1250 et
1400 1193 1468 1247 ad
1503 1184 1841 1255 suscipienda
1888 1179 2051 1234 verba

479 1271 760 1363 salutifera
809 1299 1018 1369 aperire
1064 1293 1329 1363 dignetur.
1375 1284 1457 1338 Ad
1495 1278 1646 1347 cuius
1675 1271 2052 1330 salutationem

482 1397 710 1470 populus
738 1358 949 1447 crucem
983 1388 1035 1440 in
1064 1358 1329 1438 frontibus
1355 1375 1540 1446 ponit,
1571 1377 1632 1423 ut
1650 1363 1886 1470 ‘a
1909 1358 2054 1470 cogi-

485 1448 782 1544 ;atrionibus
831 1479 993 1534 corda
1039 1490 1136 1530 sua
1181 1467 1454 1530 emundet,
1500 1469 1562 1516 ut
1601 1458 1667 1512 ad
1713 1448 2054 1544 intelligenda

2143 465 2305 518 tuisse
2362 460 2576 516 salvari.
2630 455 2785 523 Quod
2832 462 3010 509 autem
3055 452 3335 507 sacerdote
3385 451 3731 505 oblationem

2140 552 2486 622 suscipiente,
2531 547 2708 602 clerus
2733 545 2843 599 Deo
2870 544 3057 598 laudes
3092 541 3309 596 interim
3335 541 3625 610 persolvit,
3661 542 3732 595 ad

2141 644 2495 698 imitationem
2521 639 2703 710 populi
2737 635 2900 692 Israel
2925 643 3195 704 sumptum
3223 640 3323 697 est,
3350 633 3443 702 qui
3489 633 3731 687 oblatio-

2142 750 2238 789 nes
2283 742 2339 787 et
2377 741 2501 786 vota
2547 744 2671 784 cum
2721 727 2878 782 laude
2929 724 3310 780 modulationis
3357 723 3468 777 Deo
3522 721 3728 777 offerre

2143 828 2517 877 consueverat.

2215 913 2344 966 Post
2389 910 2714 966 oblationem
2749 906 2966 978 ponitur
2996 904 3275 960 incensum
3317 917 3482 973 super
3532 901 3726 964 altare,
3762 940 3776 948 .

2146 1006 2357 1060 dicente
2380 1003 2657 1058 sacerdote
2689 1018 2702 1054 :
2734 999 3010 1068 Dirigatur
3033 996 3203 1050 oratio
3235 1011 3350 1049 mea
3380 997 3520 1048 sicut
3549 994 3726 1046 incen-

2147 1111 2264 1149 sum
2291 1094 2347 1146 in
2370 1099 2648 1160 conspectu
2677 1098 2784 1151 tuo,
2815 1095 2919 1141 etc.
2954 1085 3067 1140 Hoc
3091 1091 3174 1138 est
3203 1083 3386 1138 dicere
3410 1101 3422 1135 :
3456 1080 3620 1136 Sicut
3644 1081 3725 1134 in-

2148 1198 2369 1240 censum
2416 1189 2629 1252 gratum
2660 1186 2742 1232 est
2780 1185 2836 1231 (τι
2872 1185 3150 1245 acceptum
3189 1177 3243 1230 in
3285 1182 3590 1244 conspectu
3639 1187 3726 1243 po<

2149 1275 2280 1344 puli,
2320 1273 2394 1327 ita
2431 1271 2524 1324 ﬁat
2573 1269 2748 1324 oratio
2791 1281 2908 1321 mea
2943 1265 3292 1336 acceptabilis
3328 1264 3383 1318 in
3429 1270 3726 1331 conspecta

2151 1377 2263 1422 tuo.

2222 1455 2426 1524 Quibus
2463 1452 2707 1522 expletis,
2754 1449 3018 1506 convertit
3061 1463 3123 1503 se
3168 1449 3422 1503 sacerdos
3459 1446 3532 1500 ad
3571 1461 3728 1516 popu-

486 1579 650 1634 verba
677 1573 862 1631 salutis
888 1582 1022 1639 pura
1044 1564 1412 1634 permaneant.
1460 1551 1600 1607 Dicit
1629 1548 1886 1602 diaconus
1916 1557 1927 1591 :
1962 1536 2056 1592 Se-
2153 1551 2286 1615 lum,
2332 1560 2562 1618 poscens
2586 1551 2647 1598 ιη
2667 1544 2897 1614 iungant
2926 1554 3112 1611 preces
3138 1554 3265 1594 suas
3305 1539 3569 1609 precibus
3593 1536 3725 1605 ejus.

485 1669 697 1742 (Ιαεηεία
740 1663 904 1718 δαηοεί
960 1653 1224 1724 Evangelii
1275 1645 1556 1703 secundum
1606 1637 1911 1694 Μαίυιαταηι
1931 1671 1946 1697 ν
1988 1645 2052 1684 θο
2085 1713 2128 1742 n
2157 1651 2213 1700 et
2238 1646 2509 1696 mereatur
2531 1634 2775 1692 exaudiri
2805 1648 2904 1704 pro
2935 1632 3106 1688 salute
3133 1631 3367 1686 illorum.
3405 1629 3526 1684 Hoc
3554 1639 3728 1683 autem

1264 1741 1301 1742 κ
1482 1733 1537 1742 -.ι
1804 1734 1816 1742 Α
1878 1741 1886 1742 κ
1942 1723 2024 1742 311Δ
2175 1735 2209 1742 -.
2335 1733 2349 1742 1
2552 1738 2562 1742 -
2833 1727 2929 1742 ικιΑ
2990 1739 3095 1742 _,,,--
3149 1723 3352 1742 ΑΞΙΑ-ιέ-
3391 1736 3407 1742 -
3443 1719 3607 1742 ΠῌΑι-
3648 1737 3728 1742 ..-ρ

488 1713 631 1830 quod
679 1763 800 1826 post
848 1713 1204 1820 prmcedentia
1263 1733 1540 1806 Evangelii
1596 1734 1890 1798 sequantur
1941 1715 2087 1778 illa.'

2180 1733 2445 1789 licendum
2485 1738 2571 1784 est
2597 1743 2628 1782 a
2658 1727 2939 1782 sacerdote
2980 1739 3102 1779 cum
3145 1723 3362 1778 silentio
3391 1736 3408 1774 :
3442 1719 3608 1775 Orate
3647 1737 3732 1789 pro

683 1810 906 1915 quando
951 1837 1161 1892 initium
1202 1830 1428 1898 alicujus
1465 1822 1802 1893 evangelista:
1841 1816 2057 1887 legitur,

2180 1840 2261 1887 ne,
2303 1821 2514 1891 fratres,
2538 1827 2593 1872 ut
2627 1833 2803 1871 meum
2839 1815 3039 1886 pariter
3077 1821 3124 1866 et
3153 1823 3376 1868 uestrum
3413 1810 3732 1877 sacriﬁcium

490 1957 596 1996 non
625 1899 756 1992 dicit
777 1928 1078 2002 Sequentia,
1120 1924 1214 1979 sed
1253 1919 1491 1974 Initium.
1537 1913 1742 1968 idcirco
1772 1916 1949 1963 autem
1978 1919 2062 1958 se-
2161 1921 2426 1982 ασεερεαιη
2468 1910 2534 1962 δίε
2578 1908 2821 1961 Domino,
2877 1902 3162 1957 Αοοιίηεηε
3205 1915 3334 1971 ergo
3374 1914 3438 1954 se
3484 1899 3732 1968 populus.

491 1994 727 2087 cundum
777 1994 1110 2084 Matthteum,
1161 2022 1255 2068 aut
1286 2012 1548 2072 Marcum,
1595 2012 1690 2058 aut
1719 2002 1936 2062 Lucam,
1979 1994 2063 2050 vel

491 2123 774 2182 Joannem,
805 2123 865 2170 ut
901 2112 1124 2174 sciatur,
1151 2105 1446 2162 secundum
1475 2113 1634 2170 quem
1675 2091 2063 2164 evangelistam

493 2211 652 2266 lectio
678 2179 769 2261 illa:
795 2204 1018 2274 legatur.
1062 2197 1246 2252 Potest
1269 2202 1324 2248 et
1351 2193 1424 2246 ita
1464 2186 1722 2256 intelligi,
1766 2181 1909 2253 quod
1936 2179 2066 2233 dicit

497 2299 791 2373 Sequentia,
826 2272 884 2347 ut
913 2307 976 2348 ea
1018 2302 1138 2358 qua:
1165 2288 1463 2354 sequuntur
1503 2283 1625 2348 post
1665 2272 2064 2333 salutationem,

496 2395 551 2448 in
577 2361 672 2446 illa
707 2386 937 2441 lectione
972 2375 1266 2435 secundum
1297 2373 1443 2427 illum
1472 2366 1853 2438 evangelistam
1897 2361 2068 2416 conti-

496 2487 747 2537 neantur.
779 2475 916 2529 Hinc
942 2469 1187 2539 sequitur
1212 2461 1580 2532 Evangelium,
1623 2457 1766 2527 quod
1791 2455 1855 2510 de
1882 2451 2069 2508 Graaco

501 2573 556 2627 in
584 2569 854 2628 Latinum,
883 2569 1038 2617 sonat
1059 2560 1259 2612 bonum
1288 2551 1553 2608 nuntium.
1587 2547 1652 2602 Et
1682 2546 1822 2616 quod
1849 2550 1932 2598 est
1959 2555 2072 2596 me-

501 2663 608 2716 lius
640 2655 908 2715 nuntium,
956 2663 1114 2718 quam
1159 2643 1302 2698 istud
1337 2660 1351 2694 :
1383 2637 1747 2693 Paenitentiam
1780 2634 1936 2704 agite,
1979 2648 2073 2700 ap-

500 2741 861 2820 propinquabit
890 2739 1026 2792 enim
1072 2748 1285 2804 regnum
1313 2728 1558 2783 caelorum
1598 2723 1810 2797 (Matth.
1861 2737 1941 2785 ιιι,
1973 2719 2069 2784 2);

503 2808 623 2908 qua:
652 2808 708 2889 in
738 2827 1028 2898 Evangelio
1050 2825 1300 2878 dicuntur
1325 2819 1391 2873 de
1421 2813 1788 2871 incarnatione
1810 2809 1931 2864 Filii
1955 2808 2070 2872 Dei,

503 2901 558 2984 et
581 2929 645 2982 de
673 2923 790 2993 eius
818 2917 1112 2979 miraculis,
1143 2909 1542 2985 prredieatione,
1575 2912 1630 2960 et
1655 2901 2072 2963 resurrectione,

505 3027 664 3087 atque
699 3011 1034 3072 ascensione,
1076 3008 1140 3061 de
1187 3002 1356 3073 gloria
1395 3011 1611 3070 quoque
1659 2995 1950 3049 electorum
2021 2999 2076 3044 et

508 3086 848 3167 damnatione
903 3098 1301 3172 reproborum?
1353 3093 1596 3149 Perlecto
1635 3088 1930 3159 evangelio,
1978 3086 2078 3140 ite-

508 3219 626 3259 rum
677 3217 734 3257 se
787 3199 939 3269 signo
980 3194 1156 3250 crucis
1200 3187 1427 3260 populus
1470 3183 1682 3240 munire
1729 3181 1967 3246 festinat,
2020 3188 2080 3232 ut

508 3295 650 3364 quod
675 3308 740 3346 ex
771 3287 969 3344 divinis
994 3283 1220 3353 eloquiis
1254 3277 1577 3359 adsalutem
1601 3272 1860 3345 percepit,
1901 3271 2078 3341 signa-

513 3392 622 3436 tum
655 3379 828 3450 sigillo
870 3375 1070 3439 crucis,
1102 3379 1263 3440 atque
1305 3355 1567 3422 mllnitum
1592 3369 1925 3434 permaneat,
1957 3376 2025 3413 ne
2048 3375 2078 3412 a

513 3448 780 3524 mentibus
805 3466 992 3519 eorum
1019 3461 1280 3516 diabolica
1309 3456 1499 3512 fraude
1523 3452 1773 3507 evacuari
1812 3448 2005 3504 valeat.

583 3558 710 3611 Post
747 3554 1031 3608 recitatum
1078 3547 1412 3618 evangelium
1459 3545 1654 3598 iterum
1687 3540 1940 3595 sacerdos
1990 3553 2081 3608 po.

514 3649 695 3718 pulum
723 3645 950 3707 salutat,
980 3656 1140 3697 orans
1169 3639 1222 3694 in
1253 3635 1503 3692 cordibus
1531 3647 1716 3688 eorum
1743 3632 1908 3686 verba
1940 3630 2083 3686 salu-

517 3743 602 3805 tis,
630 3754 747 3808 quae
771 3740 1128 3806 perceperunt
1152 3747 1182 3784 a
1215 3729 1458 3791 Domino,
1496 3724 1830 3789 conﬁrmari,
1863 3732 1917 3778 et
1942 3723 2080 3777 invi-

520 3840 594 3886 tat
617 3830 765 3884 illum
796 3841 978 3882 secum
1005 3823 1209 3893 pariter
1251 3820 1318 3874 ad
1346 3819 1670 3882 orationem,
1696 3815 1880 3870 dicens
1907 3829 1920 3867 :
1949 3813 2082 3869 Ore-

517 3936 652 3973 mus.
700 3916 804 3971 Sed
834 3915 960 3968 licet
985 3912 1125 3983 apud
1153 3927 1252 3965 nos
1280 3918 1407 3963 tunc
1440 3907 1667 3963 collecta
1694 3905 1834 3960 inter
1856 3919 2086 3976 evange-

450 4030 460 4037 -
521 4009 649 4062 lium
680 4015 733 4061 et
757 4003 1083 4059 offerendam
1105 4016 1210 4056 non
1235 4000 1466 4064 dicatur,
1489 3998 1630 4067 apud
1655 3995 1871 4052 Gmcos
1907 4003 2086 4050 tamen

521 4099 736 4154 dicitur.
775 4096 853 4151 Ita
891 4103 1071 4148 autem
1116 4100 1292 4163 potest
1336 4090 1561 4159 intelligi
1601 4089 1892 4144 secundum
1929 4087 2089 4158 500

522 4187 662 4256 quod
693 4185 830 4254 apud
875 4196 972 4238 nos
1021 4181 1109 4247 ﬁt,
1139 4190 1201 4236 ut
1238 4179 1413 4235 omnis
1457 4178 1684 4248 populus
1718 4177 1975 4233 oblationi
2008 4177 2090 4231 in-

522 4279 715 4333 sistere
743 4274 996 4343 jubeatur
1023 4314 1038 4340 ,
1092 4273 1215 4327 dum
1265 4271 1495 4326 oblaturi
1540 4270 1890 4324 intentionem
1937 4283 2087 4323 suam

2161 2018 2321 2059 orare
2346 2002 2505 2056 debet
2528 2001 2603 2054 ita
2635 2016 2648 2051 :
2682 1997 2762 2052 Sit
2804 1995 3058 2050 Dominus
3095 1994 3152 2046 in
3179 1991 3332 2046 corde
3355 1999 3470 2054 tuo,
3501 1998 3553 2043 et
3578 1990 3634 2042 in
3659 2004 3737 2041 ore

2165 2104 2274 2158 tuo,
2307 2103 2354 2148 et
2376 2091 2626 2161 suscipiat
2651 2086 2970 2156 sacriﬁcium
3005 2083 3103 2138 sibi
3130 2089 3396 2161 acceptum
3426 2081 3496 2134 de
3525 2096 3620 2133 ore
3657 2088 3738 2131 tuo

2165 2157 2306 2240 etde
2354 2157 2595 2238 manibus
2642 2181 2746 2234 tuis
2790 2195 2884 2249 pro
2931 2184 3109 2231 nostra
3163 2157 3500 2241 omniumque
3557 2168 3736 2228 saluts,

2167 2278 2347 2331 Amen.
2381 2274 2480 2330 Vel
2499 2275 2603 2328 hoc
2635 2271 2818 2326 dicant
2841 2281 3028 2322 omnes
3055 2282 3068 2318 :
3098 2261 3366 2318 Exaudiat
3399 2270 3450 2314 te
3478 2258 3733 2312 Dominus

2167 2371 2222 2423 in
2248 2368 2333 2422 die
2354 2363 2725 2428 tribulationis,
2765 2366 2999 2431 protegat
3024 2365 3074 2410 te
3093 2369 3280 2409 nomen
3310 2352 3410 2407 Dei
3431 2349 3630 2414 Iacob,
3661 2363 3738 2402 us-

2168 2473 2291 2528 que,
2321 2457 2511 2527 pinguc
2537 2453 2651 2524 fiat.

2240 2546 2524 2618 Corporale
2577 2543 2662 2598 cui
2712 2537 3092 2610 superponitur
3135 2549 3331 2605 corpus
3381 2531 3739 2589 Dominieun.

2170 2655 2278 2696 non
2309 2616 2451 2692 aliud
2479 2651 2641 2705 quam
2687 2633 2887 2687 lineum
2932 2643 3052 2684 esse
3093 2632 3324 2696 oportet,
3365 2621 3632 2692 quoniam
3661 2616 3742 2671 lo-

2173 2733 2301 2800 seph
2342 2729 2565 2788 linteum
2614 2722 2870 2780 mundum
2916 2719 3112 2790 legitur
3152 2715 3372 2780 emisse,
3416 2713 3512 2767 ubi
3559 2723 3745 2779 corpus

2174 2820 2502 2876 dominicum
2532 2814 2772 2871 involvit.
2805 2812 2938 2867 Nam
2979 2818 3031 2864 et
3062 2809 3255 2874 linum,
3293 2820 3489 2876 purum
3534 2815 3747 2873 germen

2175 2918 2258 2967 est
2287 2919 2478 2965 terrai:
2508 2916 2563 2962 et
2603 2906 2858 2961 Dominus
2896 2917 3088 2972 purum
3123 2907 3180 2954 et
3207 2913 3397 2953 verum
3418 2910 3620 2965 corpus
3661 2895 3748 2948 ha-

2178 3001 2313 3065 buit,
2357 3014 2464 3054 non
2490 2997 2817 3054 simulatum.
2849 2995 2915 3050 Et
2944 2995 3084 3049 sicut
3108 2993 3276 3047 linum
3310 3005 3408 3060 per
3432 2988 3640 3041 multos
3669 3002 3748 3040 su-

2103 3052 2151 3110 c
2179 3090 2338 3144 dores
2362 3086 2613 3157 pervenit
2633 3086 2701 3142 ad
2725 3084 3033 3145 candorem,
3065 3082 3139 3136 ita
3159 3052 3330 3135 Jesus-
3341 3077 3591 3132 Christus
3619 3075 3750 3129 mul-

2182 3183 2252 3237 tis
2280 3181 2503 3236 aﬁ‘ectus
2541 3167 2882 3248 passionibus
2909 3172 3162 3243 migravit
3208 3171 3277 3225 ab
3318 3170 3423 3224 hoc
3452 3166 3672 3230 saeculo,
3702 3174 3751 3218 et

2180 3275 2249 3329 ad
2299 3271 2590 3328 candorem
2649 3265 3062 3323 resurrectionis
3120 3270 3282 3332 atque
3333 3256 3750 3314 immortalitatis

2179 3364 2470 3434 perductus
2493 3368 2596 3415 est.
2624 3358 2702 3414 Ita
2730 3371 2876 3432 ergo,
2922 3355 3016 3427 qui
3041 3369 3238 3424 corpus
3264 3350 3464 3407 Christi
3509 3350 3563 3402 in
3593 3363 3655 3402 se
3674 3363 3750 3401 re-

2181 3454 2361 3523 cipere
2411 3449 2702 3514 desiderat,
2741 3463 2839 3517 per
2878 3445 3075 3500 multos
3107 3444 3362 3498 bonorum
3399 3453 3637 3507 operum
3681 3435 3750 3488 la-

2182 3545 2361 3607 bores,
2385 3549 2440 3596 et
2462 3555 2562 3610 per
2596 3538 2902 3593 castitatem
2942 3535 3140 3591 mentis
3165 3543 3221 3588 et
3241 3528 3484 3600 corporis
3513 3528 3676 3583 debet
3699 3539 3750 3579 se

2184 3632 2412 3687 reddere
2443 3628 2705 3683 mundum
2739 3634 2794 3681 et
2825 3624 3130 3680 candidum.
3165 3621 3316 3688 Quod
3341 3619 3418 3674 ita
3446 3617 3639 3687 plicari
3668 3615 3749 3671 de-

2184 3725 2294 3788 bet,
2326 3731 2386 3776 ut
2415 3735 2514 3776 nec
2549 3720 2783 3783 initium,
2822 3733 2919 3772 nec
2950 3715 3072 3770 ﬁnis
3111 3719 3399 3784 appareat,
3430 3711 3573 3766 sicut
3599 3709 3747 3763 etiam

2185 3815 2461 3870 sudarium
2507 3811 2559 3866 in
2603 3809 2846 3881 sepulcro
2874 3806 3088 3861 Domini
3133 3805 3410 3859 inventum
3451 3807 3557 3856 est.
3591 3797 3749 3853 Suda—

2187 3908 2326 3962 rium
2365 3912 2449 3959 est
2490 3903 2835 3974 ligamentum
2880 3897 3089 3967 capitis.
3137 3894 3241 3949 Per
3291 3900 3459 3961 caput
3503 3889 3746 3945 divinitas

2187 3999 2526 4068 designatur,
2562 3992 2688 4064 quia
2731 3999 2892 4062 caput
2930 3987 3129 4043 Christi
3165 3985 3328 4040 Deus.
3358 3980 3624 4037 lnvolutio
3662 3994 3746 4031 au-

2189 4101 2298 4148 tem
2339 4089 2440 4142 hoc
2468 4085 2753 4157 signiﬁcat,
2800 4081 2926 4152 quia
2959 4079 3209 4135 Christus
3230 4117 3247 4141 ,
3295 4073 3392 4146 qui
3431 4073 3486 4127 in
3515 4069 3747 4126 humani-

2188 4191 2299 4240 tate
2324 4178 2508 4235 habuit
2531 4177 2742 4232 initium
2776 4172 3068 4236 nascendo,
3093 4176 3149 4225 et
3173 4168 3335 4223 ﬁnem
3361 4164 3671 4227 moriendo,
3703 4161 3746 4214 in

2191 4273 2470 4329 divinitate
2495 4277 2746 4324 neutrum
2781 4267 2972 4320 horum
2992 4303 3007 4328 ,
3045 4262 3140 4319 sed
3167 4273 3382 4328 semper
3408 4273 3532 4314 esse
3557 4252 3742 4310 habuit.

523 4368 776 4430 offerunt,
821 4372 1084 4434 quatenus
1125 4361 1339 4415 illorum
1384 4359 1584 4414 oblatio
1611 4367 1830 4428 accepta
1881 4356 1950 4412 sit
1986 4356 2092 4411 Do-
2117 4387 2168 4448 υ
2263 4369 2405 4424 me“
2431 4365 2688 4422 sacerdos
2722 4361 3003 4419 collectam
3041 4374 3203 4430 super
3226 4357 3430 4421 oblata,
3478 4363 3534 4411 οι
3559 4355 3612 4409 in
3647 4354 3745 4422 eius

524 4460 690 4515 mino.
741 4456 996 4524 Sequitur
1037 4452 1230 4507 deinde
1286 4449 1585 4519 Oﬂ'erenda,
1643 4463 1762 4518 qua:
1811 4448 1934 4503 inde
1988 4447 2092 4502 hoc

525 4564 719 4604 nomen
769 4545 1015 4616 accepit,
1078 4540 1222 4613 quod
1271 4547 1399 4594 tunc
1446 4538 1674 4609 pepulus
1724 4553 1822 4592 sua
1870 4551 2092 4592 munera

528 4637 739 4694 oﬁ'erat.
795 4637 1109 4706 Sequuntur
1162 4631 1385 4697 Versus,
1416 4645 1447 4684 a
1474 4629 1733 4684 vertendo
1776 4629 1924 4694 dicti,
1953 4627 2096 4698 quod

529 4730 582 4784 in
612 4727 883 4783 olierenda
907 4732 1270 4791 revertantur,
1299 4723 1428 4778 dum
1454 4721 1714 4793 repetitur
1732 4720 2024 4777 otferenda.

601 4819 837 4888 Suscipit
888 4818 1101 4871 interim
1157 4816 1408 4871 sacerdos
1457 4830 1487 4870 a
1534 4814 1728 4885 populo
1778 4813 1988 4879 oblata,
2038 4822 2099 4868 ut

531 4912 666 4982 ipse,
698 4909 791 4979 qui
820 4916 906 4963 est
934 4908 1078 4962 inter
1102 4907 1270 4962 Deum
1303 4914 1359 4960 et
1391 4907 1564 4975 ipsum
1605 4905 1855 4976 populum
1893 4905 2097 4960 media-

535 5015 637 5069 tor,
684 5015 872 5073 preces
899 5014 1087 5055 eorum
1127 5008 1182 5054 et
1227 5006 1350 5052 vota
1390 4997 1614 5052 Domino
1655 4995 1860 5052 oderat.
1902 4996 1956 5050 In
1993 5011 2098 5066 qua

531 5096 802 5152 oblatione
829 5107 969 5163 aqua
998 5091 1255 5146 miscetur
1280 5090 1422 5144 vino.
1478 5089 1581 5144 Per
1606 5089 1788 5143 vinum
1832 5087 2102 5158 signiﬁca-

535 5199 622 5243 tur
661 5187 928 5250 Christus,
975 5199 1072 5254 per
1097 5198 1292 5252 aquam
1328 5188 1507 5235 autem
1546 5181 1812 5251 populus;
1846 5189 1901 5236 et
1936 5181 1980 5236 si
2019 5181 2102 5235 vi—

538 5296 668 5335 num
695 5278 920 5335 oﬂ‘ertur
964 5278 1082 5331 sine
1125 5290 1261 5344 aqua
1291 5314 1306 5339 ,
1352 5274 1566 5328 videtur
1612 5273 1914 5344 signiﬁcare
1960 5273 2104 5342 quod

539 5372 718 5443 passio
741 5369 942 5427 Christi
969 5367 1103 5423 nihil
1131 5364 1396 5436 profuerit
1419 5363 1600 5434 generi
1623 5364 1857 5418 humano
1886 5381 1898 5416 :
1930 5363 1976 5417 si
2004 5379 2105 5418 au-

2196 4459 2303 4514 ﬁne
2333 4474 2347 4512 :
2380 4458 2484 4511 Per
2509 4456 2683 4511 omnia
2712 4452 2907 4509 sazcula
2949 4449 3282 4514 circulorum,
3325 4455 3387 4503 ut
3427 4462 3613 4518 supra.
3655 4443 3746 4498 llu-

2194 4563 2395 4618 cusque
2425 4544 2690 4617 praefatio,
2715 4545 2768 4599 id
2795 4552 2910 4607 est,
2951 4541 3266 4612 praelocutio
3297 4546 3355 4595 et
3386 4539 3640 4593 allocutio
3669 4549 3746 4605 po-

2193 4641 2325 4713 puli,
2357 4640 2483 4694 hinc
2511 4638 2752 4706 sequitur
2777 4633 3081 4690 exhortatio
3112 4647 3126 4686 :
3152 4630 3378 4687 Sursum
3404 4629 3587 4684 corda.
3633 4626 3748 4681 llor-

2197 4740 2342 4788 tatur
2366 4729 2508 4784 enim
2546 4726 2797 4783 sacerdos
2826 4723 3114 4795 p0pulum,
3145 4729 3403 4790 tanquam
3437 4719 3586 4773 dicat
3612 4735 3624 4770 :
3648 4715 3746 4770 iam

2199 4819 2507 4892 apostolicis
2543 4825 2597 4872 et
2641 4815 2965 4886 evangelicis
3006 4811 3289 4883 prmceptis
3328 4810 3657 4865 sufﬁcienter
3684 4808 3750 4861 in.

2200 4912 2393 4968 structi
2439 4918 2494 4965 et
2531 4907 2857 4972 conﬁrmati,
2895 4906 3057 4961 corda
3079 4911 3264 4959 vestra
3297 4918 3328 4956 a
3361 4903 3598 4957 terrenis
3630 4895 3749 4953 curis

2199 5017 2418 5060 sursum
2458 5001 2526 5056 ad
2555 5000 2839 5056 Dominum
2862 4997 3100 5068 dirigite,
3149 5004 3210 5050 ut
3249 4993 3598 5054 sacriﬁcium,
3632 4985 3748 5058 quod

2200 5095 2312 5150 Deo
2359 5090 2690 5148 offerendum
2720 5089 2851 5146 mihi
2891 5086 3178 5151 obtulistis,
3233 5086 3394 5154 digne
3447 5083 3640 5140 oﬁ'erre
3678 5093 3751 5131 va-

2203 5187 2361 5242 leam.
2385 5183 2694 5254 Respondet
2738 5181 2965 5253 populus
2996 5199 3012 5234 :
3049 5179 3317 5235 Habemus
3358 5180 3430 5233 ad
3471 5179 3750 5233 Dentium.

2201 5277 2357 5350 quasi
2393 5277 2574 5332 dicat:
2606 5273 2780 5330 Corda
2821 5281 3028 5338 nostra,
3063 5280 3124 5327 ut
3164 5271 3434 5342 praecipis,
3468 5277 3644 5325 erecta
3678 5267 3754 5320 ha—

2203 5367 2395 5423 bemus
2433 5365 2501 5420 ad
2529 5363 2839 5429 Dominum,
2884 5372 2946 5418 ut
2990 5363 3267 5433 suscipere
3313 5361 3569 5432 dignetur
3595 5366 3754 5412 votum

542 5473 648 5517 tem
677 5476 816 5532 aqua
863 5460 980 5514 sine
1003 5458 1147 5522 vino,
1195 5455 1406 5510 videtur
1439 5452 1742 5523 signiﬁcare
1787 5453 1983 5507 salvari
2014 5467 2087 5522 po-

2207 5466 2472 5514 nostrum.
2507 5456 2764 5511 Hortatur
2800 5457 2992 5510 iterum
3019 5472 3034 5508 :
3067 5453 3284 5509 Gratias
3312 5467 3534 5522 agamus
3557 5445 3755 5502 Domist

546 5555 711 5609 tuisse
763 5551 1016 5623 populum
1068 5549 1182 5604 sine
1230 5545 1431 5603 Christi
1483 5545 1751 5615 passione.
1809 5543 2110 5613 Utrumque
2209 5549 2318 5603 Deo
2355 5556 2552 5612 nostro,
2591 5545 2750 5602 simul
2799 5561 2899 5617 ego
2932 5554 2987 5601 et
3027 5560 3157 5610 vos;
3200 5543 3478 5609 subaudis,
3514 5543 3581 5598 de
3613 5536 3758 5596 omni.

545 5657 673 5712 ergo
697 5642 949 5695 miscetur
976 5639 1157 5704 simul,
1203 5646 1262 5692 ut
1291 5635 1636 5704 intelligatur,
1685 5635 1933 5704 passione
1957 5636 2110 5691 Chri-

2211 5641 2314 5695 bus
2339 5639 2494 5694 bonis
2518 5638 2584 5693 ab
2613 5639 2702 5691 illo
2742 5637 3017 5707 pnestitis.
3042 5636 3346 5706 Responch
3382 5633 3610 5704 populus
3632 5641 3683 5684 et
3704 5625 3760 5679 af-
