3914 6178
313 262 448 316 i233

1112 255 1261 312 OPP.
1306 251 1705 311 SUPPOSITA.
1748 279 1811 291 —-
1852 247 1977 301 ΗΒ.
2023 247 2108 300 DE
2149 245 2395 300 DlVlNlS
2434 245 2736 300 OFFlCilS.

3407 249 3538 306 1⁵331

309 379 506 437 tirmat,
533 372 717 428 dicens
748 385 762 422 :
795 369 1021 438 Dignum
1049 377 1095 420 et
1131 368 1332 436 justum
1361 373 1457 425 est,
1487 372 1547 416 ut
1577 361 1650 415 illi
1675 361 1876 430 gratias
1906 364 1949 420 Α
1981 355 2088 407 lum
2110 363 2234 408 sunt
2261 356 2427 409 creati
2458 373 2471 420 ;
2513 363 2566 410 et
2595 371 2699 409 non
2727 355 2898 410 solum
2927 360 3101 428 angeli
3132 375 3229 428 per
3260 360 3410 414 illum
3433 363 3546 416 tau-

306 479 554 535 agamus,
591 461 816 515 Domino
844 460 954 513 Deo
989 465 1192 513 nostro.
1234 455 1384 509 lianc
1425 451 1876 513 exhortationem,

303 570 425 624 quae
461 553 724 622 sequitur,
769 550 1014 606 Gelasius
1055 548 1420 617 composuisse
1453 544 1669 598 dicitur.
1723 539 1879 594 Allir-

304 649 420 695 mat
476 641 728 695 sacerdos
786 639 966 709 pepuli
1017 653 1226 700 vocem,
1280 645 1334 690 et
1387 632 1650 688 convertit
1701 647 1758 685 se
1812 631 1878 684 ad

301 731 472 785 Deum
500 741 728 801 patrem,
757 731 979 785 dicens:
1025 728 1156 782 Vere
1190 729 1407 797 dignum
1441 736 1489 779 et
1525 725 1728 794 justum
1778 732 1874 787 est,

301 819 358 874 id
393 828 497 885 est,
549 822 690 876 sicut
733 821 962 890 populus
1013 828 1136 873 tuus
1180 819 1489 889 respondet,
1535 816 1630 870 tibi
1678 816 1878 886 gratias

299 925 462 981 agere
493 911 732 981 dignum,
761 909 987 978 justum.
1035 917 1091 962 et
1119 924 1328 977 mquum
1366 908 1598 976 idipsum
1632 913 1742 969 est;
1776 903 1878 958 Sa-

297 999 487 1064 lutare,
531 999 585 1054 id
616 1008 719 1066 est,
767 998 938 1055 salute
971 999 1210 1069 plenum,
1247 999 1504 1068 quoniam
1537 997 1604 1052 ad
1637 1004 1874 1051 nostram

294 1089 541 1157 corporis
577 1097 632 1143 et
677 1089 871 1143 anima:
913 1089 1139 1143 salutem
1166 1088 1418 1156 pertinet,
1450 1087 1497 1139 si
1532 1086 1688 1155 digne
1727 1085 1874 1138 illum

293 1177 592 1233 laudemus.
639 1179 767 1234 Post
801 1178 1193 1234 confessionem
1236 1178 1445 1248 populi,
1499 1177 1717 1248 dignum
1752 1191 1873 1230 esse

293 1274 348 1320 et
375 1266 606 1334 justum,
652 1277 712 1322 ut
743 1268 854 1323 Deo
901 1270 1084 1340 gratiae
1136 1268 1517 1338 rependantur,
1567 1267 1874 1322 intermisso

295 1356 512 1426 populo,
564 1358 651 1412 cui
686 1357 1022 1427 loquebatur,
1066 1356 1180 1425 jam
1217 1358 1482 1412 convertit
1529 1373 1588 1412 se
1621 1357 1873 1411 sacerdos

297 1447 364 1501 ad
396 1447 565 1502 Deum
599 1447 838 1513 Patrem,
862 1457 917 1502 et
953 1457 1206 1518 tanquam
1237 1449 1305 1504 ad
1333 1458 1656 1520 prmsentem
1687 1449 1874 1518 incipit

292 1539 460 1610 loqui,
494 1541 677 1602 dicens
707 1559 719 1594 :
753 1540 866 1594 Nos
902 1541 994 1594 tibi
1027 1542 1224 1611 gratias
1247 1559 1418 1613 agere,
1455 1551 1508 1597 et
1537 1544 1640 1597 hoc
1674 1557 1780 1596 non
1805 1541 1872 1595 ad

291 1631 516 1696 horam,
555 1630 648 1685 sed
701 1647 916 1701 semper,
958 1631 1010 1686 id
1055 1639 1166 1697 est,
1204 1631 1351 1686 omni
1400 1641 1662 1701 tempore,
1707 1639 1762 1685 et
1815 1630 1870 1684 in

289 1719 566 1788 prosperis
596 1727 650 1773 et
678 1720 733 1774 in
757 1719 1020 1785 adversis,
1070 1720 1276 1788 ubique,
1310 1721 1365 1775 id
1404 1729 1507 1786 est,
1550 1721 1694 1774 omni
1726 1719 1862 1774 loco.

288 1807 514 1861 Domine
534 1818 732 1873 sancte,
757 1807 848 1876 qui
870 1807 1164 1862 dominaris
1186 1809 1447 1874 omnium,
1478 1824 1598 1878 quae
1631 1808 1686 1862 in
1716 1808 1867 1863 caelis

289 1907 436 1964 sunt,
470 1907 525 1952 et
553 1914 673 1968 qua:
703 1899 756 1952 in
795 1908 960 1964 terra,
992 1907 1047 1954 et
1073 1900 1165 1970 qui
1194 1902 1376 1955 omnia
1419 1909 1607 1956 sancta
1640 1910 1732 1955 tua
1765 1901 1866 1956 be-

289 1991 595 2046 nedictione
638 1992 967 2059 sanctificas,
1001 2001 1060 2047 ut
1089 2002 1275 2048 sancta
1301 1995 1426 2048 sint.
1463 1992 1625 2047 Pater
1657 1993 1862 2058 Grmcc,

286 2081 477 2136 Latine
502 2082 698 2136 dicitur
723 2083 950 2152 genitor.
979 2083 1120 2136 Deus
1145 2084 1290 2137 enim
1312 2082 1656 2138 ineli'abiliter
1685 2083 1868 2152 genuit

288 2172 484 2226 Filium
519 2181 644 2227 ante
667 2174 847 2227 omnia
873 2173 1090 2229 sarcula.
1117 2173 1456 2244 Omnipotens
1480 2175 1678 2229 dicitur
1701 2173 1862 2239 Deus,

290 2264 418 2332 quia
454 2263 638 2318 omnia
685 2271 884 2332 potest,
921 2279 1040 2333 qua:
1077 2264 1226 2317 illum
1261 2264 1470 2318 decent.
1508 2263 1719 2317 Mentiri
1757 2279 1865 2317 non

285 2363 486 2424 potest,
513 2354 638 2422 quia
660 2355 860 2408 veritas
899 2363 1010 2420 est;
1055 2355 1194 2409 mori
1231 2371 1337 2408 non
1378 2361 1574 2422 potest,
1607 2354 1732 2423 quia
1767 2355 1866 2408 im-

286 2445 557 2510 mortalis,
588 2446 697 2500 imo
722 2446 832 2499 vita
859 2454 970 2512 est;
1024 2445 1220 2500 mutari
1246 2460 1350 2500 non
1381 2453 1574 2514 potest,
1613 2445 1736 2515 quia
1766 2445 1866 2499 im-

285 2533 562 2588 mutabilis
605 2542 706 2589 est.
759 2533 1109 2604 Omnipotens
1155 2535 1301 2589 enim
1351 2535 1548 2590 dicitur
1591 2534 1862 2601 faciendo,

280 2624 428 2695 quod
469 2624 600 2687 vult,
649 2641 754 2678 non
782 2625 1053 2694 patiendo,
1100 2624 1243 2694 quod
1281 2641 1386 2679 non
1417 2625 1550 2680 vult.
1607 2624 1864 2679 litemus

280 2723 370 2771 est
419 2716 579 2783 Deus,
618 2716 743 2785 quia
790 2732 892 2771 nec
930 2717 1141 2771 initium
1176 2717 1382 2780 habuit,
1429 2730 1530 2770 nec
1575 2716 1864 2770 terminum

281 2808 519 2873 habebit,
554 2808 677 2878 quia
712 2824 816 2865 nec
842 2810 1004 2878 cmpit
1039 2824 1138 2863 nec
1169 2807 1384 2862 desinit.
1422 2806 1624 2862 Gratia:
1647 2814 1858 2871 autem,

281 2917 424 2972 quas
447 2901 704 2956 debemus
733 2900 951 2967 offerre,
979 2915 1074 2970 per
1100 2898 1384 2954 Dominum
1407 2908 1654 2954 nostrum
1677 2895 1861 2952 Iesum

280 2992 560 3048 Christum
615 2991 899 3047 offerendce
942 2998 1088 3056 sunt,
1147 2990 1238 3058 qui
1280 2997 1362 3045 est
1405 2988 1673 3043 mediator
1717 2989 1863 3042 inter

1979 447 2107 500 dant
2137 446 2303 499 Deum
2332 445 2568 511 Patrem,
2591 462 2778 501 verum
2800 449 2963 503 etiam
2995 450 3099 503 illae
3125 451 3355 505 virtutes
3382 454 3546 507 coelo-
3565 513 3581 524 _

1978 554 2119 602 rum,
2148 554 2267 606 quae
2305 553 2466 607 super
2495 538 2628 594 alias
2673 539 3096 596 dominationem
3124 551 3178 597 et
3220 552 3543 614 potestatem

1976 627 2194 681 habent.
2229 627 2294 680 Hi
2323 642 2452 697 ergo
2483 636 2594 681 tam
2623 628 2767 682 beati
2808 638 2863 684 et
2901 631 3158 686 sublimes
3191 631 3423 702 Spiritus
3451 651 3546 704 per

1976 715 2255 771 Christum
2280 719 2615 787 majestatem
2635 717 2730 773 Dei
2755 720 2997 786 laudant,
3033 722 3172 776 sicut
3201 727 3267 778 ad
3294 742 3386 780 eos
3411 743 3545 780 con-

1976 808 2294 875 gratulando
2341 809 2539 862 dicitur
2595 809 2648 862 in
2679 811 2888 879 psalmo
2919 831 2931 864 :
2978 811 3215 868 Laudate
3239 815 3538 878 Dominum,

1977 915 2152 952 omnes
2200 901 2412 953 virtutes
2465 901 2577 970 ejus
2637 899 2809 972 (Psal.
2867 919 3111 970 cxnvm,
3171 905 3247 976 2).
3306 907 3544 963 Adorant

1975 1003 2188 1057 quoque
2216 991 2463 1043 eamdem
2493 991 2727 1044 divinam
2757 993 3110 1062 majestatem,
3145 996 3285 1050 sicut
3308 997 3361 1051 in
3390 999 3546 1068 hym~

1975 1093 2046 1132 no
2074 1077 2430 1134 confessionis
2461 1081 2646 1136 Esdra:
2675 1083 2740 1136 ad
2770 1085 2945 1153 ipsum
2976 1085 3262 1142 Dominum
3300 1090 3500 1144 dicitur
3527 1111 3538 1143 :

1974 1169 2251 1224 Exercitus
2280 1171 2392 1225 εωιὶ
2420 1180 2469 1225 te
2513 1173 2734 1227 adorant
2759 1173 2842 1246 (II
2870 1175 3029 1229 Esdr.
3056 1194 3131 1244 rx,
3174 1180 3249 1251 6).
3295 1179 3544 1234 Tremunt

1973 1263 2157 1326 etiam,
2186 1263 2324 1316 sicut
2343 1277 2441 1332 per
2474 1263 2700 1332 ﬁguram
2738 1265 2803 1320 de
2831 1267 2912 1322 eis
2942 1267 2995 1320 in
3019 1268 3156 1323 libro
3176 1267 3276 1323 Job
3305 1269 3503 1324 dicitur
3528 1289 3540 1322 :

1973 1351 2243 1407 Columna:
2267 1356 2378 1410 creti
2403 1359 2828 1421 contremiscunt,
2857 1367 2904 1412 et
2926 1369 3110 1429 pavent
3137 1361 3205 1413 ad
3228 1371 3409 1415 nutum
3429 1363 3544 1431 ejus

1975 1447 2116 1517 (Job.
2147 1464 2298 1513 xxvi,
2329 1447 2439 1518 11).
2475 1448 2574 1514 Qui
2607 1457 2782 1503 tamen
2815 1457 3019 1504 tremor
3043 1491 3056 1514 ,
3091 1467 3156 1505 ne
3207 1452 3286 1506 eis
3315 1451 3543 1522 ptenalis

1974 1540 2064 1605 sit,
2097 1555 2202 1594 non
2255 1539 2466 1594 timoris
2495 1547 2580 1594 est
2605 1580 2620 1604 ,
2653 1541 2747 1594 sed
2781 1541 3172 1595 admirationis.
3220 1541 3352 1595 Cum
3380 1542 3545 1612 igitur

1974 1632 2028 1685 in
2059 1632 2369 1688 cmlestibus
2400 1640 2546 1687 tanta
2582 1633 2652 1687 sit
2674 1631 2890 1686 devotio
2914 1633 3245 1687 laudantium
3273 1674 3287 1698 ,
3309 1649 3538 1688 venera-

1903 1713 1942 1770 Β
1972 1723 2045 1776 ιίο
2071 1722 2408 1776 adorantium
2434 1763 2449 1787 ,
2506 1730 2710 1776 tremor
2761 1722 3144 1776 admirantium
3165 1763 3178 1788 ,
3233 1722 3538 1776 consideret

1971 1815 2073 1868 hoc
2097 1815 2276 1878 homo,
2295 1815 2383 1868 cui
2401 1816 2603 1869 dictum
2625 1823 2708 1868 est
2735 1833 2747 1868 :
2769 1813 2909 1878 Quid
2923 1814 3180 1884 superbis,
3199 1824 3337 1866 terra
3351 1823 3396 1867 et
3410 1814 3542 1867 cinis

1971 1904 2244 1978 (Ecclus,
2275 1906 2367 1975 9)?
2418 1905 2616 1961 Audiat
2663 1905 2980 1976 Apostolum
3027 1914 3374 1961 monentem:
3409 1905 3541 1960 Cum
3623 1961 3629 1967 ,

1967 2003 2106 2048 metu
2127 2003 2174 2048 et
2202 1995 2408 2060 timore,
2434 2005 2479 2048 et
2504 2005 2725 2050 tremore
2765 2007 2985 2051 vestram
3038 1997 3270 2068 ipsorum
3316 1996 3539 2051 salutent

1969 2085 2257 2154 operamini
2317 2083 2486 2157 (Phil.
2535 2102 2608 2148 χι,
2661 2085 2771 2156 12).
2828 2086 2954 2141 Caeli
3006 2102 3263 2156 quoque,
3317 2088 3409 2157 qui
3446 2102 3544 2158 per

1967 2174 2243 2229 Christum
2290 2176 2419 2230 facti
2451 2185 2591 2240 sunt,
2647 2186 2777 2231 tunc
2828 2177 3050 2231 laudant
3098 2178 3264 2231 Deum
3302 2177 3536 2242 Patrem,

1967 2265 2182 2335 quando
2238 2279 2337 2318 nos
2382 2272 2678 2334 provocant
2726 2265 2793 2318 ad
2825 2265 3040 2319 laudem
3087 2265 3222 2334 ejus.
3280 2266 3538 2320 Cazlorum

1965 2370 2166 2425 quoque
2195 2353 2408 2408 virtutes
2450 2361 2499 2407 et
2545 2354 2806 2424 serapltim
2854 2353 3232 2419 concelebrant,
3263 2355 3315 2409 id
3355 2365 3455 2421 est,
3488 2357 3540 2410 in

1967 2457 2253 2497 commune
2274 2442 2549 2498 celebrant
2569 2443 2822 2498 concordi
2853 2445 3156 2510 devotione,
3182 2453 3236 2499 et
3268 2447 3538 2500 communi

1965 2534 2161 2604 gaudio
2190 2534 2430 2590 laudant.
2466 2533 2602 2589 Nam
2625 2534 2916 2591 celebritas
2938 2543 3022 2590 est
3044 2545 3338 2592 conventus
3359 2538 3541 2608 pepuli

1965 2627 2022 2681 in
2071 2626 2228 2682 laude
2262 2645 2274 2680 :
2307 2635 2362 2681 et
2405 2627 2673 2683 celebrata
2706 2627 2935 2683 dicimus
2983 2628 3037 2683 in
3064 2628 3284 2696 celebri,
3345 2629 3398 2684 id
3435 2639 3540 2694 est,

1964 2715 2400 2788 frequentissimo
2429 2726 2695 2774 conventu
2749 2727 2888 2773 acta.
2933 2719 3055 2776 Ideo
3085 2728 3266 2775 autem
3298 2721 3495 2776 dicitur
3520 2763 3534 2784 ,

1963 2809 2089 2878 quia
2103 2806 2439 2876 majestatem
2457 2810 2623 2875 socia,
2651 2809 2704 2864 id
2729 2817 2832 2875 est,
2849 2808 3040 2877 juncta
3054 2811 3402 2865 exsultatione
3420 2829 3542 2865 con-

1963 2899 2244 2963 celebrant,
2281 2901 2536 2970 quoniam
2565 2901 2682 2955 sine
2711 2902 3112 2958 intermissione
3134 2903 3437 2969 laudantes,
3460 2905 3541 2958 vi-

1964 2990 2149 3046 cissim
2176 2993 2241 3046 de
2264 2991 2356 3046 illo
2399 3000 2454 3044 et
2504 2991 2572 3045 de
2598 3007 2656 3046 se
2682 2991 2736 3045 in
2767 2991 2858 3047 illo
2896 2992 3168 3047 laetantur.
3228 2994 3382 3049 Hunc
3409 3010 3540 3063 ergo

278 3084 455 3138 Deum
483 3090 538 3137 et
564 3097 684 3146 nos,
718 3089 772 3136 et
805 3083 896 3152 qui
929 3089 1010 3135 est
1037 3079 1275 3150 pontifex
1319 3079 1654 3149 pontificum.
1699 3077 1857 3133 Chri-
1888 3055 1932 3117 (ἶ
1965 3084 2207 3138 omnium
2233 3093 2534 3138 creatorem
2581 3093 2638 3139 ct
2662 3093 2924 3139 rectorem
2956 3085 3178 3139 laudant
3205 3096 3260 3140 et
3288 3055 3539 3140 concele—

277 3184 396 3229 stus
425 3173 632 3240 Graece,
665 3173 854 3227 Latine
893 3173 1094 3227 dicitur
1131 3180 1342 3227 unctus.
1391 3171 1599 3227 Unctus
1638 3179 1721 3226 est
1765 3171 1862 3226 Dei

274 3265 450 3320 Filius
505 3263 799 3321 secundum
842 3263 1256 3326 humanitatem,
1316 3277 1422 3317 non
1471 3262 1591 3317 oleo
1637 3263 1856 3328 visibili,

274 3372 392 3427 quo
427 3358 763 3428 ungebantur
791 3370 942 3426 reges
967 3363 1023 3410 et
1061 3355 1390 3419 sacerdotes,
1443 3369 1630 3410 verum
1678 3367 1860 3424 regem

272 3457 336 3502 et
366 3449 697 3504 sacerdotem
727 3449 1137 3519 praefiguraan
1169 3447 1458 3502 Dominum
1495 3454 1741 3501 nostrum
1765 3445 1856 3500 Je-

276 3553 404 3594 sum
425 3537 730 3604 Christum,
798 3539 892 3594 sed
933 3539 1270 3608 plenitudine
1303 3538 1600 3593 divinitatis
1636 3545 1692 3592 et
1719 3538 1859 3591 dono

273 3627 492 3698 gratiae,
538 3628 681 3695 quod
711 3627 908 3682 visibili
934 3628 1178 3697 signatur
1205 3635 1502 3697 unguento,
1543 3642 1650 3696 quo
1686 3626 1861 3694 bapti-

273 3729 434 3774 zatos
459 3717 636 3787 jungit
664 3717 922 3771 Ecclesia.
959 3717 1210 3772 Christus
1255 3725 1434 3771 tamen
1472 3731 1578 3770 non
1615 3725 1744 3770 tunc
1777 3725 1862 3771 est

270 3817 476 3866 unctus
506 3805 707 3876 Spiritu
752 3816 971 3872 sancto,
1010 3808 1225 3876 quando
1253 3821 1415 3875 super
1456 3821 1583 3861 eum
1611 3805 1857 3873 baptiza-

274 3910 400 3956 tum
447 3900 588 3953 sicut
639 3897 885 3952 columba
933 3897 1234 3963 descendit;
1289 3903 1417 3950 tunc
1461 3895 1606 3949 enim
1663 3909 1860 3962 corpus

275 4005 460 4055 suum,
490 3989 543 4044 id
572 3995 676 4055 est,
703 3987 997 4043 Ecclesiam
1029 3987 1377 4058 prteligurare
1399 3986 1645 4055 dignatus
1672 3993 1773 4049 est,
1803 3985 1858 4038 in

271 4096 387 4150 qua
444 4080 703 4150 baptizati
758 4079 1032 4148 accipiunt
1086 4076 1350 4147 Spiritum
1417 4083 1660 4130 sanctum
1707 4092 1721 4128 :
1766 4075 1859 4129 sed

273 4175 507 4246 mystica
541 4173 796 4228 unctione
821 4179 951 4227 tunc
980 4178 1173 4226 unctus
1211 4178 1313 4234 est,
1360 4169 1573 4239 quando
1608 4161 1859 4222 veniente

278 4262 522 4336 [angelo]
570 4263 638 4318 ad
682 4259 906 4316 Mariam
948 4261 1211 4332 virginem
1257 4266 1446 4314 uterus
1492 4257 1728 4327 repletus
1776 4267 1861 4313 est

277 4353 487 4423 Spiritu
528 4360 746 4418 sancto,
810 4351 912 4406 hoc
960 4359 1061 4416 est,
1114 4350 1327 4418 quando
1377 4350 1611 4404 humana
1663 4358 1853 4403 natura

273 4448 398 4503 sine
448 4445 572 4500 ullis
625 4444 1048 4516 prcecedentibus
1101 4445 1366 4499 bonorum
1417 4456 1640 4513 cperam
1691 4441 1855 4497 meri-

276 4538 393 4604 tis,
447 4538 558 4592 Deo
613 4550 744 4591 vero
798 4536 852 4590 in
911 4541 1066 4590 utero
1117 4534 1344 4604 virginis
1398 4542 1482 4590 est
1533 4534 1610 4588 ita
1659 4533 1852 4596 unita,

273 4640 339 4689 ut
364 4647 488 4686 cum
512 4631 602 4685 illo
622 4646 728 4684 una
754 4629 908 4684 ﬁeret
931 4643 1160 4698 persona
1189 4647 1202 4682 :
1227 4629 1370 4684 unde
1400 4637 1454 4684 et
1477 4629 1546 4683 ob
1589 4629 1692 4683 hoc
1727 4643 1856 4684 con-

273 4723 496 4777 fitemur
547 4720 696 4775 illum
748 4727 934 4775 natum
968 4719 1035 4773 de
1085 4718 1288 4790 Spiritu
1334 4728 1522 4774 sancto
1567 4733 1633 4772 ex
1685 4717 1854 4770 Maria

271 4812 506 4884 virgine.
558 4811 819 4867 Unctione
858 4818 1039 4866 autem
1087 4810 1193 4866 olei
1231 4811 1544 4881 designatur
1579 4808 1856 4878 plenitudo

270 4904 517 4975 Spiritus
565 4903 781 4969 sancti,
831 4903 1086 4973 quoniam
1136 4903 1277 4958 sicut
1318 4903 1437 4958 oleo
1482 4901 1688 4971 optimo
1735 4915 1856 4955 cor-

271 5011 379 5066 pus
402 4994 682 5064 perfusum
708 5004 920 5050 recreat
958 4995 1110 5060 illud,
1157 5002 1321 5064 atque
1363 5007 1621 5049 recreans
1659 4992 1856 5064 jucun-

272 5086 401 5141 dius
441 5087 656 5141 reddit:
687 5087 766 5141 sic
800 5093 854 5141 et
883 5087 1058 5155 gratia
1089 5085 1322 5156 Spiritus
1359 5085 1532 5139 sancti
1560 5099 1674 5149 cor,
1713 5084 1855 5154 quod

274 5175 588 5246 repleverit,
619 5176 674 5230 in
699 5191 883 5231 amore
913 5187 968 5231 et
994 5176 1280 5232 dilectione
1313 5174 1408 5230 Dei
1433 5172 1674 5246 perfecte
1700 5190 1856 5245 repa-

277 5279 428 5330 rans,
464 5278 678 5320 omnem
711 5265 920 5321 timoris
948 5265 1279 5331 maestitiam,
1313 5279 1476 5334 quam
1496 5279 1597 5336 pro
1618 5265 1856 5334 peccatis

277 5354 458 5424 primo
496 5363 878 5422 contraxerat,
907 5356 976 5412 ab
1003 5369 1101 5411 ore
1137 5353 1380 5425 repellit,
1409 5364 1465 5410 et
1494 5356 1548 5410 in
1578 5355 1857 5412 charitatis

280 5444 442 5516 501
457 5445 790 5516 perfectione
807 5447 1155 5514 confirmans,
1173 5446 1241 5505 de
1261 5462 1358 5518 spe
1377 5449 1502 5504 vitae
1526 5456 1743 5504 eterna
1768 5461 1862 5501 ex-

279 5539 596 5599 sultationis
637 5541 893 5614 gaudium
936 5543 1333 5599 subministrat.
1367 5538 1472 5597 Per
1509 5558 1663 5610 quem
1703 5539 1863 5596 Chri-

292 5643 438 5688 stum
477 5636 800 5704 majestatem
829 5646 973 5690 tuam
1029 5635 1248 5689 laudant
1279 5636 1468 5707 angeli,
1501 5636 1626 5705 quia
1675 5649 1770 5704 per
1797 5631 1857 5685 il-

1965 3175 2130 3229 brant
2153 3174 2298 3238 coeli,
2323 3174 2461 3227 sicut
2491 3188 2614 3228 eum
2655 3174 2879 3230 laudant
2900 3174 2980 3230 sol
3004 3183 3060 3228 et
3104 3175 3254 3241 luna,
3294 3175 3460 3231 stella:
3489 3185 3543 3231 et

1960 3264 2162 3320 lumen.
2192 3264 2343 3319 Unde
2373 3264 2426 3318 in
2449 3265 2658 3334 psalmo
2679 3264 2878 3320 dicitur
2903 3281 2916 3318 :
2945 3263 3183 3319 Laudate
3209 3283 3349 3331 eum,
3381 3266 3458 3320 sol
3487 3277 3538 3319 et

1958 3355 2084 3410 luna
2113 3368 2130 3406 :
2158 3370 2351 3424 usque,
2403 3371 2576 3426 aqua},
2617 3372 2735 3426 qua:
2783 3373 2939 3426 super
2989 3355 3142 3410 caelos
3188 3364 3310 3410 sunt
3361 3353 3536 3428 (Psal.

1958 3461 2172 3511 cxnvu,
2208 3447 2284 3518 5).
2359 3443 2416 3500 In
2467 3447 2667 3518 hymno
2719 3462 2936 3517 quoque
3002 3447 3165 3502 trium
3212 3463 3540 3517 puerorum,

1959 3536 2056 3590 Dei
2094 3537 2161 3590 ad
2202 3536 2415 3591 laudem
2462 3538 2729 3593 elementa
2774 3539 2955 3593 omnia
3002 3548 3402 3609 provocamur:
3435 3558 3541 3598 non

1959 3627 2102 3696 quod
2125 3627 2397 3682 elementa
2427 3636 2574 3682 muta
2602 3630 2838 3684 habeant
2871 3645 3088 3685 sensum
3119 3630 3393 3698 laudandi,
3443 3633 3538 3688 sed

1958 3716 2103 3785 quod
2132 3725 2326 3771 cuncta
2371 3717 2510 3771 bene
2534 3719 2793 3787 cogitata,
2839 3716 3052 3774 laudem
3078 3719 3311 3788 pariant,
3346 3728 3402 3774 et
3431 3721 3536 3774 im-

1960 3807 2136 3876 pletur
2159 3821 2254 3862 cur
2294 3807 2727 3862 consideratione
2770 3815 3037 3862 creaturae
3076 3807 3141 3860 ad
3178 3809 3533 3863 eructandum

1960 3893 2221 3961 hymnum
2253 3891 2506 3945 creatori.
2552 3891 2619 3944 Et
2648 3891 2776 3960 quia
2803 3890 3021 3958 longum
3053 3890 3156 3945 fuit
3187 3892 3239 3944 in
3271 3892 3375 3946 ista
3413 3909 3536 3963 gra-

1964 3983 2162 4038 tiarum
2215 3984 2427 4038 actione
2477 3991 2618 4038 totos
2670 3983 2981 4053 angelorum
3033 3983 3286 4048 ordines,
3343 3985 3435 4053 qui
3485 3985 3540 4040 in

1962 4073 2257 4144 Scripturis
2293 4088 2487 4128 navem
2542 4074 2889 4128 inveniuntur
2913 4115 2928 4141 ,
2976 4089 3177 4144 ponere
3203 4115 3218 4140 ,
3250 4075 3540 4144 sigillatum

1960 4174 2084 4235 post
2113 4164 2281 4220 cmlos
2309 4171 2586 4232 ponuntur
2630 4165 2879 4230 virtutes,
2929 4181 3036 4235 quo
3072 4166 3288 4220 nomine
3349 4182 3540 4224 omnes

1962 4259 2214 4314 caelestes
2265 4257 2493 4327 spiritus
2518 4256 2846 4327 generaliter
2883 4257 3138 4328 appellari
3171 4259 3366 4325 solent,
3399 4267 3459 4314 ut
3485 4260 3540 4315 in

1961 4351 2168 4421 psalmo
2193 4367 2205 4403 :
2230 4349 2486 4403 Dominus
2511 4348 2760 4403 virtutum
2803 4349 2911 4419 ipse
2935 4357 3009 4402 est
3035 4366 3124 4402 rex
3147 4349 3332 4420 gloria:
3364 4348 3537 4422 (Psal.

1963 4459 2120 4508 χχιιι,
2177 4441 2289 4512 10).
2320 4441 2389 4496 Et
2438 4441 2674 4496 iterum:
2740 4438 2901 4495 Verbo
2932 4439 3144 4494 Domini
3185 4439 3298 4494 caeli
3344 4441 3541 4510 ﬁrmati

1959 4544 2101 4599 sunt,
2128 4542 2174 4587 et
2225 4531 2412 4603 spiritu
2439 4533 2546 4585 oris
2584 4530 2696 4600 ejus
2737 4533 2904 4586 omnis
2935 4531 3098 4586 uirtus
3147 4547 3325 4584 eorum
3366 4529 3535 4604 (Psal.

1963 4643 2132 4693 χχχιι,
2149 4625 2225 4697 6).
2239 4624 2320 4680 Ad
2334 4624 2580 4679 ultimum
2596 4632 2870 4692 ponuntur
2889 4623 3181 4693 seraphim,
3199 4624 3291 4692 qui
3306 4631 3388 4678 est
3401 4639 3542 4678 sum-

1962 4735 2082 4775 mus
2105 4720 2238 4775 ordo
2261 4716 2628 4789 angelicorum
2651 4715 2959 4785 spirituum,
2979 4724 3032 4769 et
3061 4729 3186 4769 vere
3216 4717 3397 4781 beata,
3420 4732 3540 4786 quae

1960 4828 2028 4867 ex
2062 4812 2322 4883 singulari
2349 4808 2752 4881 propinquitate
2783 4806 3044 4862 creatoris
3083 4807 3166 4860 sui
3201 4807 3539 4875 incompara-

1958 4905 2050 4959 bili
2085 4903 2278 4958 ardent
2307 4917 2510 4956 amore.
2539 4899 2692 4955 Unde
2715 4905 2770 4952 et
2796 4897 3050 4952 ardentes
3082 4897 3167 4951 vel
3188 4896 3541 4952 incendentes

1955 4994 2402 5063 interpretantur.
2457 4989 2750 5046 Sciendum
2785 4996 2965 5043 autem
3004 4987 3149 5057 quod
3181 4985 3462 5042 cherubim
3485 4997 3534 5042 et

1957 5086 2229 5155 seraphim
2258 5099 2417 5155 perm
2444 5083 2680 5138 litteram
2709 5081 2940 5150 prolata,
2964 5077 3122 5148 juxta
3154 5081 3539 5149 proprietatem

1957 5178 2152 5248 linguze
2175 5177 2424 5239 hebrzeze,
2440 5173 2727 5229 masculini
2744 5179 2871 5228 sunt
2891 5171 3108 5242 generis
3121 5178 3176 5226 et
3197 5169 3422 5241 pluralis
3443 5186 3542 5223 nu-

1958 5269 2096 5322 meri
2110 5274 2338 5320 tantum.
2357 5263 2415 5319 Si
2431 5273 2610 5319 autem
2623 5280 2722 5334 per
2737 5281 2771 5317 η
2786 5264 3025 5318 litteram
3041 5262 3308 5327 dicantur,
3326 5262 3467 5316 sicut
3484 5261 3540 5314 in

1958 5356 2180 5428 psalmis
2200 5363 2256 5410 et
2279 5356 2514 5426 hymnis,
2545 5364 2600 5412 et
2620 5355 2674 5409 in
2711 5354 2966 5426 praesenti
2994 5353 3288 5424 gratiarum
3328 5352 3541 5407 actione

1959 5445 2199 5517 ponitur,
2213 5434 2401 5500 Graeca
2414 5445 2774 5500 declinatione
2787 5445 2841 5499 in
2855 5443 3104 5498 neutrale
3140 5457 3310 5514 genus
3332 5451 3544 5497 mutan-

1967 5549 2074 5594 tur.
2112 5536 2406 5593 Velutcum
2432 5537 2665 5592 dicimus
2685 5536 2863 5593 lucida
2876 5535 3082 5597 sidera,
3103 5535 3346 5603 speciosa
3365 5549 3543 5587 nemo-

1968 5613 2045 5698 ra,
2061 5630 2298 5700 jucunda
2316 5629 2519 5695 littora,
2542 5629 2620 5685 sic
2633 5637 2686 5682 et
2703 5629 2800 5683 hea
2810 5636 2860 5682 ta
2886 5626 3157 5696 seraphim
3172 5632 3364 5678 neutro
3382 5637 3542 5693 gene-
