  <div class='ocr_page' id='page_1' title='image "/cluster/home/n/w/nwhite01/storage/ocr_20150623/101/hvd.32044054759683/633.png"; bbox 0 0 3914 6178; ppageno 0'>
   <div class='ocr_carea' id='block_1_1' title="bbox 402 217 540 273">
    <p class='ocr_par' dir='ltr' id='par_1_1' title="bbox 402 217 540 273">
     <span class='ocr_line' id='line_1_1' title="bbox 402 217 540 273; baseline 0.014 -2"><span class='ocrx_word' id='word_1_1' title='bbox 402 217 540 273; x_wconf 77' lang='grc'><strong>1255</strong></span> 
     </span>
    </p>
   </div>
   <div class='ocr_carea' id='block_1_2' title="bbox 1234 213 2812 278">
    <p class='ocr_par' dir='ltr' id='par_1_2' title="bbox 1234 213 2812 278">
     <span class='ocr_line' id='line_1_2' title="bbox 1234 213 2812 278; baseline 0.004 -8"><span class='ocrx_word' id='word_1_2' title='bbox 1234 214 1292 270; x_wconf 86' lang='grc' dir='ltr'><strong>Β.</strong></span> <span class='ocrx_word' id='word_1_3' title='bbox 1341 216 1402 270; x_wconf 88' lang='lat' dir='ltr'><strong>F.</strong></span> <span class='ocrx_word' id='word_1_4' title='bbox 1439 215 1666 272; x_wconf 74' lang='lat' dir='ltr'><strong>ALBINI</strong></span> <span class='ocrx_word' id='word_1_5' title='bbox 1707 213 1837 272; x_wconf 85' lang='lat' dir='ltr'><strong>SEU</strong></span> <span class='ocrx_word' id='word_1_6' title='bbox 1877 215 2150 273; x_wconf 77' lang='lat' dir='ltr'><strong>ALCUINI</strong></span> <span class='ocrx_word' id='word_1_7' title='bbox 2189 218 2473 276; x_wconf 78' lang='lat' dir='ltr'><strong>OPERUM</strong></span> <span class='ocrx_word' id='word_1_8' title='bbox 2509 219 2687 278; x_wconf 77' lang='lat' dir='ltr'><strong>PARS</strong></span> <span class='ocrx_word' id='word_1_9' title='bbox 2722 223 2812 278; x_wconf 79' lang='lat' dir='ltr'><strong>IX.</strong></span> 
     </span>
    </p>
   </div>
   <div class='ocr_carea' id='block_1_3' title="bbox 3525 233 3673 291">
    <p class='ocr_par' dir='ltr' id='par_1_3' title="bbox 3525 233 3673 291">
     <span class='ocr_line' id='line_1_3' title="bbox 3525 233 3673 291; baseline 0.034 -5"><span class='ocrx_word' id='word_1_10' title='bbox 3525 233 3673 291; x_wconf 67' lang='lat'><strong>1256</strong></span> 
     </span>
    </p>
   </div>
   <div class='ocr_carea' id='block_1_4' title="bbox 399 327 3674 414">
    <p class='ocr_par' dir='ltr' id='par_1_4' title="bbox 399 327 3674 414">
     <span class='ocr_line' id='line_1_4' title="bbox 399 327 3674 414; baseline 0.005 -27"><span class='ocrx_word' id='word_1_11' title='bbox 399 348 460 387; x_wconf 90' lang='lat' dir='ltr'><strong>re</strong></span> <span class='ocrx_word' id='word_1_12' title='bbox 486 327 746 401; x_wconf 86' lang='lat' dir='ltr'><strong>etplurali</strong></span> <span class='ocrx_word' id='word_1_13' title='bbox 769 342 995 384; x_wconf 89' lang='lat' dir='ltr'><strong>numero</strong></span> <span class='ocrx_word' id='word_1_14' title='bbox 1011 327 1400 396; x_wconf 55' lang='lat' dir='ltr'><strong>accipiamusm</strong></span> <span class='ocrx_word' id='word_1_15' title='bbox 1430 330 1498 384; x_wconf 92' lang='lat' dir='ltr'><strong>Ut</strong></span> <span class='ocrx_word' id='word_1_16' title='bbox 1522 337 1702 384; x_wconf 85' lang='lat' dir='ltr'><strong>autem</strong></span> <span class='ocrx_word' id='word_1_17' title='bbox 1726 329 1978 384; x_wconf 88' lang='lat' dir='ltr'><strong>adsolum</strong></span> <span class='ocrx_word' id='word_1_18' title='bbox 2009 338 2057 396; x_wconf 72' lang='grc' dir='ltr'><strong>Α</strong></span> <span class='ocrx_word' id='word_1_19' title='bbox 2085 330 2218 400; x_wconf 86' lang='lat' dir='ltr'><strong>(Jer.</strong></span> <span class='ocrx_word' id='word_1_20' title='bbox 2273 348 2429 398; x_wconf 70' lang='grc' dir='ltr'><strong>χχιιι,</strong></span> <span class='ocrx_word' id='word_1_21' title='bbox 2475 333 2590 403; x_wconf 71' lang='grc'><strong>24).</strong></span> <span class='ocrx_word' id='word_1_22' title='bbox 2622 335 3000 405; x_wconf 75' lang='lat' dir='ltr'><strong>Adiunguntur</strong></span> <span class='ocrx_word' id='word_1_23' title='bbox 3046 345 3228 392; x_wconf 90' lang='lat' dir='ltr'><strong>autem</strong></span> <span class='ocrx_word' id='word_1_24' title='bbox 3275 340 3406 396; x_wconf 85' lang='lat' dir='ltr'><strong>huic</strong></span> <span class='ocrx_word' id='word_1_25' title='bbox 3452 345 3674 414; x_wconf 83' lang='lat' dir='ltr'><strong>hymno</strong></span> 
     </span>
    </p>
   </div>
   <div class='ocr_carea' id='block_1_5' title="bbox 401 418 1977 490">
    <p class='ocr_par' dir='ltr' id='par_1_5' title="bbox 401 418 1977 490">
     <span class='ocr_line' id='line_1_5' title="bbox 401 418 1977 490; baseline -0.001 -17"><span class='ocrx_word' id='word_1_26' title='bbox 401 419 616 474; x_wconf 87' lang='lat' dir='ltr'><strong>Patrem</strong></span> <span class='ocrx_word' id='word_1_27' title='bbox 657 419 920 490; x_wconf 75' lang='lat' dir='ltr'><strong>dirigatur</strong></span> <span class='ocrx_word' id='word_1_28' title='bbox 948 419 1144 485; x_wconf 89' lang='lat' dir='ltr'><strong>oratio,</strong></span> <span class='ocrx_word' id='word_1_29' title='bbox 1176 435 1298 474; x_wconf 88' lang='lat' dir='ltr'><strong>cum</strong></span> <span class='ocrx_word' id='word_1_30' title='bbox 1327 419 1494 472; x_wconf 79' lang='lat' dir='ltr'><strong>totius</strong></span> <span class='ocrx_word' id='word_1_31' title='bbox 1518 427 1720 473; x_wconf 61' lang='lat' dir='ltr'><strong>sancta</strong></span> <span class='ocrx_word' id='word_1_32' title='bbox 1745 418 1977 472; x_wconf 86' lang='lat' dir='ltr'><strong>Trinita—</strong></span> 
     </span>
    </p>
   </div>
   <div class='ocr_carea' id='block_1_6' title="bbox 401 495 1976 579">
    <p class='ocr_par' dir='ltr' id='par_1_6' title="bbox 401 495 1976 579">
     <span class='ocr_line' id='line_1_6' title="bbox 401 495 1976 579; baseline 0.001 -16"><span class='ocrx_word' id='word_1_33' title='bbox 401 510 496 574; x_wconf 91' lang='lat' dir='ltr'><strong>tis,</strong></span> <span class='ocrx_word' id='word_1_34' title='bbox 530 509 669 565; x_wconf 90' lang='lat' dir='ltr'><strong>sicut</strong></span> <span class='ocrx_word' id='word_1_35' title='bbox 695 526 798 563; x_wconf 90' lang='lat' dir='ltr'><strong>una</strong></span> <span class='ocrx_word' id='word_1_36' title='bbox 822 517 905 563; x_wconf 91' lang='lat' dir='ltr'><strong>est</strong></span> <span class='ocrx_word' id='word_1_37' title='bbox 929 509 1206 575; x_wconf 85' lang='lat' dir='ltr'><strong>divinitas,</strong></span> <span class='ocrx_word' id='word_1_38' title='bbox 1237 510 1308 562; x_wconf 91' lang='lat' dir='ltr'><strong>ita</strong></span> <span class='ocrx_word' id='word_1_39' title='bbox 1335 508 1558 578; x_wconf 80' lang='lat' dir='ltr'><strong>aequalis</strong></span> <span class='ocrx_word' id='word_1_40' title='bbox 1587 495 1760 563; x_wconf 87' lang='lat' dir='ltr'><strong>honor</strong></span> <span class='ocrx_word' id='word_1_41' title='bbox 1784 517 1839 563; x_wconf 90' lang='lat' dir='ltr'><strong>et</strong></span> <span class='ocrx_word' id='word_1_42' title='bbox 1864 508 1976 579; x_wconf 87' lang='lat' dir='ltr'><strong>glo-</strong></span> 
     </span>
    </p>
   </div>
   <div class='ocr_carea' id='block_1_7' title="bbox 400 600 1976 671">
    <p class='ocr_par' dir='ltr' id='par_1_7' title="bbox 400 600 1976 671">
     <span class='ocr_line' id='line_1_7' title="bbox 400 600 1976 671; baseline 0 -15"><span class='ocrx_word' id='word_1_43' title='bbox 400 601 656 665; x_wconf 83' lang='lat' dir='ltr'><strong>riﬁcatio,</strong></span> <span class='ocrx_word' id='word_1_44' title='bbox 704 600 756 654; x_wconf 91' lang='lat' dir='ltr'><strong>id</strong></span> <span class='ocrx_word' id='word_1_45' title='bbox 783 602 1009 670; x_wconf 80' lang='lat' dir='ltr'><strong>apostoli</strong></span> <span class='ocrx_word' id='word_1_46' title='bbox 1039 610 1224 656; x_wconf 79' lang='lat' dir='ltr'><strong>sancto</strong></span> <span class='ocrx_word' id='word_1_47' title='bbox 1260 617 1357 670; x_wconf 86' lang='lat' dir='ltr'><strong>per</strong></span> <span class='ocrx_word' id='word_1_48' title='bbox 1399 616 1493 655; x_wconf 90' lang='lat' dir='ltr'><strong>eos</strong></span> <span class='ocrx_word' id='word_1_49' title='bbox 1539 601 1826 656; x_wconf 85' lang='lat' dir='ltr'><strong>ordinante</strong></span> <span class='ocrx_word' id='word_1_50' title='bbox 1857 600 1976 671; x_wconf 90' lang='lat' dir='ltr'><strong>Spi-</strong></span> 
     </span>
    </p>
   </div>
   <div class='ocr_carea' id='block_1_8' title="bbox 403 691 1976 761">
    <p class='ocr_par' dir='ltr' id='par_1_8' title="bbox 403 691 1976 761">
     <span class='ocr_line' id='line_1_8' title="bbox 403 691 1976 761; baseline -0.001 -14"><span class='ocrx_word' id='word_1_51' title='bbox 403 691 512 748; x_wconf 82' lang='lat' dir='ltr'><strong>ritu</strong></span> <span class='ocrx_word' id='word_1_52' title='bbox 556 701 873 757; x_wconf 78' lang='lat' dir='ltr'><strong>sanxerunt,</strong></span> <span class='ocrx_word' id='word_1_53' title='bbox 928 693 1098 761; x_wconf 86' lang='lat' dir='ltr'><strong>utqui</strong></span> <span class='ocrx_word' id='word_1_54' title='bbox 1141 692 1431 746; x_wconf 89' lang='lat' dir='ltr'><strong>multorum</strong></span> <span class='ocrx_word' id='word_1_55' title='bbox 1479 691 1706 746; x_wconf 92' lang='lat' dir='ltr'><strong>deorum</strong></span> <span class='ocrx_word' id='word_1_56' title='bbox 1759 707 1976 747; x_wconf 89' lang='lat' dir='ltr'><strong>errores</strong></span> 
     </span>
    </p>
   </div>
   <div class='ocr_carea' id='block_1_9' title="bbox 401 783 1975 854">
    <p class='ocr_par' dir='ltr' id='par_1_9' title="bbox 401 783 1975 854">
     <span class='ocr_line' id='line_1_9' title="bbox 401 783 1975 854; baseline 0 -16"><span class='ocrx_word' id='word_1_57' title='bbox 401 783 562 839; x_wconf 89' lang='lat' dir='ltr'><strong>unius</strong></span> <span class='ocrx_word' id='word_1_58' title='bbox 616 784 714 839; x_wconf 86' lang='lat' dir='ltr'><strong>Dei</strong></span> <span class='ocrx_word' id='word_1_59' title='bbox 769 785 1151 854; x_wconf 73' lang='lat' dir='ltr'><strong>praedicatione</strong></span> <span class='ocrx_word' id='word_1_60' title='bbox 1197 783 1510 837; x_wconf 83' lang='lat' dir='ltr'><strong>nitebantur</strong></span> <span class='ocrx_word' id='word_1_61' title='bbox 1552 783 1821 848; x_wconf 87' lang='lat' dir='ltr'><strong>evellere,</strong></span> <span class='ocrx_word' id='word_1_62' title='bbox 1873 785 1975 838; x_wconf 89' lang='lat' dir='ltr'><strong>sub</strong></span> 
     </span>
    </p>
   </div>
   <div class='ocr_carea' id='block_1_10' title="bbox 403 858 1974 942">
    <p class='ocr_par' dir='ltr' id='par_1_10' title="bbox 403 858 1974 942">
     <span class='ocr_line' id='line_1_10' title="bbox 403 858 1974 942; baseline -0.003 -11"><span class='ocrx_word' id='word_1_63' title='bbox 403 876 686 932; x_wconf 82' lang='lat' dir='ltr'><strong>Trinitatis</strong></span> <span class='ocrx_word' id='word_1_64' title='bbox 711 884 1049 930; x_wconf 90' lang='lat' dir='ltr'><strong>sacramento</strong></span> <span class='ocrx_word' id='word_1_65' title='bbox 1079 873 1169 927; x_wconf 89' lang='lat' dir='ltr'><strong>uni</strong></span> <span class='ocrx_word' id='word_1_66' title='bbox 1196 888 1441 942; x_wconf 84' lang='lat' dir='ltr'><strong>personae</strong></span> <span class='ocrx_word' id='word_1_67' title='bbox 1478 858 1532 926; x_wconf 76' lang='lat' dir='ltr'><strong>iii</strong></span> <span class='ocrx_word' id='word_1_68' title='bbox 1586 873 1974 928; x_wconf 83' lang='lat' dir='ltr'><strong>sacrificiorum</strong></span> 
     </span>
    </p>
   </div>
   <div class='ocr_carea' id='block_1_11' title="bbox 399 963 1975 1035">
    <p class='ocr_par' dir='ltr' id='par_1_11' title="bbox 399 963 1975 1035">
     <span class='ocr_line' id='line_1_11' title="bbox 399 963 1975 1035; baseline -0.003 -15"><span class='ocrx_word' id='word_1_69' title='bbox 399 967 511 1021; x_wconf 90' lang='lat' dir='ltr'><strong>ritu</strong></span> <span class='ocrx_word' id='word_1_70' title='bbox 536 981 657 1021; x_wconf 90' lang='lat' dir='ltr'><strong>esse</strong></span> <span class='ocrx_word' id='word_1_71' title='bbox 702 963 1108 1035; x_wconf 88' lang='lat' dir='ltr'><strong>supplicandum</strong></span> <span class='ocrx_word' id='word_1_72' title='bbox 1151 964 1546 1017; x_wconf 89' lang='lat' dir='ltr'><strong>decernerent:</strong></span> <span class='ocrx_word' id='word_1_73' title='bbox 1583 978 1649 1017; x_wconf 90' lang='lat' dir='ltr'><strong>ne</strong></span> <span class='ocrx_word' id='word_1_74' title='bbox 1696 963 1786 1032; x_wconf 88' lang='lat' dir='ltr'><strong>qui</strong></span> <span class='ocrx_word' id='word_1_75' title='bbox 1812 979 1975 1017; x_wconf 90' lang='lat' dir='ltr'><strong>unum</strong></span> 
     </span>
    </p>
   </div>
   <div class='ocr_carea' id='block_1_12' title="bbox 404 1052 1976 1127">
    <p class='ocr_par' dir='ltr' id='par_1_12' title="bbox 404 1052 1976 1127">
     <span class='ocr_line' id='line_1_12' title="bbox 404 1052 1976 1127; baseline -0.004 -15"><span class='ocrx_word' id='word_1_76' title='bbox 404 1057 572 1112; x_wconf 89' lang='lat' dir='ltr'><strong>Deum</strong></span> <span class='ocrx_word' id='word_1_77' title='bbox 600 1056 982 1127; x_wconf 65' lang='lat' dir='ltr'><strong>praedicabant,</strong></span> <span class='ocrx_word' id='word_1_78' title='bbox 1009 1054 1062 1107; x_wconf 91' lang='lat' dir='ltr'><strong>in</strong></span> <span class='ocrx_word' id='word_1_79' title='bbox 1088 1053 1352 1122; x_wconf 86' lang='lat' dir='ltr'><strong>pluralem</strong></span> <span class='ocrx_word' id='word_1_80' title='bbox 1382 1052 1677 1106; x_wconf 84' lang='lat' dir='ltr'><strong>divinitatis</strong></span> <span class='ocrx_word' id='word_1_81' title='bbox 1692 1068 1976 1106; x_wconf 87' lang='lat' dir='ltr'><strong>numerum</strong></span> 
     </span>
    </p>
   </div>
   <div class='ocr_carea' id='block_1_13' title="bbox 402 1142 1977 1217">
    <p class='ocr_par' dir='ltr' id='par_1_13' title="bbox 402 1142 1977 1217">
     <span class='ocr_line' id='line_1_13' title="bbox 402 1142 1977 1217; baseline -0.004 -15"><span class='ocrx_word' id='word_1_82' title='bbox 402 1150 656 1202; x_wconf 86' lang='lat' dir='ltr'><strong>incidisse</strong></span> <span class='ocrx_word' id='word_1_83' title='bbox 682 1155 1060 1217; x_wconf 82' lang='lat' dir='ltr'><strong>arguerentur,</strong></span> <span class='ocrx_word' id='word_1_84' title='bbox 1089 1154 1145 1199; x_wconf 90' lang='lat' dir='ltr'><strong>et</strong></span> <span class='ocrx_word' id='word_1_85' title='bbox 1167 1145 1291 1214; x_wconf 89' lang='lat' dir='ltr'><strong>quia</strong></span> <span class='ocrx_word' id='word_1_86' title='bbox 1317 1144 1477 1197; x_wconf 88' lang='lat' dir='ltr'><strong>Pater</strong></span> <span class='ocrx_word' id='word_1_87' title='bbox 1498 1152 1551 1196; x_wconf 89' lang='lat' dir='ltr'><strong>et</strong></span> <span class='ocrx_word' id='word_1_88' title='bbox 1576 1142 1741 1197; x_wconf 88' lang='lat' dir='ltr'><strong>Filius</strong></span> <span class='ocrx_word' id='word_1_89' title='bbox 1770 1152 1825 1197; x_wconf 91' lang='lat' dir='ltr'><strong>et</strong></span> <span class='ocrx_word' id='word_1_90' title='bbox 1856 1142 1977 1211; x_wconf 80' lang='lat' dir='ltr'><strong>Spi-</strong></span> 
     </span>
    </p>
   </div>
   <div class='ocr_carea' id='block_1_14' title="bbox 403 1233 1978 1299">
    <p class='ocr_par' dir='ltr' id='par_1_14' title="bbox 403 1233 1978 1299">
     <span class='ocr_line' id='line_1_14' title="bbox 403 1233 1978 1299; baseline -0.004 -7"><span class='ocrx_word' id='word_1_91' title='bbox 403 1239 541 1292; x_wconf 87' lang='lat' dir='ltr'><strong>ritus</strong></span> <span class='ocrx_word' id='word_1_92' title='bbox 578 1244 818 1299; x_wconf 89' lang='lat' dir='ltr'><strong>sanctus,</strong></span> <span class='ocrx_word' id='word_1_93' title='bbox 853 1235 1011 1288; x_wconf 92' lang='lat' dir='ltr'><strong>unius</strong></span> <span class='ocrx_word' id='word_1_94' title='bbox 1067 1234 1300 1296; x_wconf 90' lang='lat' dir='ltr'><strong>deitatis,</strong></span> <span class='ocrx_word' id='word_1_95' title='bbox 1354 1233 1515 1286; x_wconf 90' lang='lat' dir='ltr'><strong>unius</strong></span> <span class='ocrx_word' id='word_1_96' title='bbox 1551 1240 1775 1296; x_wconf 54' lang='lat' dir='ltr'><strong>natura,</strong></span> <span class='ocrx_word' id='word_1_97' title='bbox 1819 1233 1978 1287; x_wconf 92' lang='lat' dir='ltr'><strong>unius</strong></span> 
     </span>
    </p>
   </div>
   <div class='ocr_carea' id='block_1_15' title="bbox 399 1323 1978 1393">
    <p class='ocr_par' dir='ltr' id='par_1_15' title="bbox 399 1323 1978 1393">
     <span class='ocr_line' id='line_1_15' title="bbox 399 1323 1978 1393; baseline -0.004 -10"><span class='ocrx_word' id='word_1_98' title='bbox 399 1328 736 1392; x_wconf 68' lang='lat' dir='ltr'><strong>substantize,</strong></span> <span class='ocrx_word' id='word_1_99' title='bbox 794 1326 952 1379; x_wconf 91' lang='lat' dir='ltr'><strong>unius</strong></span> <span class='ocrx_word' id='word_1_100' title='bbox 983 1325 1212 1393; x_wconf 88' lang='lat' dir='ltr'><strong>denique</strong></span> <span class='ocrx_word' id='word_1_101' title='bbox 1260 1323 1542 1392; x_wconf 86' lang='lat' dir='ltr'><strong>potestatis</strong></span> <span class='ocrx_word' id='word_1_102' title='bbox 1586 1323 1841 1386; x_wconf 77' lang='lat' dir='ltr'><strong>existunt,</strong></span> <span class='ocrx_word' id='word_1_103' title='bbox 1872 1338 1978 1376; x_wconf 89' lang='lat' dir='ltr'><strong>una</strong></span> 
     </span>
    </p>
   </div>
   <div class='ocr_carea' id='block_1_16' title="bbox 399 1413 1979 1488">
    <p class='ocr_par' dir='ltr' id='par_1_16' title="bbox 399 1413 1979 1488">
     <span class='ocr_line' id='line_1_16' title="bbox 399 1413 1979 1488; baseline -0.005 -14"><span class='ocrx_word' id='word_1_104' title='bbox 399 1437 464 1474; x_wconf 77' lang='lat' dir='ltr'><strong>ex</strong></span> <span class='ocrx_word' id='word_1_105' title='bbox 501 1421 578 1474; x_wconf 90' lang='lat' dir='ltr'><strong>eis</strong></span> <span class='ocrx_word' id='word_1_106' title='bbox 602 1434 832 1488; x_wconf 87' lang='lat' dir='ltr'><strong>persona</strong></span> <span class='ocrx_word' id='word_1_107' title='bbox 877 1427 1094 1486; x_wconf 87' lang='lat' dir='ltr'><strong>propter</strong></span> <span class='ocrx_word' id='word_1_108' title='bbox 1127 1417 1350 1469; x_wconf 86' lang='lat' dir='ltr'><strong>unitatis</strong></span> <span class='ocrx_word' id='word_1_109' title='bbox 1377 1413 1693 1484; x_wconf 86' lang='lat' dir='ltr'><strong>mysterium</strong></span> <span class='ocrx_word' id='word_1_110' title='bbox 1741 1413 1979 1468; x_wconf 89' lang='lat' dir='ltr'><strong>retinen-</strong></span> 
     </span>
    </p>
   </div>
   <div class='ocr_carea' id='block_1_17' title="bbox 401 1503 1978 1571">
    <p class='ocr_par' dir='ltr' id='par_1_17' title="bbox 401 1503 1978 1571">
     <span class='ocr_line' id='line_1_17' title="bbox 401 1503 1978 1571; baseline -0.006 -4"><span class='ocrx_word' id='word_1_111' title='bbox 401 1514 528 1567; x_wconf 91' lang='lat' dir='ltr'><strong>dum</strong></span> <span class='ocrx_word' id='word_1_112' title='bbox 557 1513 610 1566; x_wconf 91' lang='lat' dir='ltr'><strong>in</strong></span> <span class='ocrx_word' id='word_1_113' title='bbox 645 1510 914 1565; x_wconf 84' lang='lat' dir='ltr'><strong>sacriﬁcio</strong></span> <span class='ocrx_word' id='word_1_114' title='bbox 947 1509 1327 1571; x_wconf 81' lang='lat' dir='ltr'><strong>invocaretur;</strong></span> <span class='ocrx_word' id='word_1_115' title='bbox 1361 1520 1458 1559; x_wconf 85' lang='lat' dir='ltr'><strong>nec</strong></span> <span class='ocrx_word' id='word_1_116' title='bbox 1488 1505 1592 1558; x_wconf 90' lang='lat' dir='ltr'><strong>alia</strong></span> <span class='ocrx_word' id='word_1_117' title='bbox 1639 1504 1844 1568; x_wconf 87' lang='lat' dir='ltr'><strong>debuit,</strong></span> <span class='ocrx_word' id='word_1_118' title='bbox 1874 1503 1978 1557; x_wconf 87' lang='lat' dir='ltr'><strong>nisi</strong></span> 
     </span>
    </p>
   </div>
   <div class='ocr_carea' id='block_1_18' title="bbox 399 1596 1979 1676">
    <p class='ocr_par' dir='ltr' id='par_1_18' title="bbox 399 1596 1979 1676">
     <span class='ocr_line' id='line_1_18' title="bbox 399 1596 1979 1676; baseline -0.006 -18"><span class='ocrx_word' id='word_1_119' title='bbox 399 1621 520 1676; x_wconf 67' lang='lat' dir='ltr'><strong>qua:</strong></span> <span class='ocrx_word' id='word_1_120' title='bbox 550 1604 723 1674; x_wconf 86' lang='lat' dir='ltr'><strong>prima</strong></span> <span class='ocrx_word' id='word_1_121' title='bbox 751 1610 852 1666; x_wconf 88' lang='lat' dir='ltr'><strong>est,</strong></span> <span class='ocrx_word' id='word_1_122' title='bbox 888 1602 942 1654; x_wconf 92' lang='lat' dir='ltr'><strong>in</strong></span> <span class='ocrx_word' id='word_1_123' title='bbox 990 1615 1096 1670; x_wconf 89' lang='lat' dir='ltr'><strong>qua</strong></span> <span class='ocrx_word' id='word_1_124' title='bbox 1125 1600 1242 1653; x_wconf 71' lang='lat' dir='ltr'><strong>dua:</strong></span> <span class='ocrx_word' id='word_1_125' title='bbox 1267 1607 1477 1652; x_wconf 58' lang='lat' dir='ltr'><strong>caetera:</strong></span> <span class='ocrx_word' id='word_1_126' title='bbox 1505 1596 1824 1650; x_wconf 87' lang='lat' dir='ltr'><strong>naturaliter</strong></span> <span class='ocrx_word' id='word_1_127' title='bbox 1864 1610 1979 1648; x_wconf 90' lang='lat' dir='ltr'><strong>ma-</strong></span> 
     </span>
    </p>
   </div>
   <div class='ocr_carea' id='block_1_19' title="bbox 2077 421 3676 498">
    <p class='ocr_par' dir='ltr' id='par_1_19' title="bbox 2077 421 3676 498">
     <span class='ocr_line' id='line_1_19' title="bbox 2077 421 3676 498; baseline 0.012 -25"><span class='ocrx_word' id='word_1_128' title='bbox 2077 421 2407 491; x_wconf 89' lang='lat' dir='ltr'><strong>angelorum,</strong></span> <span class='ocrx_word' id='word_1_129' title='bbox 2442 434 2657 493; x_wconf 89' lang='lat' dir='ltr'><strong>sumpta</strong></span> <span class='ocrx_word' id='word_1_130' title='bbox 2713 440 2781 480; x_wconf 83' lang='lat' dir='ltr'><strong>ex</strong></span> <span class='ocrx_word' id='word_1_131' title='bbox 2827 425 3118 498; x_wconf 88' lang='lat' dir='ltr'><strong>Evangelio</strong></span> <span class='ocrx_word' id='word_1_132' title='bbox 3158 430 3325 484; x_wconf 86' lang='lat' dir='ltr'><strong>verba</strong></span> <span class='ocrx_word' id='word_1_133' title='bbox 3376 434 3676 492; x_wconf 87' lang='lat' dir='ltr'><strong>turbarum</strong></span> 
     </span>
    </p>
   </div>
   <div class='ocr_carea' id='block_1_20' title="bbox 2075 511 3682 587">
    <p class='ocr_par' dir='ltr' id='par_1_20' title="bbox 2075 511 3682 587">
     <span class='ocr_line' id='line_1_20' title="bbox 2075 511 3682 587; baseline 0.011 -22"><span class='ocrx_word' id='word_1_134' title='bbox 2075 511 2408 567; x_wconf 89' lang='lat' dir='ltr'><strong>laudantium</strong></span> <span class='ocrx_word' id='word_1_135' title='bbox 2439 515 2609 569; x_wconf 90' lang='lat' dir='ltr'><strong>Deum</strong></span> <span class='ocrx_word' id='word_1_136' title='bbox 2636 525 2692 570; x_wconf 90' lang='lat' dir='ltr'><strong>et</strong></span> <span class='ocrx_word' id='word_1_137' title='bbox 2713 532 2893 587; x_wconf 80' lang='lat' dir='ltr'><strong>regem</strong></span> <span class='ocrx_word' id='word_1_138' title='bbox 2924 527 3169 573; x_wconf 89' lang='lat' dir='ltr'><strong>nostrum</strong></span> <span class='ocrx_word' id='word_1_139' title='bbox 3203 523 3515 579; x_wconf 89' lang='lat' dir='ltr'><strong>venientem</strong></span> <span class='ocrx_word' id='word_1_140' title='bbox 3539 526 3682 583; x_wconf 80' lang='lat' dir='ltr'><strong>Hie-</strong></span> 
     </span>
    </p>
   </div>
   <div class='ocr_carea' id='block_1_21' title="bbox 2075 605 3681 678">
    <p class='ocr_par' dir='ltr' id='par_1_21' title="bbox 2075 605 3681 678">
     <span class='ocr_line' id='line_1_21' title="bbox 2075 605 3681 678; baseline 0.01 -20"><span class='ocrx_word' id='word_1_141' title='bbox 2075 605 2402 674; x_wconf 89' lang='lat' dir='ltr'><strong>rosolymam</strong></span> <span class='ocrx_word' id='word_1_142' title='bbox 2431 647 2446 671; x_wconf 94' lang='lat'><strong>,</strong></span> <span class='ocrx_word' id='word_1_143' title='bbox 2501 615 2664 678; x_wconf 87' lang='lat' dir='ltr'><strong>atque</strong></span> <span class='ocrx_word' id='word_1_144' title='bbox 2713 609 3008 664; x_wconf 89' lang='lat' dir='ltr'><strong>dicentium</strong></span> <span class='ocrx_word' id='word_1_145' title='bbox 3041 630 3053 664; x_wconf 87' lang='lat'><strong>:</strong></span> <span class='ocrx_word' id='word_1_146' title='bbox 3088 609 3305 667; x_wconf 84' lang='lat' dir='ltr'><strong>Osanna</strong></span> <span class='ocrx_word' id='word_1_147' title='bbox 3347 615 3403 668; x_wconf 84' lang='lat' dir='ltr'><strong>in</strong></span> <span class='ocrx_word' id='word_1_148' title='bbox 3445 619 3681 674; x_wconf 66' lang='lat' dir='ltr'><strong>excelsis</strong></span> 
     </span>
    </p>
   </div>
   <div class='ocr_carea' id='block_1_22' title="bbox 2077 695 3673 778">
    <p class='ocr_par' dir='ltr' id='par_1_22' title="bbox 2077 695 3673 778">
     <span class='ocr_line' id='line_1_22' title="bbox 2077 695 3673 778; baseline 0.011 -30"><span class='ocrx_word' id='word_1_149' title='bbox 2077 695 2270 766; x_wconf 79' lang='lat' dir='ltr'><strong>(Marc.</strong></span> <span class='ocrx_word' id='word_1_150' title='bbox 2316 712 2392 762; x_wconf 73' lang='grc' dir='ltr'><strong>χι,</strong></span> <span class='ocrx_word' id='word_1_151' title='bbox 2436 698 2546 770; x_wconf 79' lang='grc'><strong>10),</strong></span> <span class='ocrx_word' id='word_1_152' title='bbox 2587 707 2643 754; x_wconf 92' lang='lat' dir='ltr'><strong>et</strong></span> <span class='ocrx_word' id='word_1_153' title='bbox 2684 700 2910 771; x_wconf 87' lang='lat' dir='ltr'><strong>reliqua.</strong></span> <span class='ocrx_word' id='word_1_154' title='bbox 2955 703 3034 757; x_wconf 87' lang='lat' dir='ltr'><strong>lta</strong></span> <span class='ocrx_word' id='word_1_155' title='bbox 3079 704 3225 758; x_wconf 90' lang='lat' dir='ltr'><strong>enim</strong></span> <span class='ocrx_word' id='word_1_156' title='bbox 3274 719 3342 759; x_wconf 81' lang='lat' dir='ltr'><strong>ex</strong></span> <span class='ocrx_word' id='word_1_157' title='bbox 3379 705 3673 778; x_wconf 82' lang='lat' dir='ltr'><strong>Scriptura</strong></span> 
     </span>
    </p>
   </div>
   <div class='ocr_carea' id='block_1_23' title="bbox 2074 786 3674 865">
    <p class='ocr_par' dir='ltr' id='par_1_23' title="bbox 2074 786 3674 865">
     <span class='ocr_line' id='line_1_23' title="bbox 2074 786 3674 865; baseline 0.011 -28"><span class='ocrx_word' id='word_1_158' title='bbox 2074 786 2389 854; x_wconf 88' lang='lat' dir='ltr'><strong>prophetica</strong></span> <span class='ocrx_word' id='word_1_159' title='bbox 2420 787 2578 858; x_wconf 79' lang='lat'><strong>502</strong></span> <span class='ocrx_word' id='word_1_160' title='bbox 2613 798 2668 844; x_wconf 92' lang='lat' dir='ltr'><strong>et</strong></span> <span class='ocrx_word' id='word_1_161' title='bbox 2693 791 3004 861; x_wconf 88' lang='lat' dir='ltr'><strong>evangelica</strong></span> <span class='ocrx_word' id='word_1_162' title='bbox 3027 796 3332 864; x_wconf 89' lang='lat' dir='ltr'><strong>completur</strong></span> <span class='ocrx_word' id='word_1_163' title='bbox 3356 798 3516 865; x_wconf 87' lang='lat' dir='ltr'><strong>plena</strong></span> <span class='ocrx_word' id='word_1_164' title='bbox 3553 801 3674 855; x_wconf 88' lang='lat' dir='ltr'><strong>lau-</strong></span> 
     </span>
    </p>
   </div>
   <div class='ocr_carea' id='block_1_24' title="bbox 2077 875 3672 954">
    <p class='ocr_par' dir='ltr' id='par_1_24' title="bbox 2077 875 3672 954">
     <span class='ocr_line' id='line_1_24' title="bbox 2077 875 3672 954; baseline 0.011 -25"><span class='ocrx_word' id='word_1_165' title='bbox 2077 875 2242 942; x_wconf 89' lang='lat' dir='ltr'><strong>datio,</strong></span> <span class='ocrx_word' id='word_1_166' title='bbox 2272 894 2395 932; x_wconf 91' lang='lat' dir='ltr'><strong>cum</strong></span> <span class='ocrx_word' id='word_1_167' title='bbox 2424 888 2546 948; x_wconf 92' lang='lat' dir='ltr'><strong>post</strong></span> <span class='ocrx_word' id='word_1_168' title='bbox 2576 880 2794 936; x_wconf 86' lang='lat' dir='ltr'><strong>laudem</strong></span> <span class='ocrx_word' id='word_1_169' title='bbox 2840 890 2896 936; x_wconf 88' lang='lat' dir='ltr'><strong>et</strong></span> <span class='ocrx_word' id='word_1_170' title='bbox 2925 884 3152 954; x_wconf 81' lang='lat' dir='ltr'><strong>gloriam</strong></span> <span class='ocrx_word' id='word_1_171' title='bbox 3189 895 3392 943; x_wconf 52' lang='lat' dir='ltr'><strong>sancta</strong></span> <span class='ocrx_word' id='word_1_172' title='bbox 3423 890 3672 946; x_wconf 87' lang='lat' dir='ltr'><strong>Trinita-</strong></span> 
     </span>
    </p>
   </div>
   <div class='ocr_carea' id='block_1_25' title="bbox 2078 966 3671 1043">
    <p class='ocr_par' dir='ltr' id='par_1_25' title="bbox 2078 966 3671 1043">
     <span class='ocr_line' id='line_1_25' title="bbox 2078 966 3671 1043; baseline 0.009 -24"><span class='ocrx_word' id='word_1_173' title='bbox 2078 966 2148 1020; x_wconf 92' lang='lat' dir='ltr'><strong>tis</strong></span> <span class='ocrx_word' id='word_1_174' title='bbox 2200 967 2511 1039; x_wconf 86' lang='lat' dir='ltr'><strong>adjungitur</strong></span> <span class='ocrx_word' id='word_1_175' title='bbox 2553 972 2718 1025; x_wconf 90' lang='lat' dir='ltr'><strong>etiam</strong></span> <span class='ocrx_word' id='word_1_176' title='bbox 2781 976 3080 1043; x_wconf 83' lang='lat' dir='ltr'><strong>gratiarum</strong></span> <span class='ocrx_word' id='word_1_177' title='bbox 3133 979 3276 1031; x_wconf 90' lang='lat' dir='ltr'><strong>actio</strong></span> <span class='ocrx_word' id='word_1_178' title='bbox 3329 981 3396 1033; x_wconf 91' lang='lat' dir='ltr'><strong>de</strong></span> <span class='ocrx_word' id='word_1_179' title='bbox 3426 981 3671 1034; x_wconf 83' lang='lat' dir='ltr'><strong>adventu</strong></span> 
     </span>
    </p>
   </div>
   <div class='ocr_carea' id='block_1_26' title="bbox 2078 1055 3672 1139">
    <p class='ocr_par' dir='ltr' id='par_1_26' title="bbox 2078 1055 3672 1139">
     <span class='ocr_line' id='line_1_26' title="bbox 2078 1055 3672 1139; baseline 0.011 -31"><span class='ocrx_word' id='word_1_180' title='bbox 2078 1055 2394 1123; x_wconf 87' lang='lat' dir='ltr'><strong>Salvatoris,</strong></span> <span class='ocrx_word' id='word_1_181' title='bbox 2455 1061 2546 1129; x_wconf 89' lang='lat' dir='ltr'><strong>qui</strong></span> <span class='ocrx_word' id='word_1_182' title='bbox 2581 1074 2721 1116; x_wconf 86' lang='lat' dir='ltr'><strong>unus</strong></span> <span class='ocrx_word' id='word_1_183' title='bbox 2770 1078 2837 1118; x_wconf 77' lang='lat' dir='ltr'><strong>ex</strong></span> <span class='ocrx_word' id='word_1_184' title='bbox 2870 1065 2985 1133; x_wconf 91' lang='lat' dir='ltr'><strong>ipsa</strong></span> <span class='ocrx_word' id='word_1_185' title='bbox 3031 1067 3297 1125; x_wconf 84' lang='lat' dir='ltr'><strong>Trinitate</strong></span> <span class='ocrx_word' id='word_1_186' title='bbox 3341 1085 3439 1139; x_wconf 90' lang='lat' dir='ltr'><strong>pro</strong></span> <span class='ocrx_word' id='word_1_187' title='bbox 3491 1072 3672 1127; x_wconf 84' lang='lat' dir='ltr'><strong>salute</strong></span> 
     </span>
    </p>
   </div>
   <div class='ocr_carea' id='block_1_27' title="bbox 2077 1151 3674 1219">
    <p class='ocr_par' dir='ltr' id='par_1_27' title="bbox 2077 1151 3674 1219">
     <span class='ocr_line' id='line_1_27' title="bbox 2077 1151 3674 1219; baseline 0.01 -17"><span class='ocrx_word' id='word_1_188' title='bbox 2077 1159 2262 1203; x_wconf 90' lang='lat' dir='ltr'><strong>nostra</strong></span> <span class='ocrx_word' id='word_1_189' title='bbox 2297 1151 2457 1206; x_wconf 90' lang='lat' dir='ltr'><strong>homo</strong></span> <span class='ocrx_word' id='word_1_190' title='bbox 2481 1153 2657 1208; x_wconf 87' lang='lat' dir='ltr'><strong>factus</strong></span> <span class='ocrx_word' id='word_1_191' title='bbox 2680 1163 2782 1219; x_wconf 91' lang='lat' dir='ltr'><strong>est,</strong></span> <span class='ocrx_word' id='word_1_192' title='bbox 2817 1163 2870 1211; x_wconf 91' lang='lat' dir='ltr'><strong>et</strong></span> <span class='ocrx_word' id='word_1_193' title='bbox 2893 1160 3136 1213; x_wconf 89' lang='lat' dir='ltr'><strong>eamdem</strong></span> <span class='ocrx_word' id='word_1_194' title='bbox 3175 1161 3403 1214; x_wconf 88' lang='lat' dir='ltr'><strong>salutem</strong></span> <span class='ocrx_word' id='word_1_195' title='bbox 3432 1165 3674 1218; x_wconf 85' lang='lat' dir='ltr'><strong>morien-</strong></span> 
     </span>
    </p>
   </div>
   <div class='ocr_carea' id='block_1_28' title="bbox 2077 1235 3671 1324">
    <p class='ocr_par' dir='ltr' id='par_1_28' title="bbox 2077 1235 3671 1324">
     <span class='ocr_line' id='line_1_28' title="bbox 2077 1235 3671 1324; baseline 0.009 -29"><span class='ocrx_word' id='word_1_196' title='bbox 2077 1241 2146 1295; x_wconf 91' lang='lat' dir='ltr'><strong>do</strong></span> <span class='ocrx_word' id='word_1_197' title='bbox 2190 1251 2244 1296; x_wconf 88' lang='lat' dir='ltr'><strong>et</strong></span> <span class='ocrx_word' id='word_1_198' title='bbox 2275 1246 2602 1315; x_wconf 87' lang='lat' dir='ltr'><strong>resurgendo</strong></span> <span class='ocrx_word' id='word_1_199' title='bbox 2637 1246 2882 1315; x_wconf 84' lang='lat' dir='ltr'><strong>perfecit.</strong></span> <span class='ocrx_word' id='word_1_200' title='bbox 2920 1235 3072 1305; x_wconf 53' lang='lat' dir='ltr'><strong>U&#39;nde</strong></span> <span class='ocrx_word' id='word_1_201' title='bbox 3103 1253 3298 1306; x_wconf 89' lang='lat' dir='ltr'><strong>merito</strong></span> <span class='ocrx_word' id='word_1_202' title='bbox 3332 1253 3411 1306; x_wconf 90' lang='lat' dir='ltr'><strong>illi</strong></span> <span class='ocrx_word' id='word_1_203' title='bbox 3459 1256 3671 1324; x_wconf 79' lang='lat' dir='ltr'><strong>gratias</strong></span> 
     </span>
    </p>
   </div>
   <div class='ocr_carea' id='block_1_29' title="bbox 2077 1336 3666 1411">
    <p class='ocr_par' dir='ltr' id='par_1_29' title="bbox 2077 1336 3666 1411">
     <span class='ocr_line' id='line_1_29' title="bbox 2077 1336 3666 1411; baseline 0.01 -25"><span class='ocrx_word' id='word_1_204' title='bbox 2077 1343 2320 1403; x_wconf 83' lang='lat' dir='ltr'><strong>agentes,</strong></span> <span class='ocrx_word' id='word_1_205' title='bbox 2352 1336 2620 1393; x_wconf 89' lang='lat' dir='ltr'><strong>dicimus:</strong></span> <span class='ocrx_word' id='word_1_206' title='bbox 2653 1338 2890 1406; x_wconf 83' lang='lat' dir='ltr'><strong>Osanna,</strong></span> <span class='ocrx_word' id='word_1_207' title='bbox 2914 1344 2966 1396; x_wconf 93' lang='lat' dir='ltr'><strong>id</strong></span> <span class='ocrx_word' id='word_1_208' title='bbox 2995 1354 3098 1409; x_wconf 92' lang='lat' dir='ltr'><strong>est,</strong></span> <span class='ocrx_word' id='word_1_209' title='bbox 3125 1345 3290 1411; x_wconf 88' lang='lat' dir='ltr'><strong>salus,</strong></span> <span class='ocrx_word' id='word_1_210' title='bbox 3323 1348 3378 1400; x_wconf 88' lang='lat' dir='ltr'><strong>in</strong></span> <span class='ocrx_word' id='word_1_211' title='bbox 3418 1348 3666 1402; x_wconf 74' lang='lat' dir='ltr'><strong>excelsis.</strong></span> 
     </span>
    </p>
   </div>
   <div class='ocr_carea' id='block_1_30' title="bbox 2080 1423 3669 1506">
    <p class='ocr_par' dir='ltr' id='par_1_30' title="bbox 2080 1423 3669 1506">
     <span class='ocr_line' id='line_1_30' title="bbox 2080 1423 3669 1506; baseline 0.008 -27"><span class='ocrx_word' id='word_1_212' title='bbox 2080 1423 2230 1479; x_wconf 90' lang='lat' dir='ltr'><strong>Unde</strong></span> <span class='ocrx_word' id='word_1_213' title='bbox 2254 1427 2307 1478; x_wconf 92' lang='lat' dir='ltr'><strong>in</strong></span> <span class='ocrx_word' id='word_1_214' title='bbox 2323 1427 2532 1494; x_wconf 89' lang='lat' dir='ltr'><strong>psalmo</strong></span> <span class='ocrx_word' id='word_1_215' title='bbox 2558 1448 2569 1481; x_wconf 87' lang='lat'>:</span> <span class='ocrx_word' id='word_1_216' title='bbox 2600 1429 2814 1485; x_wconf 83' lang='lat' dir='ltr'><strong>Domini</strong></span> <span class='ocrx_word' id='word_1_217' title='bbox 2834 1442 2910 1486; x_wconf 89' lang='lat' dir='ltr'><strong>est</strong></span> <span class='ocrx_word' id='word_1_218' title='bbox 2937 1435 3081 1488; x_wconf 91' lang='lat' dir='ltr'><strong>salus</strong></span> <span class='ocrx_word' id='word_1_219' title='bbox 3111 1433 3281 1506; x_wconf 86' lang='lat' dir='ltr'><strong>(Psal.</strong></span> <span class='ocrx_word' id='word_1_220' title='bbox 3310 1452 3393 1501; x_wconf 87' lang='grc' dir='ltr'><strong>ιιι,</strong></span> <span class='ocrx_word' id='word_1_221' title='bbox 3421 1438 3502 1506; x_wconf 87' lang='lat'><strong>9).</strong></span> <span class='ocrx_word' id='word_1_222' title='bbox 3531 1437 3669 1492; x_wconf 83' lang='lat' dir='ltr'><strong>Rec-</strong></span> 
     </span>
    </p>
   </div>
   <div class='ocr_carea' id='block_1_31' title="bbox 2080 1519 3667 1598">
    <p class='ocr_par' dir='ltr' id='par_1_31' title="bbox 2080 1519 3667 1598">
     <span class='ocr_line' id='line_1_31' title="bbox 2080 1519 3667 1598; baseline 0.009 -28"><span class='ocrx_word' id='word_1_223' title='bbox 2080 1526 2133 1572; x_wconf 93' lang='lat' dir='ltr'><strong>te</strong></span> <span class='ocrx_word' id='word_1_224' title='bbox 2161 1533 2374 1587; x_wconf 88' lang='lat' dir='ltr'><strong>quoque</strong></span> <span class='ocrx_word' id='word_1_225' title='bbox 2409 1519 2788 1592; x_wconf 83' lang='lat' dir='ltr'><strong>subjungitur:</strong></span> <span class='ocrx_word' id='word_1_226' title='bbox 2827 1524 3141 1580; x_wconf 81' lang='lat' dir='ltr'><strong>Benedictus</strong></span> <span class='ocrx_word' id='word_1_227' title='bbox 3172 1529 3261 1598; x_wconf 88' lang='lat' dir='ltr'><strong>qui</strong></span> <span class='ocrx_word' id='word_1_228' title='bbox 3305 1530 3440 1582; x_wconf 81' lang='lat' dir='ltr'><strong>venit</strong></span> <span class='ocrx_word' id='word_1_229' title='bbox 3471 1531 3528 1582; x_wconf 84' lang='lat' dir='ltr'><strong>in</strong></span> <span class='ocrx_word' id='word_1_230' title='bbox 3569 1548 3667 1584; x_wconf 83' lang='lat' dir='ltr'><strong>no-</strong></span> 
     </span>
    </p>
   </div>
   <div class='ocr_carea' id='block_1_32' title="bbox 2079 1608 3667 1689">
    <p class='ocr_par' dir='ltr' id='par_1_32' title="bbox 2079 1608 3667 1689">
     <span class='ocr_line' id='line_1_32' title="bbox 2079 1608 3667 1689; baseline 0.008 -29"><span class='ocrx_word' id='word_1_231' title='bbox 2079 1608 2216 1662; x_wconf 83' lang='lat' dir='ltr'><strong>mine</strong></span> <span class='ocrx_word' id='word_1_232' title='bbox 2241 1608 2476 1674; x_wconf 85' lang='lat' dir='ltr'><strong>Domini,</strong></span> <span class='ocrx_word' id='word_1_233' title='bbox 2496 1608 2653 1678; x_wconf 80' lang='lat' dir='ltr'><strong>juxta</strong></span> <span class='ocrx_word' id='word_1_234' title='bbox 2677 1615 2822 1682; x_wconf 93' lang='lat' dir='ltr'><strong>quod</strong></span> <span class='ocrx_word' id='word_1_235' title='bbox 2850 1615 2963 1684; x_wconf 91' lang='lat' dir='ltr'><strong>ipse</strong></span> <span class='ocrx_word' id='word_1_236' title='bbox 2997 1616 3074 1669; x_wconf 85' lang='lat' dir='ltr'><strong>ait</strong></span> <span class='ocrx_word' id='word_1_237' title='bbox 3098 1617 3155 1669; x_wconf 92' lang='lat' dir='ltr'><strong>in</strong></span> <span class='ocrx_word' id='word_1_238' title='bbox 3180 1616 3482 1688; x_wconf 84' lang='lat' dir='ltr'><strong>Evangelio</strong></span> <span class='ocrx_word' id='word_1_239' title='bbox 3510 1637 3524 1672; x_wconf 93' lang='lat'>:</span> <span class='ocrx_word' id='word_1_240' title='bbox 3551 1619 3667 1689; x_wconf 84' lang='lat' dir='ltr'><strong>Ego</strong></span> 
     </span>
    </p>
   </div>
   <div class='ocr_carea' id='block_1_33' title="bbox 401 1684 3670 1778">
    <p class='ocr_par' dir='ltr' id='par_1_33' title="bbox 401 1684 3670 1778">
     <span class='ocr_line' id='line_1_33' title="bbox 401 1684 3670 1778; baseline -0.004 -28"><span class='ocrx_word' id='word_1_241' title='bbox 401 1703 591 1751; x_wconf 87' lang='lat' dir='ltr'><strong>nentes</strong></span> <span class='ocrx_word' id='word_1_242' title='bbox 615 1694 875 1748; x_wconf 79' lang='lat' dir='ltr'><strong>existunt.</strong></span> <span class='ocrx_word' id='word_1_243' title='bbox 902 1688 1034 1745; x_wconf 90' lang='lat' dir='ltr'><strong>Cum</strong></span> <span class='ocrx_word' id='word_1_244' title='bbox 1056 1690 1241 1759; x_wconf 82' lang='lat' dir='ltr'><strong>quibus</strong></span> <span class='ocrx_word' id='word_1_245' title='bbox 1267 1699 1313 1743; x_wconf 84' lang='lat' dir='ltr'><strong>et</strong></span> <span class='ocrx_word' id='word_1_246' title='bbox 1350 1697 1556 1742; x_wconf 90' lang='lat' dir='ltr'><strong>nostras</strong></span> <span class='ocrx_word' id='word_1_247' title='bbox 1583 1704 1750 1752; x_wconf 86' lang='lat' dir='ltr'><strong>voces,</strong></span> <span class='ocrx_word' id='word_1_248' title='bbox 1771 1694 1826 1740; x_wconf 88' lang='lat' dir='ltr'><strong>et</strong></span> <span class='ocrx_word' id='word_1_249' title='bbox 1847 1685 1975 1740; x_wconf 83' lang='lat' dir='ltr'><strong>reli-</strong></span> <span class='ocrx_word' id='word_1_250' title='bbox 2008 1684 2056 1743; x_wconf 85' lang='grc' dir='ltr'><strong>Β</strong></span> <span class='ocrx_word' id='word_1_251' title='bbox 2081 1700 2194 1752; x_wconf 65' lang='lat' dir='ltr'><strong>veni</strong></span> <span class='ocrx_word' id='word_1_252' title='bbox 2219 1701 2274 1753; x_wconf 77' lang='grc' dir='ltr'><strong>ίη</strong></span> <span class='ocrx_word' id='word_1_253' title='bbox 2307 1701 2511 1754; x_wconf 69' lang='lat' dir='ltr'><strong>nomine</strong></span> <span class='ocrx_word' id='word_1_254' title='bbox 2553 1701 2726 1757; x_wconf 61' lang='lat' dir='ltr'><strong>pan-53</strong></span> <span class='ocrx_word' id='word_1_255' title='bbox 2761 1705 2861 1758; x_wconf 65' lang='lat' dir='ltr'><strong>me;</strong></span> <span class='ocrx_word' id='word_1_256' title='bbox 2903 1707 3083 1778; x_wconf 58' lang='grc' dir='ltr'><strong>(λοαη⁸</strong></span> <span class='ocrx_word' id='word_1_257' title='bbox 3117 1723 3168 1772; x_wconf 58' lang='grc' dir='ltr'><strong>ν,</strong></span> <span class='ocrx_word' id='word_1_258' title='bbox 3197 1707 3310 1778; x_wconf 48' lang='grc'><strong>45),</strong></span> <span class='ocrx_word' id='word_1_259' title='bbox 3337 1684 3670 1764; x_wconf 53' lang='lat' dir='ltr'><strong>&#39;Assumu&#39;m</strong></span> 
     </span>
    </p>
   </div>
   <div class='ocr_carea' id='block_1_34' title="bbox 396 1776 1978 1857">
    <p class='ocr_par' dir='ltr' id='par_1_34' title="bbox 396 1776 1978 1857">
     <span class='ocr_line' id='line_1_34' title="bbox 396 1776 1978 1857; baseline -0.008 -16"><span class='ocrx_word' id='word_1_260' title='bbox 396 1803 526 1857; x_wconf 87' lang='lat' dir='ltr'><strong>qua.</strong></span> <span class='ocrx_word' id='word_1_261' title='bbox 556 1787 727 1840; x_wconf 84' lang='lat' dir='ltr'><strong>Voces</strong></span> <span class='ocrx_word' id='word_1_262' title='bbox 754 1783 1066 1853; x_wconf 77' lang='lat' dir='ltr'><strong>angelorum</strong></span> <span class='ocrx_word' id='word_1_263' title='bbox 1097 1780 1298 1834; x_wconf 90' lang='lat' dir='ltr'><strong>suntin</strong></span> <span class='ocrx_word' id='word_1_264' title='bbox 1329 1778 1488 1832; x_wconf 88' lang='lat' dir='ltr'><strong>laude</strong></span> <span class='ocrx_word' id='word_1_265' title='bbox 1518 1777 1835 1840; x_wconf 89' lang='lat' dir='ltr'><strong>conditoris,</strong></span> <span class='ocrx_word' id='word_1_266' title='bbox 1862 1776 1978 1845; x_wconf 86' lang='lat' dir='ltr'><strong>ipsa</strong></span> 
     </span>
    </p>
   </div>
   <div class='ocr_carea' id='block_1_35' title="bbox 402 1869 1978 1940">
    <p class='ocr_par' dir='ltr' id='par_1_35' title="bbox 402 1869 1978 1940">
     <span class='ocr_line' id='line_1_35' title="bbox 402 1869 1978 1940; baseline -0.007 -7"><span class='ocrx_word' id='word_1_267' title='bbox 402 1877 692 1933; x_wconf 88' lang='lat' dir='ltr'><strong>admiratio</strong></span> <span class='ocrx_word' id='word_1_268' title='bbox 714 1876 914 1929; x_wconf 65' lang='lat' dir='ltr'><strong>intima:</strong></span> <span class='ocrx_word' id='word_1_269' title='bbox 933 1872 1421 1940; x_wconf 88' lang='lat' dir='ltr'><strong>contemplationis.</strong></span> <span class='ocrx_word' id='word_1_270' title='bbox 1453 1869 1649 1937; x_wconf 83' lang='lat' dir='ltr'><strong>Quales</strong></span> <span class='ocrx_word' id='word_1_271' title='bbox 1669 1884 1796 1940; x_wconf 91' lang='lat' dir='ltr'><strong>ergo</strong></span> <span class='ocrx_word' id='word_1_272' title='bbox 1821 1883 1978 1938; x_wconf 88' lang='lat' dir='ltr'><strong>opor-</strong></span> 
     </span>
    </p>
   </div>
   <div class='ocr_carea' id='block_1_36' title="bbox 399 1963 1980 2036">
    <p class='ocr_par' dir='ltr' id='par_1_36' title="bbox 399 1963 1980 2036">
     <span class='ocr_line' id='line_1_36' title="bbox 399 1963 1980 2036; baseline -0.005 -12"><span class='ocrx_word' id='word_1_273' title='bbox 399 1980 477 2026; x_wconf 89' lang='lat' dir='ltr'><strong>tet</strong></span> <span class='ocrx_word' id='word_1_274' title='bbox 493 1985 612 2025; x_wconf 90' lang='lat' dir='ltr'><strong>csse</strong></span> <span class='ocrx_word' id='word_1_275' title='bbox 623 1983 780 2023; x_wconf 88' lang='lat' dir='ltr'><strong>voces</strong></span> <span class='ocrx_word' id='word_1_276' title='bbox 796 1976 1030 2032; x_wconf 88' lang='lat' dir='ltr'><strong>nostras,</strong></span> <span class='ocrx_word' id='word_1_277' title='bbox 1046 1981 1178 2036; x_wconf 90' lang='lat' dir='ltr'><strong>quas</strong></span> <span class='ocrx_word' id='word_1_278' title='bbox 1197 1966 1250 2018; x_wconf 91' lang='lat' dir='ltr'><strong>in</strong></span> <span class='ocrx_word' id='word_1_279' title='bbox 1267 1973 1557 2034; x_wconf 79' lang='lat' dir='ltr'><strong>conSpectu</strong></span> <span class='ocrx_word' id='word_1_280' title='bbox 1574 1963 1667 2016; x_wconf 89' lang='lat' dir='ltr'><strong>Dei</strong></span> <span class='ocrx_word' id='word_1_281' title='bbox 1681 1977 1804 2016; x_wconf 90' lang='lat' dir='ltr'><strong>cum</strong></span> <span class='ocrx_word' id='word_1_282' title='bbox 1822 1977 1980 2033; x_wconf 82' lang='lat' dir='ltr'><strong>ange-</strong></span> 
     </span>
    </p>
   </div>
   <div class='ocr_carea' id='block_1_37' title="bbox 399 2054 1979 2128">
    <p class='ocr_par' dir='ltr' id='par_1_37' title="bbox 399 2054 1979 2128">
     <span class='ocr_line' id='line_1_37' title="bbox 399 2054 1979 2128; baseline -0.006 -12"><span class='ocrx_word' id='word_1_283' title='bbox 399 2063 519 2116; x_wconf 90' lang='lat' dir='ltr'><strong>licis</strong></span> <span class='ocrx_word' id='word_1_284' title='bbox 541 2061 784 2115; x_wconf 88' lang='lat' dir='ltr'><strong>laudibus</strong></span> <span class='ocrx_word' id='word_1_285' title='bbox 805 2058 1160 2128; x_wconf 89' lang='lat' dir='ltr'><strong>deprecamur</strong></span> <span class='ocrx_word' id='word_1_286' title='bbox 1174 2056 1409 2120; x_wconf 90' lang='lat' dir='ltr'><strong>admitti,</strong></span> <span class='ocrx_word' id='word_1_287' title='bbox 1439 2055 1491 2108; x_wconf 90' lang='lat' dir='ltr'><strong>id</strong></span> <span class='ocrx_word' id='word_1_288' title='bbox 1519 2064 1622 2120; x_wconf 90' lang='lat' dir='ltr'><strong>est,</strong></span> <span class='ocrx_word' id='word_1_289' title='bbox 1654 2054 1979 2107; x_wconf 90' lang='lat' dir='ltr'><strong>intromitti?</strong></span> 
     </span>
    </p>
   </div>
   <div class='ocr_carea' id='block_1_38' title="bbox 402 2145 1982 2223">
    <p class='ocr_par' dir='ltr' id='par_1_38' title="bbox 402 2145 1982 2223">
     <span class='ocr_line' id='line_1_38' title="bbox 402 2145 1982 2223; baseline -0.006 -15"><span class='ocrx_word' id='word_1_290' title='bbox 402 2153 600 2223; x_wconf 84' lang='lat' dir='ltr'><strong>Utique</strong></span> <span class='ocrx_word' id='word_1_291' title='bbox 628 2152 761 2206; x_wconf 90' lang='lat' dir='ltr'><strong>tales</strong></span> <span class='ocrx_word' id='word_1_292' title='bbox 786 2165 947 2204; x_wconf 93' lang='lat' dir='ltr'><strong>voces</strong></span> <span class='ocrx_word' id='word_1_293' title='bbox 973 2164 1076 2202; x_wconf 90' lang='lat' dir='ltr'><strong>non</strong></span> <span class='ocrx_word' id='word_1_294' title='bbox 1097 2157 1223 2202; x_wconf 92' lang='lat' dir='ltr'><strong>sunt</strong></span> <span class='ocrx_word' id='word_1_295' title='bbox 1247 2149 1300 2202; x_wconf 91' lang='lat' dir='ltr'><strong>in</strong></span> <span class='ocrx_word' id='word_1_296' title='bbox 1323 2162 1455 2202; x_wconf 90' lang='lat' dir='ltr'><strong>sono</strong></span> <span class='ocrx_word' id='word_1_297' title='bbox 1479 2147 1609 2210; x_wconf 89' lang='lat' dir='ltr'><strong>oris,</strong></span> <span class='ocrx_word' id='word_1_298' title='bbox 1639 2147 1733 2200; x_wconf 92' lang='lat' dir='ltr'><strong>sed</strong></span> <span class='ocrx_word' id='word_1_299' title='bbox 1765 2146 1816 2198; x_wconf 93' lang='lat' dir='ltr'><strong>in</strong></span> <span class='ocrx_word' id='word_1_300' title='bbox 1841 2145 1982 2199; x_wconf 89' lang='lat' dir='ltr'><strong>desi-</strong></span> 
     </span>
    </p>
   </div>
   <div class='ocr_carea' id='block_1_39' title="bbox 401 2235 1981 2308">
    <p class='ocr_par' dir='ltr' id='par_1_39' title="bbox 401 2235 1981 2308">
     <span class='ocr_line' id='line_1_39' title="bbox 401 2235 1981 2308; baseline -0.006 -10"><span class='ocrx_word' id='word_1_301' title='bbox 401 2244 551 2298; x_wconf 91' lang='lat' dir='ltr'><strong>derio</strong></span> <span class='ocrx_word' id='word_1_302' title='bbox 565 2241 762 2297; x_wconf 87' lang='lat' dir='ltr'><strong>cordis.</strong></span> <span class='ocrx_word' id='word_1_303' title='bbox 779 2242 952 2296; x_wconf 82' lang='lat' dir='ltr'><strong>Voces</strong></span> <span class='ocrx_word' id='word_1_304' title='bbox 965 2241 1108 2294; x_wconf 91' lang='lat' dir='ltr'><strong>enim</strong></span> <span class='ocrx_word' id='word_1_305' title='bbox 1126 2239 1265 2308; x_wconf 91' lang='lat' dir='ltr'><strong>apud</strong></span> <span class='ocrx_word' id='word_1_306' title='bbox 1280 2237 1672 2294; x_wconf 88' lang='lat' dir='ltr'><strong>secretissimas</strong></span> <span class='ocrx_word' id='word_1_307' title='bbox 1698 2251 1860 2290; x_wconf 89' lang='lat' dir='ltr'><strong>aures</strong></span> <span class='ocrx_word' id='word_1_308' title='bbox 1886 2235 1981 2290; x_wconf 91' lang='lat' dir='ltr'><strong>Dei</strong></span> 
     </span>
    </p>
   </div>
   <div class='ocr_carea' id='block_1_40' title="bbox 400 2327 1984 2398">
    <p class='ocr_par' dir='ltr' id='par_1_40' title="bbox 400 2327 1984 2398">
     <span class='ocr_line' id='line_1_40' title="bbox 400 2327 1984 2398; baseline -0.007 -8"><span class='ocrx_word' id='word_1_309' title='bbox 400 2352 508 2390; x_wconf 89' lang='lat' dir='ltr'><strong>non</strong></span> <span class='ocrx_word' id='word_1_310' title='bbox 523 2335 726 2390; x_wconf 82' lang='lat' dir='ltr'><strong>faciunt</strong></span> <span class='ocrx_word' id='word_1_311' title='bbox 747 2335 913 2388; x_wconf 89' lang='lat' dir='ltr'><strong>verba</strong></span> <span class='ocrx_word' id='word_1_312' title='bbox 927 2340 1110 2387; x_wconf 88' lang='lat' dir='ltr'><strong>nostra</strong></span> <span class='ocrx_word' id='word_1_313' title='bbox 1121 2373 1134 2398; x_wconf 94' lang='lat'><strong>,</strong></span> <span class='ocrx_word' id='word_1_314' title='bbox 1159 2332 1252 2386; x_wconf 91' lang='lat' dir='ltr'><strong>sed</strong></span> <span class='ocrx_word' id='word_1_315' title='bbox 1266 2330 1565 2394; x_wconf 89' lang='lat' dir='ltr'><strong>desideria;</strong></span> <span class='ocrx_word' id='word_1_316' title='bbox 1591 2336 1645 2383; x_wconf 91' lang='lat' dir='ltr'><strong>et</strong></span> <span class='ocrx_word' id='word_1_317' title='bbox 1659 2327 1785 2396; x_wconf 90' lang='lat' dir='ltr'><strong>quia</strong></span> <span class='ocrx_word' id='word_1_318' title='bbox 1800 2341 1984 2395; x_wconf 90' lang='lat' dir='ltr'><strong>super-</strong></span> 
     </span>
    </p>
   </div>
   <div class='ocr_carea' id='block_1_41' title="bbox 398 2420 1981 2496">
    <p class='ocr_par' dir='ltr' id='par_1_41' title="bbox 398 2420 1981 2496">
     <span class='ocr_line' id='line_1_41' title="bbox 398 2420 1981 2496; baseline -0.006 -13"><span class='ocrx_word' id='word_1_319' title='bbox 398 2442 469 2483; x_wconf 86' lang='lat' dir='ltr'><strong>na</strong></span> <span class='ocrx_word' id='word_1_320' title='bbox 483 2427 674 2481; x_wconf 84' lang='lat' dir='ltr'><strong>civitas</strong></span> <span class='ocrx_word' id='word_1_321' title='bbox 688 2442 755 2480; x_wconf 79' lang='lat' dir='ltr'><strong>ex</strong></span> <span class='ocrx_word' id='word_1_322' title='bbox 768 2425 974 2496; x_wconf 82' lang='lat' dir='ltr'><strong>angelis</strong></span> <span class='ocrx_word' id='word_1_323' title='bbox 989 2433 1042 2479; x_wconf 91' lang='lat' dir='ltr'><strong>et</strong></span> <span class='ocrx_word' id='word_1_324' title='bbox 1055 2424 1361 2478; x_wconf 89' lang='lat' dir='ltr'><strong>hominibus</strong></span> <span class='ocrx_word' id='word_1_325' title='bbox 1374 2429 1604 2486; x_wconf 88' lang='lat' dir='ltr'><strong>constat,</strong></span> <span class='ocrx_word' id='word_1_326' title='bbox 1621 2420 1812 2474; x_wconf 90' lang='lat' dir='ltr'><strong>merito</strong></span> <span class='ocrx_word' id='word_1_327' title='bbox 1826 2434 1981 2473; x_wconf 86' lang='lat' dir='ltr'><strong>sanc-</strong></span> 
     </span>
    </p>
   </div>
   <div class='ocr_carea' id='block_1_42' title="bbox 398 2507 1982 2585">
    <p class='ocr_par' dir='ltr' id='par_1_42' title="bbox 398 2507 1982 2585">
     <span class='ocr_line' id='line_1_42' title="bbox 398 2507 1982 2585; baseline -0.008 -11"><span class='ocrx_word' id='word_1_328' title='bbox 398 2525 457 2574; x_wconf 82' lang='lat' dir='ltr'><strong>ta</strong></span> <span class='ocrx_word' id='word_1_329' title='bbox 478 2516 734 2579; x_wconf 89' lang='lat' dir='ltr'><strong>Ecclesia,</strong></span> <span class='ocrx_word' id='word_1_330' title='bbox 753 2530 871 2585; x_wconf 65' lang='lat' dir='ltr'><strong>quae</strong></span> <span class='ocrx_word' id='word_1_331' title='bbox 885 2515 990 2568; x_wconf 87' lang='lat' dir='ltr'><strong>illis</strong></span> <span class='ocrx_word' id='word_1_332' title='bbox 1020 2512 1274 2567; x_wconf 89' lang='lat' dir='ltr'><strong>socianda</strong></span> <span class='ocrx_word' id='word_1_333' title='bbox 1289 2518 1371 2565; x_wconf 87' lang='lat' dir='ltr'><strong>est</strong></span> <span class='ocrx_word' id='word_1_334' title='bbox 1398 2511 1450 2564; x_wconf 91' lang='lat' dir='ltr'><strong>in</strong></span> <span class='ocrx_word' id='word_1_335' title='bbox 1465 2509 1624 2573; x_wconf 71' lang='lat' dir='ltr'><strong>coelo,</strong></span> <span class='ocrx_word' id='word_1_336' title='bbox 1654 2517 1708 2562; x_wconf 91' lang='lat' dir='ltr'><strong>et</strong></span> <span class='ocrx_word' id='word_1_337' title='bbox 1734 2523 1856 2561; x_wconf 91' lang='lat' dir='ltr'><strong>cum</strong></span> <span class='ocrx_word' id='word_1_338' title='bbox 1877 2507 1982 2562; x_wconf 89' lang='lat' dir='ltr'><strong>illis</strong></span> 
     </span>
    </p>
   </div>
   <div class='ocr_carea' id='block_1_43' title="bbox 399 2593 1981 2676">
    <p class='ocr_par' dir='ltr' id='par_1_43' title="bbox 399 2593 1981 2676">
     <span class='ocr_line' id='line_1_43' title="bbox 399 2593 1981 2676; baseline -0.008 -11"><span class='ocrx_word' id='word_1_339' title='bbox 399 2593 456 2666; x_wconf 82' lang='lat' dir='ltr'><strong>in</strong></span> <span class='ocrx_word' id='word_1_340' title='bbox 491 2610 585 2664; x_wconf 91' lang='lat' dir='ltr'><strong>Dei</strong></span> <span class='ocrx_word' id='word_1_341' title='bbox 608 2608 857 2662; x_wconf 89' lang='lat' dir='ltr'><strong>laudibus</strong></span> <span class='ocrx_word' id='word_1_342' title='bbox 893 2600 1403 2676; x_wconf 86' lang='lat' dir='ltr'><strong>permansura,jam</strong></span> <span class='ocrx_word' id='word_1_343' title='bbox 1427 2616 1571 2654; x_wconf 90' lang='lat' dir='ltr'><strong>nunc</strong></span> <span class='ocrx_word' id='word_1_344' title='bbox 1593 2599 1724 2669; x_wconf 84' lang='lat' dir='ltr'><strong>ipsis</strong></span> <span class='ocrx_word' id='word_1_345' title='bbox 1757 2597 1981 2653; x_wconf 90' lang='lat' dir='ltr'><strong>vocibus</strong></span> 
     </span>
    </p>
   </div>
   <div class='ocr_carea' id='block_1_44' title="bbox 400 2690 1982 2765">
    <p class='ocr_par' dir='ltr' id='par_1_44' title="bbox 400 2690 1982 2765">
     <span class='ocr_line' id='line_1_44' title="bbox 400 2690 1982 2765; baseline -0.008 -8"><span class='ocrx_word' id='word_1_346' title='bbox 400 2703 571 2758; x_wconf 89' lang='lat' dir='ltr'><strong>Deum</strong></span> <span class='ocrx_word' id='word_1_347' title='bbox 613 2699 797 2755; x_wconf 90' lang='lat' dir='ltr'><strong>laudat</strong></span> <span class='ocrx_word' id='word_1_348' title='bbox 821 2699 875 2754; x_wconf 92' lang='lat' dir='ltr'><strong>in</strong></span> <span class='ocrx_word' id='word_1_349' title='bbox 931 2697 1113 2762; x_wconf 91' lang='lat' dir='ltr'><strong>terris,</strong></span> <span class='ocrx_word' id='word_1_350' title='bbox 1162 2694 1358 2765; x_wconf 91' lang='lat' dir='ltr'><strong>quibus</strong></span> <span class='ocrx_word' id='word_1_351' title='bbox 1407 2709 1530 2750; x_wconf 90' lang='lat' dir='ltr'><strong>eum</strong></span> <span class='ocrx_word' id='word_1_352' title='bbox 1583 2691 1757 2747; x_wconf 89' lang='lat' dir='ltr'><strong>sancti</strong></span> <span class='ocrx_word' id='word_1_353' title='bbox 1807 2690 1982 2762; x_wconf 78' lang='lat' dir='ltr'><strong>angeli</strong></span> 
     </span>
    </p>
   </div>
   <div class='ocr_carea' id='block_1_45' title="bbox 398 2783 1980 2856">
    <p class='ocr_par' dir='ltr' id='par_1_45' title="bbox 398 2783 1980 2856">
     <span class='ocr_line' id='line_1_45' title="bbox 398 2783 1980 2856; baseline -0.008 -6"><span class='ocrx_word' id='word_1_354' title='bbox 398 2795 622 2850; x_wconf 88' lang='lat' dir='ltr'><strong>laudant</strong></span> <span class='ocrx_word' id='word_1_355' title='bbox 649 2793 702 2847; x_wconf 90' lang='lat' dir='ltr'><strong>in</strong></span> <span class='ocrx_word' id='word_1_356' title='bbox 724 2791 874 2846; x_wconf 71' lang='lat' dir='ltr'><strong>caelis</strong></span> <span class='ocrx_word' id='word_1_357' title='bbox 903 2809 916 2844; x_wconf 89' lang='lat'><strong>:</strong></span> <span class='ocrx_word' id='word_1_358' title='bbox 951 2798 1006 2844; x_wconf 90' lang='lat' dir='ltr'><strong>et</strong></span> <span class='ocrx_word' id='word_1_359' title='bbox 1029 2790 1134 2844; x_wconf 91' lang='lat' dir='ltr'><strong>hoc</strong></span> <span class='ocrx_word' id='word_1_360' title='bbox 1153 2803 1260 2842; x_wconf 92' lang='lat' dir='ltr'><strong>non</strong></span> <span class='ocrx_word' id='word_1_361' title='bbox 1290 2786 1522 2856; x_wconf 89' lang='lat' dir='ltr'><strong>superba</strong></span> <span class='ocrx_word' id='word_1_362' title='bbox 1540 2783 1980 2855; x_wconf 84' lang='lat' dir='ltr'><strong>praesumptione,</strong></span> 
     </span>
    </p>
   </div>
   <div class='ocr_carea' id='block_1_46' title="bbox 398 2873 1983 2952">
    <p class='ocr_par' dir='ltr' id='par_1_46' title="bbox 398 2873 1983 2952">
     <span class='ocr_line' id='line_1_46' title="bbox 398 2873 1983 2952; baseline -0.007 -14"><span class='ocrx_word' id='word_1_363' title='bbox 398 2883 497 2940; x_wconf 85' lang='lat' dir='ltr'><strong>sed</strong></span> <span class='ocrx_word' id='word_1_364' title='bbox 535 2880 757 2952; x_wconf 81' lang='lat' dir='ltr'><strong>supplici</strong></span> <span class='ocrx_word' id='word_1_365' title='bbox 794 2877 1134 2947; x_wconf 75' lang='lat' dir='ltr'><strong>confessione,</strong></span> <span class='ocrx_word' id='word_1_366' title='bbox 1184 2876 1236 2932; x_wconf 92' lang='lat' dir='ltr'><strong>id</strong></span> <span class='ocrx_word' id='word_1_367' title='bbox 1277 2884 1380 2942; x_wconf 89' lang='lat' dir='ltr'><strong>est,</strong></span> <span class='ocrx_word' id='word_1_368' title='bbox 1443 2875 1636 2931; x_wconf 88' lang='lat' dir='ltr'><strong>humili</strong></span> <span class='ocrx_word' id='word_1_369' title='bbox 1667 2874 1864 2940; x_wconf 89' lang='lat' dir='ltr'><strong>laude;</strong></span> <span class='ocrx_word' id='word_1_370' title='bbox 1904 2873 1983 2928; x_wconf 89' lang='lat' dir='ltr'><strong>sic</strong></span> 
     </span>
    </p>
   </div>
   <div class='ocr_carea' id='block_1_47' title="bbox 399 2963 1980 3042">
    <p class='ocr_par' dir='ltr' id='par_1_47' title="bbox 399 2963 1980 3042">
     <span class='ocr_line' id='line_1_47' title="bbox 399 2963 1980 3042; baseline -0.009 -9"><span class='ocrx_word' id='word_1_371' title='bbox 399 2975 715 3033; x_wconf 89' lang='lat' dir='ltr'><strong>desiderans</strong></span> <span class='ocrx_word' id='word_1_372' title='bbox 768 2973 1105 3042; x_wconf 73' lang='lat' dir='ltr'><strong>maiestatem</strong></span> <span class='ocrx_word' id='word_1_373' title='bbox 1141 2969 1235 3024; x_wconf 91' lang='lat' dir='ltr'><strong>Dei</strong></span> <span class='ocrx_word' id='word_1_374' title='bbox 1267 2967 1489 3023; x_wconf 87' lang='lat' dir='ltr'><strong>credere</strong></span> <span class='ocrx_word' id='word_1_375' title='bbox 1523 2975 1580 3022; x_wconf 92' lang='lat' dir='ltr'><strong>et</strong></span> <span class='ocrx_word' id='word_1_376' title='bbox 1629 2964 1873 3020; x_wconf 82' lang='lat' dir='ltr'><strong>conﬁteri</strong></span> <span class='ocrx_word' id='word_1_377' title='bbox 1925 2963 1980 3019; x_wconf 93' lang='lat' dir='ltr'><strong>in</strong></span> 
     </span>
    </p>
   </div>
   <div class='ocr_carea' id='block_1_48' title="bbox 401 3027 2054 3132">
    <p class='ocr_par' dir='ltr' id='par_1_48' title="bbox 401 3027 2054 3132">
     <span class='ocr_line' id='line_1_48' title="bbox 401 3027 2054 3132; baseline -0.01 -9"><span class='ocrx_word' id='word_1_378' title='bbox 401 3068 622 3132; x_wconf 91' lang='lat' dir='ltr'><strong>mundo,</strong></span> <span class='ocrx_word' id='word_1_379' title='bbox 649 3067 789 3120; x_wconf 91' lang='lat' dir='ltr'><strong>sicut</strong></span> <span class='ocrx_word' id='word_1_380' title='bbox 823 3027 891 3117; x_wconf 78' lang='lat' dir='ltr'><strong>ab</strong></span> <span class='ocrx_word' id='word_1_381' title='bbox 917 3060 1126 3131; x_wconf 79' lang='lat' dir='ltr'><strong>angelis</strong></span> <span class='ocrx_word' id='word_1_382' title='bbox 1150 3059 1364 3114; x_wconf 90' lang='lat' dir='ltr'><strong>videtur</strong></span> <span class='ocrx_word' id='word_1_383' title='bbox 1391 3065 1447 3112; x_wconf 89' lang='lat' dir='ltr'><strong>et</strong></span> <span class='ocrx_word' id='word_1_384' title='bbox 1491 3056 1740 3110; x_wconf 89' lang='lat' dir='ltr'><strong>laudatur</strong></span> <span class='ocrx_word' id='word_1_385' title='bbox 1766 3054 1820 3108; x_wconf 91' lang='lat' dir='ltr'><strong>in</strong></span> <span class='ocrx_word' id='word_1_386' title='bbox 1869 3067 1981 3109; x_wconf 77' lang='lat' dir='ltr'><strong>cce-</strong></span> <span class='ocrx_word' id='word_1_387' title='bbox 2007 3027 2054 3090; x_wconf 66' lang='grc' dir='ltr'>ο</span> 
     </span>
    </p>
   </div>
   <div class='ocr_carea' id='block_1_49' title="bbox 400 3143 1983 3223">
    <p class='ocr_par' dir='ltr' id='par_1_49' title="bbox 400 3143 1983 3223">
     <span class='ocr_line' id='line_1_49' title="bbox 400 3143 1983 3223; baseline -0.01 -10"><span class='ocrx_word' id='word_1_388' title='bbox 400 3157 496 3223; x_wconf 90' lang='lat' dir='ltr'><strong>lo;</strong></span> <span class='ocrx_word' id='word_1_389' title='bbox 547 3157 664 3212; x_wconf 68' lang='lat' dir='ltr'><strong>htec</strong></span> <span class='ocrx_word' id='word_1_390' title='bbox 694 3155 838 3210; x_wconf 89' lang='lat' dir='ltr'><strong>enim</strong></span> <span class='ocrx_word' id='word_1_391' title='bbox 893 3151 1162 3208; x_wconf 83' lang='lat' dir='ltr'><strong>confessio</strong></span> <span class='ocrx_word' id='word_1_392' title='bbox 1196 3163 1305 3203; x_wconf 91' lang='lat' dir='ltr'><strong>non</strong></span> <span class='ocrx_word' id='word_1_393' title='bbox 1341 3156 1426 3202; x_wconf 92' lang='lat' dir='ltr'><strong>est</strong></span> <span class='ocrx_word' id='word_1_394' title='bbox 1466 3145 1698 3219; x_wconf 87' lang='lat' dir='ltr'><strong>peccati,</strong></span> <span class='ocrx_word' id='word_1_395' title='bbox 1736 3143 1832 3199; x_wconf 91' lang='lat' dir='ltr'><strong>sed</strong></span> <span class='ocrx_word' id='word_1_396' title='bbox 1873 3143 1983 3198; x_wconf 84' lang='lat' dir='ltr'><strong>lau-</strong></span> 
     </span>
    </p>
   </div>
   <div class='ocr_carea' id='block_1_50' title="bbox 400 3235 1983 3317">
    <p class='ocr_par' dir='ltr' id='par_1_50' title="bbox 400 3235 1983 3317">
     <span class='ocr_line' id='line_1_50' title="bbox 400 3235 1983 3317; baseline -0.008 -14"><span class='ocrx_word' id='word_1_397' title='bbox 400 3248 488 3304; x_wconf 90' lang='lat' dir='ltr'><strong>dis</strong></span> <span class='ocrx_word' id='word_1_398' title='bbox 510 3255 563 3302; x_wconf 92' lang='lat' dir='ltr'><strong>et</strong></span> <span class='ocrx_word' id='word_1_399' title='bbox 591 3248 887 3317; x_wconf 79' lang='lat' dir='ltr'><strong>gratiarum</strong></span> <span class='ocrx_word' id='word_1_400' title='bbox 915 3243 1163 3299; x_wconf 88' lang='lat' dir='ltr'><strong>actionis.</strong></span> <span class='ocrx_word' id='word_1_401' title='bbox 1196 3242 1314 3297; x_wconf 90' lang='lat' dir='ltr'><strong>Una</strong></span> <span class='ocrx_word' id='word_1_402' title='bbox 1339 3241 1504 3311; x_wconf 84' lang='lat' dir='ltr'><strong>igitur</strong></span> <span class='ocrx_word' id='word_1_403' title='bbox 1529 3237 1888 3301; x_wconf 84' lang='lat' dir='ltr'><strong>confessione,</strong></span> <span class='ocrx_word' id='word_1_404' title='bbox 1928 3235 1983 3291; x_wconf 90' lang='lat' dir='ltr'><strong>id</strong></span> 
     </span>
    </p>
   </div>
   <div class='ocr_carea' id='block_1_51' title="bbox 399 3329 1981 3406">
    <p class='ocr_par' dir='ltr' id='par_1_51' title="bbox 399 3329 1981 3406">
     <span class='ocr_line' id='line_1_51' title="bbox 399 3329 1981 3406; baseline -0.008 -12"><span class='ocrx_word' id='word_1_405' title='bbox 399 3348 506 3402; x_wconf 88' lang='lat' dir='ltr'><strong>est,</strong></span> <span class='ocrx_word' id='word_1_406' title='bbox 540 3338 701 3392; x_wconf 88' lang='lat' dir='ltr'><strong>laude</strong></span> <span class='ocrx_word' id='word_1_407' title='bbox 748 3347 803 3390; x_wconf 88' lang='lat' dir='ltr'><strong>et</strong></span> <span class='ocrx_word' id='word_1_408' title='bbox 823 3336 1121 3406; x_wconf 87' lang='lat' dir='ltr'><strong>gratiarum</strong></span> <span class='ocrx_word' id='word_1_409' title='bbox 1152 3333 1365 3386; x_wconf 88' lang='lat' dir='ltr'><strong>actione</strong></span> <span class='ocrx_word' id='word_1_410' title='bbox 1388 3332 1502 3402; x_wconf 89' lang='lat' dir='ltr'><strong>jam</strong></span> <span class='ocrx_word' id='word_1_411' title='bbox 1549 3345 1692 3384; x_wconf 93' lang='lat' dir='ltr'><strong>nunc</strong></span> <span class='ocrx_word' id='word_1_412' title='bbox 1734 3329 1981 3383; x_wconf 88' lang='lat' dir='ltr'><strong>homines</strong></span> 
     </span>
    </p>
   </div>
   <div class='ocr_carea' id='block_1_52' title="bbox 402 3421 1985 3498">
    <p class='ocr_par' dir='ltr' id='par_1_52' title="bbox 402 3421 1985 3498">
     <span class='ocr_line' id='line_1_52' title="bbox 402 3421 1985 3498; baseline -0.005 -16"><span class='ocrx_word' id='word_1_413' title='bbox 402 3444 526 3482; x_wconf 91' lang='lat' dir='ltr'><strong>cum</strong></span> <span class='ocrx_word' id='word_1_414' title='bbox 553 3426 757 3498; x_wconf 81' lang='lat' dir='ltr'><strong>angelis</strong></span> <span class='ocrx_word' id='word_1_415' title='bbox 807 3425 1105 3490; x_wconf 89' lang='lat' dir='ltr'><strong>sociantur,</strong></span> <span class='ocrx_word' id='word_1_416' title='bbox 1154 3424 1435 3478; x_wconf 90' lang='lat' dir='ltr'><strong>laudantes</strong></span> <span class='ocrx_word' id='word_1_417' title='bbox 1484 3423 1548 3477; x_wconf 93' lang='lat' dir='ltr'><strong>de</strong></span> <span class='ocrx_word' id='word_1_418' title='bbox 1591 3421 1901 3476; x_wconf 60' lang='lat' dir='ltr'><strong>caelestibus</strong></span> <span class='ocrx_word' id='word_1_419' title='bbox 1929 3429 1985 3475; x_wconf 90' lang='lat' dir='ltr'><strong>et</strong></span> 
     </span>
    </p>
   </div>
   <div class='ocr_carea' id='block_1_53' title="bbox 403 3510 1983 3583">
    <p class='ocr_par' dir='ltr' id='par_1_53' title="bbox 403 3510 1983 3583">
     <span class='ocr_line' id='line_1_53' title="bbox 403 3510 1983 3583; baseline -0.004 -12"><span class='ocrx_word' id='word_1_420' title='bbox 403 3517 780 3579; x_wconf 84' lang='lat' dir='ltr'><strong>terrestribus,</strong></span> <span class='ocrx_word' id='word_1_421' title='bbox 827 3522 1084 3583; x_wconf 88' lang='lat' dir='ltr'><strong>tanquam</strong></span> <span class='ocrx_word' id='word_1_422' title='bbox 1113 3527 1257 3578; x_wconf 90' lang='lat' dir='ltr'><strong>eum,</strong></span> <span class='ocrx_word' id='word_1_423' title='bbox 1288 3512 1378 3581; x_wconf 88' lang='lat' dir='ltr'><strong>qui</strong></span> <span class='ocrx_word' id='word_1_424' title='bbox 1416 3511 1543 3565; x_wconf 84' lang='lat' dir='ltr'><strong>fecit</strong></span> <span class='ocrx_word' id='word_1_425' title='bbox 1566 3510 1763 3566; x_wconf 56' lang='lat' dir='ltr'><strong>coelum</strong></span> <span class='ocrx_word' id='word_1_426' title='bbox 1794 3519 1847 3564; x_wconf 87' lang='lat' dir='ltr'><strong>et</strong></span> <span class='ocrx_word' id='word_1_427' title='bbox 1876 3518 1983 3564; x_wconf 81' lang='lat' dir='ltr'><strong>ter-</strong></span> 
     </span>
    </p>
   </div>
   <div class='ocr_carea' id='block_1_54' title="bbox 405 3600 1984 3674">
    <p class='ocr_par' dir='ltr' id='par_1_54' title="bbox 405 3600 1984 3674">
     <span class='ocr_line' id='line_1_54' title="bbox 405 3600 1984 3674; baseline -0.006 -12"><span class='ocrx_word' id='word_1_428' title='bbox 405 3623 544 3674; x_wconf 85' lang='lat' dir='ltr'><strong>ram,</strong></span> <span class='ocrx_word' id='word_1_429' title='bbox 583 3615 635 3661; x_wconf 90' lang='lat' dir='ltr'><strong>et</strong></span> <span class='ocrx_word' id='word_1_430' title='bbox 660 3607 900 3660; x_wconf 87' lang='lat' dir='ltr'><strong>dicentes</strong></span> <span class='ocrx_word' id='word_1_431' title='bbox 930 3623 942 3658; x_wconf 92' lang='lat'>:</span> <span class='ocrx_word' id='word_1_432' title='bbox 971 3603 1221 3668; x_wconf 85' lang='lat' dir='ltr'><strong>Sanctus,</strong></span> <span class='ocrx_word' id='word_1_433' title='bbox 1261 3601 1507 3666; x_wconf 86' lang='lat' dir='ltr'><strong>Sanctus,</strong></span> <span class='ocrx_word' id='word_1_434' title='bbox 1549 3601 1777 3655; x_wconf 84' lang='lat' dir='ltr'><strong>Sanctus</strong></span> <span class='ocrx_word' id='word_1_435' title='bbox 1806 3600 1984 3654; x_wconf 90' lang='lat' dir='ltr'><strong>Domi-</strong></span> 
     </span>
    </p>
   </div>
   <div class='ocr_carea' id='block_1_55' title="bbox 403 3689 1981 3782">
    <p class='ocr_par' dir='ltr' id='par_1_55' title="bbox 403 3689 1981 3782">
     <span class='ocr_line' id='line_1_55' title="bbox 403 3689 1981 3782; baseline -0.008 -27"><span class='ocrx_word' id='word_1_436' title='bbox 403 3717 500 3755; x_wconf 88' lang='lat' dir='ltr'><strong>nus</strong></span> <span class='ocrx_word' id='word_1_437' title='bbox 531 3699 672 3752; x_wconf 86' lang='lat' dir='ltr'><strong>Deus</strong></span> <span class='ocrx_word' id='word_1_438' title='bbox 709 3695 959 3760; x_wconf 84' lang='lat' dir='ltr'><strong>Sabaoth,</strong></span> <span class='ocrx_word' id='word_1_439' title='bbox 991 3693 1132 3765; x_wconf 80' lang='lat' dir='ltr'><strong>pleni</strong></span> <span class='ocrx_word' id='word_1_440' title='bbox 1178 3702 1300 3747; x_wconf 83' lang='lat' dir='ltr'><strong>sunt</strong></span> <span class='ocrx_word' id='word_1_441' title='bbox 1338 3692 1490 3765; x_wconf 88' lang='lat' dir='ltr'><strong>(Isai.</strong></span> <span class='ocrx_word' id='word_1_442' title='bbox 1525 3707 1601 3757; x_wconf 88' lang='lat' dir='ltr'><strong>vl,</strong></span> <span class='ocrx_word' id='word_1_443' title='bbox 1631 3689 1718 3782; x_wconf 52' lang='grc' dir='ltr'><strong>5)ζ</strong></span> <span class='ocrx_word' id='word_1_444' title='bbox 1759 3700 1814 3745; x_wconf 88' lang='lat' dir='ltr'><strong>et</strong></span> <span class='ocrx_word' id='word_1_445' title='bbox 1852 3691 1981 3746; x_wconf 86' lang='lat' dir='ltr'><strong>reli-</strong></span> 
     </span>
    </p>
   </div>
   <div class='ocr_carea' id='block_1_56' title="bbox 402 3784 1979 3862">
    <p class='ocr_par' dir='ltr' id='par_1_56' title="bbox 402 3784 1979 3862">
     <span class='ocr_line' id='line_1_56' title="bbox 402 3784 1979 3862; baseline -0.004 -17"><span class='ocrx_word' id='word_1_446' title='bbox 402 3807 528 3862; x_wconf 89' lang='lat' dir='ltr'><strong>qua.</strong></span> <span class='ocrx_word' id='word_1_447' title='bbox 555 3791 675 3845; x_wconf 65' lang='lat' dir='ltr'><strong>Istae</strong></span> <span class='ocrx_word' id='word_1_448' title='bbox 710 3796 837 3844; x_wconf 90' lang='lat' dir='ltr'><strong>sunt</strong></span> <span class='ocrx_word' id='word_1_449' title='bbox 863 3802 1023 3842; x_wconf 88' lang='lat' dir='ltr'><strong>voces</strong></span> <span class='ocrx_word' id='word_1_450' title='bbox 1055 3786 1369 3858; x_wconf 82' lang='lat' dir='ltr'><strong>angelorum</strong></span> <span class='ocrx_word' id='word_1_451' title='bbox 1403 3784 1740 3840; x_wconf 84' lang='lat' dir='ltr'><strong>laudantium</strong></span> <span class='ocrx_word' id='word_1_452' title='bbox 1789 3785 1843 3838; x_wconf 93' lang='lat' dir='ltr'><strong>in</strong></span> <span class='ocrx_word' id='word_1_453' title='bbox 1867 3799 1979 3839; x_wconf 67' lang='lat' dir='ltr'><strong>coe-</strong></span> 
     </span>
    </p>
   </div>
   <div class='ocr_carea' id='block_1_57' title="bbox 401 3878 1982 3952">
    <p class='ocr_par' dir='ltr' id='par_1_57' title="bbox 401 3878 1982 3952">
     <span class='ocr_line' id='line_1_57' title="bbox 401 3878 1982 3952; baseline -0.004 -14"><span class='ocrx_word' id='word_1_454' title='bbox 401 3885 488 3939; x_wconf 90' lang='lat' dir='ltr'><strong>lis.</strong></span> <span class='ocrx_word' id='word_1_455' title='bbox 529 3883 683 3936; x_wconf 85' lang='lat' dir='ltr'><strong>Hunc</strong></span> <span class='ocrx_word' id='word_1_456' title='bbox 702 3882 960 3952; x_wconf 86' lang='lat' dir='ltr'><strong>hymnum</strong></span> <span class='ocrx_word' id='word_1_457' title='bbox 986 3878 1169 3950; x_wconf 65' lang='lat' dir='ltr'><strong>gloria:</strong></span> <span class='ocrx_word' id='word_1_458' title='bbox 1195 3878 1313 3944; x_wconf 89' lang='lat' dir='ltr'><strong>Dei,</strong></span> <span class='ocrx_word' id='word_1_459' title='bbox 1349 3887 1404 3934; x_wconf 91' lang='lat' dir='ltr'><strong>et</strong></span> <span class='ocrx_word' id='word_1_460' title='bbox 1456 3879 1621 3933; x_wconf 83' lang='lat' dir='ltr'><strong>Isaias</strong></span> <span class='ocrx_word' id='word_1_461' title='bbox 1671 3893 1731 3932; x_wconf 86' lang='lat' dir='ltr'><strong>se</strong></span> <span class='ocrx_word' id='word_1_462' title='bbox 1770 3878 1982 3932; x_wconf 90' lang='lat' dir='ltr'><strong>audisse</strong></span> 
     </span>
    </p>
   </div>
   <div class='ocr_carea' id='block_1_58' title="bbox 402 3967 1982 4040">
    <p class='ocr_par' dir='ltr' id='par_1_58' title="bbox 402 3967 1982 4040">
     <span class='ocr_line' id='line_1_58' title="bbox 402 3967 1982 4040; baseline -0.004 -12"><span class='ocrx_word' id='word_1_463' title='bbox 402 3979 720 4040; x_wconf 88' lang='lat' dir='ltr'><strong>testatur,et</strong></span> <span class='ocrx_word' id='word_1_464' title='bbox 741 3968 977 4025; x_wconf 86' lang='lat' dir='ltr'><strong>Joannes</strong></span> <span class='ocrx_word' id='word_1_465' title='bbox 1007 3970 1060 4023; x_wconf 92' lang='lat' dir='ltr'><strong>in</strong></span> <span class='ocrx_word' id='word_1_466' title='bbox 1074 3968 1392 4040; x_wconf 84' lang='lat' dir='ltr'><strong>Apocalypsi</strong></span> <span class='ocrx_word' id='word_1_467' title='bbox 1417 3968 1599 4040; x_wconf 87' lang='lat' dir='ltr'><strong>(Apoc.</strong></span> <span class='ocrx_word' id='word_1_468' title='bbox 1629 3983 1702 4031; x_wconf 84' lang='lat' dir='ltr'><strong>IV,</strong></span> <span class='ocrx_word' id='word_1_469' title='bbox 1735 3967 1814 4038; x_wconf 91' lang='lat'><strong>8).</strong></span> <span class='ocrx_word' id='word_1_470' title='bbox 1840 3967 1982 4036; x_wconf 85' lang='lat' dir='ltr'><strong>Ergo</strong></span> 
     </span>
    </p>
   </div>
   <div class='ocr_carea' id='block_1_59' title="bbox 401 4059 1980 4129">
    <p class='ocr_par' dir='ltr' id='par_1_59' title="bbox 401 4059 1980 4129">
     <span class='ocr_line' id='line_1_59' title="bbox 401 4059 1980 4129; baseline -0.003 -10"><span class='ocrx_word' id='word_1_471' title='bbox 401 4079 509 4119; x_wconf 90' lang='lat' dir='ltr'><strong>non</strong></span> <span class='ocrx_word' id='word_1_472' title='bbox 539 4065 774 4118; x_wconf 90' lang='lat' dir='ltr'><strong>humano</strong></span> <span class='ocrx_word' id='word_1_473' title='bbox 804 4061 1027 4116; x_wconf 88' lang='lat' dir='ltr'><strong>arbitrio</strong></span> <span class='ocrx_word' id='word_1_474' title='bbox 1055 4102 1069 4126; x_wconf 96' lang='lat'><strong>,</strong></span> <span class='ocrx_word' id='word_1_475' title='bbox 1099 4062 1192 4116; x_wconf 88' lang='lat' dir='ltr'><strong>sed</strong></span> <span class='ocrx_word' id='word_1_476' title='bbox 1221 4062 1503 4129; x_wconf 89' lang='lat' dir='ltr'><strong>utriusque</strong></span> <span class='ocrx_word' id='word_1_477' title='bbox 1532 4059 1827 4129; x_wconf 64' lang='lat' dir='ltr'><strong>Scriptura:</strong></span> <span class='ocrx_word' id='word_1_478' title='bbox 1849 4075 1980 4114; x_wconf 86' lang='lat' dir='ltr'><strong>auc-</strong></span> 
     </span>
    </p>
   </div>
   <div class='ocr_carea' id='block_1_60' title="bbox 401 4149 1982 4226">
    <p class='ocr_par' dir='ltr' id='par_1_60' title="bbox 401 4149 1982 4226">
     <span class='ocr_line' id='line_1_60' title="bbox 401 4149 1982 4226; baseline -0.007 -13"><span class='ocrx_word' id='word_1_479' title='bbox 401 4158 624 4213; x_wconf 88' lang='lat' dir='ltr'><strong>toritate</strong></span> <span class='ocrx_word' id='word_1_480' title='bbox 671 4155 978 4226; x_wconf 91' lang='lat' dir='ltr'><strong>conjuncta,</strong></span> <span class='ocrx_word' id='word_1_481' title='bbox 1013 4153 1248 4208; x_wconf 91' lang='lat' dir='ltr'><strong>dicimus</strong></span> <span class='ocrx_word' id='word_1_482' title='bbox 1300 4162 1384 4208; x_wconf 89' lang='lat' dir='ltr'><strong>ter</strong></span> <span class='ocrx_word' id='word_1_483' title='bbox 1412 4150 1660 4216; x_wconf 85' lang='lat' dir='ltr'><strong>Sanctus,</strong></span> <span class='ocrx_word' id='word_1_484' title='bbox 1716 4160 1770 4205; x_wconf 90' lang='lat' dir='ltr'><strong>et</strong></span> <span class='ocrx_word' id='word_1_485' title='bbox 1817 4149 1982 4205; x_wconf 92' lang='lat' dir='ltr'><strong>semel</strong></span> 
     </span>
    </p>
   </div>
   <div class='ocr_carea' id='block_1_61' title="bbox 401 4245 1980 4315">
    <p class='ocr_par' dir='ltr' id='par_1_61' title="bbox 401 4245 1980 4315">
     <span class='ocr_line' id='line_1_61' title="bbox 401 4245 1980 4315; baseline -0.006 -9"><span class='ocrx_word' id='word_1_486' title='bbox 401 4253 658 4307; x_wconf 82' lang='lat' dir='ltr'><strong>Dominus</strong></span> <span class='ocrx_word' id='word_1_487' title='bbox 689 4290 704 4315; x_wconf 94' lang='lat'><strong>,</strong></span> <span class='ocrx_word' id='word_1_488' title='bbox 735 4257 797 4302; x_wconf 90' lang='lat' dir='ltr'><strong>ut</strong></span> <span class='ocrx_word' id='word_1_489' title='bbox 834 4248 1182 4302; x_wconf 89' lang='lat' dir='ltr'><strong>ostendamus</strong></span> <span class='ocrx_word' id='word_1_490' title='bbox 1235 4246 1661 4315; x_wconf 83' lang='lat' dir='ltr'><strong>omnipotentem</strong></span> <span class='ocrx_word' id='word_1_491' title='bbox 1704 4245 1896 4306; x_wconf 89' lang='lat' dir='ltr'><strong>Deum,</strong></span> <span class='ocrx_word' id='word_1_492' title='bbox 1926 4250 1980 4296; x_wconf 89' lang='lat' dir='ltr'><strong>et</strong></span> 
     </span>
    </p>
   </div>
   <div class='ocr_carea' id='block_1_62' title="bbox 402 4334 2057 4428">
    <p class='ocr_par' dir='ltr' id='par_1_62' title="bbox 402 4334 2057 4428">
     <span class='ocr_line' id='line_1_62' title="bbox 402 4334 2057 4428; baseline -0.005 -33"><span class='ocrx_word' id='word_1_493' title='bbox 402 4341 701 4395; x_wconf 89' lang='lat' dir='ltr'><strong>trinitatem</strong></span> <span class='ocrx_word' id='word_1_494' title='bbox 729 4339 780 4392; x_wconf 93' lang='lat' dir='ltr'><strong>in</strong></span> <span class='ocrx_word' id='word_1_495' title='bbox 813 4336 1061 4406; x_wconf 89' lang='lat' dir='ltr'><strong>personis</strong></span> <span class='ocrx_word' id='word_1_496' title='bbox 1088 4335 1311 4402; x_wconf 78' lang='lat' dir='ltr'><strong>habere,</strong></span> <span class='ocrx_word' id='word_1_497' title='bbox 1359 4342 1418 4389; x_wconf 93' lang='lat' dir='ltr'><strong>et</strong></span> <span class='ocrx_word' id='word_1_498' title='bbox 1441 4335 1704 4389; x_wconf 87' lang='lat' dir='ltr'><strong>unitatem</strong></span> <span class='ocrx_word' id='word_1_499' title='bbox 1752 4335 1808 4388; x_wconf 91' lang='lat' dir='ltr'><strong>in</strong></span> <span class='ocrx_word' id='word_1_500' title='bbox 1853 4334 1981 4388; x_wconf 82' lang='lat' dir='ltr'><strong>sub-</strong></span> <span class='ocrx_word' id='word_1_501' title='bbox 2005 4369 2057 4428; x_wconf 82' lang='lat' dir='ltr'><strong>D</strong></span> 
     </span>
    </p>
   </div>
   <div class='ocr_carea' id='block_1_63' title="bbox 403 4423 1983 4486">
    <p class='ocr_par' dir='ltr' id='par_1_63' title="bbox 403 4423 1983 4486">
     <span class='ocr_line' id='line_1_63' title="bbox 403 4423 1983 4486; baseline -0.004 0"><span class='ocrx_word' id='word_1_502' title='bbox 403 4431 624 4486; x_wconf 89' lang='lat' dir='ltr'><strong>stantia.</strong></span> <span class='ocrx_word' id='word_1_503' title='bbox 664 4427 894 4482; x_wconf 81' lang='lat' dir='ltr'><strong>Sabaoth</strong></span> <span class='ocrx_word' id='word_1_504' title='bbox 942 4433 1122 4479; x_wconf 91' lang='lat' dir='ltr'><strong>autem</strong></span> <span class='ocrx_word' id='word_1_505' title='bbox 1177 4438 1344 4478; x_wconf 91' lang='lat' dir='ltr'><strong>unum</strong></span> <span class='ocrx_word' id='word_1_506' title='bbox 1394 4431 1565 4478; x_wconf 79' lang='lat' dir='ltr'><strong>estex</strong></span> <span class='ocrx_word' id='word_1_507' title='bbox 1592 4423 1780 4477; x_wconf 88' lang='lat' dir='ltr'><strong>decem</strong></span> <span class='ocrx_word' id='word_1_508' title='bbox 1808 4427 1983 4480; x_wconf 91' lang='lat' dir='ltr'><strong>nomi-</strong></span> 
     </span>
    </p>
   </div>
   <div class='ocr_carea' id='block_1_64' title="bbox 402 4513 1985 4588">
    <p class='ocr_par' dir='ltr' id='par_1_64' title="bbox 402 4513 1985 4588">
     <span class='ocr_line' id='line_1_64' title="bbox 402 4513 1985 4588; baseline -0.004 -11"><span class='ocrx_word' id='word_1_509' title='bbox 402 4522 562 4577; x_wconf 87' lang='lat' dir='ltr'><strong>nibus</strong></span> <span class='ocrx_word' id='word_1_510' title='bbox 610 4519 706 4574; x_wconf 92' lang='lat' dir='ltr'><strong>Dei</strong></span> <span class='ocrx_word' id='word_1_511' title='bbox 741 4517 880 4588; x_wconf 87' lang='lat' dir='ltr'><strong>apud</strong></span> <span class='ocrx_word' id='word_1_512' title='bbox 927 4515 1203 4579; x_wconf 67' lang='lat' dir='ltr'><strong>Hebraeos,</strong></span> <span class='ocrx_word' id='word_1_513' title='bbox 1259 4521 1312 4568; x_wconf 90' lang='lat' dir='ltr'><strong>et</strong></span> <span class='ocrx_word' id='word_1_514' title='bbox 1361 4513 1771 4583; x_wconf 89' lang='lat' dir='ltr'><strong>interpretatur,</strong></span> <span class='ocrx_word' id='word_1_515' title='bbox 1834 4530 1985 4570; x_wconf 86' lang='lat' dir='ltr'><strong>exer-</strong></span> 
     </span>
    </p>
   </div>
   <div class='ocr_carea' id='block_1_65' title="bbox 405 4605 1985 4679">
    <p class='ocr_par' dir='ltr' id='par_1_65' title="bbox 405 4605 1985 4679">
     <span class='ocr_line' id='line_1_65' title="bbox 405 4605 1985 4679; baseline -0.004 -10"><span class='ocrx_word' id='word_1_516' title='bbox 405 4616 644 4679; x_wconf 88' lang='lat' dir='ltr'><strong>cituum,</strong></span> <span class='ocrx_word' id='word_1_517' title='bbox 694 4611 809 4666; x_wconf 89' lang='lat' dir='ltr'><strong>sive</strong></span> <span class='ocrx_word' id='word_1_518' title='bbox 867 4610 1126 4665; x_wconf 86' lang='lat' dir='ltr'><strong>virtutum</strong></span> <span class='ocrx_word' id='word_1_519' title='bbox 1157 4649 1172 4674; x_wconf 91' lang='lat'><strong>,</strong></span> <span class='ocrx_word' id='word_1_520' title='bbox 1212 4605 1297 4662; x_wconf 85' lang='lat' dir='ltr'><strong>vel</strong></span> <span class='ocrx_word' id='word_1_521' title='bbox 1341 4605 1675 4660; x_wconf 90' lang='lat' dir='ltr'><strong>militiarum.</strong></span> <span class='ocrx_word' id='word_1_522' title='bbox 1725 4605 1985 4663; x_wconf 86' lang='lat' dir='ltr'><strong>Dominus</strong></span> 
     </span>
    </p>
   </div>
   <div class='ocr_carea' id='block_1_66' title="bbox 405 4694 1980 4766">
    <p class='ocr_par' dir='ltr' id='par_1_66' title="bbox 405 4694 1980 4766">
     <span class='ocr_line' id='line_1_66' title="bbox 405 4694 1980 4766; baseline -0.006 -6"><span class='ocrx_word' id='word_1_523' title='bbox 405 4715 587 4760; x_wconf 89' lang='lat' dir='ltr'><strong>autem</strong></span> <span class='ocrx_word' id='word_1_524' title='bbox 611 4702 872 4766; x_wconf 88' lang='lat' dir='ltr'><strong>Sabaoth,</strong></span> <span class='ocrx_word' id='word_1_525' title='bbox 924 4700 1182 4753; x_wconf 87' lang='lat' dir='ltr'><strong>Dominus</strong></span> <span class='ocrx_word' id='word_1_526' title='bbox 1225 4697 1564 4766; x_wconf 91' lang='lat' dir='ltr'><strong>omnipotens</strong></span> <span class='ocrx_word' id='word_1_527' title='bbox 1605 4694 1821 4760; x_wconf 89' lang='lat' dir='ltr'><strong>dicitur,</strong></span> <span class='ocrx_word' id='word_1_528' title='bbox 1856 4697 1980 4765; x_wconf 88' lang='lat' dir='ltr'><strong>quia</strong></span> 
     </span>
    </p>
   </div>
   <div class='ocr_carea' id='block_1_67' title="bbox 402 4788 1981 4859">
    <p class='ocr_par' dir='ltr' id='par_1_67' title="bbox 402 4788 1981 4859">
     <span class='ocr_line' id='line_1_67' title="bbox 402 4788 1981 4859; baseline -0.007 -6"><span class='ocrx_word' id='word_1_529' title='bbox 402 4798 578 4853; x_wconf 89' lang='lat' dir='ltr'><strong>omnis</strong></span> <span class='ocrx_word' id='word_1_530' title='bbox 608 4795 879 4850; x_wconf 75' lang='lat' dir='ltr'><strong>exercitus</strong></span> <span class='ocrx_word' id='word_1_531' title='bbox 930 4801 984 4847; x_wconf 94' lang='lat' dir='ltr'><strong>et</strong></span> <span class='ocrx_word' id='word_1_532' title='bbox 1027 4791 1232 4846; x_wconf 63' lang='lat' dir='ltr'><strong>militiae</strong></span> <span class='ocrx_word' id='word_1_533' title='bbox 1284 4790 1620 4858; x_wconf 85' lang='lat' dir='ltr'><strong>virtutesque</strong></span> <span class='ocrx_word' id='word_1_534' title='bbox 1670 4788 1981 4859; x_wconf 83' lang='lat' dir='ltr'><strong>angelorum</strong></span> 
     </span>
    </p>
   </div>
   <div class='ocr_carea' id='block_1_68' title="bbox 404 4883 1982 4955">
    <p class='ocr_par' dir='ltr' id='par_1_68' title="bbox 404 4883 1982 4955">
     <span class='ocr_line' id='line_1_68' title="bbox 404 4883 1982 4955; baseline -0.005 -11"><span class='ocrx_word' id='word_1_535' title='bbox 404 4890 483 4945; x_wconf 91' lang='lat' dir='ltr'><strong>illi</strong></span> <span class='ocrx_word' id='word_1_536' title='bbox 539 4887 802 4944; x_wconf 87' lang='lat' dir='ltr'><strong>serviunt.</strong></span> <span class='ocrx_word' id='word_1_537' title='bbox 860 4884 1148 4955; x_wconf 85' lang='lat' dir='ltr'><strong>Angelicos</strong></span> <span class='ocrx_word' id='word_1_538' title='bbox 1196 4892 1378 4938; x_wconf 90' lang='lat' dir='ltr'><strong>autem</strong></span> <span class='ocrx_word' id='word_1_539' title='bbox 1433 4883 1859 4953; x_wconf 87' lang='lat' dir='ltr'><strong>spiritus,recte</strong></span> <span class='ocrx_word' id='word_1_540' title='bbox 1882 4883 1982 4936; x_wconf 91' lang='lat' dir='ltr'><strong>mi-</strong></span> 
     </span>
    </p>
   </div>
   <div class='ocr_carea' id='block_1_69' title="bbox 402 4977 1984 5048">
    <p class='ocr_par' dir='ltr' id='par_1_69' title="bbox 402 4977 1984 5048">
     <span class='ocr_line' id='line_1_69' title="bbox 402 4977 1984 5048; baseline -0.004 -12"><span class='ocrx_word' id='word_1_541' title='bbox 402 4983 578 5038; x_wconf 85' lang='lat' dir='ltr'><strong>litiam</strong></span> <span class='ocrx_word' id='word_1_542' title='bbox 602 4981 855 5044; x_wconf 90' lang='lat' dir='ltr'><strong>dicimus,</strong></span> <span class='ocrx_word' id='word_1_543' title='bbox 887 4977 1014 5048; x_wconf 89' lang='lat' dir='ltr'><strong>quia</strong></span> <span class='ocrx_word' id='word_1_544' title='bbox 1038 4977 1318 5031; x_wconf 85' lang='lat' dir='ltr'><strong>decertare</strong></span> <span class='ocrx_word' id='word_1_545' title='bbox 1339 4990 1432 5031; x_wconf 92' lang='lat' dir='ltr'><strong>eos</strong></span> <span class='ocrx_word' id='word_1_546' title='bbox 1464 4983 1649 5030; x_wconf 89' lang='lat' dir='ltr'><strong>contra</strong></span> <span class='ocrx_word' id='word_1_547' title='bbox 1673 4990 1861 5029; x_wconf 90' lang='lat' dir='ltr'><strong>aereas</strong></span> <span class='ocrx_word' id='word_1_548' title='bbox 1888 4990 1984 5046; x_wconf 90' lang='lat' dir='ltr'><strong>po—</strong></span> 
     </span>
    </p>
   </div>
   <div class='ocr_carea' id='block_1_70' title="bbox 403 5067 1980 5144">
    <p class='ocr_par' dir='ltr' id='par_1_70' title="bbox 403 5067 1980 5144">
     <span class='ocr_line' id='line_1_70' title="bbox 403 5067 1980 5144; baseline -0.006 -14"><span class='ocrx_word' id='word_1_549' title='bbox 403 5083 628 5130; x_wconf 89' lang='lat' dir='ltr'><strong>testates</strong></span> <span class='ocrx_word' id='word_1_550' title='bbox 655 5089 761 5128; x_wconf 90' lang='lat' dir='ltr'><strong>non</strong></span> <span class='ocrx_word' id='word_1_551' title='bbox 790 5072 1122 5144; x_wconf 79' lang='lat' dir='ltr'><strong>ignoramus.</strong></span> <span class='ocrx_word' id='word_1_552' title='bbox 1161 5067 1292 5135; x_wconf 68' lang='lat' dir='ltr'><strong>Quae</strong></span> <span class='ocrx_word' id='word_1_553' title='bbox 1337 5076 1516 5122; x_wconf 90' lang='lat' dir='ltr'><strong>tamen</strong></span> <span class='ocrx_word' id='word_1_554' title='bbox 1550 5069 1846 5124; x_wconf 89' lang='lat' dir='ltr'><strong>certamina</strong></span> <span class='ocrx_word' id='word_1_555' title='bbox 1874 5083 1980 5122; x_wconf 93' lang='lat' dir='ltr'><strong>non</strong></span> 
     </span>
    </p>
   </div>
   <div class='ocr_carea' id='block_1_71' title="bbox 408 5158 1978 5231">
    <p class='ocr_par' dir='ltr' id='par_1_71' title="bbox 408 5158 1978 5231">
     <span class='ocr_line' id='line_1_71' title="bbox 408 5158 1978 5231; baseline -0.004 -14"><span class='ocrx_word' id='word_1_556' title='bbox 408 5165 617 5229; x_wconf 87' lang='lat' dir='ltr'><strong>labore,</strong></span> <span class='ocrx_word' id='word_1_557' title='bbox 670 5164 767 5220; x_wconf 90' lang='lat' dir='ltr'><strong>sed</strong></span> <span class='ocrx_word' id='word_1_558' title='bbox 823 5161 1053 5231; x_wconf 90' lang='lat' dir='ltr'><strong>imperio</strong></span> <span class='ocrx_word' id='word_1_559' title='bbox 1085 5167 1392 5230; x_wconf 88' lang='lat' dir='ltr'><strong>peragunt,</strong></span> <span class='ocrx_word' id='word_1_560' title='bbox 1457 5159 1584 5227; x_wconf 88' lang='lat' dir='ltr'><strong>quia</strong></span> <span class='ocrx_word' id='word_1_561' title='bbox 1639 5158 1782 5228; x_wconf 93' lang='lat' dir='ltr'><strong>quod</strong></span> <span class='ocrx_word' id='word_1_562' title='bbox 1815 5173 1978 5228; x_wconf 88' lang='lat' dir='ltr'><strong>agen-</strong></span> 
     </span>
    </p>
   </div>
   <div class='ocr_carea' id='block_1_72' title="bbox 402 5248 1979 5320">
    <p class='ocr_par' dir='ltr' id='par_1_72' title="bbox 402 5248 1979 5320">
     <span class='ocr_line' id='line_1_72' title="bbox 402 5248 1979 5320; baseline -0.006 -9"><span class='ocrx_word' id='word_1_563' title='bbox 402 5260 528 5312; x_wconf 90' lang='lat' dir='ltr'><strong>dum</strong></span> <span class='ocrx_word' id='word_1_564' title='bbox 555 5265 743 5311; x_wconf 88' lang='lat' dir='ltr'><strong>contra</strong></span> <span class='ocrx_word' id='word_1_565' title='bbox 777 5251 1081 5308; x_wconf 90' lang='lat' dir='ltr'><strong>immundos</strong></span> <span class='ocrx_word' id='word_1_566' title='bbox 1113 5250 1336 5320; x_wconf 89' lang='lat' dir='ltr'><strong>spiritus</strong></span> <span class='ocrx_word' id='word_1_567' title='bbox 1364 5255 1645 5319; x_wconf 88' lang='lat' dir='ltr'><strong>appetunt,</strong></span> <span class='ocrx_word' id='word_1_568' title='bbox 1676 5262 1741 5301; x_wconf 79' lang='lat' dir='ltr'><strong>ex</strong></span> <span class='ocrx_word' id='word_1_569' title='bbox 1773 5248 1979 5316; x_wconf 85' lang='lat' dir='ltr'><strong>adjuto-</strong></span> 
     </span>
    </p>
   </div>
   <div class='ocr_carea' id='block_1_73' title="bbox 401 5340 1981 5420">
    <p class='ocr_par' dir='ltr' id='par_1_73' title="bbox 401 5340 1981 5420">
     <span class='ocr_line' id='line_1_73' title="bbox 401 5340 1981 5420; baseline -0.006 -16"><span class='ocrx_word' id='word_1_570' title='bbox 401 5350 482 5404; x_wconf 88' lang='lat' dir='ltr'><strong>rio</strong></span> <span class='ocrx_word' id='word_1_571' title='bbox 507 5359 700 5404; x_wconf 86' lang='lat' dir='ltr'><strong>cuncta</strong></span> <span class='ocrx_word' id='word_1_572' title='bbox 743 5346 976 5420; x_wconf 88' lang='lat' dir='ltr'><strong>regentis</strong></span> <span class='ocrx_word' id='word_1_573' title='bbox 1013 5351 1256 5414; x_wconf 88' lang='lat' dir='ltr'><strong>possunt.</strong></span> <span class='ocrx_word' id='word_1_574' title='bbox 1290 5341 1496 5406; x_wconf 84' lang='lat' dir='ltr'><strong>Gloria,</strong></span> <span class='ocrx_word' id='word_1_575' title='bbox 1553 5341 1604 5396; x_wconf 91' lang='lat' dir='ltr'><strong>id</strong></span> <span class='ocrx_word' id='word_1_576' title='bbox 1631 5350 1731 5404; x_wconf 90' lang='lat' dir='ltr'><strong>est,</strong></span> <span class='ocrx_word' id='word_1_577' title='bbox 1787 5340 1981 5395; x_wconf 86' lang='lat' dir='ltr'><strong>divini-</strong></span> 
     </span>
    </p>
   </div>
   <div class='ocr_carea' id='block_1_74' title="bbox 403 5432 1976 5508">
    <p class='ocr_par' dir='ltr' id='par_1_74' title="bbox 403 5432 1976 5508">
     <span class='ocr_line' id='line_1_74' title="bbox 403 5432 1976 5508; baseline -0.004 -16"><span class='ocrx_word' id='word_1_578' title='bbox 403 5449 510 5495; x_wconf 78' lang='lat' dir='ltr'><strong>tate</strong></span> <span class='ocrx_word' id='word_1_579' title='bbox 536 5438 676 5508; x_wconf 87' lang='lat' dir='ltr'><strong>ejus,</strong></span> <span class='ocrx_word' id='word_1_580' title='bbox 729 5438 869 5508; x_wconf 88' lang='lat' dir='ltr'><strong>pleni</strong></span> <span class='ocrx_word' id='word_1_581' title='bbox 916 5448 1036 5491; x_wconf 88' lang='lat' dir='ltr'><strong>sunt</strong></span> <span class='ocrx_word' id='word_1_582' title='bbox 1079 5435 1192 5490; x_wconf 67' lang='lat' dir='ltr'><strong>coeli</strong></span> <span class='ocrx_word' id='word_1_583' title='bbox 1214 5445 1260 5488; x_wconf 85' lang='lat' dir='ltr'><strong>et</strong></span> <span class='ocrx_word' id='word_1_584' title='bbox 1287 5445 1449 5498; x_wconf 83' lang='lat' dir='ltr'><strong>terra,</strong></span> <span class='ocrx_word' id='word_1_585' title='bbox 1477 5443 1531 5488; x_wconf 91' lang='lat' dir='ltr'><strong>et</strong></span> <span class='ocrx_word' id='word_1_586' title='bbox 1558 5434 1737 5488; x_wconf 85' lang='lat' dir='ltr'><strong>omnia</strong></span> <span class='ocrx_word' id='word_1_587' title='bbox 1770 5432 1976 5502; x_wconf 88' lang='lat' dir='ltr'><strong>implet,</strong></span> 
     </span>
    </p>
   </div>
   <div class='ocr_carea' id='block_1_75' title="bbox 395 5523 1978 5599">
    <p class='ocr_par' dir='ltr' id='par_1_75' title="bbox 395 5523 1978 5599">
     <span class='ocr_line' id='line_1_75' title="bbox 395 5523 1978 5599; baseline -0.001 -19"><span class='ocrx_word' id='word_1_588' title='bbox 395 5527 550 5596; x_wconf 76' lang='lat' dir='ltr'><strong>juxta</strong></span> <span class='ocrx_word' id='word_1_589' title='bbox 582 5530 721 5598; x_wconf 88' lang='lat' dir='ltr'><strong>quod</strong></span> <span class='ocrx_word' id='word_1_590' title='bbox 749 5530 861 5599; x_wconf 90' lang='lat' dir='ltr'><strong>ipse</strong></span> <span class='ocrx_word' id='word_1_591' title='bbox 893 5529 1022 5584; x_wconf 89' lang='lat' dir='ltr'><strong>dicit</strong></span> <span class='ocrx_word' id='word_1_592' title='bbox 1051 5546 1063 5581; x_wconf 91' lang='lat'><strong>:</strong></span> <span class='ocrx_word' id='word_1_593' title='bbox 1115 5527 1309 5581; x_wconf 65' lang='lat' dir='ltr'><strong>Caelum</strong></span> <span class='ocrx_word' id='word_1_594' title='bbox 1343 5536 1390 5580; x_wconf 87' lang='lat' dir='ltr'><strong>et</strong></span> <span class='ocrx_word' id='word_1_595' title='bbox 1436 5531 1629 5578; x_wconf 78' lang='lat' dir='ltr'><strong>terram</strong></span> <span class='ocrx_word' id='word_1_596' title='bbox 1667 5542 1760 5596; x_wconf 87' lang='lat' dir='ltr'><strong>ego</strong></span> <span class='ocrx_word' id='word_1_597' title='bbox 1791 5523 1978 5594; x_wconf 87' lang='lat' dir='ltr'><strong>impleo</strong></span> 
     </span>
    </p>
   </div>
   <div class='ocr_carea' id='block_1_76' title="bbox 2079 1789 3667 1865">
    <p class='ocr_par' dir='ltr' id='par_1_76' title="bbox 2079 1789 3667 1865">
     <span class='ocr_line' id='line_1_76' title="bbox 2079 1789 3667 1865; baseline 0.008 -24"><span class='ocrx_word' id='word_1_598' title='bbox 2079 1797 2262 1842; x_wconf 90' lang='lat' dir='ltr'><strong>autem</strong></span> <span class='ocrx_word' id='word_1_599' title='bbox 2305 1789 2479 1844; x_wconf 91' lang='lat' dir='ltr'><strong>laudis</strong></span> <span class='ocrx_word' id='word_1_600' title='bbox 2523 1791 2850 1847; x_wconf 87' lang='lat' dir='ltr'><strong>versiculum</strong></span> <span class='ocrx_word' id='word_1_601' title='bbox 2898 1794 3068 1848; x_wconf 71' lang='lat' dir='ltr'><strong>turba:</strong></span> <span class='ocrx_word' id='word_1_602' title='bbox 3121 1795 3187 1850; x_wconf 92' lang='lat' dir='ltr'><strong>de</strong></span> <span class='ocrx_word' id='word_1_603' title='bbox 3241 1796 3455 1865; x_wconf 88' lang='lat' dir='ltr'><strong>psalmo</strong></span> <span class='ocrx_word' id='word_1_604' title='bbox 3499 1814 3667 1863; x_wconf 77' lang='lat' dir='ltr'><strong>cxvn,</strong></span> 
     </span>
    </p>
   </div>
   <div class='ocr_carea' id='block_1_77' title="bbox 2077 1883 3666 1955">
    <p class='ocr_par' dir='ltr' id='par_1_77' title="bbox 2077 1883 3666 1955">
     <span class='ocr_line' id='line_1_77' title="bbox 2077 1883 3666 1955; baseline 0.009 -22"><span class='ocrx_word' id='word_1_605' title='bbox 2077 1895 2237 1950; x_wconf 90' lang='lat' dir='ltr'><strong>quem</strong></span> <span class='ocrx_word' id='word_1_606' title='bbox 2275 1883 2341 1936; x_wconf 92' lang='lat' dir='ltr'><strong>de</strong></span> <span class='ocrx_word' id='word_1_607' title='bbox 2391 1883 2620 1938; x_wconf 89' lang='lat' dir='ltr'><strong>Domino</strong></span> <span class='ocrx_word' id='word_1_608' title='bbox 2665 1899 2787 1940; x_wconf 90' lang='lat' dir='ltr'><strong>esse</strong></span> <span class='ocrx_word' id='word_1_609' title='bbox 2838 1896 3117 1942; x_wconf 87' lang='lat' dir='ltr'><strong>cantatum</strong></span> <span class='ocrx_word' id='word_1_610' title='bbox 3170 1889 3528 1945; x_wconf 88' lang='lat' dir='ltr'><strong>manifestum</strong></span> <span class='ocrx_word' id='word_1_611' title='bbox 3565 1903 3666 1955; x_wconf 86' lang='lat' dir='ltr'><strong>est,</strong></span> 
     </span>
    </p>
   </div>
   <div class='ocr_carea' id='block_1_78' title="bbox 2078 1972 3673 2048">
    <p class='ocr_par' dir='ltr' id='par_1_78' title="bbox 2078 1972 3673 2048">
     <span class='ocr_line' id='line_1_78' title="bbox 2078 1972 3673 2048; baseline 0.007 -23"><span class='ocrx_word' id='word_1_612' title='bbox 2078 1972 2219 2041; x_wconf 93' lang='lat' dir='ltr'><strong>quod</strong></span> <span class='ocrx_word' id='word_1_613' title='bbox 2242 1972 2386 2026; x_wconf 90' lang='lat' dir='ltr'><strong>enim</strong></span> <span class='ocrx_word' id='word_1_614' title='bbox 2420 1973 2627 2037; x_wconf 90' lang='lat' dir='ltr'><strong>dicunt,</strong></span> <span class='ocrx_word' id='word_1_615' title='bbox 2663 1973 2902 2042; x_wconf 84' lang='lat' dir='ltr'><strong>Osanna,</strong></span> <span class='ocrx_word' id='word_1_616' title='bbox 2936 1977 3040 2031; x_wconf 89' lang='lat' dir='ltr'><strong>hoc</strong></span> <span class='ocrx_word' id='word_1_617' title='bbox 3081 1985 3180 2041; x_wconf 89' lang='lat' dir='ltr'><strong>est,</strong></span> <span class='ocrx_word' id='word_1_618' title='bbox 3228 1980 3371 2048; x_wconf 86' lang='lat' dir='ltr'><strong>quod</strong></span> <span class='ocrx_word' id='word_1_619' title='bbox 3404 1981 3488 2034; x_wconf 92' lang='lat' dir='ltr'><strong>ibi</strong></span> <span class='ocrx_word' id='word_1_620' title='bbox 3537 1982 3673 2036; x_wconf 89' lang='lat' dir='ltr'><strong>dici-</strong></span> 
     </span>
    </p>
   </div>
   <div class='ocr_carea' id='block_1_79' title="bbox 2079 2060 3671 2140">
    <p class='ocr_par' dir='ltr' id='par_1_79' title="bbox 2079 2060 3671 2140">
     <span class='ocr_line' id='line_1_79' title="bbox 2079 2060 3671 2140; baseline 0.006 -26"><span class='ocrx_word' id='word_1_621' title='bbox 2079 2070 2198 2114; x_wconf 90' lang='lat' dir='ltr'><strong>tur:</strong></span> <span class='ocrx_word' id='word_1_622' title='bbox 2236 2060 2280 2115; x_wconf 93' lang='lat' dir='ltr'><strong>O</strong></span> <span class='ocrx_word' id='word_1_623' title='bbox 2303 2062 2546 2129; x_wconf 88' lang='lat' dir='ltr'><strong>Domine,</strong></span> <span class='ocrx_word' id='word_1_624' title='bbox 2581 2063 2782 2118; x_wconf 85' lang='lat' dir='ltr'><strong>salvum</strong></span> <span class='ocrx_word' id='word_1_625' title='bbox 2804 2082 2884 2119; x_wconf 89' lang='lat' dir='ltr'><strong>me</strong></span> <span class='ocrx_word' id='word_1_626' title='bbox 2905 2067 3012 2135; x_wconf 79' lang='lat' dir='ltr'><strong>fac,</strong></span> <span class='ocrx_word' id='word_1_627' title='bbox 3038 2083 3067 2120; x_wconf 88' lang='grc' dir='ltr'>ο</span> <span class='ocrx_word' id='word_1_628' title='bbox 3090 2066 3326 2133; x_wconf 85' lang='lat' dir='ltr'><strong>Domine,</strong></span> <span class='ocrx_word' id='word_1_629' title='bbox 3354 2087 3671 2140; x_wconf 72' lang='lat' dir='ltr'><strong>prosperare</strong></span> 
     </span>
    </p>
   </div>
   <div class='ocr_carea' id='block_1_80' title="bbox 2079 2145 3673 2228">
    <p class='ocr_par' dir='ltr' id='par_1_80' title="bbox 2079 2145 3673 2228">
     <span class='ocr_line' id='line_1_80' title="bbox 2079 2145 3673 2228; baseline 0.009 -28"><span class='ocrx_word' id='word_1_630' title='bbox 2079 2145 2423 2217; x_wconf 76' lang='lat' dir='ltr'><strong>(Psal.cxvn,</strong></span> <span class='ocrx_word' id='word_1_631' title='bbox 2450 2150 2540 2221; x_wconf 75' lang='grc'>25)</span> <span class='ocrx_word' id='word_1_632' title='bbox 2574 2159 2669 2216; x_wconf 90' lang='lat' dir='ltr'><strong>;et</strong></span> <span class='ocrx_word' id='word_1_633' title='bbox 2707 2153 2889 2206; x_wconf 87' lang='lat' dir='ltr'><strong>statim</strong></span> <span class='ocrx_word' id='word_1_634' title='bbox 2919 2155 3121 2209; x_wconf 88' lang='lat' dir='ltr'><strong>eisdem</strong></span> <span class='ocrx_word' id='word_1_635' title='bbox 3167 2157 3348 2211; x_wconf 88' lang='lat' dir='ltr'><strong>verbis</strong></span> <span class='ocrx_word' id='word_1_636' title='bbox 3380 2157 3673 2228; x_wconf 72' lang='lat' dir='ltr'><strong>subiungi-</strong></span> 
     </span>
    </p>
   </div>
   <div class='ocr_carea' id='block_1_81' title="bbox 2080 2240 3669 2314">
    <p class='ocr_par' dir='ltr' id='par_1_81' title="bbox 2080 2240 3669 2314">
     <span class='ocr_line' id='line_1_81' title="bbox 2080 2240 3669 2314; baseline 0.005 -21"><span class='ocrx_word' id='word_1_637' title='bbox 2080 2248 2168 2294; x_wconf 89' lang='lat' dir='ltr'><strong>tur</strong></span> <span class='ocrx_word' id='word_1_638' title='bbox 2194 2259 2206 2293; x_wconf 89' lang='lat'>:</span> <span class='ocrx_word' id='word_1_639' title='bbox 2234 2240 2545 2295; x_wconf 82' lang='lat' dir='ltr'><strong>Benedictus</strong></span> <span class='ocrx_word' id='word_1_640' title='bbox 2593 2243 2683 2312; x_wconf 85' lang='lat' dir='ltr'><strong>qui</strong></span> <span class='ocrx_word' id='word_1_641' title='bbox 2739 2244 2873 2296; x_wconf 80' lang='lat' dir='ltr'><strong>venit</strong></span> <span class='ocrx_word' id='word_1_642' title='bbox 2899 2245 2953 2297; x_wconf 88' lang='lat' dir='ltr'><strong>in</strong></span> <span class='ocrx_word' id='word_1_643' title='bbox 2979 2246 3184 2299; x_wconf 84' lang='lat' dir='ltr'><strong>nomine</strong></span> <span class='ocrx_word' id='word_1_644' title='bbox 3221 2245 3456 2299; x_wconf 86' lang='lat' dir='ltr'><strong>Domini.</strong></span> <span class='ocrx_word' id='word_1_645' title='bbox 3516 2247 3669 2314; x_wconf 88' lang='lat' dir='ltr'><strong>Quod</strong></span> 
     </span>
    </p>
   </div>
   <div class='ocr_carea' id='block_1_82' title="bbox 2077 2328 3668 2405">
    <p class='ocr_par' dir='ltr' id='par_1_82' title="bbox 2077 2328 3668 2405">
     <span class='ocr_line' id='line_1_82' title="bbox 2077 2328 3668 2405; baseline 0.006 -21"><span class='ocrx_word' id='word_1_646' title='bbox 2077 2346 2209 2385; x_wconf 90' lang='lat' dir='ltr'><strong>vero</strong></span> <span class='ocrx_word' id='word_1_647' title='bbox 2230 2329 2573 2402; x_wconf 89' lang='lat' dir='ltr'><strong>subjungitur</strong></span> <span class='ocrx_word' id='word_1_648' title='bbox 2595 2328 2832 2397; x_wconf 85' lang='lat' dir='ltr'><strong>Osanna,</strong></span> <span class='ocrx_word' id='word_1_649' title='bbox 2866 2334 2919 2387; x_wconf 93' lang='lat' dir='ltr'><strong>id</strong></span> <span class='ocrx_word' id='word_1_650' title='bbox 2951 2341 3054 2398; x_wconf 89' lang='lat' dir='ltr'><strong>est,</strong></span> <span class='ocrx_word' id='word_1_651' title='bbox 3077 2334 3222 2389; x_wconf 91' lang='lat' dir='ltr'><strong>salus</strong></span> <span class='ocrx_word' id='word_1_652' title='bbox 3254 2337 3367 2390; x_wconf 86' lang='lat' dir='ltr'><strong>sive</strong></span> <span class='ocrx_word' id='word_1_653' title='bbox 3394 2337 3668 2405; x_wconf 82' lang='lat' dir='ltr'><strong>salvitica,</strong></span> 
     </span>
    </p>
   </div>
   <div class='ocr_carea' id='block_1_83' title="bbox 2079 2420 3666 2495">
    <p class='ocr_par' dir='ltr' id='par_1_83' title="bbox 2079 2420 3666 2495">
     <span class='ocr_line' id='line_1_83' title="bbox 2079 2420 3666 2495; baseline 0.007 -22"><span class='ocrx_word' id='word_1_654' title='bbox 2079 2421 2135 2474; x_wconf 87' lang='lat' dir='ltr'><strong>in</strong></span> <span class='ocrx_word' id='word_1_655' title='bbox 2163 2420 2400 2484; x_wconf 80' lang='lat' dir='ltr'><strong>excelsis,</strong></span> <span class='ocrx_word' id='word_1_656' title='bbox 2430 2430 2616 2489; x_wconf 90' lang='lat' dir='ltr'><strong>aperte</strong></span> <span class='ocrx_word' id='word_1_657' title='bbox 2641 2423 2796 2477; x_wconf 90' lang='lat' dir='ltr'><strong>docet</strong></span> <span class='ocrx_word' id='word_1_658' title='bbox 2833 2423 3124 2478; x_wconf 89' lang='lat' dir='ltr'><strong>adventum</strong></span> <span class='ocrx_word' id='word_1_659' title='bbox 3153 2426 3364 2480; x_wconf 91' lang='lat' dir='ltr'><strong>Domini</strong></span> <span class='ocrx_word' id='word_1_660' title='bbox 3395 2429 3448 2482; x_wconf 90' lang='lat' dir='ltr'><strong>in</strong></span> <span class='ocrx_word' id='word_1_661' title='bbox 3481 2445 3666 2495; x_wconf 90' lang='lat' dir='ltr'><strong>carne,</strong></span> 
     </span>
    </p>
   </div>
   <div class='ocr_carea' id='block_1_84' title="bbox 2080 2510 3666 2589">
    <p class='ocr_par' dir='ltr' id='par_1_84' title="bbox 2080 2510 3666 2589">
     <span class='ocr_line' id='line_1_84' title="bbox 2080 2510 3666 2589; baseline 0.007 -26"><span class='ocrx_word' id='word_1_662' title='bbox 2080 2525 2188 2563; x_wconf 90' lang='lat' dir='ltr'><strong>non</strong></span> <span class='ocrx_word' id='word_1_663' title='bbox 2217 2510 2390 2564; x_wconf 92' lang='lat' dir='ltr'><strong>solum</strong></span> <span class='ocrx_word' id='word_1_664' title='bbox 2404 2511 2626 2565; x_wconf 88' lang='lat' dir='ltr'><strong>humani</strong></span> <span class='ocrx_word' id='word_1_665' title='bbox 2649 2514 2861 2582; x_wconf 85' lang='lat' dir='ltr'><strong>generis</strong></span> <span class='ocrx_word' id='word_1_666' title='bbox 2889 2515 2942 2568; x_wconf 93' lang='lat' dir='ltr'><strong>in</strong></span> <span class='ocrx_word' id='word_1_667' title='bbox 2974 2525 3138 2581; x_wconf 91' lang='lat' dir='ltr'><strong>terra,</strong></span> <span class='ocrx_word' id='word_1_668' title='bbox 3163 2518 3259 2571; x_wconf 90' lang='lat' dir='ltr'><strong>sed</strong></span> <span class='ocrx_word' id='word_1_669' title='bbox 3275 2527 3327 2571; x_wconf 91' lang='lat' dir='ltr'><strong>et</strong></span> <span class='ocrx_word' id='word_1_670' title='bbox 3349 2520 3666 2589; x_wconf 84' lang='lat' dir='ltr'><strong>angelorum</strong></span> 
     </span>
    </p>
   </div>
   <div class='ocr_carea' id='block_1_85' title="bbox 2081 2601 3667 2682">
    <p class='ocr_par' dir='ltr' id='par_1_85' title="bbox 2081 2601 3667 2682">
     <span class='ocr_line' id='line_1_85' title="bbox 2081 2601 3667 2682; baseline 0.006 -27"><span class='ocrx_word' id='word_1_671' title='bbox 2081 2601 2136 2656; x_wconf 91' lang='lat' dir='ltr'><strong>in</strong></span> <span class='ocrx_word' id='word_1_672' title='bbox 2169 2602 2321 2657; x_wconf 69' lang='lat' dir='ltr'><strong>cmlis</strong></span> <span class='ocrx_word' id='word_1_673' title='bbox 2371 2617 2494 2658; x_wconf 92' lang='lat' dir='ltr'><strong>esse</strong></span> <span class='ocrx_word' id='word_1_674' title='bbox 2543 2604 2809 2659; x_wconf 88' lang='lat' dir='ltr'><strong>salutem:</strong></span> <span class='ocrx_word' id='word_1_675' title='bbox 2843 2607 2970 2676; x_wconf 87' lang='lat' dir='ltr'><strong>quia</strong></span> <span class='ocrx_word' id='word_1_676' title='bbox 3002 2605 3128 2662; x_wconf 89' lang='lat' dir='ltr'><strong>dum</strong></span> <span class='ocrx_word' id='word_1_677' title='bbox 3159 2624 3259 2664; x_wconf 91' lang='lat' dir='ltr'><strong>nos</strong></span> <span class='ocrx_word' id='word_1_678' title='bbox 3299 2611 3567 2682; x_wconf 89' lang='lat' dir='ltr'><strong>redempti</strong></span> <span class='ocrx_word' id='word_1_679' title='bbox 3597 2614 3667 2666; x_wconf 87' lang='lat' dir='ltr'><strong>ad</strong></span> 
     </span>
    </p>
   </div>
   <div class='ocr_carea' id='block_1_86' title="bbox 2081 2693 3662 2770">
    <p class='ocr_par' dir='ltr' id='par_1_86' title="bbox 2081 2693 3662 2770">
     <span class='ocr_line' id='line_1_86' title="bbox 2081 2693 3662 2770; baseline 0.005 -22"><span class='ocrx_word' id='word_1_680' title='bbox 2081 2707 2312 2763; x_wconf 89' lang='lat' dir='ltr'><strong>superna</strong></span> <span class='ocrx_word' id='word_1_681' title='bbox 2340 2693 2704 2762; x_wconf 90' lang='lat' dir='ltr'><strong>perducimur,</strong></span> <span class='ocrx_word' id='word_1_682' title='bbox 2751 2711 2940 2752; x_wconf 91' lang='lat' dir='ltr'><strong>eorum</strong></span> <span class='ocrx_word' id='word_1_683' title='bbox 2977 2713 3259 2765; x_wconf 90' lang='lat' dir='ltr'><strong>numerus,</strong></span> <span class='ocrx_word' id='word_1_684' title='bbox 3311 2701 3404 2770; x_wconf 91' lang='lat' dir='ltr'><strong>qui</strong></span> <span class='ocrx_word' id='word_1_685' title='bbox 3433 2703 3662 2756; x_wconf 87' lang='lat' dir='ltr'><strong>cadente</strong></span> 
     </span>
    </p>
   </div>
   <div class='ocr_carea' id='block_1_87' title="bbox 2085 2781 3662 2863">
    <p class='ocr_par' dir='ltr' id='par_1_87' title="bbox 2085 2781 3662 2863">
     <span class='ocr_line' id='line_1_87' title="bbox 2085 2781 3662 2863; baseline 0.006 -26"><span class='ocrx_word' id='word_1_686' title='bbox 2085 2781 2285 2838; x_wconf 88' lang='lat' dir='ltr'><strong>Satana</strong></span> <span class='ocrx_word' id='word_1_687' title='bbox 2333 2793 2452 2839; x_wconf 90' lang='lat' dir='ltr'><strong>erat</strong></span> <span class='ocrx_word' id='word_1_688' title='bbox 2500 2785 2815 2842; x_wconf 88' lang='lat' dir='ltr'><strong>imminutus</strong></span> <span class='ocrx_word' id='word_1_689' title='bbox 2842 2828 2858 2854; x_wconf 96' lang='lat'><strong>,</strong></span> <span class='ocrx_word' id='word_1_690' title='bbox 2915 2789 3186 2858; x_wconf 89' lang='lat' dir='ltr'><strong>impletur.</strong></span> <span class='ocrx_word' id='word_1_691' title='bbox 3248 2790 3418 2846; x_wconf 81' lang='lat' dir='ltr'><strong>Recte</strong></span> <span class='ocrx_word' id='word_1_692' title='bbox 3459 2791 3662 2863; x_wconf 88' lang='lat' dir='ltr'><strong>igitur,</strong></span> 
     </span>
    </p>
   </div>
   <div class='ocr_carea' id='block_1_88' title="bbox 2087 2874 3663 2948">
    <p class='ocr_par' dir='ltr' id='par_1_88' title="bbox 2087 2874 3663 2948">
     <span class='ocr_line' id='line_1_88' title="bbox 2087 2874 3663 2948; baseline 0.004 -16"><span class='ocrx_word' id='word_1_693' title='bbox 2087 2874 2303 2932; x_wconf 85' lang='lat' dir='ltr'><strong>Osanna</strong></span> <span class='ocrx_word' id='word_1_694' title='bbox 2335 2877 2388 2931; x_wconf 86' lang='lat' dir='ltr'><strong>in</strong></span> <span class='ocrx_word' id='word_1_695' title='bbox 2415 2879 2653 2944; x_wconf 76' lang='lat' dir='ltr'><strong>excelsis,</strong></span> <span class='ocrx_word' id='word_1_696' title='bbox 2712 2879 2770 2933; x_wconf 93' lang='lat' dir='ltr'><strong>in</strong></span> <span class='ocrx_word' id='word_1_697' title='bbox 2802 2879 2917 2948; x_wconf 82' lang='lat' dir='ltr'><strong>ejus</strong></span> <span class='ocrx_word' id='word_1_698' title='bbox 2947 2881 3103 2936; x_wconf 91' lang='lat' dir='ltr'><strong>laude</strong></span> <span class='ocrx_word' id='word_1_699' title='bbox 3140 2882 3377 2946; x_wconf 89' lang='lat' dir='ltr'><strong>canitur,</strong></span> <span class='ocrx_word' id='word_1_700' title='bbox 3425 2885 3514 2937; x_wconf 92' lang='lat' dir='ltr'><strong>cui</strong></span> <span class='ocrx_word' id='word_1_701' title='bbox 3555 2893 3663 2939; x_wconf 86' lang='lat' dir='ltr'><strong>tota</strong></span> 
     </span>
    </p>
   </div>
   <div class='ocr_carea' id='block_1_89' title="bbox 2087 2964 3667 3042">
    <p class='ocr_par' dir='ltr' id='par_1_89' title="bbox 2087 2964 3667 3042">
     <span class='ocr_line' id='line_1_89' title="bbox 2087 2964 3667 3042; baseline 0.006 -23"><span class='ocrx_word' id='word_1_702' title='bbox 2087 2964 2478 3021; x_wconf 89' lang='lat' dir='ltr'><strong>incarnationis</strong></span> <span class='ocrx_word' id='word_1_703' title='bbox 2505 2967 2832 3037; x_wconf 88' lang='lat' dir='ltr'><strong>dispensatio</strong></span> <span class='ocrx_word' id='word_1_704' title='bbox 2853 2983 2952 3037; x_wconf 92' lang='lat' dir='ltr'><strong>pro</strong></span> <span class='ocrx_word' id='word_1_705' title='bbox 2976 2968 3244 3038; x_wconf 89' lang='lat' dir='ltr'><strong>implenda</strong></span> <span class='ocrx_word' id='word_1_706' title='bbox 3276 2971 3442 3040; x_wconf 88' lang='lat' dir='ltr'><strong>gloria</strong></span> <span class='ocrx_word' id='word_1_707' title='bbox 3475 2975 3667 3042; x_wconf 67' lang='lat' dir='ltr'><strong>patriae</strong></span> 
     </span>
    </p>
   </div>
   <div class='ocr_carea' id='block_1_90' title="bbox 2085 3057 3664 3131">
    <p class='ocr_par' dir='ltr' id='par_1_90' title="bbox 2085 3057 3664 3131">
     <span class='ocr_line' id='line_1_90' title="bbox 2085 3057 3664 3131; baseline 0.006 -20"><span class='ocrx_word' id='word_1_708' title='bbox 2085 3057 2322 3112; x_wconf 63' lang='lat' dir='ltr'><strong>caelestis</strong></span> <span class='ocrx_word' id='word_1_709' title='bbox 2351 3061 2616 3130; x_wconf 89' lang='lat' dir='ltr'><strong>apparuit.</strong></span> <span class='ocrx_word' id='word_1_710' title='bbox 2652 3059 2941 3129; x_wconf 85' lang='lat' dir='ltr'><strong>Hucusque</strong></span> <span class='ocrx_word' id='word_1_711' title='bbox 2968 3059 3214 3131; x_wconf 69' lang='lat' dir='ltr'><strong>prtefatio</strong></span> <span class='ocrx_word' id='word_1_712' title='bbox 3245 3069 3298 3117; x_wconf 90' lang='lat' dir='ltr'><strong>et</strong></span> <span class='ocrx_word' id='word_1_713' title='bbox 3329 3065 3664 3130; x_wconf 78' lang='lat' dir='ltr'><strong>exhortatio,</strong></span> 
     </span>
    </p>
   </div>
   <div class='ocr_carea' id='block_1_91' title="bbox 2085 3148 2856 3220">
    <p class='ocr_par' dir='ltr' id='par_1_91' title="bbox 2085 3148 2856 3220">
     <span class='ocr_line' id='line_1_91' title="bbox 2085 3148 2856 3220; baseline 0.003 -17"><span class='ocrx_word' id='word_1_714' title='bbox 2085 3148 2213 3204; x_wconf 92' lang='lat' dir='ltr'><strong>hinc</strong></span> <span class='ocrx_word' id='word_1_715' title='bbox 2247 3151 2555 3205; x_wconf 90' lang='lat' dir='ltr'><strong>obsecratio</strong></span> <span class='ocrx_word' id='word_1_716' title='bbox 2593 3152 2856 3220; x_wconf 87' lang='lat' dir='ltr'><strong>sequitur.</strong></span> 
     </span>
    </p>
   </div>
   <div class='ocr_carea' id='block_1_92' title="bbox 2153 3239 3662 3313">
    <p class='ocr_par' dir='ltr' id='par_1_92' title="bbox 2153 3239 3662 3313">
     <span class='ocr_line' id='line_1_92' title="bbox 2153 3239 3662 3313; baseline 0.003 -19"><span class='ocrx_word' id='word_1_717' title='bbox 2153 3239 2284 3295; x_wconf 88' lang='lat' dir='ltr'><strong>Post</strong></span> <span class='ocrx_word' id='word_1_718' title='bbox 2312 3241 2413 3294; x_wconf 90' lang='lat' dir='ltr'><strong>has</strong></span> <span class='ocrx_word' id='word_1_719' title='bbox 2462 3241 2646 3295; x_wconf 88' lang='lat' dir='ltr'><strong>laudes</strong></span> <span class='ocrx_word' id='word_1_720' title='bbox 2671 3248 2727 3296; x_wconf 89' lang='lat' dir='ltr'><strong>et</strong></span> <span class='ocrx_word' id='word_1_721' title='bbox 2772 3242 3066 3312; x_wconf 88' lang='lat' dir='ltr'><strong>gratiarum</strong></span> <span class='ocrx_word' id='word_1_722' title='bbox 3093 3243 3336 3298; x_wconf 88' lang='lat' dir='ltr'><strong>actiones</strong></span> <span class='ocrx_word' id='word_1_723' title='bbox 3383 3259 3487 3313; x_wconf 91' lang='lat' dir='ltr'><strong>pro</strong></span> <span class='ocrx_word' id='word_1_724' title='bbox 3514 3252 3662 3299; x_wconf 83' lang='lat' dir='ltr'><strong>tanta</strong></span> 
     </span>
    </p>
   </div>
   <div class='ocr_carea' id='block_1_93' title="bbox 2084 3330 3665 3405">
    <p class='ocr_par' dir='ltr' id='par_1_93' title="bbox 2084 3330 3665 3405">
     <span class='ocr_line' id='line_1_93' title="bbox 2084 3330 3665 3405; baseline 0.003 -22"><span class='ocrx_word' id='word_1_725' title='bbox 2084 3330 2261 3400; x_wconf 89' lang='lat' dir='ltr'><strong>gratia</strong></span> <span class='ocrx_word' id='word_1_726' title='bbox 2286 3331 2674 3400; x_wconf 89' lang='lat' dir='ltr'><strong>redemptionis</strong></span> <span class='ocrx_word' id='word_1_727' title='bbox 2695 3340 2915 3396; x_wconf 55' lang='lat' dir='ltr'><strong>nostrae,</strong></span> <span class='ocrx_word' id='word_1_728' title='bbox 2953 3348 3074 3400; x_wconf 69' lang='lat' dir='ltr'><strong>quae.</strong></span> <span class='ocrx_word' id='word_1_729' title='bbox 3122 3333 3174 3386; x_wconf 92' lang='lat' dir='ltr'><strong>in</strong></span> <span class='ocrx_word' id='word_1_730' title='bbox 3221 3333 3308 3386; x_wconf 91' lang='lat' dir='ltr'><strong>illo</strong></span> <span class='ocrx_word' id='word_1_731' title='bbox 3341 3333 3530 3388; x_wconf 85' lang='lat' dir='ltr'><strong>divino</strong></span> <span class='ocrx_word' id='word_1_732' title='bbox 3555 3351 3665 3405; x_wconf 73' lang='lat' dir='ltr'><strong>my-</strong></span> 
     </span>
    </p>
   </div>
   <div class='ocr_carea' id='block_1_94' title="bbox 2085 3421 3664 3492">
    <p class='ocr_par' dir='ltr' id='par_1_94' title="bbox 2085 3421 3664 3492">
     <span class='ocr_line' id='line_1_94' title="bbox 2085 3421 3664 3492; baseline 0.003 -18"><span class='ocrx_word' id='word_1_733' title='bbox 2085 3421 2250 3475; x_wconf 90' lang='lat' dir='ltr'><strong>sterio</strong></span> <span class='ocrx_word' id='word_1_734' title='bbox 2273 3421 2450 3492; x_wconf 88' lang='lat' dir='ltr'><strong>agitur</strong></span> <span class='ocrx_word' id='word_1_735' title='bbox 2472 3431 2525 3476; x_wconf 93' lang='lat' dir='ltr'><strong>et</strong></span> <span class='ocrx_word' id='word_1_736' title='bbox 2554 3422 2987 3488; x_wconf 89' lang='lat' dir='ltr'><strong>commendatur,</strong></span> <span class='ocrx_word' id='word_1_737' title='bbox 3034 3421 3179 3477; x_wconf 85' lang='lat' dir='ltr'><strong>facto</strong></span> <span class='ocrx_word' id='word_1_738' title='bbox 3205 3422 3365 3476; x_wconf 90' lang='lat' dir='ltr'><strong>totius</strong></span> <span class='ocrx_word' id='word_1_739' title='bbox 3399 3422 3664 3479; x_wconf 74' lang='lat' dir='ltr'><strong>Ecclesia:</strong></span> 
     </span>
    </p>
   </div>
   <div class='ocr_carea' id='block_1_95' title="bbox 2085 3513 3660 3585">
    <p class='ocr_par' dir='ltr' id='par_1_95' title="bbox 2085 3513 3660 3585">
     <span class='ocr_line' id='line_1_95' title="bbox 2085 3513 3660 3585; baseline 0.001 -17"><span class='ocrx_word' id='word_1_740' title='bbox 2085 3513 2316 3577; x_wconf 87' lang='lat' dir='ltr'><strong>silentio,</strong></span> <span class='ocrx_word' id='word_1_741' title='bbox 2357 3514 2412 3567; x_wconf 91' lang='lat' dir='ltr'><strong>in</strong></span> <span class='ocrx_word' id='word_1_742' title='bbox 2457 3530 2564 3584; x_wconf 90' lang='lat' dir='ltr'><strong>quo</strong></span> <span class='ocrx_word' id='word_1_743' title='bbox 2612 3525 2859 3569; x_wconf 90' lang='lat' dir='ltr'><strong>cessante</strong></span> <span class='ocrx_word' id='word_1_744' title='bbox 2896 3516 3040 3569; x_wconf 90' lang='lat' dir='ltr'><strong>omni</strong></span> <span class='ocrx_word' id='word_1_745' title='bbox 3074 3516 3296 3585; x_wconf 89' lang='lat' dir='ltr'><strong>strepitu</strong></span> <span class='ocrx_word' id='word_1_746' title='bbox 3339 3517 3660 3582; x_wconf 85' lang='lat' dir='ltr'><strong>verborum,</strong></span> 
     </span>
    </p>
   </div>
   <div class='ocr_carea' id='block_1_96' title="bbox 2083 3604 3658 3677">
    <p class='ocr_par' dir='ltr' id='par_1_96' title="bbox 2083 3604 3658 3677">
     <span class='ocr_line' id='line_1_96' title="bbox 2083 3604 3658 3677; baseline 0.001 -16"><span class='ocrx_word' id='word_1_747' title='bbox 2083 3605 2192 3661; x_wconf 88' lang='lat' dir='ltr'><strong>sola</strong></span> <span class='ocrx_word' id='word_1_748' title='bbox 2227 3606 2292 3659; x_wconf 90' lang='lat' dir='ltr'><strong>ad</strong></span> <span class='ocrx_word' id='word_1_749' title='bbox 2324 3604 2492 3660; x_wconf 89' lang='lat' dir='ltr'><strong>Deum</strong></span> <span class='ocrx_word' id='word_1_750' title='bbox 2521 3607 2768 3677; x_wconf 88' lang='lat' dir='ltr'><strong>dirigitur</strong></span> <span class='ocrx_word' id='word_1_751' title='bbox 2793 3608 3037 3671; x_wconf 89' lang='lat' dir='ltr'><strong>intentio,</strong></span> <span class='ocrx_word' id='word_1_752' title='bbox 3067 3617 3120 3661; x_wconf 92' lang='lat' dir='ltr'><strong>et</strong></span> <span class='ocrx_word' id='word_1_753' title='bbox 3146 3607 3361 3661; x_wconf 80' lang='lat' dir='ltr'><strong>devotio</strong></span> <span class='ocrx_word' id='word_1_754' title='bbox 3386 3608 3658 3672; x_wconf 89' lang='lat' dir='ltr'><strong>cordium,</strong></span> 
     </span>
    </p>
   </div>
   <div class='ocr_carea' id='block_1_97' title="bbox 2083 3697 3666 3769">
    <p class='ocr_par' dir='ltr' id='par_1_97' title="bbox 2083 3697 3666 3769">
     <span class='ocr_line' id='line_1_97' title="bbox 2083 3697 3666 3769; baseline 0.001 -17"><span class='ocrx_word' id='word_1_755' title='bbox 2083 3697 2302 3753; x_wconf 87' lang='lat' dir='ltr'><strong>sociatis</strong></span> <span class='ocrx_word' id='word_1_756' title='bbox 2322 3698 2421 3751; x_wconf 83' lang='lat' dir='ltr'><strong>sibi</strong></span> <span class='ocrx_word' id='word_1_757' title='bbox 2446 3697 2685 3751; x_wconf 89' lang='lat' dir='ltr'><strong>omnium</strong></span> <span class='ocrx_word' id='word_1_758' title='bbox 2702 3698 2839 3752; x_wconf 87' lang='lat' dir='ltr'><strong>votis</strong></span> <span class='ocrx_word' id='word_1_759' title='bbox 2863 3707 2916 3752; x_wconf 91' lang='lat' dir='ltr'><strong>et</strong></span> <span class='ocrx_word' id='word_1_760' title='bbox 2937 3698 3242 3763; x_wconf 87' lang='lat' dir='ltr'><strong>desideriis,</strong></span> <span class='ocrx_word' id='word_1_761' title='bbox 3271 3699 3465 3769; x_wconf 87' lang='lat' dir='ltr'><strong>incipit</strong></span> <span class='ocrx_word' id='word_1_762' title='bbox 3487 3715 3666 3756; x_wconf 84' lang='lat' dir='ltr'><strong>sacer-</strong></span> 
     </span>
    </p>
   </div>
   <div class='ocr_carea' id='block_1_98' title="bbox 2091 3787 3664 3861">
    <p class='ocr_par' dir='ltr' id='par_1_98' title="bbox 2091 3787 3664 3861">
     <span class='ocr_line' id='line_1_98' title="bbox 2091 3787 3664 3861; baseline 0.003 -18"><span class='ocrx_word' id='word_1_763' title='bbox 2091 3789 2189 3844; x_wconf 90' lang='lat' dir='ltr'><strong>dos</strong></span> <span class='ocrx_word' id='word_1_764' title='bbox 2223 3788 2525 3843; x_wconf 90' lang='lat' dir='ltr'><strong>orationem</strong></span> <span class='ocrx_word' id='word_1_765' title='bbox 2558 3787 2800 3853; x_wconf 80' lang='lat' dir='ltr'><strong>fundere,</strong></span> <span class='ocrx_word' id='word_1_766' title='bbox 2856 3803 2960 3857; x_wconf 91' lang='lat' dir='ltr'><strong>qua</strong></span> <span class='ocrx_word' id='word_1_767' title='bbox 3009 3788 3185 3857; x_wconf 91' lang='lat' dir='ltr'><strong>ipsum</strong></span> <span class='ocrx_word' id='word_1_768' title='bbox 3211 3792 3536 3861; x_wconf 86' lang='lat' dir='ltr'><strong>mysterium</strong></span> <span class='ocrx_word' id='word_1_769' title='bbox 3562 3791 3664 3848; x_wconf 87' lang='lat' dir='ltr'><strong>Do-</strong></span> 
     </span>
    </p>
   </div>
   <div class='ocr_carea' id='block_1_99' title="bbox 2084 3880 3660 3950">
    <p class='ocr_par' dir='ltr' id='par_1_99' title="bbox 2084 3880 3660 3950">
     <span class='ocr_line' id='line_1_99' title="bbox 2084 3880 3660 3950; baseline 0 -14"><span class='ocrx_word' id='word_1_770' title='bbox 2084 3881 2267 3936; x_wconf 89' lang='lat' dir='ltr'><strong>minici</strong></span> <span class='ocrx_word' id='word_1_771' title='bbox 2299 3880 2543 3950; x_wconf 88' lang='lat' dir='ltr'><strong>corporis</strong></span> <span class='ocrx_word' id='word_1_772' title='bbox 2580 3891 2634 3933; x_wconf 92' lang='lat' dir='ltr'><strong>et</strong></span> <span class='ocrx_word' id='word_1_773' title='bbox 2656 3881 2935 3950; x_wconf 89' lang='lat' dir='ltr'><strong>sanguinis</strong></span> <span class='ocrx_word' id='word_1_774' title='bbox 2979 3891 3350 3936; x_wconf 89' lang='lat' dir='ltr'><strong>consecratur.</strong></span> <span class='ocrx_word' id='word_1_775' title='bbox 3383 3881 3477 3937; x_wconf 90' lang='lat' dir='ltr'><strong>Sic</strong></span> <span class='ocrx_word' id='word_1_776' title='bbox 3521 3885 3660 3938; x_wconf 88' lang='lat' dir='ltr'><strong>enim</strong></span> 
     </span>
    </p>
   </div>
   <div class='ocr_carea' id='block_1_100' title="bbox 2084 3971 3660 4041">
    <p class='ocr_par' dir='ltr' id='par_1_100' title="bbox 2084 3971 3660 4041">
     <span class='ocr_line' id='line_1_100' title="bbox 2084 3971 3660 4041; baseline 0.001 -15"><span class='ocrx_word' id='word_1_777' title='bbox 2084 3980 2295 4041; x_wconf 90' lang='lat' dir='ltr'><strong>oportet</strong></span> <span class='ocrx_word' id='word_1_778' title='bbox 2316 3979 2373 4024; x_wconf 91' lang='lat' dir='ltr'><strong>ut</strong></span> <span class='ocrx_word' id='word_1_779' title='bbox 2405 3972 2457 4024; x_wconf 89' lang='lat' dir='ltr'><strong>in</strong></span> <span class='ocrx_word' id='word_1_780' title='bbox 2490 3971 2574 4023; x_wconf 88' lang='lat' dir='ltr'><strong>illa</strong></span> <span class='ocrx_word' id='word_1_781' title='bbox 2611 3971 2744 4024; x_wconf 88' lang='lat' dir='ltr'><strong>hora</strong></span> <span class='ocrx_word' id='word_1_782' title='bbox 2773 3977 2885 4024; x_wconf 87' lang='lat' dir='ltr'><strong>tam</strong></span> <span class='ocrx_word' id='word_1_783' title='bbox 2917 3987 3086 4027; x_wconf 81' lang='lat' dir='ltr'><strong>sacrae</strong></span> <span class='ocrx_word' id='word_1_784' title='bbox 3117 3982 3170 4026; x_wconf 88' lang='lat' dir='ltr'><strong>et</strong></span> <span class='ocrx_word' id='word_1_785' title='bbox 3200 3973 3398 4028; x_wconf 74' lang='lat' dir='ltr'><strong>divina:</strong></span> <span class='ocrx_word' id='word_1_786' title='bbox 3433 3974 3660 4027; x_wconf 85' lang='lat' dir='ltr'><strong>actionis</strong></span> 
     </span>
    </p>
   </div>
   <div class='ocr_carea' id='block_1_101' title="bbox 2084 4062 3658 4134">
    <p class='ocr_par' dir='ltr' id='par_1_101' title="bbox 2084 4062 3658 4134">
     <span class='ocr_line' id='line_1_101' title="bbox 2084 4062 3658 4134; baseline 0 -16"><span class='ocrx_word' id='word_1_787' title='bbox 2084 4073 2320 4132; x_wconf 74' lang='lat' dir='ltr'><strong>tota,per</strong></span> <span class='ocrx_word' id='word_1_788' title='bbox 2347 4063 2439 4117; x_wconf 86' lang='lat' dir='ltr'><strong>Dei</strong></span> <span class='ocrx_word' id='word_1_789' title='bbox 2467 4062 2695 4133; x_wconf 90' lang='lat' dir='ltr'><strong>gratiam</strong></span> <span class='ocrx_word' id='word_1_790' title='bbox 2731 4079 2760 4116; x_wconf 87' lang='lat' dir='ltr'><strong>a</strong></span> <span class='ocrx_word' id='word_1_791' title='bbox 2786 4065 3019 4118; x_wconf 88' lang='lat' dir='ltr'><strong>terrenis</strong></span> <span class='ocrx_word' id='word_1_792' title='bbox 3043 4064 3462 4134; x_wconf 85' lang='lat' dir='ltr'><strong>cogitationibus</strong></span> <span class='ocrx_word' id='word_1_793' title='bbox 3486 4076 3658 4120; x_wconf 81' lang='lat' dir='ltr'><strong>mente</strong></span> 
     </span>
    </p>
   </div>
   <div class='ocr_carea' id='block_1_102' title="bbox 2084 4154 3656 4224">
    <p class='ocr_par' dir='ltr' id='par_1_102' title="bbox 2084 4154 3656 4224">
     <span class='ocr_line' id='line_1_102' title="bbox 2084 4154 3656 4224; baseline 0 -17"><span class='ocrx_word' id='word_1_794' title='bbox 2084 4163 2330 4224; x_wconf 89' lang='lat' dir='ltr'><strong>separata</strong></span> <span class='ocrx_word' id='word_1_795' title='bbox 2359 4162 2414 4208; x_wconf 90' lang='lat' dir='ltr'><strong>et</strong></span> <span class='ocrx_word' id='word_1_796' title='bbox 2442 4154 2667 4209; x_wconf 90' lang='lat' dir='ltr'><strong>ecclesia</strong></span> <span class='ocrx_word' id='word_1_797' title='bbox 2697 4169 2820 4207; x_wconf 90' lang='lat' dir='ltr'><strong>cum</strong></span> <span class='ocrx_word' id='word_1_798' title='bbox 2849 4155 3146 4219; x_wconf 83' lang='lat' dir='ltr'><strong>sacerdote,</strong></span> <span class='ocrx_word' id='word_1_799' title='bbox 3175 4163 3229 4209; x_wconf 87' lang='lat' dir='ltr'><strong>et</strong></span> <span class='ocrx_word' id='word_1_800' title='bbox 3254 4157 3656 4209; x_wconf 84' lang='lat' dir='ltr'><strong>sacerdos&#39;cum</strong></span> 
     </span>
    </p>
   </div>
   <div class='ocr_carea' id='block_1_103' title="bbox 2082 4245 3653 4316">
    <p class='ocr_par' dir='ltr' id='par_1_103' title="bbox 2082 4245 3653 4316">
     <span class='ocr_line' id='line_1_103' title="bbox 2082 4245 3653 4316; baseline -0.002 -15"><span class='ocrx_word' id='word_1_801' title='bbox 2082 4246 2321 4301; x_wconf 86' lang='lat' dir='ltr'><strong>Ecclesia</strong></span> <span class='ocrx_word' id='word_1_802' title='bbox 2347 4245 2573 4316; x_wconf 90' lang='lat' dir='ltr'><strong>spiritali</strong></span> <span class='ocrx_word' id='word_1_803' title='bbox 2602 4245 2868 4300; x_wconf 88' lang='lat' dir='ltr'><strong>desiderio</strong></span> <span class='ocrx_word' id='word_1_804' title='bbox 2902 4247 3068 4300; x_wconf 90' lang='lat' dir='ltr'><strong>intret</strong></span> <span class='ocrx_word' id='word_1_805' title='bbox 3097 4247 3149 4299; x_wconf 89' lang='lat' dir='ltr'><strong>in</strong></span> <span class='ocrx_word' id='word_1_806' title='bbox 3175 4248 3546 4300; x_wconf 81' lang='lat' dir='ltr'><strong>sanctuarium</strong></span> <span class='ocrx_word' id='word_1_807' title='bbox 3566 4247 3653 4299; x_wconf 80' lang='lat' dir='ltr'><strong>Dei</strong></span> 
     </span>
    </p>
   </div>
   <div class='ocr_carea' id='block_1_104' title="bbox 2083 4335 3650 4405">
    <p class='ocr_par' dir='ltr' id='par_1_104' title="bbox 2083 4335 3650 4405">
     <span class='ocr_line' id='line_1_104' title="bbox 2083 4335 3650 4405; baseline -0.001 -15"><span class='ocrx_word' id='word_1_808' title='bbox 2083 4344 2342 4391; x_wconf 68' lang='lat' dir='ltr'><strong>aeternum</strong></span> <span class='ocrx_word' id='word_1_809' title='bbox 2361 4345 2414 4389; x_wconf 88' lang='lat' dir='ltr'><strong>et</strong></span> <span class='ocrx_word' id='word_1_810' title='bbox 2439 4350 2731 4405; x_wconf 90' lang='lat' dir='ltr'><strong>supernum</strong></span> <span class='ocrx_word' id='word_1_811' title='bbox 2757 4352 2769 4388; x_wconf 90' lang='lat'><strong>:</strong></span> <span class='ocrx_word' id='word_1_812' title='bbox 2798 4345 2852 4389; x_wconf 87' lang='lat' dir='ltr'><strong>et</strong></span> <span class='ocrx_word' id='word_1_813' title='bbox 2874 4336 3128 4405; x_wconf 89' lang='lat' dir='ltr'><strong>quoniam</strong></span> <span class='ocrx_word' id='word_1_814' title='bbox 3156 4337 3377 4405; x_wconf 86' lang='lat' dir='ltr'><strong>spiritus</strong></span> <span class='ocrx_word' id='word_1_815' title='bbox 3399 4345 3475 4389; x_wconf 83' lang='lat' dir='ltr'><strong>est</strong></span> <span class='ocrx_word' id='word_1_816' title='bbox 3498 4335 3650 4395; x_wconf 77' lang='lat' dir='ltr'><strong>Deus,</strong></span> 
     </span>
    </p>
   </div>
   <div class='ocr_carea' id='block_1_105' title="bbox 2084 4427 3651 4498">
    <p class='ocr_par' dir='ltr' id='par_1_105' title="bbox 2084 4427 3651 4498">
     <span class='ocr_line' id='line_1_105' title="bbox 2084 4427 3651 4498; baseline -0.002 -18"><span class='ocrx_word' id='word_1_817' title='bbox 2084 4435 2131 4480; x_wconf 91' lang='lat' dir='ltr'><strong>et</strong></span> <span class='ocrx_word' id='word_1_818' title='bbox 2161 4443 2246 4480; x_wconf 88' lang='lat' dir='ltr'><strong>eos</strong></span> <span class='ocrx_word' id='word_1_819' title='bbox 2275 4427 2363 4498; x_wconf 87' lang='lat' dir='ltr'><strong>qui</strong></span> <span class='ocrx_word' id='word_1_820' title='bbox 2397 4427 2620 4480; x_wconf 85' lang='lat' dir='ltr'><strong>adorant</strong></span> <span class='ocrx_word' id='word_1_821' title='bbox 2650 4443 2784 4490; x_wconf 84' lang='lat' dir='ltr'><strong>eum,</strong></span> <span class='ocrx_word' id='word_1_822' title='bbox 2836 4427 2889 4479; x_wconf 86' lang='lat' dir='ltr'><strong>in</strong></span> <span class='ocrx_word' id='word_1_823' title='bbox 2913 4427 3100 4495; x_wconf 83' lang='lat' dir='ltr'><strong>spiritu</strong></span> <span class='ocrx_word' id='word_1_824' title='bbox 3133 4436 3180 4479; x_wconf 84' lang='lat' dir='ltr'><strong>et</strong></span> <span class='ocrx_word' id='word_1_825' title='bbox 3206 4428 3427 4480; x_wconf 81' lang='lat' dir='ltr'><strong>veritate</strong></span> <span class='ocrx_word' id='word_1_826' title='bbox 3463 4436 3651 4496; x_wconf 75' lang='lat' dir='ltr'><strong>oportet</strong></span> 
     </span>
    </p>
   </div>
   <div class='ocr_carea' id='block_1_106' title="bbox 2086 4516 3655 4588">
    <p class='ocr_par' dir='ltr' id='par_1_106' title="bbox 2086 4516 3655 4588">
     <span class='ocr_line' id='line_1_106' title="bbox 2086 4516 3655 4588; baseline -0.001 -17"><span class='ocrx_word' id='word_1_827' title='bbox 2086 4517 2309 4571; x_wconf 86' lang='lat' dir='ltr'><strong>adorare</strong></span> <span class='ocrx_word' id='word_1_828' title='bbox 2340 4517 2518 4586; x_wconf 83' lang='lat' dir='ltr'><strong>(Joan.</strong></span> <span class='ocrx_word' id='word_1_829' title='bbox 2548 4517 2749 4588; x_wconf 45' lang='lat' dir='ltr'><strong>nam),</strong></span> <span class='ocrx_word' id='word_1_830' title='bbox 2777 4517 2855 4571; x_wconf 91' lang='lat' dir='ltr'><strong>sic</strong></span> <span class='ocrx_word' id='word_1_831' title='bbox 2876 4517 3126 4570; x_wconf 86' lang='lat' dir='ltr'><strong>eumdem</strong></span> <span class='ocrx_word' id='word_1_832' title='bbox 3155 4516 3377 4571; x_wconf 86' lang='lat' dir='ltr'><strong>Patrem</strong></span> <span class='ocrx_word' id='word_1_833' title='bbox 3390 4517 3561 4571; x_wconf 90' lang='lat' dir='ltr'><strong>Deum</strong></span> <span class='ocrx_word' id='word_1_834' title='bbox 3577 4518 3655 4570; x_wconf 82' lang='lat' dir='ltr'><strong>de-</strong></span> 
     </span>
    </p>
   </div>
   <div class='ocr_carea' id='block_1_107' title="bbox 2084 4605 3647 4678">
    <p class='ocr_par' dir='ltr' id='par_1_107' title="bbox 2084 4605 3647 4678">
     <span class='ocr_line' id='line_1_107' title="bbox 2084 4605 3647 4678; baseline -0.001 -18"><span class='ocrx_word' id='word_1_835' title='bbox 2084 4617 2336 4678; x_wconf 89' lang='lat' dir='ltr'><strong>precetur</strong></span> <span class='ocrx_word' id='word_1_836' title='bbox 2365 4627 2376 4660; x_wconf 87' lang='lat'><strong>:</strong></span> <span class='ocrx_word' id='word_1_837' title='bbox 2414 4607 2485 4661; x_wconf 87' lang='lat' dir='ltr'><strong>Te</strong></span> <span class='ocrx_word' id='word_1_838' title='bbox 2507 4609 2687 4678; x_wconf 88' lang='lat' dir='ltr'><strong>igitur,</strong></span> <span class='ocrx_word' id='word_1_839' title='bbox 2713 4606 3108 4660; x_wconf 84' lang='lat' dir='ltr'><strong>clementissime</strong></span> <span class='ocrx_word' id='word_1_840' title='bbox 3139 4605 3326 4672; x_wconf 83' lang='lat' dir='ltr'><strong>Pater,</strong></span> <span class='ocrx_word' id='word_1_841' title='bbox 3358 4615 3413 4659; x_wconf 87' lang='lat' dir='ltr'><strong>et</strong></span> <span class='ocrx_word' id='word_1_842' title='bbox 3432 4606 3647 4676; x_wconf 85' lang='lat' dir='ltr'><strong>reliqua.</strong></span> 
     </span>
    </p>
   </div>
   <div class='ocr_carea' id='block_1_108' title="bbox 2085 4695 3650 4763">
    <p class='ocr_par' dir='ltr' id='par_1_108' title="bbox 2085 4695 3650 4763">
     <span class='ocr_line' id='line_1_108' title="bbox 2085 4695 3650 4763; baseline -0.003 -12"><span class='ocrx_word' id='word_1_843' title='bbox 2085 4697 2319 4763; x_wconf 85' lang='lat' dir='ltr'><strong>Idcirco,</strong></span> <span class='ocrx_word' id='word_1_844' title='bbox 2355 4706 2416 4751; x_wconf 88' lang='lat' dir='ltr'><strong>ut</strong></span> <span class='ocrx_word' id='word_1_845' title='bbox 2445 4697 2641 4761; x_wconf 81' lang='lat' dir='ltr'><strong>ferunt,</strong></span> <span class='ocrx_word' id='word_1_846' title='bbox 2670 4696 2999 4750; x_wconf 86' lang='lat' dir='ltr'><strong>consuetudo</strong></span> <span class='ocrx_word' id='word_1_847' title='bbox 3040 4695 3187 4750; x_wconf 89' lang='lat' dir='ltr'><strong>venit</strong></span> <span class='ocrx_word' id='word_1_848' title='bbox 3214 4695 3270 4748; x_wconf 93' lang='lat' dir='ltr'><strong>in</strong></span> <span class='ocrx_word' id='word_1_849' title='bbox 3308 4695 3573 4759; x_wconf 81' lang='lat' dir='ltr'><strong>Ecclesia,</strong></span> <span class='ocrx_word' id='word_1_850' title='bbox 3600 4704 3650 4746; x_wconf 88' lang='lat' dir='ltr'><strong>ut</strong></span> 
     </span>
    </p>
   </div>
   <div class='ocr_carea' id='block_1_109' title="bbox 2083 4787 3650 4857">
    <p class='ocr_par' dir='ltr' id='par_1_109' title="bbox 2083 4787 3650 4857">
     <span class='ocr_line' id='line_1_109' title="bbox 2083 4787 3650 4857; baseline -0.004 -14"><span class='ocrx_word' id='word_1_851' title='bbox 2083 4790 2247 4845; x_wconf 90' lang='lat' dir='ltr'><strong>tacite</strong></span> <span class='ocrx_word' id='word_1_852' title='bbox 2274 4791 2376 4844; x_wconf 87' lang='lat' dir='ltr'><strong>ista</strong></span> <span class='ocrx_word' id='word_1_853' title='bbox 2405 4788 2710 4844; x_wconf 87' lang='lat' dir='ltr'><strong>obsecratio</strong></span> <span class='ocrx_word' id='word_1_854' title='bbox 2745 4797 2903 4857; x_wconf 89' lang='lat' dir='ltr'><strong>atque</strong></span> <span class='ocrx_word' id='word_1_855' title='bbox 2952 4787 3288 4842; x_wconf 87' lang='lat' dir='ltr'><strong>consecratio</strong></span> <span class='ocrx_word' id='word_1_856' title='bbox 3322 4801 3354 4840; x_wconf 86' lang='lat' dir='ltr'><strong>a</strong></span> <span class='ocrx_word' id='word_1_857' title='bbox 3385 4787 3650 4841; x_wconf 81' lang='lat' dir='ltr'><strong>sacerdote</strong></span> 
     </span>
    </p>
   </div>
   <div class='ocr_carea' id='block_1_110' title="bbox 2084 4877 3649 4948">
    <p class='ocr_par' dir='ltr' id='par_1_110' title="bbox 2084 4877 3649 4948">
     <span class='ocr_line' id='line_1_110' title="bbox 2084 4877 3649 4948; baseline -0.003 -13"><span class='ocrx_word' id='word_1_858' title='bbox 2084 4889 2350 4944; x_wconf 88' lang='lat' dir='ltr'><strong>cantetur,</strong></span> <span class='ocrx_word' id='word_1_859' title='bbox 2375 4895 2443 4935; x_wconf 90' lang='lat' dir='ltr'><strong>ne</strong></span> <span class='ocrx_word' id='word_1_860' title='bbox 2469 4881 2635 4934; x_wconf 86' lang='lat' dir='ltr'><strong>verba</strong></span> <span class='ocrx_word' id='word_1_861' title='bbox 2664 4887 2775 4933; x_wconf 89' lang='lat' dir='ltr'><strong>tam</strong></span> <span class='ocrx_word' id='word_1_862' title='bbox 2811 4893 2988 4943; x_wconf 87' lang='lat' dir='ltr'><strong>sacra,</strong></span> <span class='ocrx_word' id='word_1_863' title='bbox 3019 4887 3076 4933; x_wconf 88' lang='lat' dir='ltr'><strong>et</strong></span> <span class='ocrx_word' id='word_1_864' title='bbox 3120 4877 3185 4933; x_wconf 90' lang='lat' dir='ltr'><strong>ad</strong></span> <span class='ocrx_word' id='word_1_865' title='bbox 3209 4886 3424 4931; x_wconf 85' lang='lat' dir='ltr'><strong>tantum</strong></span> <span class='ocrx_word' id='word_1_866' title='bbox 3469 4886 3649 4948; x_wconf 77' lang='lat' dir='ltr'><strong>myste-</strong></span> 
     </span>
    </p>
   </div>
   <div class='ocr_carea' id='block_1_111' title="bbox 2082 4969 3648 5040">
    <p class='ocr_par' dir='ltr' id='par_1_111' title="bbox 2082 4969 3648 5040">
     <span class='ocr_line' id='line_1_111' title="bbox 2082 4969 3648 5040; baseline -0.004 -15"><span class='ocrx_word' id='word_1_867' title='bbox 2082 4972 2222 5026; x_wconf 88' lang='lat' dir='ltr'><strong>rium</strong></span> <span class='ocrx_word' id='word_1_868' title='bbox 2265 4971 2611 5040; x_wconf 90' lang='lat' dir='ltr'><strong>pcrtinentia,</strong></span> <span class='ocrx_word' id='word_1_869' title='bbox 2635 4969 2978 5033; x_wconf 88' lang='lat' dir='ltr'><strong>vilescerent,</strong></span> <span class='ocrx_word' id='word_1_870' title='bbox 3015 4969 3140 5022; x_wconf 90' lang='lat' dir='ltr'><strong>dum</strong></span> <span class='ocrx_word' id='word_1_871' title='bbox 3171 4982 3312 5038; x_wconf 86' lang='lat' dir='ltr'><strong>pene</strong></span> <span class='ocrx_word' id='word_1_872' title='bbox 3338 4983 3532 5022; x_wconf 88' lang='lat' dir='ltr'><strong>omnes</strong></span> <span class='ocrx_word' id='word_1_873' title='bbox 3564 4981 3648 5036; x_wconf 82' lang='lat' dir='ltr'><strong>per</strong></span> 
     </span>
    </p>
   </div>
   <div class='ocr_carea' id='block_1_112' title="bbox 2082 5056 3648 5127">
    <p class='ocr_par' dir='ltr' id='par_1_112' title="bbox 2082 5056 3648 5127">
     <span class='ocr_line' id='line_1_112' title="bbox 2082 5056 3648 5127; baseline -0.004 -13"><span class='ocrx_word' id='word_1_874' title='bbox 2082 5075 2239 5115; x_wconf 89' lang='lat' dir='ltr'><strong>usum</strong></span> <span class='ocrx_word' id='word_1_875' title='bbox 2262 5075 2322 5114; x_wconf 90' lang='lat' dir='ltr'><strong>ea</strong></span> <span class='ocrx_word' id='word_1_876' title='bbox 2367 5060 2662 5113; x_wconf 73' lang='lat' dir='ltr'><strong>retinentes</strong></span> <span class='ocrx_word' id='word_1_877' title='bbox 2690 5099 2704 5123; x_wconf 92' lang='lat'><strong>,</strong></span> <span class='ocrx_word' id='word_1_878' title='bbox 2739 5072 2838 5127; x_wconf 89' lang='lat' dir='ltr'><strong>per</strong></span> <span class='ocrx_word' id='word_1_879' title='bbox 2862 5059 3012 5112; x_wconf 90' lang='lat' dir='ltr'><strong>vicos</strong></span> <span class='ocrx_word' id='word_1_880' title='bbox 3033 5065 3088 5112; x_wconf 88' lang='lat' dir='ltr'><strong>et</strong></span> <span class='ocrx_word' id='word_1_881' title='bbox 3120 5057 3329 5126; x_wconf 87' lang='lat' dir='ltr'><strong>plateas</strong></span> <span class='ocrx_word' id='word_1_882' title='bbox 3356 5057 3582 5126; x_wconf 83' lang='lat' dir='ltr'><strong>aliisque</strong></span> <span class='ocrx_word' id='word_1_883' title='bbox 3600 5056 3648 5108; x_wconf 83' lang='lat' dir='ltr'><strong>in</strong></span> 
     </span>
    </p>
   </div>
   <div class='ocr_carea' id='block_1_113' title="bbox 2081 5146 3650 5218">
    <p class='ocr_par' dir='ltr' id='par_1_113' title="bbox 2081 5146 3650 5218">
     <span class='ocr_line' id='line_1_113' title="bbox 2081 5146 3650 5218; baseline -0.005 -13"><span class='ocrx_word' id='word_1_884' title='bbox 2081 5153 2214 5207; x_wconf 92' lang='lat' dir='ltr'><strong>locis</strong></span> <span class='ocrx_word' id='word_1_885' title='bbox 2233 5193 2246 5218; x_wconf 92' lang='lat'><strong>,</strong></span> <span class='ocrx_word' id='word_1_886' title='bbox 2272 5152 2363 5207; x_wconf 92' lang='lat' dir='ltr'><strong>ubi</strong></span> <span class='ocrx_word' id='word_1_887' title='bbox 2393 5167 2499 5206; x_wconf 91' lang='lat' dir='ltr'><strong>non</strong></span> <span class='ocrx_word' id='word_1_888' title='bbox 2523 5151 2842 5205; x_wconf 88' lang='lat' dir='ltr'><strong>conveniret</strong></span> <span class='ocrx_word' id='word_1_889' title='bbox 2869 5191 2880 5212; x_wconf 89' lang='lat'><strong>,</strong></span> <span class='ocrx_word' id='word_1_890' title='bbox 2911 5163 2974 5202; x_wconf 90' lang='lat' dir='ltr'><strong>ea</strong></span> <span class='ocrx_word' id='word_1_891' title='bbox 2999 5148 3376 5203; x_wconf 85' lang='lat' dir='ltr'><strong>decantarent.</strong></span> <span class='ocrx_word' id='word_1_892' title='bbox 3405 5149 3535 5202; x_wconf 82' lang='lat' dir='ltr'><strong>Inde</strong></span> <span class='ocrx_word' id='word_1_893' title='bbox 3554 5146 3650 5199; x_wconf 84' lang='lat' dir='ltr'><strong>fer—</strong></span> 
     </span>
    </p>
   </div>
   <div class='ocr_carea' id='block_1_114' title="bbox 2083 5239 3651 5312">
    <p class='ocr_par' dir='ltr' id='par_1_114' title="bbox 2083 5239 3651 5312">
     <span class='ocr_line' id='line_1_114' title="bbox 2083 5239 3651 5312; baseline -0.002 -15"><span class='ocrx_word' id='word_1_894' title='bbox 2083 5254 2172 5297; x_wconf 89' lang='lat' dir='ltr'><strong>tur</strong></span> <span class='ocrx_word' id='word_1_895' title='bbox 2195 5244 2337 5312; x_wconf 94' lang='lat' dir='ltr'><strong>quod</strong></span> <span class='ocrx_word' id='word_1_896' title='bbox 2369 5251 2656 5312; x_wconf 88' lang='lat' dir='ltr'><strong>antequam</strong></span> <span class='ocrx_word' id='word_1_897' title='bbox 2679 5243 2798 5296; x_wconf 72' lang='lat' dir='ltr'><strong>haec</strong></span> <span class='ocrx_word' id='word_1_898' title='bbox 2822 5239 3156 5296; x_wconf 89' lang='lat' dir='ltr'><strong>consuetudo</strong></span> <span class='ocrx_word' id='word_1_899' title='bbox 3177 5239 3512 5303; x_wconf 84' lang='lat' dir='ltr'><strong>inolevisset,</strong></span> <span class='ocrx_word' id='word_1_900' title='bbox 3539 5251 3651 5294; x_wconf 81' lang='lat' dir='ltr'><strong>cum</strong></span> 
     </span>
    </p>
   </div>
   <div class='ocr_carea' id='block_1_115' title="bbox 2084 5333 3652 5406">
    <p class='ocr_par' dir='ltr' id='par_1_115' title="bbox 2084 5333 3652 5406">
     <span class='ocr_line' id='line_1_115' title="bbox 2084 5333 3652 5406; baseline -0.005 -16"><span class='ocrx_word' id='word_1_901' title='bbox 2084 5345 2328 5406; x_wconf 88' lang='lat' dir='ltr'><strong>pastores</strong></span> <span class='ocrx_word' id='word_1_902' title='bbox 2352 5351 2415 5390; x_wconf 89' lang='lat' dir='ltr'><strong>ea</strong></span> <span class='ocrx_word' id='word_1_903' title='bbox 2437 5336 2786 5390; x_wconf 89' lang='lat' dir='ltr'><strong>decantarent</strong></span> <span class='ocrx_word' id='word_1_904' title='bbox 2816 5334 2869 5387; x_wconf 92' lang='lat' dir='ltr'><strong>in</strong></span> <span class='ocrx_word' id='word_1_905' title='bbox 2906 5348 3036 5404; x_wconf 85' lang='lat' dir='ltr'><strong>agro</strong></span> <span class='ocrx_word' id='word_1_906' title='bbox 3058 5374 3071 5398; x_wconf 92' lang='lat'><strong>,</strong></span> <span class='ocrx_word' id='word_1_907' title='bbox 3105 5333 3366 5390; x_wconf 82' lang='lat' dir='ltr'><strong>divinitus</strong></span> <span class='ocrx_word' id='word_1_908' title='bbox 3397 5343 3522 5386; x_wconf 85' lang='lat' dir='ltr'><strong>sunt</strong></span> <span class='ocrx_word' id='word_1_909' title='bbox 3548 5345 3652 5402; x_wconf 56' lang='lat' dir='ltr'><strong>per.</strong></span> 
     </span>
    </p>
   </div>
   <div class='ocr_carea' id='block_1_116' title="bbox 2086 5427 3651 5501">
    <p class='ocr_par' dir='ltr' id='par_1_116' title="bbox 2086 5427 3651 5501">
     <span class='ocr_line' id='line_1_116' title="bbox 2086 5427 3651 5501; baseline -0.007 -14"><span class='ocrx_word' id='word_1_910' title='bbox 2086 5433 2250 5488; x_wconf 88' lang='lat' dir='ltr'><strong>cussi.</strong></span> <span class='ocrx_word' id='word_1_911' title='bbox 2290 5432 2430 5486; x_wconf 89' lang='lat' dir='ltr'><strong>Dicit</strong></span> <span class='ocrx_word' id='word_1_912' title='bbox 2478 5447 2606 5501; x_wconf 83' lang='lat' dir='ltr'><strong>ergo</strong></span> <span class='ocrx_word' id='word_1_913' title='bbox 2656 5430 2912 5486; x_wconf 88' lang='lat' dir='ltr'><strong>sacerdos</strong></span> <span class='ocrx_word' id='word_1_914' title='bbox 2947 5447 2960 5483; x_wconf 92' lang='lat'><strong>:</strong></span> <span class='ocrx_word' id='word_1_915' title='bbox 3029 5427 3302 5498; x_wconf 84' lang='lat' dir='ltr'><strong>Supplices</strong></span> <span class='ocrx_word' id='word_1_916' title='bbox 3336 5442 3579 5497; x_wconf 75' lang='lat' dir='ltr'><strong>rogamus</strong></span> <span class='ocrx_word' id='word_1_917' title='bbox 3609 5433 3651 5476; x_wconf 81' lang='lat' dir='ltr'><strong>et</strong></span> 
     </span>
    </p>
   </div>
   <div class='ocr_carea' id='block_1_117' title="bbox 2087 5521 3654 5596">
    <p class='ocr_par' dir='ltr' id='par_1_117' title="bbox 2087 5521 3654 5596">
     <span class='ocr_line' id='line_1_117' title="bbox 2087 5521 3654 5596; baseline -0.006 -16"><span class='ocrx_word' id='word_1_918' title='bbox 2087 5527 2326 5596; x_wconf 86' lang='lat' dir='ltr'><strong>petimus,</strong></span> <span class='ocrx_word' id='word_1_919' title='bbox 2358 5534 2412 5578; x_wconf 91' lang='lat' dir='ltr'><strong>et</strong></span> <span class='ocrx_word' id='word_1_920' title='bbox 2435 5525 2538 5579; x_wconf 89' lang='lat' dir='ltr'><strong>hoc</strong></span> <span class='ocrx_word' id='word_1_921' title='bbox 2561 5539 2659 5596; x_wconf 90' lang='lat' dir='ltr'><strong>per</strong></span> <span class='ocrx_word' id='word_1_922' title='bbox 2678 5523 2860 5578; x_wconf 53' lang='lat' dir='ltr'><strong>Jesu‘m</strong></span> <span class='ocrx_word' id='word_1_923' title='bbox 2886 5521 3183 5585; x_wconf 89' lang='lat' dir='ltr'><strong>Christum,</strong></span> <span class='ocrx_word' id='word_1_924' title='bbox 3226 5537 3326 5590; x_wconf 87' lang='lat' dir='ltr'><strong>per</strong></span> <span class='ocrx_word' id='word_1_925' title='bbox 3356 5536 3518 5591; x_wconf 85' lang='lat' dir='ltr'><strong>quem</strong></span> <span class='ocrx_word' id='word_1_926' title='bbox 3553 5532 3654 5573; x_wconf 82' lang='lat' dir='ltr'><strong>om—</strong></span> 
     </span>
    </p>
   </div>
   <div class='ocr_carea' id='block_1_118' title="bbox 473 5634 3346 5709">
    <p class='ocr_par' dir='ltr' id='par_1_118' title="bbox 473 5634 3346 5709">
     <span class='ocr_line' id='line_1_118' title="bbox 473 5634 3346 5709; baseline -0.001 -19"><span class='ocrx_word' id='word_1_927' title='bbox 473 5650 503 5679; x_wconf 76' lang='grc' dir='ltr'><strong>ι</strong></span> <span class='ocrx_word' id='word_1_928' title='bbox 529 5635 648 5690; x_wconf 72' lang='lat' dir='ltr'><strong>Yid.</strong></span> <span class='ocrx_word' id='word_1_929' title='bbox 679 5638 958 5707; x_wconf 87' lang='lat' dir='ltr'><strong>epistolam</strong></span> <span class='ocrx_word' id='word_1_930' title='bbox 972 5637 1225 5691; x_wconf 63' lang='lat' dir='ltr'><strong>Amalarii</strong></span> <span class='ocrx_word' id='word_1_931' title='bbox 1255 5638 1320 5693; x_wconf 83' lang='lat' dir='ltr'><strong>ad</strong></span> <span class='ocrx_word' id='word_1_932' title='bbox 1349 5636 1973 5708; x_wconf 26' lang='lat' dir='ltr'><strong>llettonemtmouachum</strong></span> <span class='ocrx_word' id='word_1_933' title='bbox 2009 5636 2149 5706; x_wconf 84' lang='lat' dir='ltr'><strong>apud</strong></span> <span class='ocrx_word' id='word_1_934' title='bbox 2175 5637 2447 5694; x_wconf 84' lang='lat' dir='ltr'><strong>d‘Acberii</strong></span> <span class='ocrx_word' id='word_1_935' title='bbox 2485 5636 2764 5709; x_wconf 85' lang='lat' dir='ltr'><strong>Spicileg.,</strong></span> <span class='ocrx_word' id='word_1_936' title='bbox 2793 5644 2922 5692; x_wconf 91' lang='lat' dir='ltr'><strong>tom.</strong></span> <span class='ocrx_word' id='word_1_937' title='bbox 2954 5634 3040 5698; x_wconf 89' lang='lat' dir='ltr'><strong>lll,</strong></span> <span class='ocrx_word' id='word_1_938' title='bbox 3065 5651 3187 5707; x_wconf 80' lang='lat' dir='ltr'><strong>pag.</strong></span> <span class='ocrx_word' id='word_1_939' title='bbox 3221 5634 3346 5687; x_wconf 79' lang='lat' dir='ltr'><strong>55l.</strong></span> 
     </span>
    </p>
   </div>
  </div>
