  <div class='ocr_page' id='page_1' title='image "/cluster/home/n/w/nwhite01/storage/ocr_20150623/101/hvd.32044054759683/634.png"; bbox 0 0 3914 6178; ppageno 0'>
   <div class='ocr_carea' id='block_1_1' title="bbox 288 307 423 364">
    <p class='ocr_par' dir='ltr' id='par_1_1' title="bbox 288 307 423 364">
     <span class='ocr_line' id='line_1_1' title="bbox 288 307 423 364; baseline -0.007 0"><span class='ocrx_word' id='word_1_1' title='bbox 288 307 423 364; x_wconf 58' lang='grc' dir='ltr'><strong>ιῖδι</strong></span> 
     </span>
    </p>
   </div>
   <div class='ocr_carea' id='block_1_2' title="bbox 1104 315 2723 384">
    <p class='ocr_par' dir='ltr' id='par_1_2' title="bbox 1104 315 2723 384">
     <span class='ocr_line' id='line_1_2' title="bbox 1104 315 2723 384; baseline 0.006 -12"><span class='ocrx_word' id='word_1_2' title='bbox 1104 315 1250 372; x_wconf 68' lang='grc' dir='ltr'>οιδρ.</span> <span class='ocrx_word' id='word_1_3' title='bbox 1293 317 1694 375; x_wconf 78' lang='lat' dir='ltr'><strong>SL&#39;PPOSI&#39;I&#39;A.</strong></span> <span class='ocrx_word' id='word_1_4' title='bbox 1736 351 1805 361; x_wconf 59' lang='grc' dir='ltr'><strong>-η</strong></span> <span class='ocrx_word' id='word_1_5' title='bbox 1840 321 1967 378; x_wconf 85' lang='lat' dir='ltr'><strong>LIB.</strong></span> <span class='ocrx_word' id='word_1_6' title='bbox 2005 323 2094 378; x_wconf 85' lang='lat' dir='ltr'><strong>DE</strong></span> <span class='ocrx_word' id='word_1_7' title='bbox 2131 323 2380 380; x_wconf 68' lang='lat' dir='ltr'><strong>DlVlLVIS</strong></span> <span class='ocrx_word' id='word_1_8' title='bbox 2420 323 2723 384; x_wconf 81' lang='lat' dir='ltr'><strong>OFFlCllS.</strong></span> 
     </span>
    </p>
   </div>
   <div class='ocr_carea' id='block_1_3' title="bbox 3395 336 3531 393">
    <p class='ocr_par' dir='ltr' id='par_1_3' title="bbox 3395 336 3531 393">
     <span class='ocr_line' id='line_1_3' title="bbox 3395 336 3531 393; baseline 0.022 -3"><span class='ocrx_word' id='word_1_9' title='bbox 3395 337 3417 390; x_wconf 85' lang='grc'><strong>1</strong></span> <span class='ocrx_word' id='word_1_10' title='bbox 3429 336 3531 393; x_wconf 73' lang='lat'><strong>253</strong></span> 
     </span>
    </p>
   </div>
   <div class='ocr_carea' id='block_1_4' title="bbox 285 421 3538 506">
    <p class='ocr_par' dir='ltr' id='par_1_4' title="bbox 285 421 3538 506">
     <span class='ocr_line' id='line_1_4' title="bbox 285 421 3538 506; baseline 0.008 -29"><span class='ocrx_word' id='word_1_11' title='bbox 285 423 372 478; x_wconf 90' lang='lat' dir='ltr'><strong>nis</strong></span> <span class='ocrx_word' id='word_1_12' title='bbox 392 421 708 494; x_wconf 80' lang='lat' dir='ltr'><strong>supplicatio</strong></span> <span class='ocrx_word' id='word_1_13' title='bbox 729 434 784 480; x_wconf 93' lang='lat' dir='ltr'><strong>et</strong></span> <span class='ocrx_word' id='word_1_14' title='bbox 803 425 993 495; x_wconf 75' lang='lat' dir='ltr'><strong>petitio</strong></span> <span class='ocrx_word' id='word_1_15' title='bbox 1014 438 1199 485; x_wconf 89' lang='lat' dir='ltr'><strong>nostra</strong></span> <span class='ocrx_word' id='word_1_16' title='bbox 1226 431 1382 502; x_wconf 78' lang='lat' dir='ltr'><strong>dirigi</strong></span> <span class='ocrx_word' id='word_1_17' title='bbox 1407 431 1567 487; x_wconf 97' lang='lat' dir='ltr'><strong>debet</strong></span> <span class='ocrx_word' id='word_1_18' title='bbox 1584 432 1652 487; x_wconf 93' lang='lat' dir='ltr'><strong>ad</strong></span> <span class='ocrx_word' id='word_1_19' title='bbox 1668 432 1858 500; x_wconf 86' lang='lat' dir='ltr'><strong>Deum,</strong></span> <span class='ocrx_word' id='word_1_20' title='bbox 1887 446 1936 506; x_wconf 68' lang='grc' dir='ltr'><strong>Α</strong></span> <span class='ocrx_word' id='word_1_21' title='bbox 1964 435 2147 504; x_wconf 92' lang='lat' dir='ltr'><strong>quitur</strong></span> <span class='ocrx_word' id='word_1_22' title='bbox 2175 455 2186 490; x_wconf 94' lang='lat'><strong>:</strong></span> <span class='ocrx_word' id='word_1_23' title='bbox 2217 435 2286 490; x_wconf 83' lang='lat' dir='ltr'><strong>Et</strong></span> <span class='ocrx_word' id='word_1_24' title='bbox 2335 439 2565 494; x_wconf 71' lang='lat' dir='ltr'><strong>antistite</strong></span> <span class='ocrx_word' id='word_1_25' title='bbox 2590 448 2785 494; x_wconf 87' lang='lat' dir='ltr'><strong>nostra.</strong></span> <span class='ocrx_word' id='word_1_26' title='bbox 2819 439 2970 497; x_wconf 91' lang='lat' dir='ltr'><strong>Sicut</strong></span> <span class='ocrx_word' id='word_1_27' title='bbox 3015 445 3158 500; x_wconf 85' lang='lat' dir='ltr'><strong>enim</strong></span> <span class='ocrx_word' id='word_1_28' title='bbox 3216 447 3538 504; x_wconf 71' lang='lat' dir='ltr'><strong>universalis</strong></span> 
     </span>
    </p>
   </div>
   <div class='ocr_carea' id='block_1_5' title="bbox 286 516 1860 584">
    <p class='ocr_par' dir='ltr' id='par_1_5' title="bbox 286 516 1860 584">
     <span class='ocr_line' id='line_1_5' title="bbox 286 516 1860 584; baseline 0.007 -19"><span class='ocrx_word' id='word_1_29' title='bbox 286 523 544 583; x_wconf 87' lang='lat' dir='ltr'><strong>tanquam</strong></span> <span class='ocrx_word' id='word_1_30' title='bbox 571 528 666 584; x_wconf 89' lang='lat' dir='ltr'><strong>per</strong></span> <span class='ocrx_word' id='word_1_31' title='bbox 692 530 879 569; x_wconf 87' lang='lat' dir='ltr'><strong>verum</strong></span> <span class='ocrx_word' id='word_1_32' title='bbox 914 516 1269 573; x_wconf 89' lang='lat' dir='ltr'><strong>mediatorem</strong></span> <span class='ocrx_word' id='word_1_33' title='bbox 1304 529 1358 574; x_wconf 91' lang='lat' dir='ltr'><strong>et</strong></span> <span class='ocrx_word' id='word_1_34' title='bbox 1393 531 1654 575; x_wconf 70' lang='lat' dir='ltr'><strong>aeternum</strong></span> <span class='ocrx_word' id='word_1_35' title='bbox 1683 535 1860 576; x_wconf 86' lang='lat' dir='ltr'><strong>sacer-</strong></span> 
     </span>
    </p>
   </div>
   <div class='ocr_carea' id='block_1_6' title="bbox 284 605 1860 687">
    <p class='ocr_par' dir='ltr' id='par_1_6' title="bbox 284 605 1860 687">
     <span class='ocr_line' id='line_1_6' title="bbox 284 605 1860 687; baseline 0.008 -28"><span class='ocrx_word' id='word_1_36' title='bbox 284 605 486 670; x_wconf 87' lang='lat' dir='ltr'><strong>dotem,</strong></span> <span class='ocrx_word' id='word_1_37' title='bbox 517 607 610 675; x_wconf 90' lang='lat' dir='ltr'><strong>qui</strong></span> <span class='ocrx_word' id='word_1_38' title='bbox 635 607 786 662; x_wconf 89' lang='lat' dir='ltr'><strong>sedet</strong></span> <span class='ocrx_word' id='word_1_39' title='bbox 819 609 888 663; x_wconf 82' lang='lat' dir='ltr'><strong>ad</strong></span> <span class='ocrx_word' id='word_1_40' title='bbox 911 608 1193 665; x_wconf 82' lang='lat' dir='ltr'><strong>dexteram</strong></span> <span class='ocrx_word' id='word_1_41' title='bbox 1233 612 1434 679; x_wconf 84' lang='lat' dir='ltr'><strong>Patris,</strong></span> <span class='ocrx_word' id='word_1_42' title='bbox 1475 623 1530 669; x_wconf 94' lang='lat' dir='ltr'><strong>et</strong></span> <span class='ocrx_word' id='word_1_43' title='bbox 1557 615 1860 687; x_wconf 86' lang='lat' dir='ltr'><strong>interpellat</strong></span> 
     </span>
    </p>
   </div>
   <div class='ocr_carea' id='block_1_7' title="bbox 281 697 1861 776">
    <p class='ocr_par' dir='ltr' id='par_1_7' title="bbox 281 697 1861 776">
     <span class='ocr_line' id='line_1_7' title="bbox 281 697 1861 776; baseline 0.007 -25"><span class='ocrx_word' id='word_1_44' title='bbox 281 711 381 768; x_wconf 85' lang='lat' dir='ltr'><strong>pro</strong></span> <span class='ocrx_word' id='word_1_45' title='bbox 408 697 582 753; x_wconf 88' lang='lat' dir='ltr'><strong>nobis.</strong></span> <span class='ocrx_word' id='word_1_46' title='bbox 619 697 758 765; x_wconf 85' lang='lat' dir='ltr'><strong>Quid</strong></span> <span class='ocrx_word' id='word_1_47' title='bbox 795 709 975 756; x_wconf 86' lang='lat' dir='ltr'><strong>autem</strong></span> <span class='ocrx_word' id='word_1_48' title='bbox 1007 713 1164 774; x_wconf 92' lang='lat' dir='ltr'><strong>roget</strong></span> <span class='ocrx_word' id='word_1_49' title='bbox 1188 712 1243 758; x_wconf 91' lang='lat' dir='ltr'><strong>et</strong></span> <span class='ocrx_word' id='word_1_50' title='bbox 1277 713 1449 776; x_wconf 85' lang='lat' dir='ltr'><strong>petat,</strong></span> <span class='ocrx_word' id='word_1_51' title='bbox 1479 707 1754 764; x_wconf 88' lang='lat' dir='ltr'><strong>ostendit:</strong></span> <span class='ocrx_word' id='word_1_52' title='bbox 1781 707 1861 762; x_wconf 83' lang='lat' dir='ltr'><strong>vi-</strong></span> 
     </span>
    </p>
   </div>
   <div class='ocr_carea' id='block_1_8' title="bbox 280 789 1861 865">
    <p class='ocr_par' dir='ltr' id='par_1_8' title="bbox 280 789 1861 865">
     <span class='ocr_line' id='line_1_8' title="bbox 280 789 1861 865; baseline 0.006 -22"><span class='ocrx_word' id='word_1_53' title='bbox 280 789 496 855; x_wconf 89' lang='lat' dir='ltr'><strong>delicet,</strong></span> <span class='ocrx_word' id='word_1_54' title='bbox 524 800 583 844; x_wconf 94' lang='lat' dir='ltr'><strong>ut</strong></span> <span class='ocrx_word' id='word_1_55' title='bbox 608 806 670 846; x_wconf 89' lang='lat' dir='ltr'><strong>ea</strong></span> <span class='ocrx_word' id='word_1_56' title='bbox 711 807 832 861; x_wconf 72' lang='lat' dir='ltr'><strong>quae</strong></span> <span class='ocrx_word' id='word_1_57' title='bbox 859 792 1160 850; x_wconf 71' lang='lat' dir='ltr'><strong>oﬂeruntur</strong></span> <span class='ocrx_word' id='word_1_58' title='bbox 1182 796 1346 862; x_wconf 75' lang='lat' dir='ltr'><strong>dona,</strong></span> <span class='ocrx_word' id='word_1_59' title='bbox 1393 815 1634 865; x_wconf 83' lang='lat' dir='ltr'><strong>munera,</strong></span> <span class='ocrx_word' id='word_1_60' title='bbox 1677 811 1861 855; x_wconf 86' lang='lat' dir='ltr'><strong>sancta</strong></span> 
     </span>
    </p>
   </div>
   <div class='ocr_carea' id='block_1_9' title="bbox 277 879 1862 956">
    <p class='ocr_par' dir='ltr' id='par_1_9' title="bbox 277 879 1862 956">
     <span class='ocr_line' id='line_1_9' title="bbox 277 879 1862 956; baseline 0.009 -25"><span class='ocrx_word' id='word_1_61' title='bbox 277 879 561 948; x_wconf 86' lang='lat' dir='ltr'><strong>sacriﬁcia,</strong></span> <span class='ocrx_word' id='word_1_62' title='bbox 594 891 825 952; x_wconf 85' lang='lat' dir='ltr'><strong>accepta,</strong></span> <span class='ocrx_word' id='word_1_63' title='bbox 859 883 912 938; x_wconf 90' lang='lat' dir='ltr'><strong>id</strong></span> <span class='ocrx_word' id='word_1_64' title='bbox 933 892 1039 950; x_wconf 91' lang='lat' dir='ltr'><strong>est,</strong></span> <span class='ocrx_word' id='word_1_65' title='bbox 1086 886 1312 956; x_wconf 86' lang='lat' dir='ltr'><strong>placita,</strong></span> <span class='ocrx_word' id='word_1_66' title='bbox 1363 890 1554 944; x_wconf 76' lang='lat' dir='ltr'><strong>habeat</strong></span> <span class='ocrx_word' id='word_1_67' title='bbox 1582 901 1631 945; x_wconf 85' lang='lat' dir='ltr'><strong>et</strong></span> <span class='ocrx_word' id='word_1_68' title='bbox 1653 891 1862 946; x_wconf 88' lang='lat' dir='ltr'><strong>benedi-</strong></span> 
     </span>
    </p>
   </div>
   <div class='ocr_carea' id='block_1_10' title="bbox 277 967 1862 1049">
    <p class='ocr_par' dir='ltr' id='par_1_10' title="bbox 277 967 1862 1049">
     <span class='ocr_line' id='line_1_10' title="bbox 277 967 1862 1049; baseline 0.009 -27"><span class='ocrx_word' id='word_1_69' title='bbox 277 979 380 1022; x_wconf 89' lang='lat' dir='ltr'><strong>cat.</strong></span> <span class='ocrx_word' id='word_1_70' title='bbox 410 967 767 1025; x_wconf 87' lang='lat' dir='ltr'><strong>Sacerdotum</strong></span> <span class='ocrx_word' id='word_1_71' title='bbox 794 972 942 1027; x_wconf 91' lang='lat' dir='ltr'><strong>enim</strong></span> <span class='ocrx_word' id='word_1_72' title='bbox 974 983 1060 1029; x_wconf 90' lang='lat' dir='ltr'><strong>est</strong></span> <span class='ocrx_word' id='word_1_73' title='bbox 1083 975 1298 1042; x_wconf 82' lang='lat' dir='ltr'><strong>oﬁ&#39;erre,</strong></span> <span class='ocrx_word' id='word_1_74' title='bbox 1320 986 1376 1032; x_wconf 91' lang='lat' dir='ltr'><strong>ct</strong></span> <span class='ocrx_word' id='word_1_75' title='bbox 1402 980 1738 1049; x_wconf 80' lang='lat' dir='ltr'><strong>maiestatem</strong></span> <span class='ocrx_word' id='word_1_76' title='bbox 1763 981 1862 1036; x_wconf 89' lang='lat' dir='ltr'><strong>Dei</strong></span> 
     </span>
    </p>
   </div>
   <div class='ocr_carea' id='block_1_11' title="bbox 278 1059 1860 1139">
    <p class='ocr_par' dir='ltr' id='par_1_11' title="bbox 278 1059 1860 1139">
     <span class='ocr_line' id='line_1_11' title="bbox 278 1059 1860 1139; baseline 0.006 -25"><span class='ocrx_word' id='word_1_77' title='bbox 278 1059 564 1116; x_wconf 89' lang='lat' dir='ltr'><strong>invocare:</strong></span> <span class='ocrx_word' id='word_1_78' title='bbox 592 1061 684 1116; x_wconf 87' lang='lat' dir='ltr'><strong>Dei</strong></span> <span class='ocrx_word' id='word_1_79' title='bbox 710 1071 918 1129; x_wconf 89' lang='lat' dir='ltr'><strong>autem,</strong></span> <span class='ocrx_word' id='word_1_80' title='bbox 943 1064 1230 1134; x_wconf 81' lang='lat' dir='ltr'><strong>dignanter</strong></span> <span class='ocrx_word' id='word_1_81' title='bbox 1251 1068 1548 1137; x_wconf 88' lang='lat' dir='ltr'><strong>suscipere,</strong></span> <span class='ocrx_word' id='word_1_82' title='bbox 1565 1078 1621 1124; x_wconf 91' lang='lat' dir='ltr'><strong>et</strong></span> <span class='ocrx_word' id='word_1_83' title='bbox 1649 1083 1714 1124; x_wconf 88' lang='lat' dir='ltr'><strong>ea</strong></span> <span class='ocrx_word' id='word_1_84' title='bbox 1741 1085 1860 1139; x_wconf 67' lang='lat' dir='ltr'><strong>quae</strong></span> 
     </span>
    </p>
   </div>
   <div class='ocr_carea' id='block_1_12' title="bbox 274 1150 1859 1230">
    <p class='ocr_par' dir='ltr' id='par_1_12' title="bbox 274 1150 1859 1230">
     <span class='ocr_line' id='line_1_12' title="bbox 274 1150 1859 1230; baseline 0.005 -24"><span class='ocrx_word' id='word_1_85' title='bbox 274 1150 588 1219; x_wconf 73' lang='lat' dir='ltr'><strong>offeruntur,</strong></span> <span class='ocrx_word' id='word_1_86' title='bbox 639 1154 996 1210; x_wconf 83' lang='lat' dir='ltr'><strong>benedicere:</strong></span> <span class='ocrx_word' id='word_1_87' title='bbox 1031 1157 1163 1212; x_wconf 88' lang='lat' dir='ltr'><strong>dicit</strong></span> <span class='ocrx_word' id='word_1_88' title='bbox 1198 1173 1366 1228; x_wconf 86' lang='lat' dir='ltr'><strong>ergo:</strong></span> <span class='ocrx_word' id='word_1_89' title='bbox 1403 1157 1493 1212; x_wconf 90' lang='lat' dir='ltr'><strong>Uti</strong></span> <span class='ocrx_word' id='word_1_90' title='bbox 1517 1169 1734 1230; x_wconf 86' lang='lat' dir='ltr'><strong>accepta</strong></span> <span class='ocrx_word' id='word_1_91' title='bbox 1767 1159 1859 1214; x_wconf 78' lang='lat' dir='ltr'><strong>lia-</strong></span> 
     </span>
    </p>
   </div>
   <div class='ocr_carea' id='block_1_13' title="bbox 273 1241 1856 1318">
    <p class='ocr_par' dir='ltr' id='par_1_13' title="bbox 273 1241 1856 1318">
     <span class='ocr_line' id='line_1_13' title="bbox 273 1241 1856 1318; baseline 0.006 -23"><span class='ocrx_word' id='word_1_92' title='bbox 273 1241 417 1308; x_wconf 86' lang='lat' dir='ltr'><strong>beas,</strong></span> <span class='ocrx_word' id='word_1_93' title='bbox 451 1252 500 1296; x_wconf 88' lang='lat' dir='ltr'><strong>et</strong></span> <span class='ocrx_word' id='word_1_94' title='bbox 528 1243 823 1309; x_wconf 85' lang='lat' dir='ltr'><strong>benedicas,</strong></span> <span class='ocrx_word' id='word_1_95' title='bbox 859 1260 924 1301; x_wconf 88' lang='lat' dir='ltr'><strong>ac</strong></span> <span class='ocrx_word' id='word_1_96' title='bbox 947 1247 992 1301; x_wconf 87' lang='lat' dir='ltr'><strong>si</strong></span> <span class='ocrx_word' id='word_1_97' title='bbox 1033 1247 1349 1318; x_wconf 84' lang='lat' dir='ltr'><strong>suppliciter</strong></span> <span class='ocrx_word' id='word_1_98' title='bbox 1371 1249 1516 1304; x_wconf 82' lang='lat' dir='ltr'><strong>dicat</strong></span> <span class='ocrx_word' id='word_1_99' title='bbox 1545 1269 1556 1303; x_wconf 92' lang='lat'><strong>:</strong></span> <span class='ocrx_word' id='word_1_100' title='bbox 1591 1249 1856 1316; x_wconf 87' lang='lat' dir='ltr'><strong>Petimus,</strong></span> 
     </span>
    </p>
   </div>
   <div class='ocr_carea' id='block_1_14' title="bbox 271 1334 1854 1410">
    <p class='ocr_par' dir='ltr' id='par_1_14' title="bbox 271 1334 1854 1410">
     <span class='ocr_line' id='line_1_14' title="bbox 271 1334 1854 1410; baseline 0.007 -24"><span class='ocrx_word' id='word_1_101' title='bbox 271 1341 331 1387; x_wconf 90' lang='lat' dir='ltr'><strong>ut</strong></span> <span class='ocrx_word' id='word_1_102' title='bbox 367 1334 484 1390; x_wconf 69' lang='lat' dir='ltr'><strong>htec</strong></span> <span class='ocrx_word' id='word_1_103' title='bbox 502 1335 692 1404; x_wconf 83' lang='lat' dir='ltr'><strong>spiritu</strong></span> <span class='ocrx_word' id='word_1_104' title='bbox 732 1345 824 1391; x_wconf 91' lang='lat' dir='ltr'><strong>tuo</strong></span> <span class='ocrx_word' id='word_1_105' title='bbox 853 1338 1181 1404; x_wconf 86' lang='lat' dir='ltr'><strong>sanctiﬁees,</strong></span> <span class='ocrx_word' id='word_1_106' title='bbox 1225 1349 1387 1410; x_wconf 87' lang='lat' dir='ltr'><strong>atque</strong></span> <span class='ocrx_word' id='word_1_107' title='bbox 1412 1357 1509 1396; x_wconf 88' lang='lat' dir='ltr'><strong>ore</strong></span> <span class='ocrx_word' id='word_1_108' title='bbox 1539 1342 1854 1406; x_wconf 90' lang='lat' dir='ltr'><strong>benedicas,</strong></span> 
     </span>
    </p>
   </div>
   <div class='ocr_carea' id='block_1_15' title="bbox 273 1427 1858 1502">
    <p class='ocr_par' dir='ltr' id='par_1_15' title="bbox 273 1427 1858 1502">
     <span class='ocr_line' id='line_1_15' title="bbox 273 1427 1858 1502; baseline 0.003 -21"><span class='ocrx_word' id='word_1_109' title='bbox 273 1427 496 1497; x_wconf 79' lang='lat' dir='ltr'><strong>utquod</strong></span> <span class='ocrx_word' id='word_1_110' title='bbox 551 1437 750 1483; x_wconf 58' lang='lat' dir='ltr'><strong>nostra!</strong></span> <span class='ocrx_word' id='word_1_111' title='bbox 793 1428 1115 1485; x_wconf 82' lang='lat' dir='ltr'><strong>humilitatis</strong></span> <span class='ocrx_word' id='word_1_112' title='bbox 1149 1431 1356 1502; x_wconf 76' lang='lat' dir='ltr'><strong>geritur</strong></span> <span class='ocrx_word' id='word_1_113' title='bbox 1401 1432 1724 1495; x_wconf 88' lang='lat' dir='ltr'><strong>ministerio,</strong></span> <span class='ocrx_word' id='word_1_114' title='bbox 1753 1440 1858 1486; x_wconf 66' lang='lat' dir='ltr'><strong>tua:</strong></span> 
     </span>
    </p>
   </div>
   <div class='ocr_carea' id='block_1_16' title="bbox 269 1517 1852 1596">
    <p class='ocr_par' dir='ltr' id='par_1_16' title="bbox 269 1517 1852 1596">
     <span class='ocr_line' id='line_1_16' title="bbox 269 1517 1852 1596; baseline 0.004 -26"><span class='ocrx_word' id='word_1_115' title='bbox 269 1517 486 1572; x_wconf 86' lang='lat' dir='ltr'><strong>virtutis</strong></span> <span class='ocrx_word' id='word_1_116' title='bbox 528 1518 815 1588; x_wconf 87' lang='lat' dir='ltr'><strong>impleatur</strong></span> <span class='ocrx_word' id='word_1_117' title='bbox 856 1519 1073 1576; x_wconf 77' lang='lat' dir='ltr'><strong>effectu.</strong></span> <span class='ocrx_word' id='word_1_118' title='bbox 1111 1520 1265 1588; x_wconf 82' lang='lat' dir='ltr'><strong>Quod</strong></span> <span class='ocrx_word' id='word_1_119' title='bbox 1299 1531 1482 1578; x_wconf 87' lang='lat' dir='ltr'><strong>autem</strong></span> <span class='ocrx_word' id='word_1_120' title='bbox 1532 1522 1806 1596; x_wconf 77' lang='lat' dir='ltr'><strong>subiungit</strong></span> <span class='ocrx_word' id='word_1_121' title='bbox 1838 1541 1852 1577; x_wconf 89' lang='lat'><strong>:</strong></span> 
     </span>
    </p>
   </div>
   <div class='ocr_carea' id='block_1_17' title="bbox 271 1603 1855 1681">
    <p class='ocr_par' dir='ltr' id='par_1_17' title="bbox 271 1603 1855 1681">
     <span class='ocr_line' id='line_1_17' title="bbox 271 1603 1855 1681; baseline 0.006 -23"><span class='ocrx_word' id='word_1_122' title='bbox 271 1603 402 1659; x_wconf 69' lang='lat' dir='ltr'><strong>&quot;(re</strong></span> <span class='ocrx_word' id='word_1_123' title='bbox 447 1609 608 1672; x_wconf 87' lang='lat' dir='ltr'><strong>dona,</strong></span> <span class='ocrx_word' id='word_1_124' title='bbox 640 1607 753 1661; x_wconf 77' lang='lat' dir='ltr'><strong>lucc</strong></span> <span class='ocrx_word' id='word_1_125' title='bbox 797 1623 1018 1664; x_wconf 82' lang='lat' dir='ltr'><strong>munera</strong></span> <span class='ocrx_word' id='word_1_126' title='bbox 1038 1650 1053 1676; x_wconf 93' lang='lat'><strong>,</strong></span> <span class='ocrx_word' id='word_1_127' title='bbox 1083 1610 1197 1664; x_wconf 75' lang='lat' dir='ltr'><strong>lure</strong></span> <span class='ocrx_word' id='word_1_128' title='bbox 1230 1621 1414 1665; x_wconf 80' lang='lat' dir='ltr'><strong>sancta</strong></span> <span class='ocrx_word' id='word_1_129' title='bbox 1437 1613 1724 1681; x_wconf 88' lang='lat' dir='ltr'><strong>sacriﬁcia,</strong></span> <span class='ocrx_word' id='word_1_130' title='bbox 1747 1628 1855 1668; x_wconf 89' lang='lat' dir='ltr'><strong>non</strong></span> 
     </span>
    </p>
   </div>
   <div class='ocr_carea' id='block_1_18' title="bbox 267 1695 1858 1772">
    <p class='ocr_par' dir='ltr' id='par_1_18' title="bbox 267 1695 1858 1772">
     <span class='ocr_line' id='line_1_18' title="bbox 267 1695 1858 1772; baseline 0.007 -24"><span class='ocrx_word' id='word_1_131' title='bbox 267 1695 410 1750; x_wconf 72' lang='lat' dir='ltr'><strong>aliud</strong></span> <span class='ocrx_word' id='word_1_132' title='bbox 459 1705 621 1766; x_wconf 86' lang='lat' dir='ltr'><strong>atque</strong></span> <span class='ocrx_word' id='word_1_133' title='bbox 648 1697 794 1753; x_wconf 88' lang='lat' dir='ltr'><strong>aliud</strong></span> <span class='ocrx_word' id='word_1_134' title='bbox 831 1700 1059 1762; x_wconf 89' lang='lat' dir='ltr'><strong>dicitur,</strong></span> <span class='ocrx_word' id='word_1_135' title='bbox 1117 1701 1214 1756; x_wconf 88' lang='lat' dir='ltr'><strong>sed</strong></span> <span class='ocrx_word' id='word_1_136' title='bbox 1242 1715 1330 1756; x_wconf 88' lang='lat' dir='ltr'><strong>res</strong></span> <span class='ocrx_word' id='word_1_137' title='bbox 1358 1718 1462 1756; x_wconf 85' lang='lat' dir='ltr'><strong>una</strong></span> <span class='ocrx_word' id='word_1_138' title='bbox 1501 1717 1601 1772; x_wconf 90' lang='lat' dir='ltr'><strong>pro</strong></span> <span class='ocrx_word' id='word_1_139' title='bbox 1621 1704 1703 1758; x_wconf 88' lang='lat' dir='ltr'><strong>sui</strong></span> <span class='ocrx_word' id='word_1_140' title='bbox 1745 1719 1858 1758; x_wconf 85' lang='lat' dir='ltr'><strong>ma-</strong></span> 
     </span>
    </p>
   </div>
   <div class='ocr_carea' id='block_1_19' title="bbox 1964 527 3537 602">
    <p class='ocr_par' dir='ltr' id='par_1_19' title="bbox 1964 527 3537 602">
     <span class='ocr_line' id='line_1_19' title="bbox 1964 527 3537 602; baseline 0.01 -23"><span class='ocrx_word' id='word_1_141' title='bbox 1964 527 2217 582; x_wconf 72' lang='lat' dir='ltr'><strong>Ecclesia:</strong></span> <span class='ocrx_word' id='word_1_142' title='bbox 2244 530 2683 584; x_wconf 87' lang='lat' dir='ltr'><strong>commemoratio</strong></span> <span class='ocrx_word' id='word_1_143' title='bbox 2717 541 2935 602; x_wconf 89' lang='lat' dir='ltr'><strong>propter</strong></span> <span class='ocrx_word' id='word_1_144' title='bbox 2975 535 3236 591; x_wconf 83' lang='lat' dir='ltr'><strong>unitatem</strong></span> <span class='ocrx_word' id='word_1_145' title='bbox 3263 538 3537 594; x_wconf 84' lang='lat' dir='ltr'><strong>societatis</strong></span> 
     </span>
    </p>
   </div>
   <div class='ocr_carea' id='block_1_20' title="bbox 1962 615 3535 698">
    <p class='ocr_par' dir='ltr' id='par_1_20' title="bbox 1962 615 3535 698">
     <span class='ocr_line' id='line_1_20' title="bbox 1962 615 3535 698; baseline 0.007 -27"><span class='ocrx_word' id='word_1_146' title='bbox 1962 626 2016 671; x_wconf 90' lang='lat' dir='ltr'><strong>ct</strong></span> <span class='ocrx_word' id='word_1_147' title='bbox 2037 617 2185 684; x_wconf 86' lang='lat' dir='ltr'><strong>pacis</strong></span> <span class='ocrx_word' id='word_1_148' title='bbox 2207 615 2552 689; x_wconf 87' lang='lat' dir='ltr'><strong>coniungitur</strong></span> <span class='ocrx_word' id='word_1_149' title='bbox 2575 623 3075 678; x_wconf 82' lang='lat' dir='ltr'><strong>commemorationi</strong></span> <span class='ocrx_word' id='word_1_150' title='bbox 3102 627 3381 695; x_wconf 88' lang='lat' dir='ltr'><strong>apostolici</strong></span> <span class='ocrx_word' id='word_1_151' title='bbox 3402 643 3535 698; x_wconf 89' lang='lat' dir='ltr'><strong>pon-</strong></span> 
     </span>
    </p>
   </div>
   <div class='ocr_carea' id='block_1_21' title="bbox 1963 706 3538 790">
    <p class='ocr_par' dir='ltr' id='par_1_21' title="bbox 1963 706 3538 790">
     <span class='ocr_line' id='line_1_21' title="bbox 1963 706 3538 790; baseline 0.01 -30"><span class='ocrx_word' id='word_1_152' title='bbox 1963 706 2141 774; x_wconf 85' lang='lat' dir='ltr'><strong>tiﬁcis,</strong></span> <span class='ocrx_word' id='word_1_153' title='bbox 2180 708 2256 763; x_wconf 88' lang='lat' dir='ltr'><strong>ita</strong></span> <span class='ocrx_word' id='word_1_154' title='bbox 2283 709 2503 781; x_wconf 90' lang='lat' dir='ltr'><strong>dignum</strong></span> <span class='ocrx_word' id='word_1_155' title='bbox 2525 718 2582 766; x_wconf 88' lang='lat' dir='ltr'><strong>et</strong></span> <span class='ocrx_word' id='word_1_156' title='bbox 2601 710 2908 784; x_wconf 88' lang='lat' dir='ltr'><strong>religiosum</strong></span> <span class='ocrx_word' id='word_1_157' title='bbox 2938 724 3042 780; x_wconf 90' lang='lat' dir='ltr'><strong>est,</strong></span> <span class='ocrx_word' id='word_1_158' title='bbox 3081 725 3140 770; x_wconf 91' lang='lat' dir='ltr'><strong>ut</strong></span> <span class='ocrx_word' id='word_1_159' title='bbox 3167 717 3390 790; x_wconf 68' lang='lat' dir='ltr'><strong>singulae</strong></span> <span class='ocrx_word' id='word_1_160' title='bbox 3436 719 3538 774; x_wconf 78' lang='lat' dir='ltr'><strong>Ec-</strong></span> 
     </span>
    </p>
   </div>
   <div class='ocr_carea' id='block_1_22' title="bbox 1962 800 3536 881">
    <p class='ocr_par' dir='ltr' id='par_1_22' title="bbox 1962 800 3536 881">
     <span class='ocr_line' id='line_1_22' title="bbox 1962 800 3536 881; baseline 0.006 -26"><span class='ocrx_word' id='word_1_161' title='bbox 1962 800 2139 856; x_wconf 76' lang='lat' dir='ltr'><strong>clesia:</strong></span> <span class='ocrx_word' id='word_1_162' title='bbox 2159 803 2724 858; x_wconf 89' lang='lat' dir='ltr'><strong>commemorationem</strong></span> <span class='ocrx_word' id='word_1_163' title='bbox 2740 820 2960 862; x_wconf 90' lang='lat' dir='ltr'><strong>suorum</strong></span> <span class='ocrx_word' id='word_1_164' title='bbox 2984 806 3310 881; x_wconf 87' lang='lat' dir='ltr'><strong>subiungant</strong></span> <span class='ocrx_word' id='word_1_165' title='bbox 3324 812 3536 866; x_wconf 83' lang='lat' dir='ltr'><strong>antisti-</strong></span> 
     </span>
    </p>
   </div>
   <div class='ocr_carea' id='block_1_23' title="bbox 1961 899 3536 971">
    <p class='ocr_par' dir='ltr' id='par_1_23' title="bbox 1961 899 3536 971">
     <span class='ocr_line' id='line_1_23' title="bbox 1961 899 3536 971; baseline 0.008 -21"><span class='ocrx_word' id='word_1_166' title='bbox 1961 905 2076 951; x_wconf 88' lang='lat' dir='ltr'><strong>tum</strong></span> <span class='ocrx_word' id='word_1_167' title='bbox 2087 938 2100 962; x_wconf 93' lang='lat'><strong>,</strong></span> <span class='ocrx_word' id='word_1_168' title='bbox 2116 899 2406 968; x_wconf 83' lang='lat' dir='ltr'><strong>probantes</strong></span> <span class='ocrx_word' id='word_1_169' title='bbox 2421 917 2478 956; x_wconf 88' lang='lat' dir='ltr'><strong>se</strong></span> <span class='ocrx_word' id='word_1_170' title='bbox 2493 917 2591 971; x_wconf 87' lang='lat' dir='ltr'><strong>per</strong></span> <span class='ocrx_word' id='word_1_171' title='bbox 2606 901 2748 956; x_wconf 91' lang='lat' dir='ltr'><strong>illam</strong></span> <span class='ocrx_word' id='word_1_172' title='bbox 2765 903 3062 960; x_wconf 89' lang='lat' dir='ltr'><strong>orationem</strong></span> <span class='ocrx_word' id='word_1_173' title='bbox 3079 921 3299 962; x_wconf 87' lang='lat' dir='ltr'><strong>servare</strong></span> <span class='ocrx_word' id='word_1_174' title='bbox 3312 922 3434 962; x_wconf 90' lang='lat' dir='ltr'><strong>cum</strong></span> <span class='ocrx_word' id='word_1_175' title='bbox 3453 907 3536 962; x_wconf 88' lang='lat' dir='ltr'><strong>eis</strong></span> 
     </span>
    </p>
   </div>
   <div class='ocr_carea' id='block_1_24' title="bbox 1961 989 3532 1064">
    <p class='ocr_par' dir='ltr' id='par_1_24' title="bbox 1961 989 3532 1064">
     <span class='ocr_line' id='line_1_24' title="bbox 1961 989 3532 1064; baseline 0.007 -23"><span class='ocrx_word' id='word_1_176' title='bbox 1961 989 2219 1043; x_wconf 90' lang='lat' dir='ltr'><strong>unitatem</strong></span> <span class='ocrx_word' id='word_1_177' title='bbox 2244 990 2466 1060; x_wconf 85' lang='lat' dir='ltr'><strong>spiritus</strong></span> <span class='ocrx_word' id='word_1_178' title='bbox 2486 993 2540 1046; x_wconf 90' lang='lat' dir='ltr'><strong>in</strong></span> <span class='ocrx_word' id='word_1_179' title='bbox 2559 992 2777 1049; x_wconf 86' lang='lat' dir='ltr'><strong>vinculo</strong></span> <span class='ocrx_word' id='word_1_180' title='bbox 2796 996 2966 1064; x_wconf 87' lang='lat' dir='ltr'><strong>pacis.</strong></span> <span class='ocrx_word' id='word_1_181' title='bbox 2998 995 3307 1062; x_wconf 77' lang='lat' dir='ltr'><strong>Orthodoxi,</strong></span> <span class='ocrx_word' id='word_1_182' title='bbox 3336 999 3388 1053; x_wconf 93' lang='lat' dir='ltr'><strong>id</strong></span> <span class='ocrx_word' id='word_1_183' title='bbox 3428 1008 3532 1062; x_wconf 86' lang='lat' dir='ltr'><strong>est,</strong></span> 
     </span>
    </p>
   </div>
   <div class='ocr_carea' id='block_1_25' title="bbox 1962 1080 3538 1155">
    <p class='ocr_par' dir='ltr' id='par_1_25' title="bbox 1962 1080 3538 1155">
     <span class='ocr_line' id='line_1_25' title="bbox 1962 1080 3538 1155; baseline 0.006 -21"><span class='ocrx_word' id='word_1_184' title='bbox 1962 1090 2122 1134; x_wconf 76' lang='lat' dir='ltr'><strong>rectae</strong></span> <span class='ocrx_word' id='word_1_185' title='bbox 2171 1080 2356 1150; x_wconf 80' lang='lat' dir='ltr'><strong>gloriae</strong></span> <span class='ocrx_word' id='word_1_186' title='bbox 2415 1082 2667 1139; x_wconf 91' lang='lat' dir='ltr'><strong>dicuntur</strong></span> <span class='ocrx_word' id='word_1_187' title='bbox 2687 1125 2702 1148; x_wconf 94' lang='lat'><strong>,</strong></span> <span class='ocrx_word' id='word_1_188' title='bbox 2745 1101 2812 1140; x_wconf 90' lang='lat' dir='ltr'><strong>eo</strong></span> <span class='ocrx_word' id='word_1_189' title='bbox 2856 1087 3001 1155; x_wconf 91' lang='lat' dir='ltr'><strong>quod</strong></span> <span class='ocrx_word' id='word_1_190' title='bbox 3035 1087 3179 1142; x_wconf 90' lang='lat' dir='ltr'><strong>nullo</strong></span> <span class='ocrx_word' id='word_1_191' title='bbox 3211 1103 3396 1145; x_wconf 86' lang='lat' dir='ltr'><strong>errore</strong></span> <span class='ocrx_word' id='word_1_192' title='bbox 3443 1089 3538 1144; x_wconf 79' lang='lat' dir='ltr'><strong>de-</strong></span> 
     </span>
    </p>
   </div>
   <div class='ocr_carea' id='block_1_26' title="bbox 1961 1173 3532 1250">
    <p class='ocr_par' dir='ltr' id='par_1_26' title="bbox 1961 1173 3532 1250">
     <span class='ocr_line' id='line_1_26' title="bbox 1961 1173 3532 1250; baseline 0.004 -25"><span class='ocrx_word' id='word_1_193' title='bbox 1961 1173 2170 1240; x_wconf 87' lang='lat' dir='ltr'><strong>pravati</strong></span> <span class='ocrx_word' id='word_1_194' title='bbox 2198 1213 2213 1237; x_wconf 94' lang='lat'><strong>,</strong></span> <span class='ocrx_word' id='word_1_195' title='bbox 2249 1181 2413 1228; x_wconf 65' lang='lat' dir='ltr'><strong>rectae</strong></span> <span class='ocrx_word' id='word_1_196' title='bbox 2459 1173 2587 1230; x_wconf 91' lang='lat' dir='ltr'><strong>ﬁdei</strong></span> <span class='ocrx_word' id='word_1_197' title='bbox 2625 1175 2964 1232; x_wconf 73' lang='lat' dir='ltr'><strong>confessione</strong></span> <span class='ocrx_word' id='word_1_198' title='bbox 3016 1179 3184 1232; x_wconf 89' lang='lat' dir='ltr'><strong>Deum</strong></span> <span class='ocrx_word' id='word_1_199' title='bbox 3215 1179 3532 1250; x_wconf 86' lang='lat' dir='ltr'><strong>gloriﬁcent.</strong></span> 
     </span>
    </p>
   </div>
   <div class='ocr_carea' id='block_1_27' title="bbox 1961 1261 3532 1337">
    <p class='ocr_par' dir='ltr' id='par_1_27' title="bbox 1961 1261 3532 1337">
     <span class='ocr_line' id='line_1_27' title="bbox 1961 1261 3532 1337; baseline 0.004 -21"><span class='ocrx_word' id='word_1_200' title='bbox 1961 1261 2103 1317; x_wconf 83' lang='lat' dir='ltr'><strong>Idem</strong></span> <span class='ocrx_word' id='word_1_201' title='bbox 2138 1277 2266 1335; x_wconf 86' lang='lat' dir='ltr'><strong>ergo</strong></span> <span class='ocrx_word' id='word_1_202' title='bbox 2289 1271 2419 1319; x_wconf 87' lang='lat' dir='ltr'><strong>sunt</strong></span> <span class='ocrx_word' id='word_1_203' title='bbox 2449 1264 2719 1320; x_wconf 79' lang='lat' dir='ltr'><strong>catholica:</strong></span> <span class='ocrx_word' id='word_1_204' title='bbox 2741 1277 2790 1319; x_wconf 88' lang='lat' dir='ltr'><strong>et</strong></span> <span class='ocrx_word' id='word_1_205' title='bbox 2815 1266 3113 1337; x_wconf 79' lang='lat' dir='ltr'><strong>apostolica:</strong></span> <span class='ocrx_word' id='word_1_206' title='bbox 3138 1268 3265 1337; x_wconf 86' lang='lat' dir='ltr'><strong>ﬁdei</strong></span> <span class='ocrx_word' id='word_1_207' title='bbox 3287 1269 3532 1324; x_wconf 80' lang='lat' dir='ltr'><strong>cultores.</strong></span> 
     </span>
    </p>
   </div>
   <div class='ocr_carea' id='block_1_28' title="bbox 1961 1351 3537 1428">
    <p class='ocr_par' dir='ltr' id='par_1_28' title="bbox 1961 1351 3537 1428">
     <span class='ocr_line' id='line_1_28' title="bbox 1961 1351 3537 1428; baseline 0.005 -22"><span class='ocrx_word' id='word_1_208' title='bbox 1961 1351 2274 1420; x_wconf 69' lang='lat' dir='ltr'><strong>Catholicae,</strong></span> <span class='ocrx_word' id='word_1_209' title='bbox 2298 1353 2351 1408; x_wconf 91' lang='lat' dir='ltr'><strong>id</strong></span> <span class='ocrx_word' id='word_1_210' title='bbox 2369 1362 2476 1419; x_wconf 89' lang='lat' dir='ltr'><strong>est,</strong></span> <span class='ocrx_word' id='word_1_211' title='bbox 2499 1354 2843 1423; x_wconf 82' lang='lat' dir='ltr'><strong>universalis,</strong></span> <span class='ocrx_word' id='word_1_212' title='bbox 2870 1373 3032 1428; x_wconf 88' lang='lat' dir='ltr'><strong>quam</strong></span> <span class='ocrx_word' id='word_1_213' title='bbox 3055 1358 3306 1413; x_wconf 86' lang='lat' dir='ltr'><strong>universa</strong></span> <span class='ocrx_word' id='word_1_214' title='bbox 3338 1358 3537 1428; x_wconf 89' lang='lat' dir='ltr'><strong>ubique</strong></span> 
     </span>
    </p>
   </div>
   <div class='ocr_carea' id='block_1_29' title="bbox 1961 1445 3535 1522">
    <p class='ocr_par' dir='ltr' id='par_1_29' title="bbox 1961 1445 3535 1522">
     <span class='ocr_line' id='line_1_29' title="bbox 1961 1445 3535 1522; baseline 0.005 -22"><span class='ocrx_word' id='word_1_215' title='bbox 1961 1453 2143 1500; x_wconf 79' lang='lat' dir='ltr'><strong>servat</strong></span> <span class='ocrx_word' id='word_1_216' title='bbox 2174 1445 2450 1513; x_wconf 86' lang='lat' dir='ltr'><strong>Ecclesia;</strong></span> <span class='ocrx_word' id='word_1_217' title='bbox 2506 1445 2854 1519; x_wconf 86' lang='lat' dir='ltr'><strong>ejusdemque</strong></span> <span class='ocrx_word' id='word_1_218' title='bbox 2896 1451 3224 1520; x_wconf 57' lang='lat' dir='ltr'><strong>apostolicae,</strong></span> <span class='ocrx_word' id='word_1_219' title='bbox 3269 1467 3430 1522; x_wconf 87' lang='lat' dir='ltr'><strong>quam</strong></span> <span class='ocrx_word' id='word_1_220' title='bbox 3478 1453 3535 1508; x_wconf 92' lang='lat' dir='ltr'><strong>in</strong></span> 
     </span>
    </p>
   </div>
   <div class='ocr_carea' id='block_1_30' title="bbox 1961 1539 3536 1610">
    <p class='ocr_par' dir='ltr' id='par_1_30' title="bbox 1961 1539 3536 1610">
     <span class='ocr_line' id='line_1_30' title="bbox 1961 1539 3536 1610; baseline 0.004 -18"><span class='ocrx_word' id='word_1_221' title='bbox 1961 1545 2075 1592; x_wconf 91' lang='lat' dir='ltr'><strong>toto</strong></span> <span class='ocrx_word' id='word_1_222' title='bbox 2097 1539 2299 1595; x_wconf 89' lang='lat' dir='ltr'><strong>mundo</strong></span> <span class='ocrx_word' id='word_1_223' title='bbox 2324 1539 2568 1595; x_wconf 86' lang='lat' dir='ltr'><strong>doctrina</strong></span> <span class='ocrx_word' id='word_1_224' title='bbox 2599 1542 2960 1610; x_wconf 89' lang='lat' dir='ltr'><strong>apostolorum</strong></span> <span class='ocrx_word' id='word_1_225' title='bbox 2997 1542 3257 1599; x_wconf 82' lang='lat' dir='ltr'><strong>fundavit.</strong></span> <span class='ocrx_word' id='word_1_226' title='bbox 3282 1543 3536 1608; x_wconf 78' lang='lat' dir='ltr'><strong>Additur,</strong></span> 
     </span>
    </p>
   </div>
   <div class='ocr_carea' id='block_1_31' title="bbox 1915 1629 3538 1705">
    <p class='ocr_par' dir='ltr' id='par_1_31' title="bbox 1915 1629 3538 1705">
     <span class='ocr_line' id='line_1_31' title="bbox 1915 1629 3538 1705; baseline 0.005 -21"><span class='ocrx_word' id='word_1_227' title='bbox 1915 1695 1918 1701; x_wconf 22' lang='grc' dir='ltr'><strong>λ</strong></span> <span class='ocrx_word' id='word_1_228' title='bbox 1958 1647 2052 1702; x_wconf 88' lang='lat' dir='ltr'><strong>per</strong></span> <span class='ocrx_word' id='word_1_229' title='bbox 2104 1629 2372 1687; x_wconf 81' lang='lat' dir='ltr'><strong>Christum</strong></span> <span class='ocrx_word' id='word_1_230' title='bbox 2407 1632 2691 1687; x_wconf 85' lang='lat' dir='ltr'><strong>Dominum</strong></span> <span class='ocrx_word' id='word_1_231' title='bbox 2737 1645 3014 1690; x_wconf 83' lang='lat' dir='ltr'><strong>nostrum:</strong></span> <span class='ocrx_word' id='word_1_232' title='bbox 3051 1636 3177 1705; x_wconf 90' lang='lat' dir='ltr'><strong>quia</strong></span> <span class='ocrx_word' id='word_1_233' title='bbox 3229 1637 3385 1692; x_wconf 84' lang='lat' dir='ltr'><strong>aliter</strong></span> <span class='ocrx_word' id='word_1_234' title='bbox 3436 1652 3538 1692; x_wconf 91' lang='lat' dir='ltr'><strong>nec</strong></span> 
     </span>
    </p>
   </div>
   <div class='ocr_carea' id='block_1_32' title="bbox 1960 1722 3538 1798">
    <p class='ocr_par' dir='ltr' id='par_1_32' title="bbox 1960 1722 3538 1798">
     <span class='ocr_line' id='line_1_32' title="bbox 1960 1722 3538 1798; baseline 0.004 -22"><span class='ocrx_word' id='word_1_235' title='bbox 1960 1722 2140 1778; x_wconf 88' lang='lat' dir='ltr'><strong>oratio</strong></span> <span class='ocrx_word' id='word_1_236' title='bbox 2175 1723 2452 1789; x_wconf 66' lang='lat' dir='ltr'><strong>Ecclesiae,</strong></span> <span class='ocrx_word' id='word_1_237' title='bbox 2497 1740 2598 1780; x_wconf 90' lang='lat' dir='ltr'><strong>nec</strong></span> <span class='ocrx_word' id='word_1_238' title='bbox 2622 1725 2823 1782; x_wconf 87' lang='lat' dir='ltr'><strong>oblatio</strong></span> <span class='ocrx_word' id='word_1_239' title='bbox 2848 1727 2958 1782; x_wconf 91' lang='lat' dir='ltr'><strong>Deo</strong></span> <span class='ocrx_word' id='word_1_240' title='bbox 2979 1726 3160 1782; x_wconf 82' lang='lat' dir='ltr'><strong>oﬁ‘erri</strong></span> <span class='ocrx_word' id='word_1_241' title='bbox 3198 1737 3400 1798; x_wconf 87' lang='lat' dir='ltr'><strong>potest,</strong></span> <span class='ocrx_word' id='word_1_242' title='bbox 3433 1731 3538 1785; x_wconf 90' lang='lat' dir='ltr'><strong>nisi</strong></span> 
     </span>
    </p>
   </div>
   <div class='ocr_carea' id='block_1_33' title="bbox 266 1787 3538 1895">
    <p class='ocr_par' dir='ltr' id='par_1_33' title="bbox 266 1787 3538 1895">
     <span class='ocr_line' id='line_1_33' title="bbox 266 1787 3538 1895; baseline 0.006 -55"><span class='ocrx_word' id='word_1_243' title='bbox 266 1787 548 1858; x_wconf 84' lang='lat' dir='ltr'><strong>gnitudine</strong></span> <span class='ocrx_word' id='word_1_244' title='bbox 569 1789 783 1843; x_wconf 87' lang='lat' dir='ltr'><strong>diversa</strong></span> <span class='ocrx_word' id='word_1_245' title='bbox 822 1789 1180 1860; x_wconf 88' lang='lat' dir='ltr'><strong>appellatione</strong></span> <span class='ocrx_word' id='word_1_246' title='bbox 1231 1790 1498 1846; x_wconf 88' lang='lat' dir='ltr'><strong>laudatur.</strong></span> <span class='ocrx_word' id='word_1_247' title='bbox 1536 1793 1666 1860; x_wconf 69' lang='lat' dir='ltr'><strong>Qua:</strong></span> <span class='ocrx_word' id='word_1_248' title='bbox 1710 1795 1856 1850; x_wconf 90' lang='lat' dir='ltr'><strong>enim</strong></span> <span class='ocrx_word' id='word_1_249' title='bbox 1888 1797 1934 1860; x_wconf 80' lang='grc' dir='ltr'><strong><em>Β</em></strong></span> <span class='ocrx_word' id='word_1_250' title='bbox 1958 1831 2055 1886; x_wconf 61' lang='lat' dir='ltr'><strong>per</strong></span> <span class='ocrx_word' id='word_1_251' title='bbox 2081 1832 2247 1872; x_wconf 66' lang='lat' dir='ltr'><strong>unum</strong></span> <span class='ocrx_word' id='word_1_252' title='bbox 2297 1787 2651 1876; x_wconf 53' lang='lat' dir='ltr'><strong>mediamrem</strong></span> <span class='ocrx_word' id='word_1_253' title='bbox 2680 1819 2776 1876; x_wconf 66' lang='lat' dir='ltr'><strong>De;</strong></span> <span class='ocrx_word' id='word_1_254' title='bbox 2811 1830 2866 1877; x_wconf 67' lang='grc' dir='ltr'><strong>ει</strong></span> <span class='ocrx_word' id='word_1_255' title='bbox 2897 1787 3215 1889; x_wconf 55' lang='lat' dir='ltr'><strong>hominum;</strong></span> <span class='ocrx_word' id='word_1_256' title='bbox 3247 1787 3398 1894; x_wconf 32' lang='lat' dir='ltr'><strong>quod.</strong></span> <span class='ocrx_word' id='word_1_257' title='bbox 3422 1825 3538 1895; x_wconf 42' lang='lat' dir='ltr'><strong>ipse</strong></span> 
     </span>
    </p>
   </div>
   <div class='ocr_carea' id='block_1_34' title="bbox 267 1877 1850 1955">
    <p class='ocr_par' dir='ltr' id='par_1_34' title="bbox 267 1877 1850 1955">
     <span class='ocr_line' id='line_1_34' title="bbox 267 1877 1850 1955; baseline 0.005 -23"><span class='ocrx_word' id='word_1_258' title='bbox 267 1877 469 1932; x_wconf 80' lang='lat' dir='ltr'><strong>divinis</strong></span> <span class='ocrx_word' id='word_1_259' title='bbox 491 1877 793 1934; x_wconf 65' lang='lat' dir='ltr'><strong>offeruntur</strong></span> <span class='ocrx_word' id='word_1_260' title='bbox 828 1880 1112 1945; x_wconf 86' lang='lat' dir='ltr'><strong>altaribus,</strong></span> <span class='ocrx_word' id='word_1_261' title='bbox 1165 1890 1222 1937; x_wconf 91' lang='lat' dir='ltr'><strong>et</strong></span> <span class='ocrx_word' id='word_1_262' title='bbox 1246 1897 1472 1937; x_wconf 90' lang='lat' dir='ltr'><strong>munera</strong></span> <span class='ocrx_word' id='word_1_263' title='bbox 1493 1884 1850 1955; x_wconf 86' lang='lat' dir='ltr'><strong>appellantur,</strong></span> 
     </span>
    </p>
   </div>
   <div class='ocr_carea' id='block_1_35' title="bbox 264 1969 1848 2045">
    <p class='ocr_par' dir='ltr' id='par_1_35' title="bbox 264 1969 1848 2045">
     <span class='ocr_line' id='line_1_35' title="bbox 264 1969 1848 2045; baseline 0.004 -22"><span class='ocrx_word' id='word_1_264' title='bbox 264 1969 406 2024; x_wconf 86' lang='lat' dir='ltr'><strong>sicut</strong></span> <span class='ocrx_word' id='word_1_265' title='bbox 421 1969 681 2026; x_wconf 78' lang='lat' dir='ltr'><strong>Dominus</strong></span> <span class='ocrx_word' id='word_1_266' title='bbox 712 1989 724 2024; x_wconf 94' lang='lat'><strong>:</strong></span> <span class='ocrx_word' id='word_1_267' title='bbox 751 1969 810 2026; x_wconf 88' lang='lat' dir='ltr'><strong>Si</strong></span> <span class='ocrx_word' id='word_1_268' title='bbox 827 1972 986 2042; x_wconf 68' lang='lat' dir='ltr'><strong>oﬁ&#39;ers</strong></span> <span class='ocrx_word' id='word_1_269' title='bbox 1014 1989 1205 2026; x_wconf 83' lang='lat' dir='ltr'><strong>munus</strong></span> <span class='ocrx_word' id='word_1_270' title='bbox 1232 1983 1380 2026; x_wconf 87' lang='lat' dir='ltr'><strong>tuum</strong></span> <span class='ocrx_word' id='word_1_271' title='bbox 1396 1972 1614 2045; x_wconf 73' lang='lat' dir='ltr'><strong>(Matth.</strong></span> <span class='ocrx_word' id='word_1_272' title='bbox 1640 1991 1697 2040; x_wconf 93' lang='lat' dir='ltr'><strong>v,</strong></span> <span class='ocrx_word' id='word_1_273' title='bbox 1721 1973 1848 2045; x_wconf 56' lang='grc' dir='ltr'><strong>Ωδμ</strong></span> 
     </span>
    </p>
   </div>
   <div class='ocr_carea' id='block_1_36' title="bbox 265 2061 1847 2136">
    <p class='ocr_par' dir='ltr' id='par_1_36' title="bbox 265 2061 1847 2136">
     <span class='ocr_line' id='line_1_36' title="bbox 265 2061 1847 2136; baseline 0.006 -22"><span class='ocrx_word' id='word_1_274' title='bbox 265 2067 321 2114; x_wconf 92' lang='lat' dir='ltr'><strong>et</strong></span> <span class='ocrx_word' id='word_1_275' title='bbox 345 2061 484 2115; x_wconf 85' lang='lat' dir='ltr'><strong>dona</strong></span> <span class='ocrx_word' id='word_1_276' title='bbox 525 2061 608 2116; x_wconf 85' lang='lat' dir='ltr'><strong>vel</strong></span> <span class='ocrx_word' id='word_1_277' title='bbox 640 2063 931 2129; x_wconf 89' lang='lat' dir='ltr'><strong>sacriﬁcia,</strong></span> <span class='ocrx_word' id='word_1_278' title='bbox 964 2063 1105 2120; x_wconf 89' lang='lat' dir='ltr'><strong>sicut</strong></span> <span class='ocrx_word' id='word_1_279' title='bbox 1132 2064 1421 2134; x_wconf 82' lang='lat' dir='ltr'><strong>Apostolus</strong></span> <span class='ocrx_word' id='word_1_280' title='bbox 1447 2068 1513 2121; x_wconf 91' lang='lat' dir='ltr'><strong>de</strong></span> <span class='ocrx_word' id='word_1_281' title='bbox 1550 2067 1847 2136; x_wconf 89' lang='lat' dir='ltr'><strong>pontiﬁce;</strong></span> 
     </span>
    </p>
   </div>
   <div class='ocr_carea' id='block_1_37' title="bbox 267 2151 1848 2230">
    <p class='ocr_par' dir='ltr' id='par_1_37' title="bbox 267 2151 1848 2230">
     <span class='ocr_line' id='line_1_37' title="bbox 267 2151 1848 2230; baseline 0.003 -22"><span class='ocrx_word' id='word_1_282' title='bbox 267 2151 336 2208; x_wconf 78' lang='lat' dir='ltr'><strong>Ut</strong></span> <span class='ocrx_word' id='word_1_283' title='bbox 359 2155 548 2224; x_wconf 81' lang='lat' dir='ltr'><strong>o/ferat</strong></span> <span class='ocrx_word' id='word_1_284' title='bbox 569 2155 711 2210; x_wconf 88' lang='lat' dir='ltr'><strong>dona</strong></span> <span class='ocrx_word' id='word_1_285' title='bbox 739 2167 787 2210; x_wconf 87' lang='lat' dir='ltr'><strong>et</strong></span> <span class='ocrx_word' id='word_1_286' title='bbox 811 2157 1076 2226; x_wconf 83' lang='lat' dir='ltr'><strong>sacriﬁcia</strong></span> <span class='ocrx_word' id='word_1_287' title='bbox 1103 2173 1197 2227; x_wconf 87' lang='lat' dir='ltr'><strong>pro</strong></span> <span class='ocrx_word' id='word_1_288' title='bbox 1219 2158 1446 2227; x_wconf 79' lang='lat' dir='ltr'><strong>peccatis</strong></span> <span class='ocrx_word' id='word_1_289' title='bbox 1474 2157 1632 2230; x_wconf 82' lang='lat' dir='ltr'><strong>(Ilcb.</strong></span> <span class='ocrx_word' id='word_1_290' title='bbox 1665 2175 1722 2223; x_wconf 87' lang='lat' dir='ltr'><strong>v,</strong></span> <span class='ocrx_word' id='word_1_291' title='bbox 1756 2158 1807 2230; x_wconf 83' lang='lat' dir='ltr'><strong>l)</strong></span> <span class='ocrx_word' id='word_1_292' title='bbox 1832 2176 1848 2225; x_wconf 93' lang='lat'><strong>;</strong></span> 
     </span>
    </p>
   </div>
   <div class='ocr_carea' id='block_1_38' title="bbox 264 2245 1852 2316">
    <p class='ocr_par' dir='ltr' id='par_1_38' title="bbox 264 2245 1852 2316">
     <span class='ocr_line' id='line_1_38' title="bbox 264 2245 1852 2316; baseline 0.002 -16"><span class='ocrx_word' id='word_1_293' title='bbox 264 2245 380 2311; x_wconf 89' lang='lat' dir='ltr'><strong>sed,</strong></span> <span class='ocrx_word' id='word_1_294' title='bbox 409 2255 468 2300; x_wconf 94' lang='lat' dir='ltr'><strong>ut</strong></span> <span class='ocrx_word' id='word_1_295' title='bbox 503 2246 709 2301; x_wconf 88' lang='lat' dir='ltr'><strong>dictum</strong></span> <span class='ocrx_word' id='word_1_296' title='bbox 736 2254 840 2310; x_wconf 91' lang='lat' dir='ltr'><strong>est,</strong></span> <span class='ocrx_word' id='word_1_297' title='bbox 879 2260 1188 2302; x_wconf 87' lang='lat' dir='ltr'><strong>sermonum</strong></span> <span class='ocrx_word' id='word_1_298' title='bbox 1211 2247 1484 2316; x_wconf 86' lang='lat' dir='ltr'><strong>repetitio,</strong></span> <span class='ocrx_word' id='word_1_299' title='bbox 1507 2248 1641 2302; x_wconf 89' lang='lat' dir='ltr'><strong>tanti</strong></span> <span class='ocrx_word' id='word_1_300' title='bbox 1668 2263 1852 2303; x_wconf 87' lang='lat' dir='ltr'><strong>sacra-</strong></span> 
     </span>
    </p>
   </div>
   <div class='ocr_carea' id='block_1_39' title="bbox 264 2337 1844 2408">
    <p class='ocr_par' dir='ltr' id='par_1_39' title="bbox 264 2337 1844 2408">
     <span class='ocr_line' id='line_1_39' title="bbox 264 2337 1844 2408; baseline 0.003 -16"><span class='ocrx_word' id='word_1_301' title='bbox 264 2337 430 2392; x_wconf 88' lang='lat' dir='ltr'><strong>menti</strong></span> <span class='ocrx_word' id='word_1_302' title='bbox 451 2345 538 2393; x_wconf 89' lang='lat' dir='ltr'><strong>est</strong></span> <span class='ocrx_word' id='word_1_303' title='bbox 557 2338 979 2404; x_wconf 85' lang='lat' dir='ltr'><strong>commendatio,</strong></span> <span class='ocrx_word' id='word_1_304' title='bbox 1004 2345 1061 2394; x_wconf 92' lang='lat' dir='ltr'><strong>et</strong></span> <span class='ocrx_word' id='word_1_305' title='bbox 1089 2338 1192 2408; x_wconf 74' lang='lat' dir='ltr'><strong>piae</strong></span> <span class='ocrx_word' id='word_1_306' title='bbox 1230 2338 1533 2396; x_wconf 88' lang='lat' dir='ltr'><strong>devotionis</strong></span> <span class='ocrx_word' id='word_1_307' title='bbox 1567 2341 1844 2397; x_wconf 83' lang='lat' dir='ltr'><strong>excitatio.</strong></span> 
     </span>
    </p>
   </div>
   <div class='ocr_carea' id='block_1_40' title="bbox 263 2427 1850 2497">
    <p class='ocr_par' dir='ltr' id='par_1_40' title="bbox 263 2427 1850 2497">
     <span class='ocr_line' id='line_1_40' title="bbox 263 2427 1850 2497; baseline 0.005 -18"><span class='ocrx_word' id='word_1_308' title='bbox 263 2428 398 2495; x_wconf 86' lang='lat' dir='ltr'><strong>Quia</strong></span> <span class='ocrx_word' id='word_1_309' title='bbox 426 2427 544 2483; x_wconf 64' lang='lat' dir='ltr'><strong>haec</strong></span> <span class='ocrx_word' id='word_1_310' title='bbox 591 2437 718 2484; x_wconf 91' lang='lat' dir='ltr'><strong>sunt</strong></span> <span class='ocrx_word' id='word_1_311' title='bbox 745 2444 875 2484; x_wconf 87' lang='lat' dir='ltr'><strong>vere</strong></span> <span class='ocrx_word' id='word_1_312' title='bbox 906 2439 1092 2484; x_wconf 84' lang='lat' dir='ltr'><strong>sancta</strong></span> <span class='ocrx_word' id='word_1_313' title='bbox 1122 2439 1170 2483; x_wconf 89' lang='lat' dir='ltr'><strong>et</strong></span> <span class='ocrx_word' id='word_1_314' title='bbox 1197 2429 1427 2496; x_wconf 83' lang='lat' dir='ltr'><strong>illibata,</strong></span> <span class='ocrx_word' id='word_1_315' title='bbox 1456 2431 1509 2486; x_wconf 89' lang='lat' dir='ltr'><strong>id</strong></span> <span class='ocrx_word' id='word_1_316' title='bbox 1550 2439 1655 2497; x_wconf 90' lang='lat' dir='ltr'><strong>est,</strong></span> <span class='ocrx_word' id='word_1_317' title='bbox 1681 2431 1850 2490; x_wconf 86' lang='lat' dir='ltr'><strong>invio-</strong></span> 
     </span>
    </p>
   </div>
   <div class='ocr_carea' id='block_1_41' title="bbox 264 2519 1848 2592">
    <p class='ocr_par' dir='ltr' id='par_1_41' title="bbox 264 2519 1848 2592">
     <span class='ocr_line' id='line_1_41' title="bbox 264 2519 1848 2592; baseline 0.004 -19"><span class='ocrx_word' id='word_1_318' title='bbox 264 2519 373 2574; x_wconf 88' lang='lat' dir='ltr'><strong>lata</strong></span> <span class='ocrx_word' id='word_1_319' title='bbox 411 2528 467 2575; x_wconf 93' lang='lat' dir='ltr'><strong>et</strong></span> <span class='ocrx_word' id='word_1_320' title='bbox 514 2521 938 2576; x_wconf 86' lang='lat' dir='ltr'><strong>incontaminata</strong></span> <span class='ocrx_word' id='word_1_321' title='bbox 981 2522 1273 2588; x_wconf 90' lang='lat' dir='ltr'><strong>sacriﬁcia,</strong></span> <span class='ocrx_word' id='word_1_322' title='bbox 1317 2539 1436 2592; x_wconf 73' lang='lat' dir='ltr'><strong>qua:</strong></span> <span class='ocrx_word' id='word_1_323' title='bbox 1462 2523 1517 2578; x_wconf 91' lang='lat' dir='ltr'><strong>in</strong></span> <span class='ocrx_word' id='word_1_324' title='bbox 1548 2523 1848 2579; x_wconf 90' lang='lat' dir='ltr'><strong>ministerio</strong></span> 
     </span>
    </p>
   </div>
   <div class='ocr_carea' id='block_1_42' title="bbox 263 2611 1843 2683">
    <p class='ocr_par' dir='ltr' id='par_1_42' title="bbox 263 2611 1843 2683">
     <span class='ocr_line' id='line_1_42' title="bbox 263 2611 1843 2683; baseline 0.003 -18"><span class='ocrx_word' id='word_1_325' title='bbox 263 2611 521 2668; x_wconf 86' lang='lat' dir='ltr'><strong>dominici</strong></span> <span class='ocrx_word' id='word_1_326' title='bbox 552 2613 795 2682; x_wconf 89' lang='lat' dir='ltr'><strong>corporis</strong></span> <span class='ocrx_word' id='word_1_327' title='bbox 832 2611 1138 2668; x_wconf 81' lang='lat' dir='ltr'><strong>oﬁ‘eruntur</strong></span> <span class='ocrx_word' id='word_1_328' title='bbox 1166 2633 1178 2668; x_wconf 89' lang='lat'><strong>:</strong></span> <span class='ocrx_word' id='word_1_329' title='bbox 1208 2614 1290 2670; x_wconf 82' lang='lat' dir='ltr'><strong>vel</strong></span> <span class='ocrx_word' id='word_1_330' title='bbox 1316 2614 1524 2669; x_wconf 75' lang='lat' dir='ltr'><strong>illibata</strong></span> <span class='ocrx_word' id='word_1_331' title='bbox 1565 2615 1843 2683; x_wconf 86' lang='lat' dir='ltr'><strong>dicuntur,</strong></span> 
     </span>
    </p>
   </div>
   <div class='ocr_carea' id='block_1_43' title="bbox 262 2703 1849 2778">
    <p class='ocr_par' dir='ltr' id='par_1_43' title="bbox 262 2703 1849 2778">
     <span class='ocr_line' id='line_1_43' title="bbox 262 2703 1849 2778; baseline 0.003 -20"><span class='ocrx_word' id='word_1_332' title='bbox 262 2703 316 2758; x_wconf 87' lang='lat' dir='ltr'><strong>id</strong></span> <span class='ocrx_word' id='word_1_333' title='bbox 342 2711 429 2758; x_wconf 90' lang='lat' dir='ltr'><strong>est</strong></span> <span class='ocrx_word' id='word_1_334' title='bbox 453 2743 469 2768; x_wconf 92' lang='lat'><strong>,</strong></span> <span class='ocrx_word' id='word_1_335' title='bbox 501 2718 606 2758; x_wconf 91' lang='lat' dir='ltr'><strong>non</strong></span> <span class='ocrx_word' id='word_1_336' title='bbox 635 2712 984 2774; x_wconf 75' lang='lat' dir='ltr'><strong>przegustata,</strong></span> <span class='ocrx_word' id='word_1_337' title='bbox 1015 2703 1113 2760; x_wconf 91' lang='lat' dir='ltr'><strong>sed</strong></span> <span class='ocrx_word' id='word_1_338' title='bbox 1154 2705 1364 2778; x_wconf 84' lang='lat' dir='ltr'><strong>integra</strong></span> <span class='ocrx_word' id='word_1_339' title='bbox 1410 2705 1584 2761; x_wconf 91' lang='lat' dir='ltr'><strong>adhuc</strong></span> <span class='ocrx_word' id='word_1_340' title='bbox 1627 2721 1849 2762; x_wconf 85' lang='lat' dir='ltr'><strong>manen-</strong></span> 
     </span>
    </p>
   </div>
   <div class='ocr_carea' id='block_1_44' title="bbox 261 2791 1847 2853">
    <p class='ocr_par' dir='ltr' id='par_1_44' title="bbox 261 2791 1847 2853">
     <span class='ocr_line' id='line_1_44' title="bbox 261 2791 1847 2853; baseline 0.004 -6"><span class='ocrx_word' id='word_1_341' title='bbox 261 2791 356 2847; x_wconf 90' lang='lat' dir='ltr'><strong>tia.</strong></span> <span class='ocrx_word' id='word_1_342' title='bbox 389 2791 585 2847; x_wconf 86' lang='lat' dir='ltr'><strong>Libarc</strong></span> <span class='ocrx_word' id='word_1_343' title='bbox 606 2792 751 2847; x_wconf 90' lang='lat' dir='ltr'><strong>enim</strong></span> <span class='ocrx_word' id='word_1_344' title='bbox 777 2793 879 2848; x_wconf 91' lang='lat' dir='ltr'><strong>sub</strong></span> <span class='ocrx_word' id='word_1_345' title='bbox 907 2808 1016 2848; x_wconf 91' lang='lat' dir='ltr'><strong>uno</strong></span> <span class='ocrx_word' id='word_1_346' title='bbox 1047 2809 1210 2850; x_wconf 90' lang='lat' dir='ltr'><strong>sensu</strong></span> <span class='ocrx_word' id='word_1_347' title='bbox 1238 2795 1437 2850; x_wconf 91' lang='lat' dir='ltr'><strong>dicitur</strong></span> <span class='ocrx_word' id='word_1_348' title='bbox 1459 2794 1703 2851; x_wconf 89' lang='lat' dir='ltr'><strong>fundere.</strong></span> <span class='ocrx_word' id='word_1_349' title='bbox 1735 2796 1847 2853; x_wconf 89' lang='lat' dir='ltr'><strong>Un-</strong></span> 
     </span>
    </p>
   </div>
   <div class='ocr_carea' id='block_1_45' title="bbox 261 2882 1843 2960">
    <p class='ocr_par' dir='ltr' id='par_1_45' title="bbox 261 2882 1843 2960">
     <span class='ocr_line' id='line_1_45' title="bbox 261 2882 1843 2960; baseline 0.003 -23"><span class='ocrx_word' id='word_1_350' title='bbox 261 2883 329 2937; x_wconf 89' lang='lat' dir='ltr'><strong>de</strong></span> <span class='ocrx_word' id='word_1_351' title='bbox 359 2882 612 2952; x_wconf 79' lang='lat' dir='ltr'><strong>legimus,</strong></span> <span class='ocrx_word' id='word_1_352' title='bbox 663 2883 806 2954; x_wconf 90' lang='lat' dir='ltr'><strong>quod</strong></span> <span class='ocrx_word' id='word_1_353' title='bbox 853 2884 1023 2939; x_wconf 84' lang='lat' dir='ltr'><strong>David</strong></span> <span class='ocrx_word' id='word_1_354' title='bbox 1055 2884 1244 2940; x_wconf 86' lang='lat' dir='ltr'><strong>libavit</strong></span> <span class='ocrx_word' id='word_1_355' title='bbox 1271 2901 1467 2956; x_wconf 85' lang='lat' dir='ltr'><strong>aquam</strong></span> <span class='ocrx_word' id='word_1_356' title='bbox 1497 2887 1725 2942; x_wconf 89' lang='lat' dir='ltr'><strong>Domino</strong></span> <span class='ocrx_word' id='word_1_357' title='bbox 1755 2887 1843 2960; x_wconf 86' lang='grc'><strong>(11</strong></span> 
     </span>
    </p>
   </div>
   <div class='ocr_carea' id='block_1_46' title="bbox 262 2972 1846 3044">
    <p class='ocr_par' dir='ltr' id='par_1_46' title="bbox 262 2972 1846 3044">
     <span class='ocr_line' id='line_1_46' title="bbox 262 2972 1846 3044; baseline 0.005 -17"><span class='ocrx_word' id='word_1_358' title='bbox 262 2972 388 3044; x_wconf 85' lang='lat' dir='ltr'><strong>Reg.</strong></span> <span class='ocrx_word' id='word_1_359' title='bbox 417 2989 576 3038; x_wconf 78' lang='lat' dir='ltr'><strong>xxiii,</strong></span> <span class='ocrx_word' id='word_1_360' title='bbox 613 2974 703 3044; x_wconf 87' lang='grc'><strong>16)</strong></span> <span class='ocrx_word' id='word_1_361' title='bbox 734 2974 839 3030; x_wconf 87' lang='lat' dir='ltr'><strong>sibi</strong></span> <span class='ocrx_word' id='word_1_362' title='bbox 873 2974 1131 3041; x_wconf 89' lang='lat' dir='ltr'><strong>oblatam,</strong></span> <span class='ocrx_word' id='word_1_363' title='bbox 1159 2976 1212 3030; x_wconf 86' lang='lat' dir='ltr'><strong>id</strong></span> <span class='ocrx_word' id='word_1_364' title='bbox 1237 2985 1343 3042; x_wconf 91' lang='lat' dir='ltr'><strong>est,</strong></span> <span class='ocrx_word' id='word_1_365' title='bbox 1383 2975 1543 3032; x_wconf 86' lang='lat' dir='ltr'><strong>fudit.</strong></span> <span class='ocrx_word' id='word_1_366' title='bbox 1579 2976 1693 3034; x_wconf 90' lang='lat' dir='ltr'><strong>Sub</strong></span> <span class='ocrx_word' id='word_1_367' title='bbox 1735 2978 1846 3036; x_wconf 88' lang='lat' dir='ltr'><strong>alio</strong></span> 
     </span>
    </p>
   </div>
   <div class='ocr_carea' id='block_1_47' title="bbox 261 3065 1842 3143">
    <p class='ocr_par' dir='ltr' id='par_1_47' title="bbox 261 3065 1842 3143">
     <span class='ocr_line' id='line_1_47' title="bbox 261 3065 1842 3143; baseline 0.008 -25"><span class='ocrx_word' id='word_1_368' title='bbox 261 3078 424 3120; x_wconf 88' lang='lat' dir='ltr'><strong>sensu</strong></span> <span class='ocrx_word' id='word_1_369' title='bbox 455 3065 653 3121; x_wconf 90' lang='lat' dir='ltr'><strong>dicitur</strong></span> <span class='ocrx_word' id='word_1_370' title='bbox 682 3065 868 3130; x_wconf 89' lang='lat' dir='ltr'><strong>libare,</strong></span> <span class='ocrx_word' id='word_1_371' title='bbox 900 3076 1119 3136; x_wconf 81' lang='lat' dir='ltr'><strong>gustare</strong></span> <span class='ocrx_word' id='word_1_372' title='bbox 1148 3085 1160 3121; x_wconf 89' lang='lat'><strong>:</strong></span> <span class='ocrx_word' id='word_1_373' title='bbox 1190 3069 1332 3125; x_wconf 85' lang='lat' dir='ltr'><strong>unde</strong></span> <span class='ocrx_word' id='word_1_374' title='bbox 1357 3077 1411 3124; x_wconf 88' lang='lat' dir='ltr'><strong>et</strong></span> <span class='ocrx_word' id='word_1_375' title='bbox 1448 3070 1724 3143; x_wconf 70' lang='lat' dir='ltr'><strong>prmlibata</strong></span> <span class='ocrx_word' id='word_1_376' title='bbox 1752 3088 1842 3130; x_wconf 85' lang='lat' dir='ltr'><strong>res</strong></span> 
     </span>
    </p>
   </div>
   <div class='ocr_carea' id='block_1_48' title="bbox 260 3154 843 3226">
    <p class='ocr_par' dir='ltr' id='par_1_48' title="bbox 260 3154 843 3226">
     <span class='ocr_line' id='line_1_48' title="bbox 260 3154 843 3226; baseline 0.002 -17"><span class='ocrx_word' id='word_1_377' title='bbox 260 3154 366 3209; x_wconf 88' lang='lat' dir='ltr'><strong>dici</strong></span> <span class='ocrx_word' id='word_1_378' title='bbox 376 3163 462 3209; x_wconf 90' lang='lat' dir='ltr'><strong>tur</strong></span> <span class='ocrx_word' id='word_1_379' title='bbox 493 3162 843 3226; x_wconf 76' lang='lat' dir='ltr'><strong>prtegustata.</strong></span> 
     </span>
    </p>
   </div>
   <div class='ocr_carea' id='block_1_49' title="bbox 331 3261 1848 3340">
    <p class='ocr_par' dir='ltr' id='par_1_49' title="bbox 331 3261 1848 3340">
     <span class='ocr_line' id='line_1_49' title="bbox 331 3261 1848 3340; baseline 0.007 -24"><span class='ocrx_word' id='word_1_380' title='bbox 331 3261 587 3318; x_wconf 80' lang='lat' dir='ltr'><strong>Reddidit</strong></span> <span class='ocrx_word' id='word_1_381' title='bbox 613 3272 795 3320; x_wconf 89' lang='lat' dir='ltr'><strong>autem</strong></span> <span class='ocrx_word' id='word_1_382' title='bbox 818 3280 1038 3321; x_wconf 89' lang='lat' dir='ltr'><strong>causam</strong></span> <span class='ocrx_word' id='word_1_383' title='bbox 1078 3268 1357 3334; x_wconf 89' lang='lat' dir='ltr'><strong>sacerdos,</strong></span> <span class='ocrx_word' id='word_1_384' title='bbox 1385 3285 1484 3340; x_wconf 89' lang='lat' dir='ltr'><strong>pro</strong></span> <span class='ocrx_word' id='word_1_385' title='bbox 1510 3286 1614 3340; x_wconf 89' lang='lat' dir='ltr'><strong>qua</strong></span> <span class='ocrx_word' id='word_1_386' title='bbox 1654 3271 1740 3326; x_wconf 87' lang='lat' dir='ltr'><strong>illa</strong></span> <span class='ocrx_word' id='word_1_387' title='bbox 1766 3271 1848 3329; x_wconf 83' lang='lat' dir='ltr'><strong>of-</strong></span> 
     </span>
    </p>
   </div>
   <div class='ocr_carea' id='block_1_50' title="bbox 258 3353 1846 3435">
    <p class='ocr_par' dir='ltr' id='par_1_50' title="bbox 258 3353 1846 3435">
     <span class='ocr_line' id='line_1_50' title="bbox 258 3353 1846 3435; baseline 0.006 -27"><span class='ocrx_word' id='word_1_388' title='bbox 258 3353 702 3422; x_wconf 83' lang='lat' dir='ltr'><strong>feratsacriﬁcia,</strong></span> <span class='ocrx_word' id='word_1_389' title='bbox 730 3366 787 3412; x_wconf 92' lang='lat' dir='ltr'><strong>et</strong></span> <span class='ocrx_word' id='word_1_390' title='bbox 807 3357 939 3413; x_wconf 89' lang='lat' dir='ltr'><strong>dicit</strong></span> <span class='ocrx_word' id='word_1_391' title='bbox 968 3373 1030 3413; x_wconf 92' lang='lat' dir='ltr'><strong>se</strong></span> <span class='ocrx_word' id='word_1_392' title='bbox 1053 3360 1109 3412; x_wconf 88' lang='lat' dir='ltr'><strong>in</strong></span> <span class='ocrx_word' id='word_1_393' title='bbox 1131 3360 1338 3428; x_wconf 80' lang='lat' dir='ltr'><strong>primis,</strong></span> <span class='ocrx_word' id='word_1_394' title='bbox 1369 3361 1424 3416; x_wconf 93' lang='lat' dir='ltr'><strong>id</strong></span> <span class='ocrx_word' id='word_1_395' title='bbox 1445 3369 1552 3422; x_wconf 91' lang='lat' dir='ltr'><strong>est.</strong></span> <span class='ocrx_word' id='word_1_396' title='bbox 1573 3363 1846 3435; x_wconf 86' lang='lat' dir='ltr'><strong>principa-</strong></span> 
     </span>
    </p>
   </div>
   <div class='ocr_carea' id='block_1_51' title="bbox 257 3443 1842 3517">
    <p class='ocr_par' dir='ltr' id='par_1_51' title="bbox 257 3443 1842 3517">
     <span class='ocr_line' id='line_1_51' title="bbox 257 3443 1842 3517; baseline 0.008 -20"><span class='ocrx_word' id='word_1_397' title='bbox 257 3443 384 3500; x_wconf 89' lang='lat' dir='ltr'><strong>liter</strong></span> <span class='ocrx_word' id='word_1_398' title='bbox 400 3462 494 3517; x_wconf 87' lang='lat' dir='ltr'><strong>pro</strong></span> <span class='ocrx_word' id='word_1_399' title='bbox 510 3446 748 3502; x_wconf 83' lang='lat' dir='ltr'><strong>Ecclesia</strong></span> <span class='ocrx_word' id='word_1_400' title='bbox 765 3449 1046 3514; x_wconf 72' lang='lat' dir='ltr'><strong>catholica,</strong></span> <span class='ocrx_word' id='word_1_401' title='bbox 1066 3449 1119 3504; x_wconf 92' lang='lat' dir='ltr'><strong>id</strong></span> <span class='ocrx_word' id='word_1_402' title='bbox 1139 3458 1239 3514; x_wconf 88' lang='lat' dir='ltr'><strong>est,</strong></span> <span class='ocrx_word' id='word_1_403' title='bbox 1259 3452 1570 3507; x_wconf 85' lang='lat' dir='ltr'><strong>universali.</strong></span> <span class='ocrx_word' id='word_1_404' title='bbox 1589 3452 1682 3508; x_wconf 89' lang='lat' dir='ltr'><strong>Sic</strong></span> <span class='ocrx_word' id='word_1_405' title='bbox 1695 3455 1842 3509; x_wconf 88' lang='lat' dir='ltr'><strong>enim</strong></span> 
     </span>
    </p>
   </div>
   <div class='ocr_carea' id='block_1_52' title="bbox 255 3535 1844 3614">
    <p class='ocr_par' dir='ltr' id='par_1_52' title="bbox 255 3535 1844 3614">
     <span class='ocr_line' id='line_1_52' title="bbox 255 3535 1844 3614; baseline 0.007 -25"><span class='ocrx_word' id='word_1_406' title='bbox 255 3535 474 3607; x_wconf 87' lang='lat' dir='ltr'><strong>dignum</strong></span> <span class='ocrx_word' id='word_1_407' title='bbox 497 3536 617 3601; x_wconf 87' lang='lat' dir='ltr'><strong>fuit,</strong></span> <span class='ocrx_word' id='word_1_408' title='bbox 645 3546 702 3592; x_wconf 91' lang='lat' dir='ltr'><strong>ut</strong></span> <span class='ocrx_word' id='word_1_409' title='bbox 729 3539 987 3610; x_wconf 89' lang='lat' dir='ltr'><strong>inciperet</strong></span> <span class='ocrx_word' id='word_1_410' title='bbox 1007 3549 1194 3596; x_wconf 79' lang='lat' dir='ltr'><strong>sancta</strong></span> <span class='ocrx_word' id='word_1_411' title='bbox 1229 3541 1452 3608; x_wconf 88' lang='lat' dir='ltr'><strong>oblatio,</strong></span> <span class='ocrx_word' id='word_1_412' title='bbox 1477 3543 1726 3599; x_wconf 87' lang='lat' dir='ltr'><strong>videlicet</strong></span> <span class='ocrx_word' id='word_1_413' title='bbox 1746 3559 1844 3614; x_wconf 88' lang='lat' dir='ltr'><strong>pro</strong></span> 
     </span>
    </p>
   </div>
   <div class='ocr_carea' id='block_1_53' title="bbox 257 3628 1844 3708">
    <p class='ocr_par' dir='ltr' id='par_1_53' title="bbox 257 3628 1844 3708">
     <span class='ocr_line' id='line_1_53' title="bbox 257 3628 1844 3708; baseline 0.007 -25"><span class='ocrx_word' id='word_1_414' title='bbox 257 3628 495 3683; x_wconf 87' lang='lat' dir='ltr'><strong>Ecclesia</strong></span> <span class='ocrx_word' id='word_1_415' title='bbox 524 3630 616 3685; x_wconf 90' lang='lat' dir='ltr'><strong>Dei</strong></span> <span class='ocrx_word' id='word_1_416' title='bbox 634 3638 746 3685; x_wconf 92' lang='lat' dir='ltr'><strong>toto</strong></span> <span class='ocrx_word' id='word_1_417' title='bbox 765 3632 898 3686; x_wconf 90' lang='lat' dir='ltr'><strong>orbe</strong></span> <span class='ocrx_word' id='word_1_418' title='bbox 921 3631 1133 3698; x_wconf 82' lang='lat' dir='ltr'><strong>diffusa,</strong></span> <span class='ocrx_word' id='word_1_419' title='bbox 1161 3649 1280 3702; x_wconf 67' lang='lat' dir='ltr'><strong>quae</strong></span> <span class='ocrx_word' id='word_1_420' title='bbox 1293 3647 1376 3690; x_wconf 89' lang='lat' dir='ltr'><strong>est</strong></span> <span class='ocrx_word' id='word_1_421' title='bbox 1394 3637 1555 3692; x_wconf 89' lang='lat' dir='ltr'><strong>unico</strong></span> <span class='ocrx_word' id='word_1_422' title='bbox 1581 3639 1844 3708; x_wconf 86' lang='lat' dir='ltr'><strong>sanguine</strong></span> 
     </span>
    </p>
   </div>
   <div class='ocr_carea' id='block_1_54' title="bbox 257 3719 1841 3796">
    <p class='ocr_par' dir='ltr' id='par_1_54' title="bbox 257 3719 1841 3796">
     <span class='ocr_line' id='line_1_54' title="bbox 257 3719 1841 3796; baseline 0.006 -23"><span class='ocrx_word' id='word_1_423' title='bbox 257 3719 471 3774; x_wconf 86' lang='lat' dir='ltr'><strong>Domini</strong></span> <span class='ocrx_word' id='word_1_424' title='bbox 491 3720 786 3789; x_wconf 82' lang='lat' dir='ltr'><strong>redempta.</strong></span> <span class='ocrx_word' id='word_1_425' title='bbox 806 3720 979 3786; x_wconf 79' lang='lat' dir='ltr'><strong>Quam</strong></span> <span class='ocrx_word' id='word_1_426' title='bbox 1001 3723 1284 3792; x_wconf 84' lang='lat' dir='ltr'><strong>paciﬁcare</strong></span> <span class='ocrx_word' id='word_1_427' title='bbox 1302 3725 1552 3794; x_wconf 80' lang='lat' dir='ltr'><strong>digneris,</strong></span> <span class='ocrx_word' id='word_1_428' title='bbox 1573 3735 1632 3780; x_wconf 90' lang='lat' dir='ltr'><strong>ut</strong></span> <span class='ocrx_word' id='word_1_429' title='bbox 1651 3743 1841 3796; x_wconf 87' lang='lat' dir='ltr'><strong>pacem</strong></span> 
     </span>
    </p>
   </div>
   <div class='ocr_carea' id='block_1_55' title="bbox 257 3810 1844 3886">
    <p class='ocr_par' dir='ltr' id='par_1_55' title="bbox 257 3810 1844 3886">
     <span class='ocr_line' id='line_1_55' title="bbox 257 3810 1844 3886; baseline 0.006 -22"><span class='ocrx_word' id='word_1_430' title='bbox 257 3811 458 3864; x_wconf 85' lang='lat' dir='ltr'><strong>habeat</strong></span> <span class='ocrx_word' id='word_1_431' title='bbox 480 3810 548 3864; x_wconf 90' lang='lat' dir='ltr'><strong>ab</strong></span> <span class='ocrx_word' id='word_1_432' title='bbox 578 3811 850 3866; x_wconf 67' lang='lat' dir='ltr'><strong>hazreticis</strong></span> <span class='ocrx_word' id='word_1_433' title='bbox 885 3819 942 3865; x_wconf 93' lang='lat' dir='ltr'><strong>et</strong></span> <span class='ocrx_word' id='word_1_434' title='bbox 987 3813 1250 3882; x_wconf 88' lang='lat' dir='ltr'><strong>paganis;</strong></span> <span class='ocrx_word' id='word_1_435' title='bbox 1282 3814 1540 3880; x_wconf 83' lang='lat' dir='ltr'><strong>adunare,</strong></span> <span class='ocrx_word' id='word_1_436' title='bbox 1571 3832 1690 3886; x_wconf 68' lang='lat' dir='ltr'><strong>qua:</strong></span> <span class='ocrx_word' id='word_1_437' title='bbox 1735 3820 1844 3874; x_wconf 87' lang='lat' dir='ltr'><strong>dis-</strong></span> 
     </span>
    </p>
   </div>
   <div class='ocr_carea' id='block_1_56' title="bbox 256 3902 1841 3975">
    <p class='ocr_par' dir='ltr' id='par_1_56' title="bbox 256 3902 1841 3975">
     <span class='ocr_line' id='line_1_56' title="bbox 256 3902 1841 3975; baseline 0.004 -19"><span class='ocrx_word' id='word_1_438' title='bbox 256 3916 414 3970; x_wconf 83' lang='lat' dir='ltr'><strong>persa</strong></span> <span class='ocrx_word' id='word_1_439' title='bbox 465 3908 551 3956; x_wconf 93' lang='lat' dir='ltr'><strong>est</strong></span> <span class='ocrx_word' id='word_1_440' title='bbox 572 3915 670 3970; x_wconf 91' lang='lat' dir='ltr'><strong>per</strong></span> <span class='ocrx_word' id='word_1_441' title='bbox 711 3916 953 3973; x_wconf 85' lang='lat' dir='ltr'><strong>paganos</strong></span> <span class='ocrx_word' id='word_1_442' title='bbox 981 3911 1037 3957; x_wconf 87' lang='lat' dir='ltr'><strong>et</strong></span> <span class='ocrx_word' id='word_1_443' title='bbox 1070 3902 1450 3958; x_wconf 72' lang='lat' dir='ltr'><strong>haereticorum</strong></span> <span class='ocrx_word' id='word_1_444' title='bbox 1479 3905 1750 3975; x_wconf 84' lang='lat' dir='ltr'><strong>dogmata.</strong></span> <span class='ocrx_word' id='word_1_445' title='bbox 1783 3908 1841 3963; x_wconf 90' lang='lat' dir='ltr'><strong>ld</strong></span> 
     </span>
    </p>
   </div>
   <div class='ocr_carea' id='block_1_57' title="bbox 257 3991 1836 4066">
    <p class='ocr_par' dir='ltr' id='par_1_57' title="bbox 257 3991 1836 4066">
     <span class='ocr_line' id='line_1_57' title="bbox 257 3991 1836 4066; baseline 0.004 -21"><span class='ocrx_word' id='word_1_446' title='bbox 257 3992 433 4062; x_wconf 76' lang='lat' dir='ltr'><strong>ipsum</strong></span> <span class='ocrx_word' id='word_1_447' title='bbox 451 3999 633 4046; x_wconf 84' lang='lat' dir='ltr'><strong>autem</strong></span> <span class='ocrx_word' id='word_1_448' title='bbox 667 3991 877 4046; x_wconf 86' lang='lat' dir='ltr'><strong>videtur</strong></span> <span class='ocrx_word' id='word_1_449' title='bbox 911 4006 1032 4047; x_wconf 89' lang='lat' dir='ltr'><strong>esse</strong></span> <span class='ocrx_word' id='word_1_450' title='bbox 1053 3993 1317 4060; x_wconf 88' lang='lat' dir='ltr'><strong>adunare,</strong></span> <span class='ocrx_word' id='word_1_451' title='bbox 1343 3995 1486 4063; x_wconf 91' lang='lat' dir='ltr'><strong>quod</strong></span> <span class='ocrx_word' id='word_1_452' title='bbox 1509 3995 1836 4066; x_wconf 88' lang='lat' dir='ltr'><strong>paciﬁcare:</strong></span> 
     </span>
    </p>
   </div>
   <div class='ocr_carea' id='block_1_58' title="bbox 259 4082 1843 4156">
    <p class='ocr_par' dir='ltr' id='par_1_58' title="bbox 259 4082 1843 4156">
     <span class='ocr_line' id='line_1_58' title="bbox 259 4082 1843 4156; baseline 0.004 -19"><span class='ocrx_word' id='word_1_453' title='bbox 259 4083 312 4137; x_wconf 91' lang='lat' dir='ltr'><strong>id</strong></span> <span class='ocrx_word' id='word_1_454' title='bbox 338 4082 516 4153; x_wconf 88' lang='lat' dir='ltr'><strong>ipsum</strong></span> <span class='ocrx_word' id='word_1_455' title='bbox 542 4083 840 4147; x_wconf 88' lang='lat' dir='ltr'><strong>custodire,</strong></span> <span class='ocrx_word' id='word_1_456' title='bbox 863 4083 1008 4154; x_wconf 88' lang='lat' dir='ltr'><strong>quod</strong></span> <span class='ocrx_word' id='word_1_457' title='bbox 1032 4091 1089 4138; x_wconf 84' lang='lat' dir='ltr'><strong>et</strong></span> <span class='ocrx_word' id='word_1_458' title='bbox 1115 4100 1310 4156; x_wconf 79' lang='lat' dir='ltr'><strong>regere.</strong></span> <span class='ocrx_word' id='word_1_459' title='bbox 1335 4085 1681 4143; x_wconf 86' lang='lat' dir='ltr'><strong>Paciﬁcando</strong></span> <span class='ocrx_word' id='word_1_460' title='bbox 1695 4103 1843 4144; x_wconf 87' lang='lat' dir='ltr'><strong>nam-</strong></span> 
     </span>
    </p>
   </div>
   <div class='ocr_carea' id='block_1_59' title="bbox 253 4173 1841 4252">
    <p class='ocr_par' dir='ltr' id='par_1_59' title="bbox 253 4173 1841 4252">
     <span class='ocr_line' id='line_1_59' title="bbox 253 4173 1841 4252; baseline 0.006 -24"><span class='ocrx_word' id='word_1_461' title='bbox 253 4188 363 4243; x_wconf 86' lang='lat' dir='ltr'><strong>que</strong></span> <span class='ocrx_word' id='word_1_462' title='bbox 385 4173 607 4240; x_wconf 81' lang='lat' dir='ltr'><strong>adunat,</strong></span> <span class='ocrx_word' id='word_1_463' title='bbox 630 4189 755 4230; x_wconf 88' lang='lat' dir='ltr'><strong>cum</strong></span> <span class='ocrx_word' id='word_1_464' title='bbox 778 4176 1022 4231; x_wconf 86' lang='lat' dir='ltr'><strong>omnium</strong></span> <span class='ocrx_word' id='word_1_465' title='bbox 1046 4177 1285 4233; x_wconf 89' lang='lat' dir='ltr'><strong>ﬁdelium</strong></span> <span class='ocrx_word' id='word_1_466' title='bbox 1314 4179 1480 4235; x_wconf 88' lang='lat' dir='ltr'><strong>corda</strong></span> <span class='ocrx_word' id='word_1_467' title='bbox 1508 4180 1562 4234; x_wconf 92' lang='lat' dir='ltr'><strong>in</strong></span> <span class='ocrx_word' id='word_1_468' title='bbox 1592 4197 1689 4236; x_wconf 87' lang='lat' dir='ltr'><strong>sua</strong></span> <span class='ocrx_word' id='word_1_469' title='bbox 1709 4197 1841 4252; x_wconf 88' lang='lat' dir='ltr'><strong>pace</strong></span> 
     </span>
    </p>
   </div>
   <div class='ocr_carea' id='block_1_60' title="bbox 257 4265 1840 4336">
    <p class='ocr_par' dir='ltr' id='par_1_60' title="bbox 257 4265 1840 4336">
     <span class='ocr_line' id='line_1_60' title="bbox 257 4265 1840 4336; baseline 0.004 -16"><span class='ocrx_word' id='word_1_470' title='bbox 257 4265 557 4336; x_wconf 83' lang='lat' dir='ltr'><strong>coniungit,</strong></span> <span class='ocrx_word' id='word_1_471' title='bbox 587 4280 708 4320; x_wconf 88' lang='lat' dir='ltr'><strong>cum</strong></span> <span class='ocrx_word' id='word_1_472' title='bbox 734 4265 979 4320; x_wconf 88' lang='lat' dir='ltr'><strong>omnium</strong></span> <span class='ocrx_word' id='word_1_473' title='bbox 1008 4265 1248 4322; x_wconf 87' lang='lat' dir='ltr'><strong>ﬁdelium</strong></span> <span class='ocrx_word' id='word_1_474' title='bbox 1297 4276 1508 4324; x_wconf 87' lang='lat' dir='ltr'><strong>mentes</strong></span> <span class='ocrx_word' id='word_1_475' title='bbox 1537 4269 1699 4326; x_wconf 88' lang='lat' dir='ltr'><strong>unius</strong></span> <span class='ocrx_word' id='word_1_476' title='bbox 1735 4271 1840 4326; x_wconf 83' lang='lat' dir='ltr'><strong>efﬁ-</strong></span> 
     </span>
    </p>
   </div>
   <div class='ocr_carea' id='block_1_61' title="bbox 255 4355 1841 4431">
    <p class='ocr_par' dir='ltr' id='par_1_61' title="bbox 255 4355 1841 4431">
     <span class='ocr_line' id='line_1_61' title="bbox 255 4355 1841 4431; baseline 0.006 -22"><span class='ocrx_word' id='word_1_477' title='bbox 255 4355 334 4410; x_wconf 87' lang='lat' dir='ltr'><strong>cit</strong></span> <span class='ocrx_word' id='word_1_478' title='bbox 357 4355 670 4422; x_wconf 87' lang='lat' dir='ltr'><strong>voluntatis,</strong></span> <span class='ocrx_word' id='word_1_479' title='bbox 716 4355 911 4413; x_wconf 69' lang='lat' dir='ltr'><strong>diﬁ‘usa</strong></span> <span class='ocrx_word' id='word_1_480' title='bbox 933 4358 1202 4414; x_wconf 87' lang='lat' dir='ltr'><strong>charitate</strong></span> <span class='ocrx_word' id='word_1_481' title='bbox 1245 4374 1342 4430; x_wconf 88' lang='lat' dir='ltr'><strong>per</strong></span> <span class='ocrx_word' id='word_1_482' title='bbox 1385 4359 1648 4431; x_wconf 86' lang='lat' dir='ltr'><strong>Spiritum</strong></span> <span class='ocrx_word' id='word_1_483' title='bbox 1687 4377 1841 4418; x_wconf 85' lang='lat' dir='ltr'><strong>sanc-</strong></span> 
     </span>
    </p>
   </div>
   <div class='ocr_carea' id='block_1_62' title="bbox 259 4447 1837 4525">
    <p class='ocr_par' dir='ltr' id='par_1_62' title="bbox 259 4447 1837 4525">
     <span class='ocr_line' id='line_1_62' title="bbox 259 4447 1837 4525; baseline 0.006 -25"><span class='ocrx_word' id='word_1_484' title='bbox 259 4455 370 4500; x_wconf 90' lang='lat' dir='ltr'><strong>tum</strong></span> <span class='ocrx_word' id='word_1_485' title='bbox 399 4464 412 4500; x_wconf 90' lang='lat'><strong>:</strong></span> <span class='ocrx_word' id='word_1_486' title='bbox 441 4447 795 4504; x_wconf 90' lang='lat' dir='ltr'><strong>custodiendo</strong></span> <span class='ocrx_word' id='word_1_487' title='bbox 845 4449 1006 4521; x_wconf 89' lang='lat' dir='ltr'><strong>regit,</strong></span> <span class='ocrx_word' id='word_1_488' title='bbox 1036 4465 1162 4506; x_wconf 90' lang='lat' dir='ltr'><strong>eum</strong></span> <span class='ocrx_word' id='word_1_489' title='bbox 1205 4452 1348 4508; x_wconf 91' lang='lat' dir='ltr'><strong>inter</strong></span> <span class='ocrx_word' id='word_1_490' title='bbox 1377 4453 1560 4508; x_wconf 87' lang='lat' dir='ltr'><strong>omnia</strong></span> <span class='ocrx_word' id='word_1_491' title='bbox 1599 4455 1837 4525; x_wconf 89' lang='lat' dir='ltr'><strong>pericula</strong></span> 
     </span>
    </p>
   </div>
   <div class='ocr_carea' id='block_1_63' title="bbox 249 4535 1818 4615">
    <p class='ocr_par' dir='ltr' id='par_1_63' title="bbox 249 4535 1818 4615">
     <span class='ocr_line' id='line_1_63' title="bbox 249 4535 1818 4615; baseline 0.007 -25"><span class='ocrx_word' id='word_1_492' title='bbox 249 4535 551 4594; x_wconf 76' lang='lat' dir='ltr'><strong>dementer</strong></span> <span class='ocrx_word' id='word_1_493' title='bbox 597 4552 720 4594; x_wconf 89' lang='lat' dir='ltr'><strong>eam</strong></span> <span class='ocrx_word' id='word_1_494' title='bbox 774 4539 1042 4609; x_wconf 86' lang='lat' dir='ltr'><strong>gubernat</strong></span> <span class='ocrx_word' id='word_1_495' title='bbox 1072 4548 1129 4596; x_wconf 91' lang='lat' dir='ltr'><strong>et</strong></span> <span class='ocrx_word' id='word_1_496' title='bbox 1157 4541 1318 4613; x_wconf 88' lang='lat' dir='ltr'><strong>regit.</strong></span> <span class='ocrx_word' id='word_1_497' title='bbox 1369 4540 1524 4610; x_wconf 85' lang='lat' dir='ltr'><strong>Quod</strong></span> <span class='ocrx_word' id='word_1_498' title='bbox 1550 4559 1684 4600; x_wconf 90' lang='lat' dir='ltr'><strong>vero</strong></span> <span class='ocrx_word' id='word_1_499' title='bbox 1719 4559 1818 4615; x_wconf 84' lang='lat' dir='ltr'><strong>pos</strong></span> 
     </span>
    </p>
   </div>
   <div class='ocr_carea' id='block_1_64' title="bbox 253 4629 1832 4709">
    <p class='ocr_par' dir='ltr' id='par_1_64' title="bbox 253 4629 1832 4709">
     <span class='ocr_line' id='line_1_64' title="bbox 253 4629 1832 4709; baseline 0.006 -25"><span class='ocrx_word' id='word_1_500' title='bbox 253 4629 562 4699; x_wconf 86' lang='lat' dir='ltr'><strong>generalem</strong></span> <span class='ocrx_word' id='word_1_501' title='bbox 609 4630 865 4688; x_wconf 70' lang='lat' dir='ltr'><strong>Ecclesiae</strong></span> <span class='ocrx_word' id='word_1_502' title='bbox 891 4633 1421 4691; x_wconf 82' lang='lat' dir='ltr'><strong>commendationem</strong></span> <span class='ocrx_word' id='word_1_503' title='bbox 1475 4636 1832 4709; x_wconf 88' lang='lat' dir='ltr'><strong>adiungitur:</strong></span> 
     </span>
    </p>
   </div>
   <div class='ocr_carea' id='block_1_65' title="bbox 255 4716 1838 4801">
    <p class='ocr_par' dir='ltr' id='par_1_65' title="bbox 255 4716 1838 4801">
     <span class='ocr_line' id='line_1_65' title="bbox 255 4716 1838 4801; baseline 0.009 -29"><span class='ocrx_word' id='word_1_504' title='bbox 255 4716 378 4774; x_wconf 76' lang='lat' dir='ltr'><strong>Una</strong></span> <span class='ocrx_word' id='word_1_505' title='bbox 397 4737 518 4776; x_wconf 81' lang='lat' dir='ltr'><strong>cum</strong></span> <span class='ocrx_word' id='word_1_506' title='bbox 543 4721 746 4792; x_wconf 79' lang='lat' dir='ltr'><strong>[amulo</strong></span> <span class='ocrx_word' id='word_1_507' title='bbox 775 4732 866 4777; x_wconf 88' lang='lat' dir='ltr'><strong>tuo</strong></span> <span class='ocrx_word' id='word_1_508' title='bbox 887 4741 1026 4796; x_wconf 87' lang='lat' dir='ltr'><strong>papa</strong></span> <span class='ocrx_word' id='word_1_509' title='bbox 1057 4733 1258 4791; x_wconf 78' lang='lat' dir='ltr'><strong>nostra,</strong></span> <span class='ocrx_word' id='word_1_510' title='bbox 1290 4727 1458 4801; x_wconf 81' lang='lat' dir='ltr'><strong>ipsius</strong></span> <span class='ocrx_word' id='word_1_511' title='bbox 1482 4727 1838 4786; x_wconf 85' lang='lat' dir='ltr'><strong>ecclesiastici</strong></span> 
     </span>
    </p>
   </div>
   <div class='ocr_carea' id='block_1_66' title="bbox 254 4813 1841 4894">
    <p class='ocr_par' dir='ltr' id='par_1_66' title="bbox 254 4813 1841 4894">
     <span class='ocr_line' id='line_1_66' title="bbox 254 4813 1841 4894; baseline 0.007 -26"><span class='ocrx_word' id='word_1_512' title='bbox 254 4813 501 4884; x_wconf 87' lang='lat' dir='ltr'><strong>corporis</strong></span> <span class='ocrx_word' id='word_1_513' title='bbox 535 4817 718 4870; x_wconf 88' lang='lat' dir='ltr'><strong>unitas</strong></span> <span class='ocrx_word' id='word_1_514' title='bbox 755 4814 951 4873; x_wconf 87' lang='lat' dir='ltr'><strong>fortius</strong></span> <span class='ocrx_word' id='word_1_515' title='bbox 995 4820 1446 4876; x_wconf 87' lang='lat' dir='ltr'><strong>commendatur:</strong></span> <span class='ocrx_word' id='word_1_516' title='bbox 1476 4822 1604 4890; x_wconf 88' lang='lat' dir='ltr'><strong>quia</strong></span> <span class='ocrx_word' id='word_1_517' title='bbox 1632 4822 1841 4894; x_wconf 51' lang='lat' dir='ltr'><strong>religio.</strong></span> 
     </span>
    </p>
   </div>
   <div class='ocr_carea' id='block_1_67' title="bbox 253 4904 1840 4978">
    <p class='ocr_par' dir='ltr' id='par_1_67' title="bbox 253 4904 1840 4978">
     <span class='ocr_line' id='line_1_67' title="bbox 253 4904 1840 4978; baseline 0.008 -18"><span class='ocrx_word' id='word_1_518' title='bbox 253 4904 342 4960; x_wconf 88' lang='lat' dir='ltr'><strong>nis</strong></span> <span class='ocrx_word' id='word_1_519' title='bbox 377 4905 582 4961; x_wconf 87' lang='lat' dir='ltr'><strong>cultum</strong></span> <span class='ocrx_word' id='word_1_520' title='bbox 611 4906 691 4963; x_wconf 87' lang='lat' dir='ltr'><strong>sic</strong></span> <span class='ocrx_word' id='word_1_521' title='bbox 725 4906 990 4964; x_wconf 80' lang='lat' dir='ltr'><strong>Dominus</strong></span> <span class='ocrx_word' id='word_1_522' title='bbox 1027 4910 1280 4978; x_wconf 86' lang='lat' dir='ltr'><strong>instituit,</strong></span> <span class='ocrx_word' id='word_1_523' title='bbox 1312 4921 1376 4968; x_wconf 90' lang='lat' dir='ltr'><strong>ut</strong></span> <span class='ocrx_word' id='word_1_524' title='bbox 1424 4913 1478 4969; x_wconf 91' lang='lat' dir='ltr'><strong>in</strong></span> <span class='ocrx_word' id='word_1_525' title='bbox 1525 4914 1840 4972; x_wconf 83' lang='lat' dir='ltr'><strong>beatissimo</strong></span> 
     </span>
    </p>
   </div>
   <div class='ocr_carea' id='block_1_68' title="bbox 254 4996 1837 5073">
    <p class='ocr_par' dir='ltr' id='par_1_68' title="bbox 254 4996 1837 5073">
     <span class='ocr_line' id='line_1_68' title="bbox 254 4996 1837 5073; baseline 0.007 -21"><span class='ocrx_word' id='word_1_526' title='bbox 254 4996 418 5054; x_wconf 76' lang='lat' dir='ltr'><strong>Petro</strong></span> <span class='ocrx_word' id='word_1_527' title='bbox 445 5000 810 5070; x_wconf 84' lang='lat' dir='ltr'><strong>apostolorum</strong></span> <span class='ocrx_word' id='word_1_528' title='bbox 852 5016 1067 5068; x_wconf 84' lang='lat' dir='ltr'><strong>summo</strong></span> <span class='ocrx_word' id='word_1_529' title='bbox 1106 5002 1483 5073; x_wconf 88' lang='lat' dir='ltr'><strong>principaliter</strong></span> <span class='ocrx_word' id='word_1_530' title='bbox 1525 5005 1837 5073; x_wconf 89' lang='lat' dir='ltr'><strong>collocaret,</strong></span> 
     </span>
    </p>
   </div>
   <div class='ocr_carea' id='block_1_69' title="bbox 251 5093 1843 5168">
    <p class='ocr_par' dir='ltr' id='par_1_69' title="bbox 251 5093 1843 5168">
     <span class='ocr_line' id='line_1_69' title="bbox 251 5093 1843 5168; baseline 0.006 -22"><span class='ocrx_word' id='word_1_531' title='bbox 251 5101 420 5163; x_wconf 88' lang='lat' dir='ltr'><strong>atque</strong></span> <span class='ocrx_word' id='word_1_532' title='bbox 443 5094 512 5148; x_wconf 87' lang='lat' dir='ltr'><strong>ab</strong></span> <span class='ocrx_word' id='word_1_533' title='bbox 537 5093 654 5164; x_wconf 91' lang='lat' dir='ltr'><strong>ipso</strong></span> <span class='ocrx_word' id='word_1_534' title='bbox 697 5095 853 5164; x_wconf 88' lang='lat' dir='ltr'><strong>quasi</strong></span> <span class='ocrx_word' id='word_1_535' title='bbox 877 5096 1112 5166; x_wconf 88' lang='lat' dir='ltr'><strong>quodam</strong></span> <span class='ocrx_word' id='word_1_536' title='bbox 1141 5097 1323 5168; x_wconf 87' lang='lat' dir='ltr'><strong>capite</strong></span> <span class='ocrx_word' id='word_1_537' title='bbox 1368 5097 1511 5153; x_wconf 85' lang='lat' dir='ltr'><strong>dona</strong></span> <span class='ocrx_word' id='word_1_538' title='bbox 1547 5114 1648 5154; x_wconf 87' lang='lat' dir='ltr'><strong>sua</strong></span> <span class='ocrx_word' id='word_1_539' title='bbox 1684 5099 1843 5156; x_wconf 89' lang='lat' dir='ltr'><strong>vellet</strong></span> 
     </span>
    </p>
   </div>
   <div class='ocr_carea' id='block_1_70' title="bbox 253 5182 1841 5253">
    <p class='ocr_par' dir='ltr' id='par_1_70' title="bbox 253 5182 1841 5253">
     <span class='ocr_line' id='line_1_70' title="bbox 253 5182 1841 5253; baseline 0.007 -17"><span class='ocrx_word' id='word_1_540' title='bbox 253 5183 310 5237; x_wconf 90' lang='lat' dir='ltr'><strong>in</strong></span> <span class='ocrx_word' id='word_1_541' title='bbox 346 5182 546 5253; x_wconf 82' lang='lat' dir='ltr'><strong>corp&#39;us</strong></span> <span class='ocrx_word' id='word_1_542' title='bbox 572 5199 734 5240; x_wconf 91' lang='lat' dir='ltr'><strong>omne</strong></span> <span class='ocrx_word' id='word_1_543' title='bbox 769 5200 1008 5242; x_wconf 88' lang='lat' dir='ltr'><strong>manare.</strong></span> <span class='ocrx_word' id='word_1_544' title='bbox 1068 5186 1222 5242; x_wconf 87' lang='lat' dir='ltr'><strong>Unde</strong></span> <span class='ocrx_word' id='word_1_545' title='bbox 1252 5196 1468 5244; x_wconf 87' lang='lat' dir='ltr'><strong>constat</strong></span> <span class='ocrx_word' id='word_1_546' title='bbox 1508 5191 1578 5246; x_wconf 88' lang='lat' dir='ltr'><strong>ab</strong></span> <span class='ocrx_word' id='word_1_547' title='bbox 1603 5191 1841 5247; x_wconf 79' lang='lat' dir='ltr'><strong>universi</strong></span> 
     </span>
    </p>
   </div>
   <div class='ocr_carea' id='block_1_71' title="bbox 252 5274 1842 5347">
    <p class='ocr_par' dir='ltr' id='par_1_71' title="bbox 252 5274 1842 5347">
     <span class='ocr_line' id='line_1_71' title="bbox 252 5274 1842 5347; baseline 0.007 -21"><span class='ocrx_word' id='word_1_548' title='bbox 252 5274 402 5329; x_wconf 85' lang='lat' dir='ltr'><strong>orbis</strong></span> <span class='ocrx_word' id='word_1_549' title='bbox 434 5276 814 5332; x_wconf 89' lang='lat' dir='ltr'><strong>communione</strong></span> <span class='ocrx_word' id='word_1_550' title='bbox 844 5285 1124 5347; x_wconf 86' lang='lat' dir='ltr'><strong>separatos</strong></span> <span class='ocrx_word' id='word_1_551' title='bbox 1144 5293 1289 5344; x_wconf 87' lang='lat' dir='ltr'><strong>esse,</strong></span> <span class='ocrx_word' id='word_1_552' title='bbox 1316 5278 1460 5333; x_wconf 88' lang='lat' dir='ltr'><strong>sicut</strong></span> <span class='ocrx_word' id='word_1_553' title='bbox 1475 5280 1667 5335; x_wconf 85' lang='lat' dir='ltr'><strong>beatus</strong></span> <span class='ocrx_word' id='word_1_554' title='bbox 1689 5280 1842 5337; x_wconf 86' lang='lat' dir='ltr'><strong>Pela-</strong></span> 
     </span>
    </p>
   </div>
   <div class='ocr_carea' id='block_1_72' title="bbox 253 5363 1845 5444">
    <p class='ocr_par' dir='ltr' id='par_1_72' title="bbox 253 5363 1845 5444">
     <span class='ocr_line' id='line_1_72' title="bbox 253 5363 1845 5444; baseline 0.007 -27"><span class='ocrx_word' id='word_1_555' title='bbox 253 5363 374 5434; x_wconf 84' lang='lat' dir='ltr'><strong>gius</strong></span> <span class='ocrx_word' id='word_1_556' title='bbox 395 5365 573 5431; x_wconf 84' lang='lat' dir='ltr'><strong>docet,</strong></span> <span class='ocrx_word' id='word_1_557' title='bbox 599 5367 689 5436; x_wconf 88' lang='lat' dir='ltr'><strong>qui</strong></span> <span class='ocrx_word' id='word_1_558' title='bbox 712 5367 953 5437; x_wconf 89' lang='lat' dir='ltr'><strong>qualibet</strong></span> <span class='ocrx_word' id='word_1_559' title='bbox 973 5368 1463 5424; x_wconf 87' lang='lat' dir='ltr'><strong>dissensioueinter</strong></span> <span class='ocrx_word' id='word_1_560' title='bbox 1482 5385 1636 5426; x_wconf 90' lang='lat' dir='ltr'><strong>saera</strong></span> <span class='ocrx_word' id='word_1_561' title='bbox 1650 5380 1845 5444; x_wconf 84' lang='lat' dir='ltr'><strong>myste-</strong></span> 
     </span>
    </p>
   </div>
   <div class='ocr_carea' id='block_1_73' title="bbox 257 5455 1838 5528">
    <p class='ocr_par' dir='ltr' id='par_1_73' title="bbox 257 5455 1838 5528">
     <span class='ocr_line' id='line_1_73' title="bbox 257 5455 1838 5528; baseline 0.006 -20"><span class='ocrx_word' id='word_1_562' title='bbox 257 5455 339 5508; x_wconf 88' lang='lat' dir='ltr'><strong>ria</strong></span> <span class='ocrx_word' id='word_1_563' title='bbox 389 5457 670 5525; x_wconf 89' lang='lat' dir='ltr'><strong>apostolici</strong></span> <span class='ocrx_word' id='word_1_564' title='bbox 707 5457 980 5528; x_wconf 88' lang='lat' dir='ltr'><strong>pontiﬁcis</strong></span> <span class='ocrx_word' id='word_1_565' title='bbox 1014 5459 1334 5514; x_wconf 89' lang='lat' dir='ltr'><strong>memoriam</strong></span> <span class='ocrx_word' id='word_1_566' title='bbox 1383 5460 1680 5516; x_wconf 88' lang='lat' dir='ltr'><strong>secundum</strong></span> <span class='ocrx_word' id='word_1_567' title='bbox 1711 5478 1838 5519; x_wconf 85' lang='lat' dir='ltr'><strong>con-</strong></span> 
     </span>
    </p>
   </div>
   <div class='ocr_carea' id='block_1_74' title="bbox 252 5547 1838 5621">
    <p class='ocr_par' dir='ltr' id='par_1_74' title="bbox 252 5547 1838 5621">
     <span class='ocr_line' id='line_1_74' title="bbox 252 5547 1838 5621; baseline 0.006 -22"><span class='ocrx_word' id='word_1_568' title='bbox 252 5547 597 5604; x_wconf 81' lang='lat' dir='ltr'><strong>suetudinem</strong></span> <span class='ocrx_word' id='word_1_569' title='bbox 627 5565 734 5604; x_wconf 90' lang='lat' dir='ltr'><strong>non</strong></span> <span class='ocrx_word' id='word_1_570' title='bbox 762 5548 1128 5619; x_wconf 79' lang='lat' dir='ltr'><strong>frequentant.</strong></span> <span class='ocrx_word' id='word_1_571' title='bbox 1169 5547 1320 5621; x_wconf 88' lang='lat' dir='ltr'><strong>Papa</strong></span> <span class='ocrx_word' id='word_1_572' title='bbox 1341 5559 1521 5607; x_wconf 83' lang='lat' dir='ltr'><strong>autem</strong></span> <span class='ocrx_word' id='word_1_573' title='bbox 1545 5553 1838 5608; x_wconf 83' lang='lat' dir='ltr'><strong>secundum</strong></span> 
     </span>
    </p>
   </div>
   <div class='ocr_carea' id='block_1_75' title="bbox 249 5638 1838 5717">
    <p class='ocr_par' dir='ltr' id='par_1_75' title="bbox 249 5638 1838 5717">
     <span class='ocr_line' id='line_1_75' title="bbox 249 5638 1838 5717; baseline 0.007 -24"><span class='ocrx_word' id='word_1_574' title='bbox 249 5638 520 5707; x_wconf 77' lang='lat' dir='ltr'><strong>quosdam</strong></span> <span class='ocrx_word' id='word_1_575' title='bbox 549 5639 748 5696; x_wconf 88' lang='lat' dir='ltr'><strong>dicitur</strong></span> <span class='ocrx_word' id='word_1_576' title='bbox 768 5642 1101 5699; x_wconf 85' lang='lat' dir='ltr'><strong>admirabilis</strong></span> <span class='ocrx_word' id='word_1_577' title='bbox 1123 5643 1206 5698; x_wconf 87' lang='lat' dir='ltr'><strong>vel</strong></span> <span class='ocrx_word' id='word_1_578' title='bbox 1234 5651 1548 5709; x_wconf 89' lang='lat' dir='ltr'><strong>coronatus,</strong></span> <span class='ocrx_word' id='word_1_579' title='bbox 1577 5645 1671 5702; x_wconf 90' lang='lat' dir='ltr'><strong>sed</strong></span> <span class='ocrx_word' id='word_1_580' title='bbox 1697 5649 1838 5717; x_wconf 86' lang='lat' dir='ltr'><strong>quod</strong></span> 
     </span>
    </p>
   </div>
   <div class='ocr_carea' id='block_1_76' title="bbox 253 5725 1836 5807">
    <p class='ocr_par' dir='ltr' id='par_1_76' title="bbox 253 5725 1836 5807">
     <span class='ocr_line' id='line_1_76' title="bbox 253 5725 1836 5807; baseline 0.012 -30"><span class='ocrx_word' id='word_1_581' title='bbox 253 5725 449 5781; x_wconf 89' lang='lat' dir='ltr'><strong>melius</strong></span> <span class='ocrx_word' id='word_1_582' title='bbox 483 5737 566 5785; x_wconf 89' lang='lat' dir='ltr'><strong>est</strong></span> <span class='ocrx_word' id='word_1_583' title='bbox 591 5770 604 5794; x_wconf 96' lang='lat'><strong>,</strong></span> <span class='ocrx_word' id='word_1_584' title='bbox 642 5739 796 5801; x_wconf 82' lang='lat' dir='ltr'><strong>pater</strong></span> <span class='ocrx_word' id='word_1_585' title='bbox 827 5741 1062 5804; x_wconf 77' lang='lat' dir='ltr'><strong>patrum,</strong></span> <span class='ocrx_word' id='word_1_586' title='bbox 1091 5732 1140 5788; x_wconf 89' lang='lat' dir='ltr'><strong>id</strong></span> <span class='ocrx_word' id='word_1_587' title='bbox 1169 5740 1275 5800; x_wconf 86' lang='lat' dir='ltr'><strong>est,</strong></span> <span class='ocrx_word' id='word_1_588' title='bbox 1303 5734 1698 5807; x_wconf 85' lang='lat' dir='ltr'><strong>episcoporum.</strong></span> <span class='ocrx_word' id='word_1_589' title='bbox 1741 5737 1836 5795; x_wconf 88' lang='lat' dir='ltr'><strong>Se-</strong></span> 
     </span>
    </p>
   </div>
   <div class='ocr_carea' id='block_1_77' title="bbox 665 5823 1066 5888">
    <p class='ocr_par' dir='ltr' id='par_1_77' title="bbox 665 5823 1066 5888">
     <span class='ocr_line' id='line_1_77' title="bbox 665 5823 1066 5888; baseline 0.01 -4"><span class='ocrx_word' id='word_1_590' title='bbox 665 5823 908 5884; x_wconf 74' lang='lat' dir='ltr'><strong>PATROL</strong></span> <span class='ocrx_word' id='word_1_591' title='bbox 969 5829 1066 5888; x_wconf 78' lang='lat' dir='ltr'><strong>CI.</strong></span> 
     </span>
    </p>
   </div>
   <div class='ocr_carea' id='block_1_78' title="bbox 1867 3156 1915 3218">
    <p class='ocr_par' dir='ltr' id='par_1_78' title="bbox 1867 3156 1915 3218">
     <span class='ocr_line' id='line_1_78' title="bbox 1867 3156 1915 3218; baseline 0 0"><span class='ocrx_word' id='word_1_592' title='bbox 1867 3156 1915 3218; x_wconf 79' lang='grc' dir='ltr'>Ο</span> 
     </span>
    </p>
   </div>
   <div class='ocr_carea' id='block_1_79' title="bbox 1953 1905 3537 1987">
    <p class='ocr_par' dir='ltr' id='par_1_79' title="bbox 1953 1905 3537 1987">
     <span class='ocr_line' id='line_1_79' title="bbox 1953 1905 3537 1987; baseline 0.008 -28"><span class='ocrx_word' id='word_1_593' title='bbox 1953 1905 2114 1977; x_wconf 80' lang='lat'><strong>503</strong></span> <span class='ocrx_word' id='word_1_594' title='bbox 2141 1906 2194 1961; x_wconf 90' lang='lat' dir='ltr'><strong>in</strong></span> <span class='ocrx_word' id='word_1_595' title='bbox 2253 1906 2546 1979; x_wconf 86' lang='lat' dir='ltr'><strong>Evangelio</strong></span> <span class='ocrx_word' id='word_1_596' title='bbox 2591 1913 2959 1978; x_wconf 89' lang='lat' dir='ltr'><strong>commendat,</strong></span> <span class='ocrx_word' id='word_1_597' title='bbox 2995 1913 3212 1970; x_wconf 88' lang='lat' dir='ltr'><strong>dicens:</strong></span> <span class='ocrx_word' id='word_1_598' title='bbox 3265 1915 3537 1987; x_wconf 81' lang='lat' dir='ltr'><strong>Quidquid</strong></span> 
     </span>
    </p>
   </div>
   <div class='ocr_carea' id='block_1_80' title="bbox 1950 1997 3533 2080">
    <p class='ocr_par' dir='ltr' id='par_1_80' title="bbox 1950 1997 3533 2080">
     <span class='ocr_line' id='line_1_80' title="bbox 1950 1997 3533 2080; baseline 0.008 -30"><span class='ocrx_word' id='word_1_599' title='bbox 1950 1997 2202 2068; x_wconf 85' lang='lat' dir='ltr'><strong>petieritis</strong></span> <span class='ocrx_word' id='word_1_600' title='bbox 2223 1999 2280 2052; x_wconf 85' lang='lat' dir='ltr'><strong>in</strong></span> <span class='ocrx_word' id='word_1_601' title='bbox 2296 2001 2505 2054; x_wconf 83' lang='lat' dir='ltr'><strong>nomine</strong></span> <span class='ocrx_word' id='word_1_602' title='bbox 2530 2017 2663 2067; x_wconf 88' lang='lat' dir='ltr'><strong>meo,</strong></span> <span class='ocrx_word' id='word_1_603' title='bbox 2710 2003 2808 2057; x_wconf 78' lang='lat' dir='ltr'><strong>hoc</strong></span> <span class='ocrx_word' id='word_1_604' title='bbox 2834 2002 3029 2070; x_wconf 77' lang='lat' dir='ltr'><strong>faciam</strong></span> <span class='ocrx_word' id='word_1_605' title='bbox 3071 2004 3252 2074; x_wconf 85' lang='lat' dir='ltr'><strong>(Joan.</strong></span> <span class='ocrx_word' id='word_1_606' title='bbox 3276 2022 3388 2072; x_wconf 71' lang='lat' dir='ltr'><strong>le,</strong></span> <span class='ocrx_word' id='word_1_607' title='bbox 3419 2008 3533 2080; x_wconf 66' lang='lat' dir='ltr'><strong>ll).</strong></span> 
     </span>
    </p>
   </div>
   <div class='ocr_carea' id='block_1_81' title="bbox 1949 2083 3534 2159">
    <p class='ocr_par' dir='ltr' id='par_1_81' title="bbox 1949 2083 3534 2159">
     <span class='ocr_line' id='line_1_81' title="bbox 1949 2083 3534 2159; baseline 0.01 -17"><span class='ocrx_word' id='word_1_608' title='bbox 1949 2086 2122 2154; x_wconf 83' lang='lat' dir='ltr'><strong>Quam</strong></span> <span class='ocrx_word' id='word_1_609' title='bbox 2149 2090 2426 2159; x_wconf 88' lang='lat' dir='ltr'><strong>petitionis</strong></span> <span class='ocrx_word' id='word_1_610' title='bbox 2460 2083 2690 2147; x_wconf 72' lang='lat' dir='ltr'><strong>forma&#39;m</strong></span> <span class='ocrx_word' id='word_1_611' title='bbox 2740 2094 2794 2148; x_wconf 93' lang='lat' dir='ltr'><strong>in</strong></span> <span class='ocrx_word' id='word_1_612' title='bbox 2830 2096 2977 2150; x_wconf 91' lang='lat' dir='ltr'><strong>omni</strong></span> <span class='ocrx_word' id='word_1_613' title='bbox 3005 2097 3252 2154; x_wconf 87' lang='lat' dir='ltr'><strong>oratione</strong></span> <span class='ocrx_word' id='word_1_614' title='bbox 3302 2115 3398 2154; x_wconf 91' lang='lat' dir='ltr'><strong>sua</strong></span> <span class='ocrx_word' id='word_1_615' title='bbox 3437 2115 3534 2158; x_wconf 86' lang='lat' dir='ltr'><strong>cu-</strong></span> 
     </span>
    </p>
   </div>
   <div class='ocr_carea' id='block_1_82' title="bbox 1949 2177 2402 2237">
    <p class='ocr_par' dir='ltr' id='par_1_82' title="bbox 1949 2177 2402 2237">
     <span class='ocr_line' id='line_1_82' title="bbox 1949 2177 2402 2237; baseline 0.007 -5"><span class='ocrx_word' id='word_1_616' title='bbox 1949 2177 2117 2234; x_wconf 87' lang='lat' dir='ltr'><strong>s&#39;t&#39;odit</strong></span> <span class='ocrx_word' id='word_1_617' title='bbox 2136 2181 2402 2237; x_wconf 70' lang='lat' dir='ltr'><strong>Ecclesra.</strong></span> 
     </span>
    </p>
   </div>
   <div class='ocr_carea' id='block_1_83' title="bbox 2017 2287 3538 2373">
    <p class='ocr_par' dir='ltr' id='par_1_83' title="bbox 2017 2287 3538 2373">
     <span class='ocr_line' id='line_1_83' title="bbox 2017 2287 3538 2373; baseline 0.009 -30"><span class='ocrx_word' id='word_1_618' title='bbox 2017 2287 2151 2343; x_wconf 81' lang='lat' dir='ltr'><strong>Cum</strong></span> <span class='ocrx_word' id='word_1_619' title='bbox 2182 2288 2382 2344; x_wconf 88' lang='lat' dir='ltr'><strong>dicitur</strong></span> <span class='ocrx_word' id='word_1_620' title='bbox 2413 2309 2425 2345; x_wconf 89' lang='lat'><strong>:</strong></span> <span class='ocrx_word' id='word_1_621' title='bbox 2460 2289 2744 2358; x_wconf 73' lang='lat' dir='ltr'><strong>Memento,</strong></span> <span class='ocrx_word' id='word_1_622' title='bbox 2780 2293 3023 2359; x_wconf 85' lang='lat' dir='ltr'><strong>Domine,</strong></span> <span class='ocrx_word' id='word_1_623' title='bbox 3073 2297 3417 2368; x_wconf 79' lang='lat' dir='ltr'><strong>famulorum,</strong></span> <span class='ocrx_word' id='word_1_624' title='bbox 3451 2303 3538 2373; x_wconf 80' lang='lat' dir='ltr'><strong>fa-</strong></span> 
     </span>
    </p>
   </div>
   <div class='ocr_carea' id='block_1_84' title="bbox 1948 2377 3532 2462">
    <p class='ocr_par' dir='ltr' id='par_1_84' title="bbox 1948 2377 3532 2462">
     <span class='ocr_line' id='line_1_84' title="bbox 1948 2377 3532 2462; baseline 0.011 -32"><span class='ocrx_word' id='word_1_625' title='bbox 1948 2377 2315 2450; x_wconf 83' lang='lat' dir='ltr'><strong>mularumque</strong></span> <span class='ocrx_word' id='word_1_626' title='bbox 2343 2389 2576 2449; x_wconf 87' lang='lat' dir='ltr'><strong>tuarum,</strong></span> <span class='ocrx_word' id='word_1_627' title='bbox 2616 2391 2672 2438; x_wconf 89' lang='lat' dir='ltr'><strong>et</strong></span> <span class='ocrx_word' id='word_1_628' title='bbox 2718 2385 2798 2438; x_wconf 91' lang='lat' dir='ltr'><strong>sic</strong></span> <span class='ocrx_word' id='word_1_629' title='bbox 2825 2385 3018 2441; x_wconf 87' lang='lat' dir='ltr'><strong>deinde</strong></span> <span class='ocrx_word' id='word_1_630' title='bbox 3060 2386 3437 2462; x_wconf 85' lang='lat' dir='ltr'><strong>subiungitur:</strong></span> <span class='ocrx_word' id='word_1_631' title='bbox 3481 2401 3532 2448; x_wconf 84' lang='lat' dir='ltr'><strong>et</strong></span> 
     </span>
    </p>
   </div>
   <div class='ocr_carea' id='block_1_85' title="bbox 1947 2469 3534 2552">
    <p class='ocr_par' dir='ltr' id='par_1_85' title="bbox 1947 2469 3534 2552">
     <span class='ocr_line' id='line_1_85' title="bbox 1947 2469 3534 2552; baseline 0.011 -29"><span class='ocrx_word' id='word_1_632' title='bbox 1947 2469 2178 2525; x_wconf 88' lang='lat' dir='ltr'><strong>omnium</strong></span> <span class='ocrx_word' id='word_1_633' title='bbox 2212 2471 2686 2542; x_wconf 86' lang='lat' dir='ltr'><strong>circumstantium,</strong></span> <span class='ocrx_word' id='word_1_634' title='bbox 2717 2475 3059 2534; x_wconf 88' lang='lat' dir='ltr'><strong>manifestum</strong></span> <span class='ocrx_word' id='word_1_635' title='bbox 3081 2487 3184 2541; x_wconf 92' lang='lat' dir='ltr'><strong>est.</strong></span> <span class='ocrx_word' id='word_1_636' title='bbox 3215 2482 3357 2551; x_wconf 91' lang='lat' dir='ltr'><strong>quod</strong></span> <span class='ocrx_word' id='word_1_637' title='bbox 3378 2484 3534 2552; x_wconf 88' lang='lat' dir='ltr'><strong>quasi</strong></span> 
     </span>
    </p>
   </div>
   <div class='ocr_carea' id='block_1_86' title="bbox 1946 2555 3534 2640">
    <p class='ocr_par' dir='ltr' id='par_1_86' title="bbox 1946 2555 3534 2640">
     <span class='ocr_line' id='line_1_86' title="bbox 1946 2555 3534 2640; baseline 0.01 -26"><span class='ocrx_word' id='word_1_638' title='bbox 1946 2561 2166 2629; x_wconf 90' lang='lat' dir='ltr'><strong>quidam</strong></span> <span class='ocrx_word' id='word_1_639' title='bbox 2198 2562 2349 2619; x_wconf 90' lang='lat' dir='ltr'><strong>locus</strong></span> <span class='ocrx_word' id='word_1_640' title='bbox 2376 2564 2466 2632; x_wconf 87' lang='lat' dir='ltr'><strong>sit,</strong></span> <span class='ocrx_word' id='word_1_641' title='bbox 2496 2565 2589 2621; x_wconf 91' lang='lat' dir='ltr'><strong>ubi</strong></span> <span class='ocrx_word' id='word_1_642' title='bbox 2634 2555 2906 2638; x_wconf 85' lang='lat' dir='ltr'><strong>aliquibus</strong></span> <span class='ocrx_word' id='word_1_643' title='bbox 2952 2570 3259 2640; x_wconf 89' lang='lat' dir='ltr'><strong>specialiter</strong></span> <span class='ocrx_word' id='word_1_644' title='bbox 3285 2574 3534 2630; x_wconf 86' lang='lat' dir='ltr'><strong>nomina-</strong></span> 
     </span>
    </p>
   </div>
   <div class='ocr_carea' id='block_1_87' title="bbox 1946 2652 3531 2734">
    <p class='ocr_par' dir='ltr' id='par_1_87' title="bbox 1946 2652 3531 2734">
     <span class='ocr_line' id='line_1_87' title="bbox 1946 2652 3531 2734; baseline 0.011 -28"><span class='ocrx_word' id='word_1_645' title='bbox 1946 2653 2034 2720; x_wconf 88' lang='lat' dir='ltr'><strong>tis,</strong></span> <span class='ocrx_word' id='word_1_646' title='bbox 2090 2652 2255 2708; x_wconf 91' lang='lat' dir='ltr'><strong>eliam</strong></span> <span class='ocrx_word' id='word_1_647' title='bbox 2310 2663 2660 2723; x_wconf 81' lang='lat' dir='ltr'><strong>caeterorum,</strong></span> <span class='ocrx_word' id='word_1_648' title='bbox 2711 2658 2806 2729; x_wconf 89' lang='lat' dir='ltr'><strong>qui</strong></span> <span class='ocrx_word' id='word_1_649' title='bbox 2857 2661 3118 2719; x_wconf 86' lang='lat' dir='ltr'><strong>assistunt</strong></span> <span class='ocrx_word' id='word_1_650' title='bbox 3167 2663 3221 2720; x_wconf 92' lang='lat' dir='ltr'><strong>in</strong></span> <span class='ocrx_word' id='word_1_651' title='bbox 3281 2667 3531 2734; x_wconf 89' lang='lat' dir='ltr'><strong>ecclesia,</strong></span> 
     </span>
    </p>
   </div>
   <div class='ocr_carea' id='block_1_88' title="bbox 1945 2744 3530 2824">
    <p class='ocr_par' dir='ltr' id='par_1_88' title="bbox 1945 2744 3530 2824">
     <span class='ocr_line' id='line_1_88' title="bbox 1945 2744 3530 2824; baseline 0.01 -26"><span class='ocrx_word' id='word_1_652' title='bbox 1945 2746 2387 2801; x_wconf 88' lang='lat' dir='ltr'><strong>commemoratio</strong></span> <span class='ocrx_word' id='word_1_653' title='bbox 2417 2744 2760 2820; x_wconf 77' lang='lat' dir='ltr'><strong>adiungatur.</strong></span> <span class='ocrx_word' id='word_1_654' title='bbox 2798 2749 2855 2805; x_wconf 94' lang='lat' dir='ltr'><strong>ln</strong></span> <span class='ocrx_word' id='word_1_655' title='bbox 2885 2767 2993 2824; x_wconf 80' lang='lat' dir='ltr'><strong>quo</strong></span> <span class='ocrx_word' id='word_1_656' title='bbox 3020 2753 3138 2809; x_wconf 91' lang='lat' dir='ltr'><strong>loco</strong></span> <span class='ocrx_word' id='word_1_657' title='bbox 3172 2755 3401 2813; x_wconf 89' lang='lat' dir='ltr'><strong>liberum</strong></span> <span class='ocrx_word' id='word_1_658' title='bbox 3442 2769 3530 2816; x_wconf 90' lang='lat' dir='ltr'><strong>est</strong></span> 
     </span>
    </p>
   </div>
   <div class='ocr_carea' id='block_1_89' title="bbox 1945 2835 3531 2915">
    <p class='ocr_par' dir='ltr' id='par_1_89' title="bbox 1945 2835 3531 2915">
     <span class='ocr_line' id='line_1_89' title="bbox 1945 2835 3531 2915; baseline 0.011 -27"><span class='ocrx_word' id='word_1_659' title='bbox 1945 2835 2239 2900; x_wconf 87' lang='lat' dir='ltr'><strong>sacerdoti,</strong></span> <span class='ocrx_word' id='word_1_660' title='bbox 2286 2843 2424 2906; x_wconf 88' lang='lat' dir='ltr'><strong>quos</strong></span> <span class='ocrx_word' id='word_1_661' title='bbox 2475 2839 2886 2909; x_wconf 78' lang='lat' dir='ltr'><strong>desideraverit,</strong></span> <span class='ocrx_word' id='word_1_662' title='bbox 2957 2845 3308 2915; x_wconf 89' lang='lat' dir='ltr'><strong>peculiariter</strong></span> <span class='ocrx_word' id='word_1_663' title='bbox 3357 2851 3531 2905; x_wconf 92' lang='lat' dir='ltr'><strong>nomi-</strong></span> 
     </span>
    </p>
   </div>
   <div class='ocr_carea' id='block_1_90' title="bbox 1946 2930 3534 2998">
    <p class='ocr_par' dir='ltr' id='par_1_90' title="bbox 1946 2930 3534 2998">
     <span class='ocr_line' id='line_1_90' title="bbox 1946 2930 3534 2998; baseline 0.011 -17"><span class='ocrx_word' id='word_1_664' title='bbox 1946 2941 2098 2994; x_wconf 76' lang='lat' dir='ltr'><strong>nare,</strong></span> <span class='ocrx_word' id='word_1_665' title='bbox 2127 2939 2182 2984; x_wconf 90' lang='lat' dir='ltr'><strong>et</strong></span> <span class='ocrx_word' id='word_1_666' title='bbox 2213 2930 2533 2986; x_wconf 90' lang='lat' dir='ltr'><strong>nominatim</strong></span> <span class='ocrx_word' id='word_1_667' title='bbox 2571 2931 2681 2988; x_wconf 87' lang='lat' dir='ltr'><strong>Deo</strong></span> <span class='ocrx_word' id='word_1_668' title='bbox 2718 2939 3102 2995; x_wconf 90' lang='lat' dir='ltr'><strong>commendare</strong></span> <span class='ocrx_word' id='word_1_669' title='bbox 3131 2958 3144 2994; x_wconf 91' lang='lat'><strong>:</strong></span> <span class='ocrx_word' id='word_1_670' title='bbox 3178 2950 3272 2995; x_wconf 92' lang='lat' dir='ltr'><strong>aut</strong></span> <span class='ocrx_word' id='word_1_671' title='bbox 3299 2953 3447 2998; x_wconf 80' lang='lat' dir='ltr'><strong>certe</strong></span> <span class='ocrx_word' id='word_1_672' title='bbox 3468 2944 3534 2998; x_wconf 85' lang='lat' dir='ltr'><strong>il-</strong></span> 
     </span>
    </p>
   </div>
   <div class='ocr_carea' id='block_1_91' title="bbox 1944 3015 3528 3094">
    <p class='ocr_par' dir='ltr' id='par_1_91' title="bbox 1944 3015 3528 3094">
     <span class='ocr_line' id='line_1_91' title="bbox 1944 3015 3528 3094; baseline 0.012 -23"><span class='ocrx_word' id='word_1_673' title='bbox 1944 3015 2036 3074; x_wconf 90' lang='lat' dir='ltr'><strong>lud</strong></span> <span class='ocrx_word' id='word_1_674' title='bbox 2061 3017 2132 3074; x_wconf 90' lang='lat' dir='ltr'><strong>ab</strong></span> <span class='ocrx_word' id='word_1_675' title='bbox 2169 3020 2406 3090; x_wconf 83' lang='lat' dir='ltr'><strong>antiquis</strong></span> <span class='ocrx_word' id='word_1_676' title='bbox 2449 3029 2536 3078; x_wconf 90' lang='lat' dir='ltr'><strong>est</strong></span> <span class='ocrx_word' id='word_1_677' title='bbox 2559 3023 2925 3094; x_wconf 87' lang='lat' dir='ltr'><strong>observatum,</strong></span> <span class='ocrx_word' id='word_1_678' title='bbox 2973 3037 3033 3083; x_wconf 94' lang='lat' dir='ltr'><strong>ut</strong></span> <span class='ocrx_word' id='word_1_679' title='bbox 3069 3029 3143 3086; x_wconf 92' lang='lat' dir='ltr'><strong>ibi</strong></span> <span class='ocrx_word' id='word_1_680' title='bbox 3186 3029 3528 3090; x_wconf 68' lang='lat' dir='ltr'><strong>offerentium</strong></span> 
     </span>
    </p>
   </div>
   <div class='ocr_carea' id='block_1_92' title="bbox 1945 3111 3532 3188">
    <p class='ocr_par' dir='ltr' id='par_1_92' title="bbox 1945 3111 3532 3188">
     <span class='ocr_line' id='line_1_92' title="bbox 1945 3111 3532 3188; baseline 0.009 -22"><span class='ocrx_word' id='word_1_681' title='bbox 1945 3111 2166 3168; x_wconf 86' lang='lat' dir='ltr'><strong>nomina</strong></span> <span class='ocrx_word' id='word_1_682' title='bbox 2219 3113 2598 3169; x_wconf 87' lang='lat' dir='ltr'><strong>recitarentur.</strong></span> <span class='ocrx_word' id='word_1_683' title='bbox 2650 3115 2809 3172; x_wconf 89' lang='lat' dir='ltr'><strong>Prius</strong></span> <span class='ocrx_word' id='word_1_684' title='bbox 2853 3133 2985 3188; x_wconf 83' lang='lat' dir='ltr'><strong>ergo</strong></span> <span class='ocrx_word' id='word_1_685' title='bbox 3047 3122 3346 3180; x_wconf 90' lang='lat' dir='ltr'><strong>oblationes</strong></span> <span class='ocrx_word' id='word_1_686' title='bbox 3403 3134 3532 3180; x_wconf 91' lang='lat' dir='ltr'><strong>sunt</strong></span> 
     </span>
    </p>
   </div>
   <div class='ocr_carea' id='block_1_93' title="bbox 1948 3206 3531 3287">
    <p class='ocr_par' dir='ltr' id='par_1_93' title="bbox 1948 3206 3531 3287">
     <span class='ocr_line' id='line_1_93' title="bbox 1948 3206 3531 3287; baseline 0.009 -27"><span class='ocrx_word' id='word_1_687' title='bbox 1948 3206 2411 3273; x_wconf 66' lang='lat' dir='ltr'><strong>commendandae,</strong></span> <span class='ocrx_word' id='word_1_688' title='bbox 2461 3223 2525 3262; x_wconf 89' lang='lat' dir='ltr'><strong>ac</strong></span> <span class='ocrx_word' id='word_1_689' title='bbox 2572 3215 2699 3264; x_wconf 90' lang='lat' dir='ltr'><strong>tunc</strong></span> <span class='ocrx_word' id='word_1_690' title='bbox 2755 3225 2944 3267; x_wconf 89' lang='lat' dir='ltr'><strong>eorum</strong></span> <span class='ocrx_word' id='word_1_691' title='bbox 2991 3215 3234 3283; x_wconf 91' lang='lat' dir='ltr'><strong>nomina,</strong></span> <span class='ocrx_word' id='word_1_692' title='bbox 3301 3233 3531 3287; x_wconf 90' lang='lat' dir='ltr'><strong>quorum</strong></span> 
     </span>
    </p>
   </div>
   <div class='ocr_carea' id='block_1_94' title="bbox 1949 3296 3533 3374">
    <p class='ocr_par' dir='ltr' id='par_1_94' title="bbox 1949 3296 3533 3374">
     <span class='ocr_line' id='line_1_94' title="bbox 1949 3296 3533 3374; baseline 0.009 -24"><span class='ocrx_word' id='word_1_693' title='bbox 1949 3304 2094 3362; x_wconf 87' lang='lat' dir='ltr'><strong>sunt,</strong></span> <span class='ocrx_word' id='word_1_694' title='bbox 2125 3296 2406 3362; x_wconf 88' lang='lat' dir='ltr'><strong>edicenda,</strong></span> <span class='ocrx_word' id='word_1_695' title='bbox 2437 3309 2496 3353; x_wconf 90' lang='lat' dir='ltr'><strong>ut</strong></span> <span class='ocrx_word' id='word_1_696' title='bbox 2529 3299 2672 3354; x_wconf 85' lang='lat' dir='ltr'><strong>inter</strong></span> <span class='ocrx_word' id='word_1_697' title='bbox 2695 3314 2850 3356; x_wconf 88' lang='lat' dir='ltr'><strong>sacra</strong></span> <span class='ocrx_word' id='word_1_698' title='bbox 2871 3305 3134 3374; x_wconf 86' lang='lat' dir='ltr'><strong>mysteria</strong></span> <span class='ocrx_word' id='word_1_699' title='bbox 3163 3307 3533 3373; x_wconf 90' lang='lat' dir='ltr'><strong>nominentur,</strong></span> 
     </span>
    </p>
   </div>
   <div class='ocr_carea' id='block_1_95' title="bbox 1948 3388 3546 3469">
    <p class='ocr_par' dir='ltr' id='par_1_95' title="bbox 1948 3388 3546 3469">
     <span class='ocr_line' id='line_1_95' title="bbox 1948 3388 3546 3469; baseline 0.008 -28"><span class='ocrx_word' id='word_1_700' title='bbox 1948 3402 2054 3442; x_wconf 88' lang='lat' dir='ltr'><strong>non</strong></span> <span class='ocrx_word' id='word_1_701' title='bbox 2081 3388 2224 3443; x_wconf 89' lang='lat' dir='ltr'><strong>inter</strong></span> <span class='ocrx_word' id='word_1_702' title='bbox 2249 3389 2355 3444; x_wconf 90' lang='lat' dir='ltr'><strong>alia</strong></span> <span class='ocrx_word' id='word_1_703' title='bbox 2387 3404 2508 3460; x_wconf 76' lang='lat' dir='ltr'><strong>qua:</strong></span> <span class='ocrx_word' id='word_1_704' title='bbox 2536 3392 2937 3460; x_wconf 63' lang='lat' dir='ltr'><strong>praemittimus.</strong></span> <span class='ocrx_word' id='word_1_705' title='bbox 2984 3393 3222 3461; x_wconf 83' lang='lat' dir='ltr'><strong>Quorum</strong></span> <span class='ocrx_word' id='word_1_706' title='bbox 3263 3398 3359 3452; x_wconf 83' lang='lat' dir='ltr'><strong>tibi</strong></span> <span class='ocrx_word' id='word_1_707' title='bbox 3399 3399 3546 3469; x_wconf 80' lang='lat' dir='ltr'><strong>ﬁdes&#39;</strong></span> 
     </span>
    </p>
   </div>
   <div class='ocr_carea' id='block_1_96' title="bbox 1945 3479 3532 3558">
    <p class='ocr_par' dir='ltr' id='par_1_96' title="bbox 1945 3479 3532 3558">
     <span class='ocr_line' id='line_1_96' title="bbox 1945 3479 3532 3558; baseline 0.01 -26"><span class='ocrx_word' id='word_1_708' title='bbox 1945 3479 2152 3549; x_wconf 84' lang='lat' dir='ltr'><strong>cognita</strong></span> <span class='ocrx_word' id='word_1_709' title='bbox 2182 3489 2280 3546; x_wconf 88' lang='lat' dir='ltr'><strong>est,</strong></span> <span class='ocrx_word' id='word_1_710' title='bbox 2311 3490 2361 3534; x_wconf 88' lang='lat' dir='ltr'><strong>et</strong></span> <span class='ocrx_word' id='word_1_711' title='bbox 2384 3490 2508 3535; x_wconf 88' lang='lat' dir='ltr'><strong>nota</strong></span> <span class='ocrx_word' id='word_1_712' title='bbox 2539 3481 2740 3538; x_wconf 82' lang='lat' dir='ltr'><strong>devotio</strong></span> <span class='ocrx_word' id='word_1_713' title='bbox 2763 3498 2782 3536; x_wconf 93' lang='lat'><strong><em>:</em></strong></span> <span class='ocrx_word' id='word_1_714' title='bbox 2817 3484 2870 3539; x_wconf 89' lang='lat' dir='ltr'><strong>id</strong></span> <span class='ocrx_word' id='word_1_715' title='bbox 2897 3494 3002 3553; x_wconf 89' lang='lat' dir='ltr'><strong>est,</strong></span> <span class='ocrx_word' id='word_1_716' title='bbox 3030 3503 3191 3558; x_wconf 86' lang='lat' dir='ltr'><strong>quam</strong></span> <span class='ocrx_word' id='word_1_717' title='bbox 3234 3497 3381 3547; x_wconf 87' lang='lat' dir='ltr'><strong>recte</strong></span> <span class='ocrx_word' id='word_1_718' title='bbox 3409 3507 3532 3547; x_wconf 87' lang='lat' dir='ltr'><strong>cre-</strong></span> 
     </span>
    </p>
   </div>
   <div class='ocr_carea' id='block_1_97' title="bbox 1945 3569 3536 3644">
    <p class='ocr_par' dir='ltr' id='par_1_97' title="bbox 1945 3569 3536 3644">
     <span class='ocr_line' id='line_1_97' title="bbox 1945 3569 3536 3644; baseline 0.009 -21"><span class='ocrx_word' id='word_1_719' title='bbox 1945 3569 2095 3636; x_wconf 88' lang='lat' dir='ltr'><strong>dant,</strong></span> <span class='ocrx_word' id='word_1_720' title='bbox 2119 3579 2174 3626; x_wconf 91' lang='lat' dir='ltr'><strong>et</strong></span> <span class='ocrx_word' id='word_1_721' title='bbox 2201 3585 2362 3640; x_wconf 89' lang='lat' dir='ltr'><strong>quam</strong></span> <span class='ocrx_word' id='word_1_722' title='bbox 2388 3570 2577 3628; x_wconf 89' lang='lat' dir='ltr'><strong>devote</strong></span> <span class='ocrx_word' id='word_1_723' title='bbox 2597 3573 2842 3644; x_wconf 89' lang='lat' dir='ltr'><strong>diligant,</strong></span> <span class='ocrx_word' id='word_1_724' title='bbox 2881 3585 2937 3631; x_wconf 92' lang='lat' dir='ltr'><strong>tu</strong></span> <span class='ocrx_word' id='word_1_725' title='bbox 2973 3579 3123 3634; x_wconf 90' lang='lat' dir='ltr'><strong>solus</strong></span> <span class='ocrx_word' id='word_1_726' title='bbox 3145 3580 3300 3637; x_wconf 90' lang='lat' dir='ltr'><strong>vides</strong></span> <span class='ocrx_word' id='word_1_727' title='bbox 3327 3581 3381 3636; x_wconf 89' lang='lat' dir='ltr'><strong>in</strong></span> <span class='ocrx_word' id='word_1_728' title='bbox 3405 3597 3536 3639; x_wconf 90' lang='lat' dir='ltr'><strong>con-</strong></span> 
     </span>
    </p>
   </div>
   <div class='ocr_carea' id='block_1_98' title="bbox 1943 3669 3537 3750">
    <p class='ocr_par' dir='ltr' id='par_1_98' title="bbox 1943 3669 3537 3750">
     <span class='ocr_line' id='line_1_98' title="bbox 1943 3669 3537 3750; baseline 0.01 -27"><span class='ocrx_word' id='word_1_729' title='bbox 1943 3669 2186 3726; x_wconf 86' lang='lat' dir='ltr'><strong>scientiis</strong></span> <span class='ocrx_word' id='word_1_730' title='bbox 2214 3687 2422 3736; x_wconf 87' lang='lat' dir='ltr'><strong>eorum,</strong></span> <span class='ocrx_word' id='word_1_731' title='bbox 2457 3673 2548 3744; x_wconf 86' lang='lat' dir='ltr'><strong>qui</strong></span> <span class='ocrx_word' id='word_1_732' title='bbox 2582 3674 2676 3730; x_wconf 93' lang='lat' dir='ltr'><strong>tibi</strong></span> <span class='ocrx_word' id='word_1_733' title='bbox 2719 3675 2951 3733; x_wconf 85' lang='lat' dir='ltr'><strong>offerunt</strong></span> <span class='ocrx_word' id='word_1_734' title='bbox 2983 3697 2996 3734; x_wconf 89' lang='lat'><strong>:</strong></span> <span class='ocrx_word' id='word_1_735' title='bbox 3045 3680 3097 3735; x_wconf 92' lang='lat' dir='ltr'><strong>in</strong></span> <span class='ocrx_word' id='word_1_736' title='bbox 3129 3682 3327 3750; x_wconf 91' lang='lat' dir='ltr'><strong>quibus</strong></span> <span class='ocrx_word' id='word_1_737' title='bbox 3354 3684 3537 3739; x_wconf 87' lang='lat' dir='ltr'><strong>verbis</strong></span> 
     </span>
    </p>
   </div>
   <div class='ocr_carea' id='block_1_99' title="bbox 1945 3761 3532 3837">
    <p class='ocr_par' dir='ltr' id='par_1_99' title="bbox 1945 3761 3532 3837">
     <span class='ocr_line' id='line_1_99' title="bbox 1945 3761 3532 3837; baseline 0.009 -24"><span class='ocrx_word' id='word_1_738' title='bbox 1945 3761 2177 3816; x_wconf 87' lang='lat' dir='ltr'><strong>ﬁdeliter</strong></span> <span class='ocrx_word' id='word_1_739' title='bbox 2203 3763 2656 3819; x_wconf 85' lang='lat' dir='ltr'><strong>considerandum</strong></span> <span class='ocrx_word' id='word_1_740' title='bbox 2684 3775 2788 3832; x_wconf 91' lang='lat' dir='ltr'><strong>est,</strong></span> <span class='ocrx_word' id='word_1_741' title='bbox 2821 3770 2962 3837; x_wconf 90' lang='lat' dir='ltr'><strong>quod</strong></span> <span class='ocrx_word' id='word_1_742' title='bbox 2993 3779 3103 3824; x_wconf 89' lang='lat' dir='ltr'><strong>tota</strong></span> <span class='ocrx_word' id='word_1_743' title='bbox 3152 3772 3392 3828; x_wconf 88' lang='lat' dir='ltr'><strong>Ecclesia</strong></span> <span class='ocrx_word' id='word_1_744' title='bbox 3421 3774 3532 3828; x_wconf 91' lang='lat' dir='ltr'><strong>Deo</strong></span> 
     </span>
    </p>
   </div>
   <div class='ocr_carea' id='block_1_100' title="bbox 1945 3849 3529 3928">
    <p class='ocr_par' dir='ltr' id='par_1_100' title="bbox 1945 3849 3529 3928">
     <span class='ocr_line' id='line_1_100' title="bbox 1945 3849 3529 3928; baseline 0.009 -25"><span class='ocrx_word' id='word_1_745' title='bbox 1945 3849 2136 3905; x_wconf 80' lang='lat' dir='ltr'><strong>offerat</strong></span> <span class='ocrx_word' id='word_1_746' title='bbox 2167 3851 2294 3906; x_wconf 90' lang='lat' dir='ltr'><strong>illud</strong></span> <span class='ocrx_word' id='word_1_747' title='bbox 2323 3853 2651 3908; x_wconf 89' lang='lat' dir='ltr'><strong>sacriﬁcium</strong></span> <span class='ocrx_word' id='word_1_748' title='bbox 2679 3855 2872 3921; x_wconf 90' lang='lat' dir='ltr'><strong>laudis,</strong></span> <span class='ocrx_word' id='word_1_749' title='bbox 2896 3858 3022 3928; x_wconf 87' lang='lat' dir='ltr'><strong>quia</strong></span> <span class='ocrx_word' id='word_1_750' title='bbox 3049 3860 3114 3914; x_wconf 91' lang='lat' dir='ltr'><strong>de</strong></span> <span class='ocrx_word' id='word_1_751' title='bbox 3154 3862 3300 3915; x_wconf 92' lang='lat' dir='ltr'><strong>omni</strong></span> <span class='ocrx_word' id='word_1_752' title='bbox 3344 3862 3529 3918; x_wconf 86' lang='lat' dir='ltr'><strong>multi-</strong></span> 
     </span>
    </p>
   </div>
   <div class='ocr_carea' id='block_1_101' title="bbox 1949 3942 3532 4026">
    <p class='ocr_par' dir='ltr' id='par_1_101' title="bbox 1949 3942 3532 4026">
     <span class='ocr_line' id='line_1_101' title="bbox 1949 3942 3532 4026; baseline 0.011 -31"><span class='ocrx_word' id='word_1_753' title='bbox 1949 3942 2130 3997; x_wconf 89' lang='lat' dir='ltr'><strong>tudine</strong></span> <span class='ocrx_word' id='word_1_754' title='bbox 2183 3944 2651 4002; x_wconf 88' lang='lat' dir='ltr'><strong>circumstantium</strong></span> <span class='ocrx_word' id='word_1_755' title='bbox 2701 3949 2937 4005; x_wconf 89' lang='lat' dir='ltr'><strong>dicitur:</strong></span> <span class='ocrx_word' id='word_1_756' title='bbox 2991 3951 3096 4017; x_wconf 84' lang='lat' dir='ltr'><strong>Qui</strong></span> <span class='ocrx_word' id='word_1_757' title='bbox 3141 3955 3237 4008; x_wconf 87' lang='lat' dir='ltr'><strong>tibi</strong></span> <span class='ocrx_word' id='word_1_758' title='bbox 3277 3956 3532 4026; x_wconf 73' lang='lat' dir='ltr'><strong>o/ferunt.</strong></span> 
     </span>
    </p>
   </div>
   <div class='ocr_carea' id='block_1_102' title="bbox 1943 4033 3532 4109">
    <p class='ocr_par' dir='ltr' id='par_1_102' title="bbox 1943 4033 3532 4109">
     <span class='ocr_line' id='line_1_102' title="bbox 1943 4033 3532 4109; baseline 0.013 -25"><span class='ocrx_word' id='word_1_759' title='bbox 1943 4033 2098 4100; x_wconf 87' lang='lat' dir='ltr'><strong>Quod</strong></span> <span class='ocrx_word' id='word_1_760' title='bbox 2123 4033 2266 4086; x_wconf 92' lang='lat' dir='ltr'><strong>enim</strong></span> <span class='ocrx_word' id='word_1_761' title='bbox 2297 4034 2623 4104; x_wconf 89' lang='lat' dir='ltr'><strong>adimpletur</strong></span> <span class='ocrx_word' id='word_1_762' title='bbox 2664 4040 2883 4109; x_wconf 88' lang='lat' dir='ltr'><strong>proprie</strong></span> <span class='ocrx_word' id='word_1_763' title='bbox 2929 4043 3230 4100; x_wconf 89' lang='lat' dir='ltr'><strong>ministerio</strong></span> <span class='ocrx_word' id='word_1_764' title='bbox 3275 4051 3532 4106; x_wconf 85' lang='lat' dir='ltr'><strong>sacerdo-</strong></span> 
     </span>
    </p>
   </div>
   <div class='ocr_carea' id='block_1_103' title="bbox 1944 4135 3531 4212">
    <p class='ocr_par' dir='ltr' id='par_1_103' title="bbox 1944 4135 3531 4212">
     <span class='ocr_line' id='line_1_103' title="bbox 1944 4135 3531 4212; baseline 0.01 -22"><span class='ocrx_word' id='word_1_765' title='bbox 1944 4145 2081 4201; x_wconf 90' lang='lat' dir='ltr'><strong>tum,</strong></span> <span class='ocrx_word' id='word_1_766' title='bbox 2112 4135 2215 4192; x_wconf 84' lang='lat' dir='ltr'><strong>hoc</strong></span> <span class='ocrx_word' id='word_1_767' title='bbox 2241 4135 2566 4208; x_wconf 87' lang='lat' dir='ltr'><strong>generaliter</strong></span> <span class='ocrx_word' id='word_1_768' title='bbox 2609 4140 2788 4212; x_wconf 89' lang='lat' dir='ltr'><strong>agitur</strong></span> <span class='ocrx_word' id='word_1_769' title='bbox 2832 4140 2938 4198; x_wconf 87' lang='lat' dir='ltr'><strong>ﬁde</strong></span> <span class='ocrx_word' id='word_1_770' title='bbox 2963 4151 3020 4198; x_wconf 91' lang='lat' dir='ltr'><strong>et</strong></span> <span class='ocrx_word' id='word_1_771' title='bbox 3059 4143 3345 4204; x_wconf 91' lang='lat' dir='ltr'><strong>devotione</strong></span> <span class='ocrx_word' id='word_1_772' title='bbox 3393 4163 3531 4206; x_wconf 91' lang='lat' dir='ltr'><strong>cun-</strong></span> 
     </span>
    </p>
   </div>
   <div class='ocr_carea' id='block_1_104' title="bbox 1943 4229 3539 4312">
    <p class='ocr_par' dir='ltr' id='par_1_104' title="bbox 1943 4229 3539 4312">
     <span class='ocr_line' id='line_1_104' title="bbox 1943 4229 3539 4312; baseline 0.013 -28"><span class='ocrx_word' id='word_1_773' title='bbox 1943 4242 2174 4286; x_wconf 91' lang='lat' dir='ltr'><strong>ctorum.</strong></span> <span class='ocrx_word' id='word_1_774' title='bbox 2209 4229 2548 4302; x_wconf 87' lang='lat' dir='ltr'><strong>Sacriﬁcium</strong></span> <span class='ocrx_word' id='word_1_775' title='bbox 2585 4234 2782 4292; x_wconf 89' lang='lat' dir='ltr'><strong>dicitur</strong></span> <span class='ocrx_word' id='word_1_776' title='bbox 2808 4236 3004 4306; x_wconf 89' lang='lat' dir='ltr'><strong>laudis,</strong></span> <span class='ocrx_word' id='word_1_777' title='bbox 3042 4241 3170 4312; x_wconf 88' lang='lat' dir='ltr'><strong>quia</strong></span> <span class='ocrx_word' id='word_1_778' title='bbox 3199 4242 3250 4298; x_wconf 92' lang='lat' dir='ltr'><strong>in</strong></span> <span class='ocrx_word' id='word_1_779' title='bbox 3293 4244 3450 4302; x_wconf 87' lang='lat' dir='ltr'><strong>laude</strong></span> <span class='ocrx_word' id='word_1_780' title='bbox 3477 4246 3539 4305; x_wconf 85' lang='lat' dir='ltr'><strong>il-</strong></span> 
     </span>
    </p>
   </div>
   <div class='ocr_carea' id='block_1_105' title="bbox 1943 4326 3531 4410">
    <p class='ocr_par' dir='ltr' id='par_1_105' title="bbox 1943 4326 3531 4410">
     <span class='ocr_line' id='line_1_105' title="bbox 1943 4326 3531 4410; baseline 0.012 -27"><span class='ocrx_word' id='word_1_781' title='bbox 1943 4329 2046 4384; x_wconf 90' lang='lat' dir='ltr'><strong>lius</strong></span> <span class='ocrx_word' id='word_1_782' title='bbox 2089 4326 2334 4386; x_wconf 68' lang='lat' dir='ltr'><strong>oﬁ‘ertur.</strong></span> <span class='ocrx_word' id='word_1_783' title='bbox 2369 4329 2487 4387; x_wconf 85' lang='lat' dir='ltr'><strong>Non</strong></span> <span class='ocrx_word' id='word_1_784' title='bbox 2516 4334 2659 4390; x_wconf 88' lang='lat' dir='ltr'><strong>enim</strong></span> <span class='ocrx_word' id='word_1_785' title='bbox 2702 4345 2890 4392; x_wconf 90' lang='lat' dir='ltr'><strong>nostra</strong></span> <span class='ocrx_word' id='word_1_786' title='bbox 2934 4338 3009 4395; x_wconf 88' lang='lat' dir='ltr'><strong>illi</strong></span> <span class='ocrx_word' id='word_1_787' title='bbox 3055 4340 3271 4410; x_wconf 88' lang='lat' dir='ltr'><strong>damus,</strong></span> <span class='ocrx_word' id='word_1_788' title='bbox 3300 4345 3398 4402; x_wconf 87' lang='lat' dir='ltr'><strong>sed</strong></span> <span class='ocrx_word' id='word_1_789' title='bbox 3431 4362 3531 4404; x_wconf 86' lang='lat' dir='ltr'><strong>sua</strong></span> 
     </span>
    </p>
   </div>
   <div class='ocr_carea' id='block_1_106' title="bbox 1943 4419 3532 4504">
    <p class='ocr_par' dir='ltr' id='par_1_106' title="bbox 1943 4419 3532 4504">
     <span class='ocr_line' id='line_1_106' title="bbox 1943 4419 3532 4504; baseline 0.013 -30"><span class='ocrx_word' id='word_1_790' title='bbox 1943 4420 2239 4479; x_wconf 85' lang='lat' dir='ltr'><strong>reddimus.</strong></span> <span class='ocrx_word' id='word_1_791' title='bbox 2275 4419 2384 4477; x_wconf 91' lang='lat' dir='ltr'><strong>Pro</strong></span> <span class='ocrx_word' id='word_1_792' title='bbox 2413 4440 2469 4478; x_wconf 86' lang='lat' dir='ltr'><strong>se</strong></span> <span class='ocrx_word' id='word_1_793' title='bbox 2493 4425 2704 4497; x_wconf 82' lang='lat' dir='ltr'><strong>suisque</strong></span> <span class='ocrx_word' id='word_1_794' title='bbox 2745 4429 3006 4496; x_wconf 87' lang='lat' dir='ltr'><strong>omnibus,</strong></span> <span class='ocrx_word' id='word_1_795' title='bbox 3041 4431 3092 4487; x_wconf 92' lang='lat' dir='ltr'><strong>id</strong></span> <span class='ocrx_word' id='word_1_796' title='bbox 3120 4442 3224 4501; x_wconf 91' lang='lat' dir='ltr'><strong>est,</strong></span> <span class='ocrx_word' id='word_1_797' title='bbox 3249 4436 3320 4491; x_wconf 84' lang='lat' dir='ltr'><strong>ad</strong></span> <span class='ocrx_word' id='word_1_798' title='bbox 3347 4453 3426 4504; x_wconf 89' lang='lat' dir='ltr'><strong>se,</strong></span> <span class='ocrx_word' id='word_1_799' title='bbox 3448 4439 3532 4495; x_wconf 81' lang='lat' dir='ltr'><strong>vel</strong></span> 
     </span>
    </p>
   </div>
   <div class='ocr_carea' id='block_1_107' title="bbox 1821 4512 3535 4600">
    <p class='ocr_par' dir='ltr' id='par_1_107' title="bbox 1821 4512 3535 4600">
     <span class='ocr_line' id='line_1_107' title="bbox 1821 4512 3535 4600; baseline 0.013 -33"><span class='ocrx_word' id='word_1_800' title='bbox 1821 4555 1843 4600; x_wconf 60' lang='grc' dir='ltr'>ι</span> <span class='ocrx_word' id='word_1_801' title='bbox 1870 4531 1918 4590; x_wconf 78' lang='grc' dir='ltr'><strong>ο</strong></span> <span class='ocrx_word' id='word_1_802' title='bbox 1944 4529 2164 4585; x_wconf 89' lang='lat' dir='ltr'><strong>genere,</strong></span> <span class='ocrx_word' id='word_1_803' title='bbox 2193 4515 2280 4574; x_wconf 89' lang='lat' dir='ltr'><strong>vel</strong></span> <span class='ocrx_word' id='word_1_804' title='bbox 2306 4512 2696 4586; x_wconf 88' lang='lat' dir='ltr'><strong>familiaritate,</strong></span> <span class='ocrx_word' id='word_1_805' title='bbox 2726 4520 2811 4577; x_wconf 88' lang='lat' dir='ltr'><strong>vel</strong></span> <span class='ocrx_word' id='word_1_806' title='bbox 2835 4523 3076 4594; x_wconf 89' lang='lat' dir='ltr'><strong>qualibet</strong></span> <span class='ocrx_word' id='word_1_807' title='bbox 3098 4526 3203 4582; x_wconf 87' lang='lat' dir='ltr'><strong>alia</strong></span> <span class='ocrx_word' id='word_1_808' title='bbox 3226 4530 3535 4588; x_wconf 89' lang='lat' dir='ltr'><strong>conditione</strong></span> 
     </span>
    </p>
   </div>
   <div class='ocr_carea' id='block_1_108' title="bbox 1947 4615 3535 4698">
    <p class='ocr_par' dir='ltr' id='par_1_108' title="bbox 1947 4615 3535 4698">
     <span class='ocr_line' id='line_1_108' title="bbox 1947 4615 3535 4698; baseline 0.011 -26"><span class='ocrx_word' id='word_1_809' title='bbox 1947 4617 2049 4672; x_wconf 92' lang='lat' dir='ltr'><strong>sub</strong></span> <span class='ocrx_word' id='word_1_810' title='bbox 2075 4615 2316 4686; x_wconf 88' lang='lat' dir='ltr'><strong>eiusdem</strong></span> <span class='ocrx_word' id='word_1_811' title='bbox 2345 4619 2466 4675; x_wconf 88' lang='lat' dir='ltr'><strong>ﬁdei</strong></span> <span class='ocrx_word' id='word_1_812' title='bbox 2507 4619 2845 4690; x_wconf 88' lang='lat' dir='ltr'><strong>professione</strong></span> <span class='ocrx_word' id='word_1_813' title='bbox 2865 4625 3287 4698; x_wconf 87' lang='lat' dir='ltr'><strong>pertinentibus,</strong></span> <span class='ocrx_word' id='word_1_814' title='bbox 3313 4639 3422 4688; x_wconf 86' lang='lat' dir='ltr'><strong>tam</strong></span> <span class='ocrx_word' id='word_1_815' title='bbox 3453 4634 3535 4690; x_wconf 90' lang='lat' dir='ltr'><strong>vi-</strong></span> 
     </span>
    </p>
   </div>
   <div class='ocr_carea' id='block_1_109' title="bbox 1947 4709 3532 4794">
    <p class='ocr_par' dir='ltr' id='par_1_109' title="bbox 1947 4709 3532 4794">
     <span class='ocr_line' id='line_1_109' title="bbox 1947 4709 3532 4794; baseline 0.014 -33"><span class='ocrx_word' id='word_1_816' title='bbox 1947 4709 2199 4766; x_wconf 87' lang='lat' dir='ltr'><strong>ventibus</strong></span> <span class='ocrx_word' id='word_1_817' title='bbox 2231 4726 2394 4782; x_wconf 86' lang='lat' dir='ltr'><strong>quam</strong></span> <span class='ocrx_word' id='word_1_818' title='bbox 2435 4711 2726 4769; x_wconf 86' lang='lat' dir='ltr'><strong>defunctis.</strong></span> <span class='ocrx_word' id='word_1_819' title='bbox 2763 4715 2833 4771; x_wconf 85' lang='lat' dir='ltr'><strong>Et</strong></span> <span class='ocrx_word' id='word_1_820' title='bbox 2874 4718 2997 4786; x_wconf 88' lang='lat' dir='ltr'><strong>hoc,</strong></span> <span class='ocrx_word' id='word_1_821' title='bbox 3043 4733 3147 4790; x_wconf 88' lang='lat' dir='ltr'><strong>qua</strong></span> <span class='ocrx_word' id='word_1_822' title='bbox 3184 4737 3282 4794; x_wconf 88' lang='lat' dir='ltr'><strong>spe</strong></span> <span class='ocrx_word' id='word_1_823' title='bbox 3306 4723 3532 4792; x_wconf 84' lang='lat' dir='ltr'><strong>faciant,</strong></span> 
     </span>
    </p>
   </div>
   <div class='ocr_carea' id='block_1_110' title="bbox 1948 4799 3534 4888">
    <p class='ocr_par' dir='ltr' id='par_1_110' title="bbox 1948 4799 3534 4888">
     <span class='ocr_line' id='line_1_110' title="bbox 1948 4799 3534 4888; baseline 0.013 -34"><span class='ocrx_word' id='word_1_824' title='bbox 1948 4799 2326 4873; x_wconf 89' lang='lat' dir='ltr'><strong>subiungitur:</strong></span> <span class='ocrx_word' id='word_1_825' title='bbox 2370 4803 2498 4872; x_wconf 90' lang='lat' dir='ltr'><strong>quia</strong></span> <span class='ocrx_word' id='word_1_826' title='bbox 2526 4819 2632 4860; x_wconf 92' lang='lat' dir='ltr'><strong>non</strong></span> <span class='ocrx_word' id='word_1_827' title='bbox 2655 4821 2755 4876; x_wconf 89' lang='lat' dir='ltr'><strong>pro</strong></span> <span class='ocrx_word' id='word_1_828' title='bbox 2797 4807 2978 4880; x_wconf 89' lang='lat' dir='ltr'><strong>aliquo</strong></span> <span class='ocrx_word' id='word_1_829' title='bbox 3019 4819 3236 4870; x_wconf 88' lang='lat' dir='ltr'><strong>terreno</strong></span> <span class='ocrx_word' id='word_1_830' title='bbox 3269 4818 3534 4888; x_wconf 89' lang='lat' dir='ltr'><strong>appetitu,</strong></span> 
     </span>
    </p>
   </div>
   <div class='ocr_carea' id='block_1_111' title="bbox 1949 4895 3537 4980">
    <p class='ocr_par' dir='ltr' id='par_1_111' title="bbox 1949 4895 3537 4980">
     <span class='ocr_line' id='line_1_111' title="bbox 1949 4895 3537 4980; baseline 0.011 -34"><span class='ocrx_word' id='word_1_831' title='bbox 1949 4908 2055 4947; x_wconf 91' lang='lat' dir='ltr'><strong>non</strong></span> <span class='ocrx_word' id='word_1_832' title='bbox 2080 4909 2179 4964; x_wconf 90' lang='lat' dir='ltr'><strong>pro</strong></span> <span class='ocrx_word' id='word_1_833' title='bbox 2211 4895 2492 4966; x_wconf 88' lang='lat' dir='ltr'><strong>temporali</strong></span> <span class='ocrx_word' id='word_1_834' title='bbox 2526 4896 2700 4962; x_wconf 83' lang='lat' dir='ltr'><strong>lucro,</strong></span> <span class='ocrx_word' id='word_1_835' title='bbox 2729 4902 2824 4958; x_wconf 89' lang='lat' dir='ltr'><strong>sed</strong></span> <span class='ocrx_word' id='word_1_836' title='bbox 2851 4903 3193 4962; x_wconf 89' lang='lat' dir='ltr'><strong>solummodo</strong></span> <span class='ocrx_word' id='word_1_837' title='bbox 3215 4925 3312 4980; x_wconf 87' lang='lat' dir='ltr'><strong>pro</strong></span> <span class='ocrx_word' id='word_1_838' title='bbox 3335 4909 3537 4966; x_wconf 88' lang='lat' dir='ltr'><strong>redem-</strong></span> 
     </span>
    </p>
   </div>
   <div class='ocr_carea' id='block_1_112' title="bbox 1945 4983 3538 5068">
    <p class='ocr_par' dir='ltr' id='par_1_112' title="bbox 1945 4983 3538 5068">
     <span class='ocr_line' id='line_1_112' title="bbox 1945 4983 3538 5068; baseline 0.016 -33"><span class='ocrx_word' id='word_1_839' title='bbox 1945 4983 2121 5054; x_wconf 85' lang='lat' dir='ltr'><strong>ptione</strong></span> <span class='ocrx_word' id='word_1_840' title='bbox 2145 4985 2444 5040; x_wconf 81' lang='lat' dir='ltr'><strong>animarum</strong></span> <span class='ocrx_word' id='word_1_841' title='bbox 2485 5005 2726 5057; x_wconf 87' lang='lat' dir='ltr'><strong>suarum,</strong></span> <span class='ocrx_word' id='word_1_842' title='bbox 2759 4994 2885 5063; x_wconf 86' lang='lat' dir='ltr'><strong>quia</strong></span> <span class='ocrx_word' id='word_1_843' title='bbox 2919 4995 2973 5051; x_wconf 91' lang='lat' dir='ltr'><strong>in</strong></span> <span class='ocrx_word' id='word_1_844' title='bbox 2998 4997 3115 5068; x_wconf 89' lang='lat' dir='ltr'><strong>ipso</strong></span> <span class='ocrx_word' id='word_1_845' title='bbox 3155 4999 3420 5058; x_wconf 84' lang='lat' dir='ltr'><strong>habemus</strong></span> <span class='ocrx_word' id='word_1_846' title='bbox 3451 5018 3538 5058; x_wconf 86' lang='lat' dir='ltr'><strong>re-</strong></span> 
     </span>
    </p>
   </div>
   <div class='ocr_carea' id='block_1_113' title="bbox 1947 5076 3532 5168">
    <p class='ocr_par' dir='ltr' id='par_1_113' title="bbox 1947 5076 3532 5168">
     <span class='ocr_line' id='line_1_113' title="bbox 1947 5076 3532 5168; baseline 0.015 -38"><span class='ocrx_word' id='word_1_847' title='bbox 1947 5076 2314 5147; x_wconf 90' lang='lat' dir='ltr'><strong>demptionem</strong></span> <span class='ocrx_word' id='word_1_848' title='bbox 2353 5095 2454 5151; x_wconf 89' lang='lat' dir='ltr'><strong>per</strong></span> <span class='ocrx_word' id='word_1_849' title='bbox 2488 5085 2806 5155; x_wconf 89' lang='lat' dir='ltr'><strong>sanguinem</strong></span> <span class='ocrx_word' id='word_1_850' title='bbox 2829 5088 2966 5159; x_wconf 88' lang='lat' dir='ltr'><strong>eius,</strong></span> <span class='ocrx_word' id='word_1_851' title='bbox 2995 5092 3371 5150; x_wconf 88' lang='lat' dir='ltr'><strong>remissionem</strong></span> <span class='ocrx_word' id='word_1_852' title='bbox 3412 5109 3532 5168; x_wconf 85' lang='lat' dir='ltr'><strong>pec-</strong></span> 
     </span>
    </p>
   </div>
   <div class='ocr_carea' id='block_1_114' title="bbox 1949 5170 3535 5254">
    <p class='ocr_par' dir='ltr' id='par_1_114' title="bbox 1949 5170 3535 5254">
     <span class='ocr_line' id='line_1_114' title="bbox 1949 5170 3535 5254; baseline 0.012 -30"><span class='ocrx_word' id='word_1_853' title='bbox 1949 5177 2218 5227; x_wconf 89' lang='lat' dir='ltr'><strong>catorum.</strong></span> <span class='ocrx_word' id='word_1_854' title='bbox 2266 5170 2374 5226; x_wconf 87' lang='lat' dir='ltr'><strong>Pro</strong></span> <span class='ocrx_word' id='word_1_855' title='bbox 2417 5191 2506 5245; x_wconf 84' lang='lat' dir='ltr'><strong>spe</strong></span> <span class='ocrx_word' id='word_1_856' title='bbox 2552 5175 2764 5244; x_wconf 83' lang='lat' dir='ltr'><strong>salutis,</strong></span> <span class='ocrx_word' id='word_1_857' title='bbox 2797 5179 2850 5234; x_wconf 94' lang='lat' dir='ltr'><strong>id</strong></span> <span class='ocrx_word' id='word_1_858' title='bbox 2878 5189 2984 5246; x_wconf 89' lang='lat' dir='ltr'><strong>est,</strong></span> <span class='ocrx_word' id='word_1_859' title='bbox 3028 5198 3128 5254; x_wconf 90' lang='lat' dir='ltr'><strong>pro</strong></span> <span class='ocrx_word' id='word_1_860' title='bbox 3155 5185 3265 5241; x_wconf 88' lang='lat' dir='ltr'><strong>vita</strong></span> <span class='ocrx_word' id='word_1_861' title='bbox 3311 5194 3535 5253; x_wconf 63' lang='lat' dir='ltr'><strong>(eterna,</strong></span> 
     </span>
    </p>
   </div>
   <div class='ocr_carea' id='block_1_115' title="bbox 1947 5265 3537 5346">
    <p class='ocr_par' dir='ltr' id='par_1_115' title="bbox 1947 5265 3537 5346">
     <span class='ocr_line' id='line_1_115' title="bbox 1947 5265 3537 5346; baseline 0.012 -31"><span class='ocrx_word' id='word_1_862' title='bbox 1947 5275 2069 5332; x_wconf 73' lang='lat' dir='ltr'><strong>qua:</strong></span> <span class='ocrx_word' id='word_1_863' title='bbox 2115 5270 2200 5316; x_wconf 87' lang='lat' dir='ltr'><strong>est</strong></span> <span class='ocrx_word' id='word_1_864' title='bbox 2255 5277 2383 5318; x_wconf 83' lang='lat' dir='ltr'><strong>vera</strong></span> <span class='ocrx_word' id='word_1_865' title='bbox 2437 5265 2605 5321; x_wconf 89' lang='lat' dir='ltr'><strong>salus.</strong></span> <span class='ocrx_word' id='word_1_866' title='bbox 2660 5267 2764 5338; x_wconf 85' lang='lat' dir='ltr'><strong>Spe</strong></span> <span class='ocrx_word' id='word_1_867' title='bbox 2811 5271 2949 5326; x_wconf 82' lang='lat' dir='ltr'><strong>enim</strong></span> <span class='ocrx_word' id='word_1_868' title='bbox 3009 5273 3140 5327; x_wconf 74' lang='lat' dir='ltr'><strong>salvi</strong></span> <span class='ocrx_word' id='word_1_869' title='bbox 3187 5275 3314 5346; x_wconf 75' lang='lat' dir='ltr'><strong>facti</strong></span> <span class='ocrx_word' id='word_1_870' title='bbox 3354 5294 3537 5334; x_wconf 81' lang='lat' dir='ltr'><strong>sumus</strong></span> 
     </span>
    </p>
   </div>
   <div class='ocr_carea' id='block_1_116' title="bbox 1949 5359 3536 5445">
    <p class='ocr_par' dir='ltr' id='par_1_116' title="bbox 1949 5359 3536 5445">
     <span class='ocr_line' id='line_1_116' title="bbox 1949 5359 3536 5445; baseline 0.016 -31"><span class='ocrx_word' id='word_1_871' title='bbox 1949 5359 2128 5430; x_wconf 81' lang='lat' dir='ltr'><strong>(Rom.</strong></span> <span class='ocrx_word' id='word_1_872' title='bbox 2156 5380 2251 5419; x_wconf 87' lang='lat' dir='ltr'><strong>vm</strong></span> <span class='ocrx_word' id='word_1_873' title='bbox 2275 5365 2433 5436; x_wconf 44' lang='grc' dir='ltr'><strong>ἀι),</strong></span> <span class='ocrx_word' id='word_1_874' title='bbox 2476 5366 2587 5424; x_wconf 85' lang='lat' dir='ltr'><strong>Nec</strong></span> <span class='ocrx_word' id='word_1_875' title='bbox 2621 5369 2793 5426; x_wconf 81' lang='lat' dir='ltr'><strong>solum</strong></span> <span class='ocrx_word' id='word_1_876' title='bbox 2838 5388 2938 5443; x_wconf 90' lang='lat' dir='ltr'><strong>pro</strong></span> <span class='ocrx_word' id='word_1_877' title='bbox 2967 5373 3146 5434; x_wconf 81' lang='lat' dir='ltr'><strong>salute</strong></span> <span class='ocrx_word' id='word_1_878' title='bbox 3181 5384 3406 5445; x_wconf 62' lang='lat' dir='ltr'><strong>aeterna,</strong></span> <span class='ocrx_word' id='word_1_879' title='bbox 3440 5379 3536 5440; x_wconf 79' lang='lat' dir='ltr'><strong>sed</strong></span> 
     </span>
    </p>
   </div>
   <div class='ocr_carea' id='block_1_117' title="bbox 1949 5451 3538 5541">
    <p class='ocr_par' dir='ltr' id='par_1_117' title="bbox 1949 5451 3538 5541">
     <span class='ocr_line' id='line_1_117' title="bbox 1949 5451 3538 5541; baseline 0.014 -36"><span class='ocrx_word' id='word_1_880' title='bbox 1949 5451 2113 5507; x_wconf 89' lang='lat' dir='ltr'><strong>etiam</strong></span> <span class='ocrx_word' id='word_1_881' title='bbox 2141 5469 2243 5524; x_wconf 87' lang='lat' dir='ltr'><strong>pro</strong></span> <span class='ocrx_word' id='word_1_882' title='bbox 2277 5458 2558 5528; x_wconf 89' lang='lat' dir='ltr'><strong>temporali</strong></span> <span class='ocrx_word' id='word_1_883' title='bbox 2586 5459 2974 5529; x_wconf 82' lang='lat' dir='ltr'><strong>incolumitate,</strong></span> <span class='ocrx_word' id='word_1_884' title='bbox 3024 5465 3078 5521; x_wconf 90' lang='lat' dir='ltr'><strong>id</strong></span> <span class='ocrx_word' id='word_1_885' title='bbox 3125 5475 3234 5534; x_wconf 87' lang='lat' dir='ltr'><strong>est,</strong></span> <span class='ocrx_word' id='word_1_886' title='bbox 3269 5470 3538 5541; x_wconf 88' lang='lat' dir='ltr'><strong>corporali</strong></span> 
     </span>
    </p>
   </div>
   <div class='ocr_carea' id='block_1_118' title="bbox 1949 5552 3540 5644">
    <p class='ocr_par' dir='ltr' id='par_1_118' title="bbox 1949 5552 3540 5644">
     <span class='ocr_line' id='line_1_118' title="bbox 1949 5552 3540 5644; baseline 0.015 -39"><span class='ocrx_word' id='word_1_887' title='bbox 1949 5552 2202 5609; x_wconf 87' lang='lat' dir='ltr'><strong>sanitate.</strong></span> <span class='ocrx_word' id='word_1_888' title='bbox 2238 5553 2583 5614; x_wconf 85' lang='lat' dir='ltr'><strong>lncolumitas</strong></span> <span class='ocrx_word' id='word_1_889' title='bbox 2619 5561 2763 5616; x_wconf 89' lang='lat' dir='ltr'><strong>enim</strong></span> <span class='ocrx_word' id='word_1_890' title='bbox 2797 5561 3014 5631; x_wconf 89' lang='lat' dir='ltr'><strong>dicitur,</strong></span> <span class='ocrx_word' id='word_1_891' title='bbox 3041 5567 3291 5625; x_wconf 81' lang='lat' dir='ltr'><strong>sanitatis</strong></span> <span class='ocrx_word' id='word_1_892' title='bbox 3314 5569 3540 5644; x_wconf 70' lang='lat' dir='ltr'><strong>integui~</strong></span> 
     </span>
    </p>
   </div>
   <div class='ocr_carea' id='block_1_119' title="bbox 1950 5647 3550 5729">
    <p class='ocr_par' dir='ltr' id='par_1_119' title="bbox 1950 5647 3550 5729">
     <span class='ocr_line' id='line_1_119' title="bbox 1950 5647 3550 5729; baseline 0.016 -31"><span class='ocrx_word' id='word_1_893' title='bbox 1950 5653 2052 5702; x_wconf 87' lang='lat' dir='ltr'><strong>tas.</strong></span> <span class='ocrx_word' id='word_1_894' title='bbox 2091 5647 2332 5722; x_wconf 84' lang='lat' dir='ltr'><strong>Utraque</strong></span> <span class='ocrx_word' id='word_1_895' title='bbox 2376 5660 2558 5711; x_wconf 90' lang='lat' dir='ltr'><strong>autem</strong></span> <span class='ocrx_word' id='word_1_896' title='bbox 2609 5655 2817 5712; x_wconf 87' lang='lat' dir='ltr'><strong>sanitas</strong></span> <span class='ocrx_word' id='word_1_897' title='bbox 2862 5657 2931 5713; x_wconf 91' lang='lat' dir='ltr'><strong>ab</strong></span> <span class='ocrx_word' id='word_1_898' title='bbox 2973 5657 3066 5715; x_wconf 89' lang='lat' dir='ltr'><strong>illo</strong></span> <span class='ocrx_word' id='word_1_899' title='bbox 3111 5669 3219 5729; x_wconf 90' lang='lat' dir='ltr'><strong>est,</strong></span> <span class='ocrx_word' id='word_1_900' title='bbox 3250 5671 3305 5718; x_wconf 88' lang='lat' dir='ltr'><strong>et</strong></span> <span class='ocrx_word' id='word_1_901' title='bbox 3345 5665 3550 5726; x_wconf 63' lang='lat' dir='ltr'><strong>anima!</strong></span> 
     </span>
    </p>
   </div>
   <div class='ocr_carea' id='block_1_120' title="bbox 1947 5739 3534 5821">
    <p class='ocr_par' dir='ltr' id='par_1_120' title="bbox 1947 5739 3534 5821">
     <span class='ocr_line' id='line_1_120' title="bbox 1947 5739 3534 5821; baseline 0.009 -25"><span class='ocrx_word' id='word_1_902' title='bbox 1947 5739 2152 5797; x_wconf 89' lang='lat' dir='ltr'><strong>scilicet</strong></span> <span class='ocrx_word' id='word_1_903' title='bbox 2208 5750 2262 5798; x_wconf 89' lang='lat' dir='ltr'><strong>et</strong></span> <span class='ocrx_word' id='word_1_904' title='bbox 2318 5748 2580 5816; x_wconf 85' lang='lat' dir='ltr'><strong>corporis,</strong></span> <span class='ocrx_word' id='word_1_905' title='bbox 2641 5749 2708 5805; x_wconf 89' lang='lat' dir='ltr'><strong>de</strong></span> <span class='ocrx_word' id='word_1_906' title='bbox 2761 5765 2869 5821; x_wconf 87' lang='lat' dir='ltr'><strong>quo</strong></span> <span class='ocrx_word' id='word_1_907' title='bbox 2922 5751 2973 5805; x_wconf 87' lang='lat' dir='ltr'><strong>in</strong></span> <span class='ocrx_word' id='word_1_908' title='bbox 3027 5753 3235 5821; x_wconf 85' lang='lat' dir='ltr'><strong>psalmo</strong></span> <span class='ocrx_word' id='word_1_909' title='bbox 3283 5758 3534 5813; x_wconf 80' lang='lat' dir='ltr'><strong>canitur:</strong></span> 
     </span>
    </p>
   </div>
   <div class='ocr_carea' id='block_1_121' title="bbox 2343 5843 3102 5912">
    <p class='ocr_par' dir='ltr' id='par_1_121' title="bbox 2343 5843 3102 5912">
     <span class='ocr_line' id='line_1_121' title="bbox 2343 5843 3102 5912; baseline -0.011 0"><span class='ocrx_word' id='word_1_910' title='bbox 2343 5885 2369 5912; x_wconf 79' lang='grc' dir='ltr'><strong><em>ο</em></strong></span> <span class='ocrx_word' id='word_1_911' title='bbox 3026 5843 3102 5906; x_wconf 65' lang='grc'>40</span> 
     </span>
    </p>
   </div>
  </div>
