  <div class='ocr_page' id='page_1' title='image "/cluster/home/n/w/nwhite01/storage/ocr_20150623/101/hvd.32044054759683/635.png"; bbox 0 0 3914 6178; ppageno 0'>
   <div class='ocr_carea' id='block_1_1' title="bbox 355 276 499 331">
    <p class='ocr_par' dir='ltr' id='par_1_1' title="bbox 355 276 499 331">
     <span class='ocr_line' id='line_1_1' title="bbox 355 276 499 331; baseline -0.014 -1"><span class='ocrx_word' id='word_1_1' title='bbox 355 276 499 331; x_wconf 57' lang='grc' dir='ltr'><strong>ηδτ»</strong></span> 
     </span>
    </p>
   </div>
   <div class='ocr_carea' id='block_1_2' title="bbox 1216 258 2801 326">
    <p class='ocr_par' dir='ltr' id='par_1_2' title="bbox 1216 258 2801 326">
     <span class='ocr_line' id='line_1_2' title="bbox 1216 258 2801 326; baseline -0.008 -3"><span class='ocrx_word' id='word_1_2' title='bbox 1216 270 1276 324; x_wconf 85' lang='grc' dir='ltr'><strong>Β.</strong></span> <span class='ocrx_word' id='word_1_3' title='bbox 1318 270 1375 326; x_wconf 85' lang='lat' dir='ltr'><strong>F.</strong></span> <span class='ocrx_word' id='word_1_4' title='bbox 1424 266 1649 324; x_wconf 74' lang='lat' dir='ltr'><strong>ALBlNl</strong></span> <span class='ocrx_word' id='word_1_5' title='bbox 1693 265 1823 321; x_wconf 81' lang='lat' dir='ltr'><strong>SEU</strong></span> <span class='ocrx_word' id='word_1_6' title='bbox 1862 262 2139 321; x_wconf 74' lang='lat' dir='ltr'><strong>ALCUlNl</strong></span> <span class='ocrx_word' id='word_1_7' title='bbox 2179 261 2463 319; x_wconf 68' lang='lat' dir='ltr'><strong>OPERUM</strong></span> <span class='ocrx_word' id='word_1_8' title='bbox 2500 258 2679 313; x_wconf 77' lang='lat' dir='ltr'><strong>PARS</strong></span> <span class='ocrx_word' id='word_1_9' title='bbox 2711 258 2801 313; x_wconf 77' lang='lat' dir='ltr'><strong>lx.</strong></span> 
     </span>
    </p>
   </div>
   <div class='ocr_carea' id='block_1_3' title="bbox 3500 254 3641 309">
    <p class='ocr_par' dir='ltr' id='par_1_3' title="bbox 3500 254 3641 309">
     <span class='ocr_line' id='line_1_3' title="bbox 3500 254 3641 309; baseline 0 -1"><span class='ocrx_word' id='word_1_10' title='bbox 3500 254 3641 309; x_wconf 67' lang='lat'><strong>{260</strong></span> 
     </span>
    </p>
   </div>
   <div class='ocr_carea' id='block_1_4' title="bbox 354 366 3645 453">
    <p class='ocr_par' dir='ltr' id='par_1_4' title="bbox 354 366 3645 453">
     <span class='ocr_line' id='line_1_4' title="bbox 354 366 3645 453; baseline -0.007 -10"><span class='ocrx_word' id='word_1_11' title='bbox 354 386 569 443; x_wconf 83' lang='lat' dir='ltr'><strong>Domini</strong></span> <span class='ocrx_word' id='word_1_12' title='bbox 595 393 669 439; x_wconf 87' lang='lat' dir='ltr'><strong>est</strong></span> <span class='ocrx_word' id='word_1_13' title='bbox 692 383 837 437; x_wconf 87' lang='lat' dir='ltr'><strong>salus</strong></span> <span class='ocrx_word' id='word_1_14' title='bbox 863 379 1036 453; x_wconf 82' lang='lat' dir='ltr'><strong>(Psal.</strong></span> <span class='ocrx_word' id='word_1_15' title='bbox 1074 395 1166 445; x_wconf 90' lang='grc' dir='ltr'>ιιι,</span> <span class='ocrx_word' id='word_1_16' title='bbox 1210 380 1287 449; x_wconf 87' lang='lat'><strong>9).</strong></span> <span class='ocrx_word' id='word_1_17' title='bbox 1318 366 1562 435; x_wconf 74' lang='lat' dir='ltr'><strong>Reddunt</strong></span> <span class='ocrx_word' id='word_1_18' title='bbox 1598 386 1733 442; x_wconf 83' lang='lat' dir='ltr'><strong>vota,</strong></span> <span class='ocrx_word' id='word_1_19' title='bbox 1762 376 1813 431; x_wconf 97' lang='lat' dir='ltr'><strong>id</strong></span> <span class='ocrx_word' id='word_1_20' title='bbox 1840 385 1945 443; x_wconf 90' lang='lat' dir='ltr'><strong>est,</strong></span> <span class='ocrx_word' id='word_1_21' title='bbox 1975 386 2024 443; x_wconf 72' lang='grc' dir='ltr'>Α</span> <span class='ocrx_word' id='word_1_22' title='bbox 2051 376 2391 431; x_wconf 72' lang='lat' dir='ltr'><strong>damnatione</strong></span> <span class='ocrx_word' id='word_1_23' title='bbox 2417 383 2661 445; x_wconf 76' lang='lat' dir='ltr'><strong>ereptos:</strong></span> <span class='ocrx_word' id='word_1_24' title='bbox 2694 386 2891 439; x_wconf 87' lang='lat' dir='ltr'><strong>usque,</strong></span> <span class='ocrx_word' id='word_1_25' title='bbox 2933 366 3038 425; x_wconf 83' lang='lat' dir='ltr'><strong>Per</strong></span> <span class='ocrx_word' id='word_1_26' title='bbox 3059 367 3326 423; x_wconf 78' lang='lat' dir='ltr'><strong>Christum</strong></span> <span class='ocrx_word' id='word_1_27' title='bbox 3353 366 3645 427; x_wconf 70' lang='lat' dir='ltr'><strong>Dominum</strong></span> 
     </span>
    </p>
   </div>
   <div class='ocr_carea' id='block_1_5' title="bbox 352 470 1620 542">
    <p class='ocr_par' dir='ltr' id='par_1_5' title="bbox 352 470 1620 542">
     <span class='ocr_line' id='line_1_5' title="bbox 352 470 1620 542; baseline -0.012 -4"><span class='ocrx_word' id='word_1_28' title='bbox 352 478 645 542; x_wconf 84' lang='lat' dir='ltr'><strong>sacriﬁcia,</strong></span> <span class='ocrx_word' id='word_1_29' title='bbox 683 475 767 530; x_wconf 85' lang='lat' dir='ltr'><strong>vel</strong></span> <span class='ocrx_word' id='word_1_30' title='bbox 794 483 915 528; x_wconf 90' lang='lat' dir='ltr'><strong>vota</strong></span> <span class='ocrx_word' id='word_1_31' title='bbox 941 471 1064 527; x_wconf 89' lang='lat' dir='ltr'><strong>ﬁdei</strong></span> <span class='ocrx_word' id='word_1_32' title='bbox 1087 480 1142 527; x_wconf 91' lang='lat' dir='ltr'><strong>et</strong></span> <span class='ocrx_word' id='word_1_33' title='bbox 1171 472 1274 541; x_wconf 61' lang='lat' dir='ltr'><strong>pice</strong></span> <span class='ocrx_word' id='word_1_34' title='bbox 1298 470 1620 525; x_wconf 77' lang='lat' dir='ltr'><strong>devotionis.</strong></span> 
     </span>
    </p>
   </div>
   <div class='ocr_carea' id='block_1_6' title="bbox 423 565 1940 635">
    <p class='ocr_par' dir='ltr' id='par_1_6' title="bbox 423 565 1940 635">
     <span class='ocr_line' id='line_1_6' title="bbox 423 565 1940 635; baseline -0.009 -5"><span class='ocrx_word' id='word_1_35' title='bbox 423 572 902 633; x_wconf 79' lang='lat' dir='ltr'><strong>Communicantcs,</strong></span> <span class='ocrx_word' id='word_1_36' title='bbox 927 575 1057 631; x_wconf 91' lang='lat' dir='ltr'><strong>etc.,</strong></span> <span class='ocrx_word' id='word_1_37' title='bbox 1074 581 1266 635; x_wconf 87' lang='lat' dir='ltr'><strong>usque,</strong></span> <span class='ocrx_word' id='word_1_38' title='bbox 1290 575 1336 619; x_wconf 88' lang='lat' dir='ltr'><strong>et</strong></span> <span class='ocrx_word' id='word_1_39' title='bbox 1364 565 1595 619; x_wconf 86' lang='lat' dir='ltr'><strong>omnium</strong></span> <span class='ocrx_word' id='word_1_40' title='bbox 1620 573 1940 619; x_wconf 87' lang='lat' dir='ltr'><strong>sanctorum.</strong></span> 
     </span>
    </p>
   </div>
   <div class='ocr_carea' id='block_1_7' title="bbox 356 654 1945 738">
    <p class='ocr_par' dir='ltr' id='par_1_7' title="bbox 356 654 1945 738">
     <span class='ocr_line' id='line_1_7' title="bbox 356 654 1945 738; baseline -0.01 -13"><span class='ocrx_word' id='word_1_41' title='bbox 356 669 452 735; x_wconf 83' lang='lat' dir='ltr'><strong>Se,</strong></span> <span class='ocrx_word' id='word_1_42' title='bbox 491 668 583 738; x_wconf 86' lang='lat' dir='ltr'><strong>qui</strong></span> <span class='ocrx_word' id='word_1_43' title='bbox 630 666 807 729; x_wconf 77' lang='lat' dir='ltr'><strong>oll‘crt,</strong></span> <span class='ocrx_word' id='word_1_44' title='bbox 858 672 909 720; x_wconf 86' lang='lat' dir='ltr'><strong>et</strong></span> <span class='ocrx_word' id='word_1_45' title='bbox 944 678 1133 718; x_wconf 89' lang='lat' dir='ltr'><strong>omnes</strong></span> <span class='ocrx_word' id='word_1_46' title='bbox 1168 661 1604 723; x_wconf 74' lang='lat' dir='ltr'><strong>circumstantes,</strong></span> <span class='ocrx_word' id='word_1_47' title='bbox 1655 657 1745 727; x_wconf 87' lang='lat' dir='ltr'><strong>qui</strong></span> <span class='ocrx_word' id='word_1_48' title='bbox 1783 654 1945 712; x_wconf 84' lang='lat' dir='ltr'><strong>simul</strong></span> 
     </span>
    </p>
   </div>
   <div class='ocr_carea' id='block_1_8' title="bbox 353 750 1943 814">
    <p class='ocr_par' dir='ltr' id='par_1_8' title="bbox 353 750 1943 814">
     <span class='ocr_line' id='line_1_8' title="bbox 353 750 1943 814; baseline -0.008 0"><span class='ocrx_word' id='word_1_49' title='bbox 353 758 609 814; x_wconf 81' lang='lat' dir='ltr'><strong>offerunt.</strong></span> <span class='ocrx_word' id='word_1_50' title='bbox 640 757 772 811; x_wconf 89' lang='lat' dir='ltr'><strong>dicit</strong></span> <span class='ocrx_word' id='word_1_51' title='bbox 804 754 1204 811; x_wconf 89' lang='lat' dir='ltr'><strong>communicare</strong></span> <span class='ocrx_word' id='word_1_52' title='bbox 1235 768 1248 803; x_wconf 86' lang='lat'><strong>:</strong></span> <span class='ocrx_word' id='word_1_53' title='bbox 1289 759 1336 803; x_wconf 88' lang='lat' dir='ltr'><strong>et</strong></span> <span class='ocrx_word' id='word_1_54' title='bbox 1362 750 1666 804; x_wconf 79' lang='lat' dir='ltr'><strong>memoriam</strong></span> <span class='ocrx_word' id='word_1_55' title='bbox 1694 764 1943 802; x_wconf 84' lang='lat' dir='ltr'><strong>veneran-</strong></span> 
     </span>
    </p>
   </div>
   <div class='ocr_carea' id='block_1_9' title="bbox 354 840 1944 918">
    <p class='ocr_par' dir='ltr' id='par_1_9' title="bbox 354 840 1944 918">
     <span class='ocr_line' id='line_1_9' title="bbox 354 840 1944 918; baseline -0.006 -15"><span class='ocrx_word' id='word_1_56' title='bbox 354 861 429 903; x_wconf 83' lang='lat' dir='ltr'><strong>tes</strong></span> <span class='ocrx_word' id='word_1_57' title='bbox 455 849 618 902; x_wconf 75' lang='lat' dir='ltr'><strong>beata:</strong></span> <span class='ocrx_word' id='word_1_58' title='bbox 642 847 741 902; x_wconf 86' lang='lat' dir='ltr'><strong>Dei</strong></span> <span class='ocrx_word' id='word_1_59' title='bbox 770 846 1053 918; x_wconf 76' lang='lat' dir='ltr'><strong>genitricis,</strong></span> <span class='ocrx_word' id='word_1_60' title='bbox 1099 853 1146 896; x_wconf 90' lang='lat' dir='ltr'><strong>et</strong></span> <span class='ocrx_word' id='word_1_61' title='bbox 1186 842 1421 896; x_wconf 87' lang='lat' dir='ltr'><strong>omnium</strong></span> <span class='ocrx_word' id='word_1_62' title='bbox 1448 849 1750 895; x_wconf 87' lang='lat' dir='ltr'><strong>sanctorum</strong></span> <span class='ocrx_word' id='word_1_63' title='bbox 1773 856 1791 893; x_wconf 88' lang='lat'><strong>:</strong></span> <span class='ocrx_word' id='word_1_64' title='bbox 1818 840 1944 908; x_wconf 86' lang='lat' dir='ltr'><strong>quia</strong></span> 
     </span>
    </p>
   </div>
   <div class='ocr_carea' id='block_1_10' title="bbox 356 930 1942 1004">
    <p class='ocr_par' dir='ltr' id='par_1_10' title="bbox 356 930 1942 1004">
     <span class='ocr_line' id='line_1_10' title="bbox 356 930 1942 1004; baseline -0.004 -13"><span class='ocrx_word' id='word_1_65' title='bbox 356 949 412 993; x_wconf 85' lang='lat' dir='ltr'><strong>ut</strong></span> <span class='ocrx_word' id='word_1_66' title='bbox 437 938 765 994; x_wconf 88' lang='lat' dir='ltr'><strong>sacriﬁcium</strong></span> <span class='ocrx_word' id='word_1_67' title='bbox 803 935 912 989; x_wconf 89' lang='lat' dir='ltr'><strong>Deo</strong></span> <span class='ocrx_word' id='word_1_68' title='bbox 952 933 1124 1004; x_wconf 89' lang='lat' dir='ltr'><strong>possit</strong></span> <span class='ocrx_word' id='word_1_69' title='bbox 1159 947 1281 987; x_wconf 87' lang='lat' dir='ltr'><strong>esse</strong></span> <span class='ocrx_word' id='word_1_70' title='bbox 1312 940 1619 1001; x_wconf 81' lang='lat' dir='ltr'><strong>acceptum,</strong></span> <span class='ocrx_word' id='word_1_71' title='bbox 1662 945 1772 985; x_wconf 92' lang='lat' dir='ltr'><strong>non</strong></span> <span class='ocrx_word' id='word_1_72' title='bbox 1815 930 1942 985; x_wconf 87' lang='lat' dir='ltr'><strong>alibi</strong></span> 
     </span>
    </p>
   </div>
   <div class='ocr_carea' id='block_1_11' title="bbox 353 1022 1943 1095">
    <p class='ocr_par' dir='ltr' id='par_1_11' title="bbox 353 1022 1943 1095">
     <span class='ocr_line' id='line_1_11' title="bbox 353 1022 1943 1095; baseline -0.008 -9"><span class='ocrx_word' id='word_1_73' title='bbox 353 1032 455 1095; x_wconf 80' lang='lat' dir='ltr'><strong>lioc</strong></span> <span class='ocrx_word' id='word_1_74' title='bbox 490 1029 743 1093; x_wconf 72' lang='lat' dir='ltr'><strong>oﬁbrunt,</strong></span> <span class='ocrx_word' id='word_1_75' title='bbox 786 1027 891 1081; x_wconf 89' lang='lat' dir='ltr'><strong>nisi</strong></span> <span class='ocrx_word' id='word_1_76' title='bbox 922 1026 973 1078; x_wconf 89' lang='lat' dir='ltr'><strong>in</strong></span> <span class='ocrx_word' id='word_1_77' title='bbox 1005 1023 1384 1079; x_wconf 89' lang='lat' dir='ltr'><strong>communione</strong></span> <span class='ocrx_word' id='word_1_78' title='bbox 1425 1030 1480 1075; x_wconf 90' lang='lat' dir='ltr'><strong>et</strong></span> <span class='ocrx_word' id='word_1_79' title='bbox 1522 1022 1782 1076; x_wconf 73' lang='lat' dir='ltr'><strong>societate</strong></span> <span class='ocrx_word' id='word_1_80' title='bbox 1811 1036 1943 1075; x_wconf 89' lang='lat' dir='ltr'><strong>san-</strong></span> 
     </span>
    </p>
   </div>
   <div class='ocr_carea' id='block_1_12' title="bbox 354 1112 1943 1183">
    <p class='ocr_par' dir='ltr' id='par_1_12' title="bbox 354 1112 1943 1183">
     <span class='ocr_line' id='line_1_12' title="bbox 354 1112 1943 1183; baseline -0.007 -8"><span class='ocrx_word' id='word_1_81' title='bbox 354 1129 589 1183; x_wconf 80' lang='lat' dir='ltr'><strong>ctorum,</strong></span> <span class='ocrx_word' id='word_1_82' title='bbox 621 1126 675 1171; x_wconf 92' lang='lat' dir='ltr'><strong>et</strong></span> <span class='ocrx_word' id='word_1_83' title='bbox 708 1118 762 1171; x_wconf 91' lang='lat' dir='ltr'><strong>in</strong></span> <span class='ocrx_word' id='word_1_84' title='bbox 796 1129 985 1170; x_wconf 90' lang='lat' dir='ltr'><strong>eorum</strong></span> <span class='ocrx_word' id='word_1_85' title='bbox 1010 1113 1288 1169; x_wconf 66' lang='lat' dir='ltr'><strong>memoria)</strong></span> <span class='ocrx_word' id='word_1_86' title='bbox 1307 1112 1658 1168; x_wconf 80' lang='lat' dir='ltr'><strong>veneratione</strong></span> <span class='ocrx_word' id='word_1_87' title='bbox 1684 1122 1943 1180; x_wconf 81' lang='lat' dir='ltr'><strong>tanquam</strong></span> 
     </span>
    </p>
   </div>
   <div class='ocr_carea' id='block_1_13' title="bbox 354 1204 1946 1283">
    <p class='ocr_par' dir='ltr' id='par_1_13' title="bbox 354 1204 1946 1283">
     <span class='ocr_line' id='line_1_13' title="bbox 354 1204 1946 1283; baseline -0.004 -18"><span class='ocrx_word' id='word_1_88' title='bbox 354 1212 567 1265; x_wconf 87' lang='lat' dir='ltr'><strong>iuvero</strong></span> <span class='ocrx_word' id='word_1_89' title='bbox 619 1208 815 1278; x_wconf 88' lang='lat' dir='ltr'><strong>templo</strong></span> <span class='ocrx_word' id='word_1_90' title='bbox 842 1207 963 1273; x_wconf 90' lang='lat' dir='ltr'><strong>Dei,</strong></span> <span class='ocrx_word' id='word_1_91' title='bbox 1006 1207 1132 1277; x_wconf 86' lang='lat' dir='ltr'><strong>quia</strong></span> <span class='ocrx_word' id='word_1_92' title='bbox 1182 1206 1235 1283; x_wconf 87' lang='lat' dir='ltr'><strong>iu</strong></span> <span class='ocrx_word' id='word_1_93' title='bbox 1282 1205 1368 1260; x_wconf 91' lang='lat' dir='ltr'><strong>his</strong></span> <span class='ocrx_word' id='word_1_94' title='bbox 1402 1205 1574 1260; x_wconf 88' lang='lat' dir='ltr'><strong>voluit</strong></span> <span class='ocrx_word' id='word_1_95' title='bbox 1601 1204 1946 1273; x_wconf 89' lang='lat' dir='ltr'><strong>omnipotens</strong></span> 
     </span>
    </p>
   </div>
   <div class='ocr_carea' id='block_1_14' title="bbox 356 1295 1947 1357">
    <p class='ocr_par' dir='ltr' id='par_1_14' title="bbox 356 1295 1947 1357">
     <span class='ocr_line' id='line_1_14' title="bbox 356 1295 1947 1357; baseline -0.006 0"><span class='ocrx_word' id='word_1_96' title='bbox 356 1301 498 1357; x_wconf 83' lang='lat' dir='ltr'><strong>Deus</strong></span> <span class='ocrx_word' id='word_1_97' title='bbox 525 1298 781 1355; x_wconf 78' lang='lat' dir='ltr'><strong>Ecclesiae</strong></span> <span class='ocrx_word' id='word_1_98' title='bbox 812 1313 926 1353; x_wconf 67' lang='lat' dir='ltr'><strong>suae</strong></span> <span class='ocrx_word' id='word_1_99' title='bbox 955 1304 1209 1354; x_wconf 79' lang='lat' dir='ltr'><strong>constare</strong></span> <span class='ocrx_word' id='word_1_100' title='bbox 1232 1296 1660 1350; x_wconf 82' lang='lat' dir='ltr'><strong>fundamentum.</strong></span> <span class='ocrx_word' id='word_1_101' title='bbox 1693 1295 1818 1349; x_wconf 89' lang='lat' dir='ltr'><strong>Ideo</strong></span> <span class='ocrx_word' id='word_1_102' title='bbox 1853 1309 1947 1349; x_wconf 90' lang='lat' dir='ltr'><strong>su-</strong></span> 
     </span>
    </p>
   </div>
   <div class='ocr_carea' id='block_1_15' title="bbox 351 1384 1944 1455">
    <p class='ocr_par' dir='ltr' id='par_1_15' title="bbox 351 1384 1944 1455">
     <span class='ocr_line' id='line_1_15' title="bbox 351 1384 1944 1455; baseline -0.005 -7"><span class='ocrx_word' id='word_1_103' title='bbox 351 1409 472 1449; x_wconf 89' lang='lat' dir='ltr'><strong>mus</strong></span> <span class='ocrx_word' id='word_1_104' title='bbox 503 1390 963 1447; x_wconf 85' lang='lat' dir='ltr'><strong>communicantes</strong></span> <span class='ocrx_word' id='word_1_105' title='bbox 995 1388 1273 1443; x_wconf 67' lang='lat' dir='ltr'><strong>memoriae</strong></span> <span class='ocrx_word' id='word_1_106' title='bbox 1313 1402 1524 1452; x_wconf 89' lang='lat' dir='ltr'><strong>eorum,</strong></span> <span class='ocrx_word' id='word_1_107' title='bbox 1566 1394 1821 1455; x_wconf 85' lang='lat' dir='ltr'><strong>tanquam</strong></span> <span class='ocrx_word' id='word_1_108' title='bbox 1846 1384 1944 1440; x_wconf 88' lang='lat' dir='ltr'><strong>ﬁlii</strong></span> 
     </span>
    </p>
   </div>
   <div class='ocr_carea' id='block_1_16' title="bbox 351 1475 1944 1556">
    <p class='ocr_par' dir='ltr' id='par_1_16' title="bbox 351 1475 1944 1556">
     <span class='ocr_line' id='line_1_16' title="bbox 351 1475 1944 1556; baseline -0.005 -17"><span class='ocrx_word' id='word_1_109' title='bbox 351 1492 565 1556; x_wconf 80' lang='lat' dir='ltr'><strong>patrum</strong></span> <span class='ocrx_word' id='word_1_110' title='bbox 607 1490 664 1537; x_wconf 90' lang='lat' dir='ltr'><strong>et</strong></span> <span class='ocrx_word' id='word_1_111' title='bbox 705 1489 1006 1536; x_wconf 90' lang='lat' dir='ltr'><strong>sectatores</strong></span> <span class='ocrx_word' id='word_1_112' title='bbox 1041 1479 1461 1550; x_wconf 63' lang='lat' dir='ltr'><strong>praecedentium</strong></span> <span class='ocrx_word' id='word_1_113' title='bbox 1489 1495 1502 1530; x_wconf 94' lang='lat'><strong>:</strong></span> <span class='ocrx_word' id='word_1_114' title='bbox 1536 1475 1944 1532; x_wconf 84' lang='lat' dir='ltr'><strong>Communican-</strong></span> 
     </span>
    </p>
   </div>
   <div class='ocr_carea' id='block_1_17' title="bbox 349 1568 1947 1643">
    <p class='ocr_par' dir='ltr' id='par_1_17' title="bbox 349 1568 1947 1643">
     <span class='ocr_line' id='line_1_17' title="bbox 349 1568 1947 1643; baseline -0.007 -11"><span class='ocrx_word' id='word_1_115' title='bbox 349 1589 444 1643; x_wconf 82' lang='lat' dir='ltr'><strong>tes,</strong></span> <span class='ocrx_word' id='word_1_116' title='bbox 489 1576 545 1631; x_wconf 89' lang='lat' dir='ltr'><strong>id</strong></span> <span class='ocrx_word' id='word_1_117' title='bbox 579 1582 681 1640; x_wconf 88' lang='lat' dir='ltr'><strong>est,</strong></span> <span class='ocrx_word' id='word_1_118' title='bbox 732 1572 1121 1643; x_wconf 88' lang='lat' dir='ltr'><strong>participantes</strong></span> <span class='ocrx_word' id='word_1_119' title='bbox 1162 1570 1287 1624; x_wconf 90' lang='lat' dir='ltr'><strong>ﬁdei</strong></span> <span class='ocrx_word' id='word_1_120' title='bbox 1340 1569 1581 1633; x_wconf 89' lang='lat' dir='ltr'><strong>illorum,</strong></span> <span class='ocrx_word' id='word_1_121' title='bbox 1633 1568 1761 1637; x_wconf 88' lang='lat' dir='ltr'><strong>quia</strong></span> <span class='ocrx_word' id='word_1_122' title='bbox 1795 1583 1947 1622; x_wconf 88' lang='lat' dir='ltr'><strong>eam-</strong></span> 
     </span>
    </p>
   </div>
   <div class='ocr_carea' id='block_1_18' title="bbox 349 1658 1941 1735">
    <p class='ocr_par' dir='ltr' id='par_1_18' title="bbox 349 1658 1941 1735">
     <span class='ocr_line' id='line_1_18' title="bbox 349 1658 1941 1735; baseline -0.009 -9"><span class='ocrx_word' id='word_1_123' title='bbox 349 1672 474 1727; x_wconf 85' lang='lat' dir='ltr'><strong>dem</strong></span> <span class='ocrx_word' id='word_1_124' title='bbox 504 1668 665 1723; x_wconf 89' lang='lat' dir='ltr'><strong>ﬁdem</strong></span> <span class='ocrx_word' id='word_1_125' title='bbox 688 1665 970 1729; x_wconf 89' lang='lat' dir='ltr'><strong>habemus,</strong></span> <span class='ocrx_word' id='word_1_126' title='bbox 996 1679 1161 1735; x_wconf 90' lang='lat' dir='ltr'><strong>quam</strong></span> <span class='ocrx_word' id='word_1_127' title='bbox 1183 1672 1238 1717; x_wconf 90' lang='lat' dir='ltr'><strong>et</strong></span> <span class='ocrx_word' id='word_1_128' title='bbox 1266 1661 1349 1717; x_wconf 86' lang='lat' dir='ltr'><strong>illi</strong></span> <span class='ocrx_word' id='word_1_129' title='bbox 1381 1661 1708 1716; x_wconf 86' lang='lat' dir='ltr'><strong>habuerunt.</strong></span> <span class='ocrx_word' id='word_1_130' title='bbox 1737 1658 1941 1714; x_wconf 83' lang='lat' dir='ltr'><strong>Memo-</strong></span> 
     </span>
    </p>
   </div>
   <div class='ocr_carea' id='block_1_19' title="bbox 2048 477 2308 522">
    <p class='ocr_par' dir='ltr' id='par_1_19' title="bbox 2048 477 2308 522">
     <span class='ocr_line' id='line_1_19' title="bbox 2048 477 2308 522; baseline -0.008 0"><span class='ocrx_word' id='word_1_131' title='bbox 2048 477 2308 522; x_wconf 75' lang='lat' dir='ltr'><strong>nostram.</strong></span> 
     </span>
    </p>
   </div>
   <div class='ocr_carea' id='block_1_20' title="bbox 2117 554 3650 629">
    <p class='ocr_par' dir='ltr' id='par_1_20' title="bbox 2117 554 3650 629">
     <span class='ocr_line' id='line_1_20' title="bbox 2117 554 3650 629; baseline -0.003 -16"><span class='ocrx_word' id='word_1_132' title='bbox 2117 558 2408 629; x_wconf 75' lang='lat' dir='ltr'><strong>limusque</strong></span> <span class='ocrx_word' id='word_1_133' title='bbox 2436 558 2780 615; x_wconf 88' lang='lat' dir='ltr'><strong>obsecratio:</strong></span> <span class='ocrx_word' id='word_1_134' title='bbox 2828 557 2957 613; x_wconf 88' lang='lat' dir='ltr'><strong>hinc</strong></span> <span class='ocrx_word' id='word_1_135' title='bbox 2983 555 3233 626; x_wconf 83' lang='lat' dir='ltr'><strong>sequitur</strong></span> <span class='ocrx_word' id='word_1_136' title='bbox 3272 554 3650 619; x_wconf 85' lang='lat' dir='ltr'><strong>consecratio,</strong></span> 
     </span>
    </p>
   </div>
   <div class='ocr_carea' id='block_1_21' title="bbox 2047 642 3653 723">
    <p class='ocr_par' dir='ltr' id='par_1_21' title="bbox 2047 642 3653 723">
     <span class='ocr_line' id='line_1_21' title="bbox 2047 642 3653 723; baseline -0.003 -17"><span class='ocrx_word' id='word_1_137' title='bbox 2047 652 2123 706; x_wconf 91' lang='lat' dir='ltr'><strong>ita</strong></span> <span class='ocrx_word' id='word_1_138' title='bbox 2153 652 2458 723; x_wconf 84' lang='lat' dir='ltr'><strong>incipiens:</strong></span> <span class='ocrx_word' id='word_1_139' title='bbox 2507 650 2683 717; x_wconf 80' lang='lat' dir='ltr'><strong>Quam</strong></span> <span class='ocrx_word' id='word_1_140' title='bbox 2711 642 3050 713; x_wconf 77' lang='lat' dir='ltr'><strong>oblationem,</strong></span> <span class='ocrx_word' id='word_1_141' title='bbox 3080 656 3191 702; x_wconf 91' lang='lat' dir='ltr'><strong>etc.</strong></span> <span class='ocrx_word' id='word_1_142' title='bbox 3238 643 3441 701; x_wconf 86' lang='lat' dir='ltr'><strong>Oratur</strong></span> <span class='ocrx_word' id='word_1_143' title='bbox 3476 643 3653 712; x_wconf 85' lang='lat' dir='ltr'><strong>Deus,</strong></span> 
     </span>
    </p>
   </div>
   <div class='ocr_carea' id='block_1_22' title="bbox 2044 736 3654 809">
    <p class='ocr_par' dir='ltr' id='par_1_22' title="bbox 2044 736 3654 809">
     <span class='ocr_line' id='line_1_22' title="bbox 2044 736 3654 809; baseline -0.006 -10"><span class='ocrx_word' id='word_1_144' title='bbox 2044 753 2107 799; x_wconf 90' lang='lat' dir='ltr'><strong>ut</strong></span> <span class='ocrx_word' id='word_1_145' title='bbox 2150 742 2485 809; x_wconf 81' lang='lat' dir='ltr'><strong>oblationem</strong></span> <span class='ocrx_word' id='word_1_146' title='bbox 2535 742 2650 797; x_wconf 87' lang='lat' dir='ltr'><strong>suis</strong></span> <span class='ocrx_word' id='word_1_147' title='bbox 2694 741 2959 796; x_wconf 84' lang='lat' dir='ltr'><strong>altaribus</strong></span> <span class='ocrx_word' id='word_1_148' title='bbox 3004 737 3329 808; x_wconf 86' lang='lat' dir='ltr'><strong>impositam,</strong></span> <span class='ocrx_word' id='word_1_149' title='bbox 3378 743 3435 790; x_wconf 87' lang='lat' dir='ltr'><strong>et</strong></span> <span class='ocrx_word' id='word_1_150' title='bbox 3482 736 3654 790; x_wconf 87' lang='lat' dir='ltr'><strong>tantis</strong></span> 
     </span>
    </p>
   </div>
   <div class='ocr_carea' id='block_1_23' title="bbox 2044 825 3652 905">
    <p class='ocr_par' dir='ltr' id='par_1_23' title="bbox 2044 825 3652 905">
     <span class='ocr_line' id='line_1_23' title="bbox 2044 825 3652 905; baseline -0.006 -16"><span class='ocrx_word' id='word_1_151' title='bbox 2044 835 2300 905; x_wconf 89' lang='lat' dir='ltr'><strong>precibus</strong></span> <span class='ocrx_word' id='word_1_152' title='bbox 2342 833 2805 897; x_wconf 86' lang='lat' dir='ltr'><strong>commendatam,</strong></span> <span class='ocrx_word' id='word_1_153' title='bbox 2842 831 2959 902; x_wconf 91' lang='lat' dir='ltr'><strong>ipse</strong></span> <span class='ocrx_word' id='word_1_154' title='bbox 2984 844 3083 900; x_wconf 89' lang='lat' dir='ltr'><strong>per</strong></span> <span class='ocrx_word' id='word_1_155' title='bbox 3111 829 3371 884; x_wconf 82' lang='lat' dir='ltr'><strong>virtutem</strong></span> <span class='ocrx_word' id='word_1_156' title='bbox 3408 825 3652 896; x_wconf 83' lang='lat' dir='ltr'><strong>Spiritus</strong></span> 
     </span>
    </p>
   </div>
   <div class='ocr_carea' id='block_1_24' title="bbox 2044 918 3649 996">
    <p class='ocr_par' dir='ltr' id='par_1_24' title="bbox 2044 918 3649 996">
     <span class='ocr_line' id='line_1_24' title="bbox 2044 918 3649 996; baseline -0.005 -15"><span class='ocrx_word' id='word_1_157' title='bbox 2044 926 2219 981; x_wconf 87' lang='lat' dir='ltr'><strong>sancti</strong></span> <span class='ocrx_word' id='word_1_158' title='bbox 2270 926 2347 980; x_wconf 89' lang='lat' dir='ltr'><strong>ita</strong></span> <span class='ocrx_word' id='word_1_159' title='bbox 2394 923 2697 996; x_wconf 78' lang='lat' dir='ltr'><strong>perfectam</strong></span> <span class='ocrx_word' id='word_1_160' title='bbox 2749 921 3140 978; x_wconf 85' lang='lat' dir='ltr'><strong>eucharistiam</strong></span> <span class='ocrx_word' id='word_1_161' title='bbox 3184 918 3438 988; x_wconf 88' lang='lat' dir='ltr'><strong>accipiat,</strong></span> <span class='ocrx_word' id='word_1_162' title='bbox 3500 926 3561 971; x_wconf 90' lang='lat' dir='ltr'><strong>ut</strong></span> <span class='ocrx_word' id='word_1_163' title='bbox 3592 918 3649 973; x_wconf 89' lang='lat' dir='ltr'><strong>in</strong></span> 
     </span>
    </p>
   </div>
   <div class='ocr_carea' id='block_1_25' title="bbox 2044 1012 3649 1086">
    <p class='ocr_par' dir='ltr' id='par_1_25' title="bbox 2044 1012 3649 1086">
     <span class='ocr_line' id='line_1_25' title="bbox 2044 1012 3649 1086; baseline -0.006 -11"><span class='ocrx_word' id='word_1_164' title='bbox 2044 1021 2296 1077; x_wconf 88' lang='lat' dir='ltr'><strong>omnibus</strong></span> <span class='ocrx_word' id='word_1_165' title='bbox 2329 1020 2404 1076; x_wconf 89' lang='lat' dir='ltr'><strong>sit</strong></span> <span class='ocrx_word' id='word_1_166' title='bbox 2437 1018 2730 1083; x_wconf 78' lang='lat' dir='ltr'><strong>benedicta,</strong></span> <span class='ocrx_word' id='word_1_167' title='bbox 2759 1017 3015 1086; x_wconf 77' lang='lat' dir='ltr'><strong>ascripta,</strong></span> <span class='ocrx_word' id='word_1_168' title='bbox 3045 1014 3099 1067; x_wconf 89' lang='lat' dir='ltr'><strong>id</strong></span> <span class='ocrx_word' id='word_1_169' title='bbox 3138 1020 3243 1077; x_wconf 87' lang='lat' dir='ltr'><strong>est,</strong></span> <span class='ocrx_word' id='word_1_170' title='bbox 3273 1012 3327 1067; x_wconf 90' lang='lat' dir='ltr'><strong>in</strong></span> <span class='ocrx_word' id='word_1_171' title='bbox 3357 1024 3649 1066; x_wconf 85' lang='lat' dir='ltr'><strong>numerum</strong></span> 
     </span>
    </p>
   </div>
   <div class='ocr_carea' id='block_1_26' title="bbox 2042 1104 3648 1188">
    <p class='ocr_par' dir='ltr' id='par_1_26' title="bbox 2042 1104 3648 1188">
     <span class='ocr_line' id='line_1_26' title="bbox 2042 1104 3648 1188; baseline -0.008 -17"><span class='ocrx_word' id='word_1_172' title='bbox 2042 1118 2365 1188; x_wconf 88' lang='lat' dir='ltr'><strong>placitorum</strong></span> <span class='ocrx_word' id='word_1_173' title='bbox 2407 1115 2511 1170; x_wconf 89' lang='lat' dir='ltr'><strong>sibi</strong></span> <span class='ocrx_word' id='word_1_174' title='bbox 2553 1120 2773 1183; x_wconf 88' lang='lat' dir='ltr'><strong>recepta</strong></span> <span class='ocrx_word' id='word_1_175' title='bbox 2797 1111 2889 1177; x_wconf 86' lang='lat' dir='ltr'><strong>sit,</strong></span> <span class='ocrx_word' id='word_1_176' title='bbox 2916 1118 2965 1165; x_wconf 84' lang='lat' dir='ltr'><strong>et</strong></span> <span class='ocrx_word' id='word_1_177' title='bbox 2989 1117 3129 1173; x_wconf 89' lang='lat' dir='ltr'><strong>rata,</strong></span> <span class='ocrx_word' id='word_1_178' title='bbox 3167 1108 3219 1161; x_wconf 88' lang='lat' dir='ltr'><strong>id</strong></span> <span class='ocrx_word' id='word_1_179' title='bbox 3249 1114 3350 1170; x_wconf 87' lang='lat' dir='ltr'><strong>est,</strong></span> <span class='ocrx_word' id='word_1_180' title='bbox 3380 1104 3648 1161; x_wconf 74' lang='lat' dir='ltr'><strong>immobili</strong></span> 
     </span>
    </p>
   </div>
   <div class='ocr_carea' id='block_1_27' title="bbox 2045 1200 3649 1280">
    <p class='ocr_par' dir='ltr' id='par_1_27' title="bbox 2045 1200 3649 1280">
     <span class='ocr_line' id='line_1_27' title="bbox 2045 1200 3649 1280; baseline -0.007 -15"><span class='ocrx_word' id='word_1_181' title='bbox 2045 1211 2303 1266; x_wconf 87' lang='lat' dir='ltr'><strong>ﬁrmitate</strong></span> <span class='ocrx_word' id='word_1_182' title='bbox 2336 1215 2619 1280; x_wconf 88' lang='lat' dir='ltr'><strong>perpetua,</strong></span> <span class='ocrx_word' id='word_1_183' title='bbox 2646 1207 2722 1261; x_wconf 87' lang='lat' dir='ltr'><strong>sit</strong></span> <span class='ocrx_word' id='word_1_184' title='bbox 2744 1219 2960 1275; x_wconf 88' lang='lat' dir='ltr'><strong>quoque</strong></span> <span class='ocrx_word' id='word_1_185' title='bbox 2984 1200 3336 1265; x_wconf 75' lang='lat' dir='ltr'><strong>rationabilis,</strong></span> <span class='ocrx_word' id='word_1_186' title='bbox 3370 1210 3434 1255; x_wconf 89' lang='lat' dir='ltr'><strong>ut</strong></span> <span class='ocrx_word' id='word_1_187' title='bbox 3454 1215 3649 1270; x_wconf 86' lang='lat' dir='ltr'><strong>quam-</strong></span> 
     </span>
    </p>
   </div>
   <div class='ocr_carea' id='block_1_28' title="bbox 2042 1291 3649 1369">
    <p class='ocr_par' dir='ltr' id='par_1_28' title="bbox 2042 1291 3649 1369">
     <span class='ocr_line' id='line_1_28' title="bbox 2042 1291 3649 1369; baseline -0.007 -14"><span class='ocrx_word' id='word_1_188' title='bbox 2042 1302 2126 1355; x_wconf 85' lang='lat' dir='ltr'><strong>vis</strong></span> <span class='ocrx_word' id='word_1_189' title='bbox 2182 1300 2249 1356; x_wconf 89' lang='lat' dir='ltr'><strong>de</strong></span> <span class='ocrx_word' id='word_1_190' title='bbox 2296 1298 2637 1369; x_wconf 85' lang='lat' dir='ltr'><strong>simplicibus</strong></span> <span class='ocrx_word' id='word_1_191' title='bbox 2677 1305 2839 1352; x_wconf 66' lang='lat' dir='ltr'><strong>terra:</strong></span> <span class='ocrx_word' id='word_1_192' title='bbox 2878 1293 3123 1364; x_wconf 79' lang='lat' dir='ltr'><strong>frugibus</strong></span> <span class='ocrx_word' id='word_1_193' title='bbox 3152 1300 3392 1361; x_wconf 90' lang='lat' dir='ltr'><strong>sumpta,</strong></span> <span class='ocrx_word' id='word_1_194' title='bbox 3424 1291 3649 1345; x_wconf 60' lang='lat' dir='ltr'><strong>benedic</strong></span> 
     </span>
    </p>
   </div>
   <div class='ocr_carea' id='block_1_29' title="bbox 2044 1380 3644 1461">
    <p class='ocr_par' dir='ltr' id='par_1_29' title="bbox 2044 1380 3644 1461">
     <span class='ocr_line' id='line_1_29' title="bbox 2044 1380 3644 1461; baseline -0.007 -15"><span class='ocrx_word' id='word_1_195' title='bbox 2044 1391 2241 1447; x_wconf 89' lang='lat' dir='ltr'><strong>ctionis</strong></span> <span class='ocrx_word' id='word_1_196' title='bbox 2266 1388 2507 1461; x_wconf 80' lang='lat' dir='ltr'><strong>potentia</strong></span> <span class='ocrx_word' id='word_1_197' title='bbox 2533 1386 2799 1443; x_wconf 80' lang='lat' dir='ltr'><strong>efﬁciatur</strong></span> <span class='ocrx_word' id='word_1_198' title='bbox 2820 1399 3020 1455; x_wconf 85' lang='lat' dir='ltr'><strong>corpus</strong></span> <span class='ocrx_word' id='word_1_199' title='bbox 3046 1393 3103 1437; x_wconf 88' lang='lat' dir='ltr'><strong>et</strong></span> <span class='ocrx_word' id='word_1_200' title='bbox 3127 1381 3350 1453; x_wconf 78' lang='lat' dir='ltr'><strong>sanguis</strong></span> <span class='ocrx_word' id='word_1_201' title='bbox 3377 1380 3506 1435; x_wconf 83' lang='lat' dir='ltr'><strong>Filii</strong></span> <span class='ocrx_word' id='word_1_202' title='bbox 3528 1381 3644 1447; x_wconf 75' lang='lat' dir='ltr'><strong>Dei,</strong></span> 
     </span>
    </p>
   </div>
   <div class='ocr_carea' id='block_1_30' title="bbox 2042 1472 3641 1552">
    <p class='ocr_par' dir='ltr' id='par_1_30' title="bbox 2042 1472 3641 1552">
     <span class='ocr_line' id='line_1_30' title="bbox 2042 1472 3641 1552; baseline -0.006 -16"><span class='ocrx_word' id='word_1_203' title='bbox 2042 1492 2099 1536; x_wconf 90' lang='lat' dir='ltr'><strong>ut</strong></span> <span class='ocrx_word' id='word_1_204' title='bbox 2127 1497 2226 1552; x_wconf 89' lang='lat' dir='ltr'><strong>per</strong></span> <span class='ocrx_word' id='word_1_205' title='bbox 2269 1482 2414 1535; x_wconf 91' lang='lat' dir='ltr'><strong>hunc</strong></span> <span class='ocrx_word' id='word_1_206' title='bbox 2447 1478 2627 1534; x_wconf 86' lang='lat' dir='ltr'><strong>cibum</strong></span> <span class='ocrx_word' id='word_1_207' title='bbox 2675 1485 2732 1532; x_wconf 90' lang='lat' dir='ltr'><strong>et</strong></span> <span class='ocrx_word' id='word_1_208' title='bbox 2780 1484 2968 1546; x_wconf 89' lang='lat' dir='ltr'><strong>potum</strong></span> <span class='ocrx_word' id='word_1_209' title='bbox 3018 1474 3313 1545; x_wconf 86' lang='lat' dir='ltr'><strong>impleatur</strong></span> <span class='ocrx_word' id='word_1_210' title='bbox 3360 1472 3416 1527; x_wconf 93' lang='lat' dir='ltr'><strong>in</strong></span> <span class='ocrx_word' id='word_1_211' title='bbox 3459 1474 3641 1536; x_wconf 88' lang='lat' dir='ltr'><strong>nobis,</strong></span> 
     </span>
    </p>
   </div>
   <div class='ocr_carea' id='block_1_31' title="bbox 2043 1561 3647 1643">
    <p class='ocr_par' dir='ltr' id='par_1_31' title="bbox 2043 1561 3647 1643">
     <span class='ocr_line' id='line_1_31' title="bbox 2043 1561 3647 1643; baseline -0.004 -18"><span class='ocrx_word' id='word_1_212' title='bbox 2043 1574 2188 1643; x_wconf 83' lang='lat' dir='ltr'><strong>quod</strong></span> <span class='ocrx_word' id='word_1_213' title='bbox 2219 1572 2334 1642; x_wconf 90' lang='lat' dir='ltr'><strong>ipse</strong></span> <span class='ocrx_word' id='word_1_214' title='bbox 2361 1569 2646 1640; x_wconf 88' lang='lat' dir='ltr'><strong>promisit:</strong></span> <span class='ocrx_word' id='word_1_215' title='bbox 2691 1566 2839 1623; x_wconf 80' lang='lat' dir='ltr'><strong>Sicut</strong></span> <span class='ocrx_word' id='word_1_216' title='bbox 2885 1566 3027 1621; x_wconf 89' lang='lat' dir='ltr'><strong>misit</strong></span> <span class='ocrx_word' id='word_1_217' title='bbox 3055 1581 3138 1620; x_wconf 90' lang='lat' dir='ltr'><strong>me</strong></span> <span class='ocrx_word' id='word_1_218' title='bbox 3166 1566 3336 1620; x_wconf 77' lang='lat' dir='ltr'><strong>vivens</strong></span> <span class='ocrx_word' id='word_1_219' title='bbox 3382 1561 3569 1629; x_wconf 83' lang='lat' dir='ltr'><strong>Pater,</strong></span> <span class='ocrx_word' id='word_1_220' title='bbox 3600 1575 3647 1619; x_wconf 81' lang='lat' dir='ltr'><strong>et</strong></span> 
     </span>
    </p>
   </div>
   <div class='ocr_carea' id='block_1_32' title="bbox 2045 1655 3647 1734">
    <p class='ocr_par' dir='ltr' id='par_1_32' title="bbox 2045 1655 3647 1734">
     <span class='ocr_line' id='line_1_32' title="bbox 2045 1655 3647 1734; baseline -0.006 -17"><span class='ocrx_word' id='word_1_221' title='bbox 2045 1680 2139 1734; x_wconf 86' lang='lat' dir='ltr'><strong>ego</strong></span> <span class='ocrx_word' id='word_1_222' title='bbox 2168 1664 2279 1717; x_wconf 80' lang='lat' dir='ltr'><strong>vivo</strong></span> <span class='ocrx_word' id='word_1_223' title='bbox 2309 1670 2524 1732; x_wconf 82' lang='lat' dir='ltr'><strong>propter</strong></span> <span class='ocrx_word' id='word_1_224' title='bbox 2568 1659 2824 1713; x_wconf 84' lang='lat' dir='ltr'><strong>Patrem:</strong></span> <span class='ocrx_word' id='word_1_225' title='bbox 2865 1664 2938 1722; x_wconf 90' lang='lat' dir='ltr'><strong>et,</strong></span> <span class='ocrx_word' id='word_1_226' title='bbox 2989 1655 3094 1723; x_wconf 80' lang='lat' dir='ltr'><strong>Qui</strong></span> <span class='ocrx_word' id='word_1_227' title='bbox 3135 1655 3424 1710; x_wconf 81' lang='lat' dir='ltr'><strong>manducat</strong></span> <span class='ocrx_word' id='word_1_228' title='bbox 3469 1671 3573 1720; x_wconf 90' lang='lat' dir='ltr'><strong>me,</strong></span> <span class='ocrx_word' id='word_1_229' title='bbox 3598 1665 3647 1708; x_wconf 85' lang='lat' dir='ltr'><strong>et</strong></span> 
     </span>
    </p>
   </div>
   <div class='ocr_carea' id='block_1_33' title="bbox 350 1746 3649 1824">
    <p class='ocr_par' dir='ltr' id='par_1_33' title="bbox 350 1746 3649 1824">
     <span class='ocr_line' id='line_1_33' title="bbox 350 1746 3649 1824; baseline -0.005 -9"><span class='ocrx_word' id='word_1_230' title='bbox 350 1763 487 1817; x_wconf 87' lang='lat' dir='ltr'><strong>riam</strong></span> <span class='ocrx_word' id='word_1_231' title='bbox 529 1766 857 1823; x_wconf 77' lang='lat' dir='ltr'><strong>venerantes,</strong></span> <span class='ocrx_word' id='word_1_232' title='bbox 900 1756 954 1811; x_wconf 89' lang='lat' dir='ltr'><strong>id</strong></span> <span class='ocrx_word' id='word_1_233' title='bbox 980 1764 1084 1820; x_wconf 90' lang='lat' dir='ltr'><strong>est,</strong></span> <span class='ocrx_word' id='word_1_234' title='bbox 1121 1770 1245 1811; x_wconf 92' lang='lat' dir='ltr'><strong>cum</strong></span> <span class='ocrx_word' id='word_1_235' title='bbox 1290 1755 1493 1824; x_wconf 88' lang='lat' dir='ltr'><strong>pietate</strong></span> <span class='ocrx_word' id='word_1_236' title='bbox 1528 1761 1584 1807; x_wconf 89' lang='lat' dir='ltr'><strong>et</strong></span> <span class='ocrx_word' id='word_1_237' title='bbox 1637 1751 1941 1807; x_wconf 83' lang='lat' dir='ltr'><strong>humilitate</strong></span> <span class='ocrx_word' id='word_1_238' title='bbox 1975 1751 2016 1811; x_wconf 85' lang='grc' dir='ltr'><strong>Β</strong></span> <span class='ocrx_word' id='word_1_239' title='bbox 2044 1755 2153 1824; x_wconf 85' lang='lat' dir='ltr'><strong>ipse</strong></span> <span class='ocrx_word' id='word_1_240' title='bbox 2180 1752 2311 1807; x_wconf 76' lang='lat' dir='ltr'><strong>vivet</strong></span> <span class='ocrx_word' id='word_1_241' title='bbox 2337 1759 2554 1821; x_wconf 82' lang='lat' dir='ltr'><strong>propter</strong></span> <span class='ocrx_word' id='word_1_242' title='bbox 2578 1766 2660 1803; x_wconf 89' lang='lat' dir='ltr'><strong>me</strong></span> <span class='ocrx_word' id='word_1_243' title='bbox 2697 1748 2883 1821; x_wconf 81' lang='lat' dir='ltr'><strong>(Joan.</strong></span> <span class='ocrx_word' id='word_1_244' title='bbox 2917 1763 2992 1812; x_wconf 80' lang='lat' dir='ltr'><strong>vt,</strong></span> <span class='ocrx_word' id='word_1_245' title='bbox 3024 1747 3139 1821; x_wconf 83' lang='lat'><strong>58).</strong></span> <span class='ocrx_word' id='word_1_246' title='bbox 3166 1746 3280 1802; x_wconf 88' lang='lat' dir='ltr'><strong>lloc</strong></span> <span class='ocrx_word' id='word_1_247' title='bbox 3303 1761 3529 1815; x_wconf 84' lang='lat' dir='ltr'><strong>corpus,</strong></span> <span class='ocrx_word' id='word_1_248' title='bbox 3560 1746 3649 1800; x_wconf 89' lang='lat' dir='ltr'><strong>hic</strong></span> 
     </span>
    </p>
   </div>
   <div class='ocr_carea' id='block_1_34' title="bbox 349 1846 1947 1923">
    <p class='ocr_par' dir='ltr' id='par_1_34' title="bbox 349 1846 1947 1923">
     <span class='ocr_line' id='line_1_34' title="bbox 349 1846 1947 1923; baseline -0.008 -16"><span class='ocrx_word' id='word_1_249' title='bbox 349 1851 575 1923; x_wconf 88' lang='lat' dir='ltr'><strong>vestigia</strong></span> <span class='ocrx_word' id='word_1_250' title='bbox 598 1864 789 1908; x_wconf 90' lang='lat' dir='ltr'><strong>eorum</strong></span> <span class='ocrx_word' id='word_1_251' title='bbox 824 1857 1135 1918; x_wconf 86' lang='lat' dir='ltr'><strong>sequentes.</strong></span> <span class='ocrx_word' id='word_1_252' title='bbox 1163 1846 1222 1899; x_wconf 88' lang='lat' dir='ltr'><strong>In</strong></span> <span class='ocrx_word' id='word_1_253' title='bbox 1253 1846 1358 1900; x_wconf 90' lang='lat' dir='ltr'><strong>hac</strong></span> <span class='ocrx_word' id='word_1_254' title='bbox 1383 1852 1568 1898; x_wconf 90' lang='lat' dir='ltr'><strong>autem</strong></span> <span class='ocrx_word' id='word_1_255' title='bbox 1614 1855 1947 1897; x_wconf 87' lang='lat' dir='ltr'><strong>commemo-</strong></span> 
     </span>
    </p>
   </div>
   <div class='ocr_carea' id='block_1_35' title="bbox 350 1932 1946 2006">
    <p class='ocr_par' dir='ltr' id='par_1_35' title="bbox 350 1932 1946 2006">
     <span class='ocr_line' id='line_1_35' title="bbox 350 1932 1946 2006; baseline -0.006 -10"><span class='ocrx_word' id='word_1_256' title='bbox 350 1942 561 1998; x_wconf 87' lang='lat' dir='ltr'><strong>ratione</strong></span> <span class='ocrx_word' id='word_1_257' title='bbox 595 1947 932 2002; x_wconf 84' lang='lat' dir='ltr'><strong>sauctorum,</strong></span> <span class='ocrx_word' id='word_1_258' title='bbox 960 1938 1117 1992; x_wconf 88' lang='lat' dir='ltr'><strong>beata</strong></span> <span class='ocrx_word' id='word_1_259' title='bbox 1144 1936 1239 1990; x_wconf 86' lang='lat' dir='ltr'><strong>Dei</strong></span> <span class='ocrx_word' id='word_1_260' title='bbox 1270 1934 1509 2006; x_wconf 78' lang='lat' dir='ltr'><strong>genitrix</strong></span> <span class='ocrx_word' id='word_1_261' title='bbox 1533 1934 1769 2004; x_wconf 88' lang='lat' dir='ltr'><strong>primum</strong></span> <span class='ocrx_word' id='word_1_262' title='bbox 1794 1932 1946 2003; x_wconf 80' lang='lat' dir='ltr'><strong>poni-</strong></span> 
     </span>
    </p>
   </div>
   <div class='ocr_carea' id='block_1_36' title="bbox 350 2023 1947 2102">
    <p class='ocr_par' dir='ltr' id='par_1_36' title="bbox 350 2023 1947 2102">
     <span class='ocr_line' id='line_1_36' title="bbox 350 2023 1947 2102; baseline -0.008 -13"><span class='ocrx_word' id='word_1_263' title='bbox 350 2044 458 2097; x_wconf 91' lang='lat' dir='ltr'><strong>tur,</strong></span> <span class='ocrx_word' id='word_1_264' title='bbox 484 2047 584 2102; x_wconf 90' lang='lat' dir='ltr'><strong>per</strong></span> <span class='ocrx_word' id='word_1_265' title='bbox 616 2045 778 2102; x_wconf 83' lang='lat' dir='ltr'><strong>quam</strong></span> <span class='ocrx_word' id='word_1_266' title='bbox 803 2041 857 2084; x_wconf 86' lang='lat' dir='ltr'><strong>et</strong></span> <span class='ocrx_word' id='word_1_267' title='bbox 878 2029 960 2083; x_wconf 91' lang='lat' dir='ltr'><strong>illi</strong></span> <span class='ocrx_word' id='word_1_268' title='bbox 991 2036 1046 2083; x_wconf 92' lang='lat' dir='ltr'><strong>et</strong></span> <span class='ocrx_word' id='word_1_269' title='bbox 1070 2043 1168 2083; x_wconf 90' lang='lat' dir='ltr'><strong>nos</strong></span> <span class='ocrx_word' id='word_1_270' title='bbox 1195 2026 1498 2082; x_wconf 89' lang='lat' dir='ltr'><strong>meruimus</strong></span> <span class='ocrx_word' id='word_1_271' title='bbox 1518 2032 1799 2080; x_wconf 89' lang='lat' dir='ltr'><strong>auctorem</strong></span> <span class='ocrx_word' id='word_1_272' title='bbox 1821 2023 1947 2077; x_wconf 71' lang='lat' dir='ltr'><strong>vita:</strong></span> 
     </span>
    </p>
   </div>
   <div class='ocr_carea' id='block_1_37' title="bbox 349 2116 1946 2193">
    <p class='ocr_par' dir='ltr' id='par_1_37' title="bbox 349 2116 1946 2193">
     <span class='ocr_line' id='line_1_37' title="bbox 349 2116 1946 2193; baseline -0.008 -13"><span class='ocrx_word' id='word_1_273' title='bbox 349 2125 671 2193; x_wconf 87' lang='lat' dir='ltr'><strong>suscipere:</strong></span> <span class='ocrx_word' id='word_1_274' title='bbox 725 2128 783 2176; x_wconf 90' lang='lat' dir='ltr'><strong>et</strong></span> <span class='ocrx_word' id='word_1_275' title='bbox 828 2120 1078 2192; x_wconf 83' lang='lat' dir='ltr'><strong>jungitur</strong></span> <span class='ocrx_word' id='word_1_276' title='bbox 1128 2116 1583 2173; x_wconf 88' lang='lat' dir='ltr'><strong>commemoratio</strong></span> <span class='ocrx_word' id='word_1_277' title='bbox 1629 2123 1946 2173; x_wconf 89' lang='lat' dir='ltr'><strong>sanctorum</strong></span> 
     </span>
    </p>
   </div>
   <div class='ocr_carea' id='block_1_38' title="bbox 349 2206 1947 2286">
    <p class='ocr_par' dir='ltr' id='par_1_38' title="bbox 349 2206 1947 2286">
     <span class='ocr_line' id='line_1_38' title="bbox 349 2206 1947 2286; baseline -0.005 -17"><span class='ocrx_word' id='word_1_278' title='bbox 349 2214 713 2286; x_wconf 89' lang='lat' dir='ltr'><strong>apostolorum</strong></span> <span class='ocrx_word' id='word_1_279' title='bbox 734 2218 790 2266; x_wconf 92' lang='lat' dir='ltr'><strong>et</strong></span> <span class='ocrx_word' id='word_1_280' title='bbox 816 2218 1138 2282; x_wconf 83' lang='lat' dir='ltr'><strong>martyrum,</strong></span> <span class='ocrx_word' id='word_1_281' title='bbox 1166 2224 1275 2263; x_wconf 90' lang='lat' dir='ltr'><strong>non</strong></span> <span class='ocrx_word' id='word_1_282' title='bbox 1302 2208 1475 2263; x_wconf 90' lang='lat' dir='ltr'><strong>solum</strong></span> <span class='ocrx_word' id='word_1_283' title='bbox 1497 2222 1707 2274; x_wconf 87' lang='lat' dir='ltr'><strong>eorum,</strong></span> <span class='ocrx_word' id='word_1_284' title='bbox 1737 2207 1830 2279; x_wconf 91' lang='lat' dir='ltr'><strong>qui</strong></span> <span class='ocrx_word' id='word_1_285' title='bbox 1856 2206 1947 2262; x_wconf 88' lang='lat' dir='ltr'><strong>hic</strong></span> 
     </span>
    </p>
   </div>
   <div class='ocr_carea' id='block_1_39' title="bbox 350 2298 1945 2371">
    <p class='ocr_par' dir='ltr' id='par_1_39' title="bbox 350 2298 1945 2371">
     <span class='ocr_line' id='line_1_39' title="bbox 350 2298 1945 2371; baseline -0.003 -14"><span class='ocrx_word' id='word_1_286' title='bbox 350 2301 669 2358; x_wconf 86' lang='lat' dir='ltr'><strong>nominatim</strong></span> <span class='ocrx_word' id='word_1_287' title='bbox 704 2300 1101 2371; x_wconf 77' lang='lat' dir='ltr'><strong>exprimuntur,</strong></span> <span class='ocrx_word' id='word_1_288' title='bbox 1156 2298 1253 2353; x_wconf 88' lang='lat' dir='ltr'><strong>sed</strong></span> <span class='ocrx_word' id='word_1_289' title='bbox 1279 2305 1333 2353; x_wconf 90' lang='lat' dir='ltr'><strong>et</strong></span> <span class='ocrx_word' id='word_1_290' title='bbox 1388 2298 1651 2362; x_wconf 88' lang='lat' dir='ltr'><strong>omnium,</strong></span> <span class='ocrx_word' id='word_1_291' title='bbox 1708 2312 1945 2369; x_wconf 88' lang='lat' dir='ltr'><strong>quorum</strong></span> 
     </span>
    </p>
   </div>
   <div class='ocr_carea' id='block_1_40' title="bbox 349 2389 1941 2461">
    <p class='ocr_par' dir='ltr' id='par_1_40' title="bbox 349 2389 1941 2461">
     <span class='ocr_line' id='line_1_40' title="bbox 349 2389 1941 2461; baseline -0.003 -13"><span class='ocrx_word' id='word_1_292' title='bbox 349 2410 450 2451; x_wconf 88' lang='lat' dir='ltr'><strong>nec</strong></span> <span class='ocrx_word' id='word_1_293' title='bbox 478 2406 790 2459; x_wconf 78' lang='lat' dir='ltr'><strong>numerum,</strong></span> <span class='ocrx_word' id='word_1_294' title='bbox 821 2405 924 2446; x_wconf 89' lang='lat' dir='ltr'><strong>nec</strong></span> <span class='ocrx_word' id='word_1_295' title='bbox 967 2389 1187 2444; x_wconf 83' lang='lat' dir='ltr'><strong>nomina</strong></span> <span class='ocrx_word' id='word_1_296' title='bbox 1229 2390 1371 2444; x_wconf 85' lang='lat' dir='ltr'><strong>scire</strong></span> <span class='ocrx_word' id='word_1_297' title='bbox 1412 2404 1725 2461; x_wconf 86' lang='lat' dir='ltr'><strong>possumus,</strong></span> <span class='ocrx_word' id='word_1_298' title='bbox 1775 2396 1831 2443; x_wconf 90' lang='lat' dir='ltr'><strong>et</strong></span> <span class='ocrx_word' id='word_1_299' title='bbox 1861 2396 1941 2443; x_wconf 88' lang='lat' dir='ltr'><strong>ta-</strong></span> 
     </span>
    </p>
   </div>
   <div class='ocr_carea' id='block_1_41' title="bbox 353 2479 1943 2554">
    <p class='ocr_par' dir='ltr' id='par_1_41' title="bbox 353 2479 1943 2554">
     <span class='ocr_line' id='line_1_41' title="bbox 353 2479 1943 2554; baseline -0.004 -15"><span class='ocrx_word' id='word_1_300' title='bbox 353 2502 475 2540; x_wconf 89' lang='lat' dir='ltr'><strong>men</strong></span> <span class='ocrx_word' id='word_1_301' title='bbox 500 2500 598 2554; x_wconf 89' lang='lat' dir='ltr'><strong>per</strong></span> <span class='ocrx_word' id='word_1_302' title='bbox 642 2481 823 2549; x_wconf 86' lang='lat' dir='ltr'><strong>ﬁdem,</strong></span> <span class='ocrx_word' id='word_1_303' title='bbox 853 2482 899 2538; x_wconf 90' lang='lat' dir='ltr'><strong>si</strong></span> <span class='ocrx_word' id='word_1_304' title='bbox 923 2481 977 2536; x_wconf 89' lang='lat' dir='ltr'><strong>in</strong></span> <span class='ocrx_word' id='word_1_305' title='bbox 1009 2481 1094 2536; x_wconf 91' lang='lat' dir='ltr'><strong>his</strong></span> <span class='ocrx_word' id='word_1_306' title='bbox 1134 2480 1421 2550; x_wconf 69' lang='lat' dir='ltr'><strong>praecipuis</strong></span> <span class='ocrx_word' id='word_1_307' title='bbox 1450 2480 1537 2550; x_wconf 90' lang='lat' dir='ltr'><strong>pie</strong></span> <span class='ocrx_word' id='word_1_308' title='bbox 1583 2479 1943 2545; x_wconf 70' lang='lat' dir='ltr'><strong>adhmremus,</strong></span> 
     </span>
    </p>
   </div>
   <div class='ocr_carea' id='block_1_42' title="bbox 353 2568 1944 2638">
    <p class='ocr_par' dir='ltr' id='par_1_42' title="bbox 353 2568 1944 2638">
     <span class='ocr_line' id='line_1_42' title="bbox 353 2568 1944 2638; baseline -0.004 -8"><span class='ocrx_word' id='word_1_309' title='bbox 353 2577 519 2630; x_wconf 85' lang='lat' dir='ltr'><strong>etiam</strong></span> <span class='ocrx_word' id='word_1_310' title='bbox 546 2574 653 2631; x_wconf 90' lang='lat' dir='ltr'><strong>illis</strong></span> <span class='ocrx_word' id='word_1_311' title='bbox 699 2574 755 2629; x_wconf 89' lang='lat' dir='ltr'><strong>in</strong></span> <span class='ocrx_word' id='word_1_312' title='bbox 805 2573 1002 2627; x_wconf 89' lang='lat' dir='ltr'><strong>horum</strong></span> <span class='ocrx_word' id='word_1_313' title='bbox 1055 2570 1442 2626; x_wconf 86' lang='lat' dir='ltr'><strong>communione</strong></span> <span class='ocrx_word' id='word_1_314' title='bbox 1475 2568 1709 2638; x_wconf 85' lang='lat' dir='ltr'><strong>copulati</strong></span> <span class='ocrx_word' id='word_1_315' title='bbox 1739 2583 1944 2623; x_wconf 91' lang='lat' dir='ltr'><strong>sumus.</strong></span> 
     </span>
    </p>
   </div>
   <div class='ocr_carea' id='block_1_43' title="bbox 351 2658 1947 2733">
    <p class='ocr_par' dir='ltr' id='par_1_43' title="bbox 351 2658 1947 2733">
     <span class='ocr_line' id='line_1_43' title="bbox 351 2658 1947 2733; baseline -0.004 -14"><span class='ocrx_word' id='word_1_316' title='bbox 351 2665 589 2733; x_wconf 81' lang='lat' dir='ltr'><strong>Quorum</strong></span> <span class='ocrx_word' id='word_1_317' title='bbox 620 2663 844 2729; x_wconf 84' lang='lat' dir='ltr'><strong>meritis,</strong></span> <span class='ocrx_word' id='word_1_318' title='bbox 874 2670 984 2718; x_wconf 91' lang='lat' dir='ltr'><strong>etc.</strong></span> <span class='ocrx_word' id='word_1_319' title='bbox 1016 2661 1249 2730; x_wconf 89' lang='lat' dir='ltr'><strong>Propter</strong></span> <span class='ocrx_word' id='word_1_320' title='bbox 1283 2660 1479 2715; x_wconf 88' lang='lat' dir='ltr'><strong>merita</strong></span> <span class='ocrx_word' id='word_1_321' title='bbox 1522 2674 1757 2730; x_wconf 86' lang='lat' dir='ltr'><strong>namque</strong></span> <span class='ocrx_word' id='word_1_322' title='bbox 1783 2670 1839 2713; x_wconf 92' lang='lat' dir='ltr'><strong>et</strong></span> <span class='ocrx_word' id='word_1_323' title='bbox 1864 2658 1947 2714; x_wconf 87' lang='lat' dir='ltr'><strong>in-</strong></span> 
     </span>
    </p>
   </div>
   <div class='ocr_carea' id='block_1_44' title="bbox 352 2748 1947 2822">
    <p class='ocr_par' dir='ltr' id='par_1_44' title="bbox 352 2748 1947 2822">
     <span class='ocr_line' id='line_1_44' title="bbox 352 2748 1947 2822; baseline -0.003 -14"><span class='ocrx_word' id='word_1_324' title='bbox 352 2754 738 2810; x_wconf 83' lang='lat' dir='ltr'><strong>tercessionem</strong></span> <span class='ocrx_word' id='word_1_325' title='bbox 771 2750 1048 2822; x_wconf 81' lang='lat' dir='ltr'><strong>justorum</strong></span> <span class='ocrx_word' id='word_1_326' title='bbox 1101 2750 1367 2806; x_wconf 87' lang='lat' dir='ltr'><strong>Dominus</strong></span> <span class='ocrx_word' id='word_1_327' title='bbox 1420 2750 1737 2816; x_wconf 89' lang='lat' dir='ltr'><strong>miseretur,</strong></span> <span class='ocrx_word' id='word_1_328' title='bbox 1785 2758 1845 2804; x_wconf 90' lang='lat' dir='ltr'><strong>ut</strong></span> <span class='ocrx_word' id='word_1_329' title='bbox 1891 2748 1947 2803; x_wconf 90' lang='lat' dir='ltr'><strong>in</strong></span> 
     </span>
    </p>
   </div>
   <div class='ocr_carea' id='block_1_45' title="bbox 352 2840 1947 2918">
    <p class='ocr_par' dir='ltr' id='par_1_45' title="bbox 352 2840 1947 2918">
     <span class='ocr_line' id='line_1_45' title="bbox 352 2840 1947 2918; baseline -0.005 -15"><span class='ocrx_word' id='word_1_330' title='bbox 352 2847 607 2903; x_wconf 87' lang='lat' dir='ltr'><strong>omnibus</strong></span> <span class='ocrx_word' id='word_1_331' title='bbox 658 2848 773 2903; x_wconf 89' lang='lat' dir='ltr'><strong>sive</strong></span> <span class='ocrx_word' id='word_1_332' title='bbox 826 2845 1107 2918; x_wconf 82' lang='lat' dir='ltr'><strong>prosperis</strong></span> <span class='ocrx_word' id='word_1_333' title='bbox 1159 2845 1275 2900; x_wconf 84' lang='lat' dir='ltr'><strong>sive</strong></span> <span class='ocrx_word' id='word_1_334' title='bbox 1317 2843 1564 2899; x_wconf 88' lang='lat' dir='ltr'><strong>adversis</strong></span> <span class='ocrx_word' id='word_1_335' title='bbox 1609 2840 1947 2915; x_wconf 86' lang='lat' dir='ltr'><strong>protectionis</strong></span> 
     </span>
    </p>
   </div>
   <div class='ocr_carea' id='block_1_46' title="bbox 350 2936 1946 3015">
    <p class='ocr_par' dir='ltr' id='par_1_46' title="bbox 350 2936 1946 3015">
     <span class='ocr_line' id='line_1_46' title="bbox 350 2936 1946 3015; baseline -0.002 -19"><span class='ocrx_word' id='word_1_336' title='bbox 350 2942 465 3015; x_wconf 82' lang='lat' dir='ltr'><strong>cjus</strong></span> <span class='ocrx_word' id='word_1_337' title='bbox 508 2943 815 2998; x_wconf 74' lang='lat' dir='ltr'><strong>muniantur</strong></span> <span class='ocrx_word' id='word_1_338' title='bbox 844 2939 1067 3007; x_wconf 71' lang='lat' dir='ltr'><strong>auxilio,</strong></span> <span class='ocrx_word' id='word_1_339' title='bbox 1111 2957 1204 3013; x_wconf 84' lang='lat' dir='ltr'><strong>per</strong></span> <span class='ocrx_word' id='word_1_340' title='bbox 1233 2936 1503 2995; x_wconf 80' lang='lat' dir='ltr'><strong>Christum</strong></span> <span class='ocrx_word' id='word_1_341' title='bbox 1533 2937 1820 2993; x_wconf 84' lang='lat' dir='ltr'><strong>Dominum</strong></span> <span class='ocrx_word' id='word_1_342' title='bbox 1846 2954 1946 2993; x_wconf 87' lang='lat' dir='ltr'><strong>no-</strong></span> 
     </span>
    </p>
   </div>
   <div class='ocr_carea' id='block_1_47' title="bbox 349 3029 1949 3105">
    <p class='ocr_par' dir='ltr' id='par_1_47' title="bbox 349 3029 1949 3105">
     <span class='ocr_line' id='line_1_47' title="bbox 349 3029 1949 3105; baseline -0.003 -14"><span class='ocrx_word' id='word_1_343' title='bbox 349 3046 537 3093; x_wconf 82' lang='lat' dir='ltr'><strong>strum.</strong></span> <span class='ocrx_word' id='word_1_344' title='bbox 567 3033 660 3091; x_wconf 89' lang='lat' dir='ltr'><strong>Sic</strong></span> <span class='ocrx_word' id='word_1_345' title='bbox 683 3043 740 3090; x_wconf 89' lang='lat' dir='ltr'><strong>et</strong></span> <span class='ocrx_word' id='word_1_346' title='bbox 780 3033 993 3105; x_wconf 80' lang='lat' dir='ltr'><strong>Moyses</strong></span> <span class='ocrx_word' id='word_1_347' title='bbox 1027 3047 1127 3105; x_wconf 86' lang='lat' dir='ltr'><strong>pro</strong></span> <span class='ocrx_word' id='word_1_348' title='bbox 1168 3029 1367 3103; x_wconf 85' lang='lat' dir='ltr'><strong>populo</strong></span> <span class='ocrx_word' id='word_1_349' title='bbox 1404 3037 1671 3102; x_wconf 83' lang='lat' dir='ltr'><strong>peccante</strong></span> <span class='ocrx_word' id='word_1_350' title='bbox 1712 3029 1949 3086; x_wconf 90' lang='lat' dir='ltr'><strong>interce-</strong></span> 
     </span>
    </p>
   </div>
   <div class='ocr_carea' id='block_1_48' title="bbox 350 3116 2019 3195">
    <p class='ocr_par' dir='ltr' id='par_1_48' title="bbox 350 3116 2019 3195">
     <span class='ocr_line' id='line_1_48' title="bbox 350 3116 2019 3195; baseline -0.004 -11"><span class='ocrx_word' id='word_1_351' title='bbox 350 3129 510 3195; x_wconf 90' lang='lat' dir='ltr'><strong>dens,</strong></span> <span class='ocrx_word' id='word_1_352' title='bbox 551 3127 776 3183; x_wconf 87' lang='lat' dir='ltr'><strong>Patrum</strong></span> <span class='ocrx_word' id='word_1_353' title='bbox 830 3126 965 3182; x_wconf 81' lang='lat' dir='ltr'><strong>facit</strong></span> <span class='ocrx_word' id='word_1_354' title='bbox 1010 3123 1354 3181; x_wconf 87' lang='lat' dir='ltr'><strong>memoriam.</strong></span> <span class='ocrx_word' id='word_1_355' title='bbox 1402 3121 1650 3178; x_wconf 72' lang='lat' dir='ltr'><strong>Ezechize</strong></span> <span class='ocrx_word' id='word_1_356' title='bbox 1686 3119 1947 3177; x_wconf 81' lang='lat' dir='ltr'><strong>auxilium</strong></span> <span class='ocrx_word' id='word_1_357' title='bbox 1973 3116 2019 3178; x_wconf 92' lang='lat' dir='ltr'><strong>C</strong></span> 
     </span>
    </p>
   </div>
   <div class='ocr_carea' id='block_1_49' title="bbox 350 3216 1950 3293">
    <p class='ocr_par' dir='ltr' id='par_1_49' title="bbox 350 3216 1950 3293">
     <span class='ocr_line' id='line_1_49' title="bbox 350 3216 1950 3293; baseline -0.003 -18"><span class='ocrx_word' id='word_1_358' title='bbox 350 3219 560 3293; x_wconf 83' lang='lat' dir='ltr'><strong>petenti</strong></span> <span class='ocrx_word' id='word_1_359' title='bbox 588 3219 790 3276; x_wconf 89' lang='lat' dir='ltr'><strong>dicitur</strong></span> <span class='ocrx_word' id='word_1_360' title='bbox 817 3238 831 3273; x_wconf 91' lang='lat'><strong>:</strong></span> <span class='ocrx_word' id='word_1_361' title='bbox 864 3217 1139 3275; x_wconf 73' lang='lat' dir='ltr'><strong>Civitatem</strong></span> <span class='ocrx_word' id='word_1_362' title='bbox 1160 3216 1298 3272; x_wconf 80' lang='lat' dir='ltr'><strong>hanc</strong></span> <span class='ocrx_word' id='word_1_363' title='bbox 1318 3224 1590 3289; x_wconf 85' lang='lat' dir='ltr'><strong>protegam</strong></span> <span class='ocrx_word' id='word_1_364' title='bbox 1613 3223 1828 3287; x_wconf 85' lang='lat' dir='ltr'><strong>propter</strong></span> <span class='ocrx_word' id='word_1_365' title='bbox 1867 3230 1950 3270; x_wconf 87' lang='lat' dir='ltr'><strong>me</strong></span> 
     </span>
    </p>
   </div>
   <div class='ocr_carea' id='block_1_50' title="bbox 348 3303 1953 3383">
    <p class='ocr_par' dir='ltr' id='par_1_50' title="bbox 348 3303 1953 3383">
     <span class='ocr_line' id='line_1_50' title="bbox 348 3303 1953 3383; baseline -0.002 -19"><span class='ocrx_word' id='word_1_366' title='bbox 348 3321 398 3364; x_wconf 88' lang='lat' dir='ltr'><strong>et</strong></span> <span class='ocrx_word' id='word_1_367' title='bbox 434 3320 647 3383; x_wconf 83' lang='lat' dir='ltr'><strong>propter</strong></span> <span class='ocrx_word' id='word_1_368' title='bbox 679 3310 853 3365; x_wconf 80' lang='lat' dir='ltr'><strong>David</strong></span> <span class='ocrx_word' id='word_1_369' title='bbox 877 3325 1084 3365; x_wconf 83' lang='lat' dir='ltr'><strong>servum</strong></span> <span class='ocrx_word' id='word_1_370' title='bbox 1124 3323 1296 3362; x_wconf 86' lang='lat' dir='ltr'><strong>meum</strong></span> <span class='ocrx_word' id='word_1_371' title='bbox 1320 3306 1428 3380; x_wconf 84' lang='lat' dir='ltr'><strong>(IV</strong></span> <span class='ocrx_word' id='word_1_372' title='bbox 1454 3305 1587 3379; x_wconf 86' lang='lat' dir='ltr'><strong>Reg.</strong></span> <span class='ocrx_word' id='word_1_373' title='bbox 1615 3323 1706 3371; x_wconf 79' lang='lat' dir='ltr'><strong>xx,</strong></span> <span class='ocrx_word' id='word_1_374' title='bbox 1737 3305 1813 3380; x_wconf 86' lang='lat'><strong>6).</strong></span> <span class='ocrx_word' id='word_1_375' title='bbox 1840 3303 1953 3362; x_wconf 87' lang='lat' dir='ltr'><strong>Nec</strong></span> 
     </span>
    </p>
   </div>
   <div class='ocr_carea' id='block_1_51' title="bbox 350 3392 1947 3469">
    <p class='ocr_par' dir='ltr' id='par_1_51' title="bbox 350 3392 1947 3469">
     <span class='ocr_line' id='line_1_51' title="bbox 350 3392 1947 3469; baseline -0.004 -14"><span class='ocrx_word' id='word_1_376' title='bbox 350 3399 705 3455; x_wconf 84' lang='lat' dir='ltr'><strong>dubitandum</strong></span> <span class='ocrx_word' id='word_1_377' title='bbox 734 3407 821 3455; x_wconf 91' lang='lat' dir='ltr'><strong>est</strong></span> <span class='ocrx_word' id='word_1_378' title='bbox 872 3398 1114 3453; x_wconf 87' lang='lat' dir='ltr'><strong>ﬁdelium</strong></span> <span class='ocrx_word' id='word_1_379' title='bbox 1157 3396 1451 3469; x_wconf 85' lang='lat' dir='ltr'><strong>petitiones</strong></span> <span class='ocrx_word' id='word_1_380' title='bbox 1479 3412 1510 3451; x_wconf 89' lang='lat' dir='ltr'><strong>a</strong></span> <span class='ocrx_word' id='word_1_381' title='bbox 1542 3394 1827 3466; x_wconf 89' lang='lat' dir='ltr'><strong>spiritibus</strong></span> <span class='ocrx_word' id='word_1_382' title='bbox 1855 3392 1947 3463; x_wconf 87' lang='lat' dir='ltr'><strong>ju-</strong></span> 
     </span>
    </p>
   </div>
   <div class='ocr_carea' id='block_1_52' title="bbox 351 3485 1945 3559">
    <p class='ocr_par' dir='ltr' id='par_1_52' title="bbox 351 3485 1945 3559">
     <span class='ocr_line' id='line_1_52' title="bbox 351 3485 1945 3559; baseline -0.004 -13"><span class='ocrx_word' id='word_1_383' title='bbox 351 3499 561 3547; x_wconf 85' lang='lat' dir='ltr'><strong>storum</strong></span> <span class='ocrx_word' id='word_1_384' title='bbox 585 3489 715 3543; x_wconf 89' lang='lat' dir='ltr'><strong>sciri</strong></span> <span class='ocrx_word' id='word_1_385' title='bbox 749 3506 761 3541; x_wconf 88' lang='lat'><strong>:</strong></span> <span class='ocrx_word' id='word_1_386' title='bbox 792 3488 922 3558; x_wconf 87' lang='lat' dir='ltr'><strong>quia</strong></span> <span class='ocrx_word' id='word_1_387' title='bbox 957 3487 1048 3559; x_wconf 89' lang='lat' dir='ltr'><strong>qui</strong></span> <span class='ocrx_word' id='word_1_388' title='bbox 1097 3486 1245 3541; x_wconf 91' lang='lat' dir='ltr'><strong>intus</strong></span> <span class='ocrx_word' id='word_1_389' title='bbox 1270 3487 1367 3541; x_wconf 88' lang='lat' dir='ltr'><strong>Dei</strong></span> <span class='ocrx_word' id='word_1_390' title='bbox 1396 3485 1705 3541; x_wconf 84' lang='lat' dir='ltr'><strong>claritatem</strong></span> <span class='ocrx_word' id='word_1_391' title='bbox 1736 3485 1945 3552; x_wconf 88' lang='lat' dir='ltr'><strong>vident,</strong></span> 
     </span>
    </p>
   </div>
   <div class='ocr_carea' id='block_1_53' title="bbox 351 3575 1949 3650">
    <p class='ocr_par' dir='ltr' id='par_1_53' title="bbox 351 3575 1949 3650">
     <span class='ocr_line' id='line_1_53' title="bbox 351 3575 1949 3650; baseline -0.004 -12"><span class='ocrx_word' id='word_1_392' title='bbox 351 3597 459 3638; x_wconf 91' lang='lat' dir='ltr'><strong>non</strong></span> <span class='ocrx_word' id='word_1_393' title='bbox 489 3588 573 3636; x_wconf 89' lang='lat' dir='ltr'><strong>est</strong></span> <span class='ocrx_word' id='word_1_394' title='bbox 601 3578 959 3645; x_wconf 90' lang='lat' dir='ltr'><strong>credendum,</strong></span> <span class='ocrx_word' id='word_1_395' title='bbox 980 3577 1108 3650; x_wconf 91' lang='lat' dir='ltr'><strong>quia</strong></span> <span class='ocrx_word' id='word_1_396' title='bbox 1138 3578 1211 3633; x_wconf 90' lang='lat' dir='ltr'><strong>sit</strong></span> <span class='ocrx_word' id='word_1_397' title='bbox 1236 3575 1443 3645; x_wconf 90' lang='lat' dir='ltr'><strong>aliquid</strong></span> <span class='ocrx_word' id='word_1_398' title='bbox 1467 3575 1600 3632; x_wconf 85' lang='lat' dir='ltr'><strong>foris</strong></span> <span class='ocrx_word' id='word_1_399' title='bbox 1629 3576 1772 3645; x_wconf 91' lang='lat' dir='ltr'><strong>quod</strong></span> <span class='ocrx_word' id='word_1_400' title='bbox 1796 3576 1949 3649; x_wconf 82' lang='lat' dir='ltr'><strong>igno-</strong></span> 
     </span>
    </p>
   </div>
   <div class='ocr_carea' id='block_1_54' title="bbox 352 3665 1944 3745">
    <p class='ocr_par' dir='ltr' id='par_1_54' title="bbox 352 3665 1944 3745">
     <span class='ocr_line' id='line_1_54' title="bbox 352 3665 1944 3745; baseline -0.003 -18"><span class='ocrx_word' id='word_1_401' title='bbox 352 3681 492 3729; x_wconf 90' lang='lat' dir='ltr'><strong>rent.</strong></span> <span class='ocrx_word' id='word_1_402' title='bbox 520 3670 770 3727; x_wconf 80' lang='lat' dir='ltr'><strong>Postulat</strong></span> <span class='ocrx_word' id='word_1_403' title='bbox 824 3684 956 3743; x_wconf 81' lang='lat' dir='ltr'><strong>crgo</strong></span> <span class='ocrx_word' id='word_1_404' title='bbox 1009 3668 1255 3745; x_wconf 86' lang='lat' dir='ltr'><strong>Ecclesia</strong></span> <span class='ocrx_word' id='word_1_405' title='bbox 1310 3665 1567 3740; x_wconf 77' lang='lat' dir='ltr'><strong>suﬁragia</strong></span> <span class='ocrx_word' id='word_1_406' title='bbox 1619 3676 1944 3739; x_wconf 83' lang='lat' dir='ltr'><strong>martyrum,</strong></span> 
     </span>
    </p>
   </div>
   <div class='ocr_carea' id='block_1_55' title="bbox 351 3759 1949 3834">
    <p class='ocr_par' dir='ltr' id='par_1_55' title="bbox 351 3759 1949 3834">
     <span class='ocr_line' id='line_1_55' title="bbox 351 3759 1949 3834; baseline -0.002 -15"><span class='ocrx_word' id='word_1_407' title='bbox 351 3781 453 3823; x_wconf 87' lang='lat' dir='ltr'><strong>nec</strong></span> <span class='ocrx_word' id='word_1_408' title='bbox 482 3772 667 3819; x_wconf 78' lang='lat' dir='ltr'><strong>tamen</strong></span> <span class='ocrx_word' id='word_1_409' title='bbox 717 3762 990 3820; x_wconf 88' lang='lat' dir='ltr'><strong>sacriﬁcat</strong></span> <span class='ocrx_word' id='word_1_410' title='bbox 1039 3760 1397 3834; x_wconf 84' lang='lat' dir='ltr'><strong>martyribus,</strong></span> <span class='ocrx_word' id='word_1_411' title='bbox 1449 3760 1545 3816; x_wconf 91' lang='lat' dir='ltr'><strong>sed</strong></span> <span class='ocrx_word' id='word_1_412' title='bbox 1597 3760 1691 3816; x_wconf 90' lang='lat' dir='ltr'><strong>uni</strong></span> <span class='ocrx_word' id='word_1_413' title='bbox 1737 3759 1849 3816; x_wconf 87' lang='lat' dir='ltr'><strong>Deo</strong></span> <span class='ocrx_word' id='word_1_414' title='bbox 1892 3769 1949 3816; x_wconf 89' lang='lat' dir='ltr'><strong>et</strong></span> 
     </span>
    </p>
   </div>
   <div class='ocr_carea' id='block_1_56' title="bbox 352 3852 1947 3930">
    <p class='ocr_par' dir='ltr' id='par_1_56' title="bbox 352 3852 1947 3930">
     <span class='ocr_line' id='line_1_56' title="bbox 352 3852 1947 3930; baseline -0.004 -16"><span class='ocrx_word' id='word_1_415' title='bbox 352 3867 657 3930; x_wconf 84' lang='lat' dir='ltr'><strong>martyrum</strong></span> <span class='ocrx_word' id='word_1_416' title='bbox 699 3864 756 3913; x_wconf 91' lang='lat' dir='ltr'><strong>et</strong></span> <span class='ocrx_word' id='word_1_417' title='bbox 789 3862 1007 3920; x_wconf 86' lang='lat' dir='ltr'><strong>nostro;</strong></span> <span class='ocrx_word' id='word_1_418' title='bbox 1043 3852 1111 3909; x_wconf 89' lang='lat' dir='ltr'><strong>ad</strong></span> <span class='ocrx_word' id='word_1_419' title='bbox 1144 3852 1289 3923; x_wconf 87' lang='lat' dir='ltr'><strong>quod</strong></span> <span class='ocrx_word' id='word_1_420' title='bbox 1319 3852 1650 3909; x_wconf 88' lang='lat' dir='ltr'><strong>sacriﬁcium</strong></span> <span class='ocrx_word' id='word_1_421' title='bbox 1675 3852 1818 3908; x_wconf 89' lang='lat' dir='ltr'><strong>sicut</strong></span> <span class='ocrx_word' id='word_1_422' title='bbox 1848 3854 1947 3907; x_wconf 91' lang='lat' dir='ltr'><strong>ho-</strong></span> 
     </span>
    </p>
   </div>
   <div class='ocr_carea' id='block_1_57' title="bbox 350 3942 1947 4018">
    <p class='ocr_par' dir='ltr' id='par_1_57' title="bbox 350 3942 1947 4018">
     <span class='ocr_line' id='line_1_57' title="bbox 350 3942 1947 4018; baseline -0.003 -13"><span class='ocrx_word' id='word_1_423' title='bbox 350 3950 528 4005; x_wconf 85' lang='lat' dir='ltr'><strong>mines</strong></span> <span class='ocrx_word' id='word_1_424' title='bbox 572 3948 692 4014; x_wconf 89' lang='lat' dir='ltr'><strong>Dei,</strong></span> <span class='ocrx_word' id='word_1_425' title='bbox 722 3948 814 4018; x_wconf 86' lang='lat' dir='ltr'><strong>qui</strong></span> <span class='ocrx_word' id='word_1_426' title='bbox 853 3946 1117 4003; x_wconf 89' lang='lat' dir='ltr'><strong>mundum</strong></span> <span class='ocrx_word' id='word_1_427' title='bbox 1148 3944 1203 3999; x_wconf 91' lang='lat' dir='ltr'><strong>in</strong></span> <span class='ocrx_word' id='word_1_428' title='bbox 1251 3944 1371 4017; x_wconf 82' lang='lat' dir='ltr'><strong>ejus</strong></span> <span class='ocrx_word' id='word_1_429' title='bbox 1412 3942 1756 4001; x_wconf 89' lang='lat' dir='ltr'><strong>confessione</strong></span> <span class='ocrx_word' id='word_1_430' title='bbox 1803 3944 1947 4001; x_wconf 87' lang='lat' dir='ltr'><strong>vice-</strong></span> 
     </span>
    </p>
   </div>
   <div class='ocr_carea' id='block_1_58' title="bbox 352 4033 1949 4108">
    <p class='ocr_par' dir='ltr' id='par_1_58' title="bbox 352 4033 1949 4108">
     <span class='ocr_line' id='line_1_58' title="bbox 352 4033 1949 4108; baseline -0.006 -13"><span class='ocrx_word' id='word_1_431' title='bbox 352 4049 498 4108; x_wconf 88' lang='lat' dir='ltr'><strong>runt,</strong></span> <span class='ocrx_word' id='word_1_432' title='bbox 546 4054 646 4094; x_wconf 88' lang='lat' dir='ltr'><strong>suo</strong></span> <span class='ocrx_word' id='word_1_433' title='bbox 694 4038 813 4093; x_wconf 91' lang='lat' dir='ltr'><strong>loco</strong></span> <span class='ocrx_word' id='word_1_434' title='bbox 858 4037 1231 4099; x_wconf 89' lang='lat' dir='ltr'><strong>nominantur,</strong></span> <span class='ocrx_word' id='word_1_435' title='bbox 1274 4049 1381 4089; x_wconf 88' lang='lat' dir='ltr'><strong>non</strong></span> <span class='ocrx_word' id='word_1_436' title='bbox 1415 4041 1593 4089; x_wconf 89' lang='lat' dir='ltr'><strong>tamen</strong></span> <span class='ocrx_word' id='word_1_437' title='bbox 1624 4033 1949 4089; x_wconf 83' lang='lat' dir='ltr'><strong>invocantur</strong></span> 
     </span>
    </p>
   </div>
   <div class='ocr_carea' id='block_1_59' title="bbox 354 4124 1943 4205">
    <p class='ocr_par' dir='ltr' id='par_1_59' title="bbox 354 4124 1943 4205">
     <span class='ocr_line' id='line_1_59' title="bbox 354 4124 1943 4205; baseline -0.006 -15"><span class='ocrx_word' id='word_1_438' title='bbox 354 4150 386 4190; x_wconf 90' lang='lat' dir='ltr'><strong>a</strong></span> <span class='ocrx_word' id='word_1_439' title='bbox 442 4135 745 4199; x_wconf 86' lang='lat' dir='ltr'><strong>sacerdote,</strong></span> <span class='ocrx_word' id='word_1_440' title='bbox 787 4131 913 4205; x_wconf 87' lang='lat' dir='ltr'><strong>quia</strong></span> <span class='ocrx_word' id='word_1_441' title='bbox 951 4127 1052 4187; x_wconf 90' lang='lat' dir='ltr'><strong>Dei</strong></span> <span class='ocrx_word' id='word_1_442' title='bbox 1088 4127 1343 4185; x_wconf 87' lang='lat' dir='ltr'><strong>sacerdos</strong></span> <span class='ocrx_word' id='word_1_443' title='bbox 1391 4134 1496 4193; x_wconf 86' lang='lat' dir='ltr'><strong>cst,</strong></span> <span class='ocrx_word' id='word_1_444' title='bbox 1548 4141 1658 4182; x_wconf 92' lang='lat' dir='ltr'><strong>non</strong></span> <span class='ocrx_word' id='word_1_445' title='bbox 1708 4124 1943 4181; x_wconf 87' lang='lat' dir='ltr'><strong>illorum.</strong></span> 
     </span>
    </p>
   </div>
   <div class='ocr_carea' id='block_1_60' title="bbox 350 4218 1945 4301">
    <p class='ocr_par' dir='ltr' id='par_1_60' title="bbox 350 4218 1945 4301">
     <span class='ocr_line' id='line_1_60' title="bbox 350 4218 1945 4301; baseline -0.007 -16"><span class='ocrx_word' id='word_1_446' title='bbox 350 4227 531 4301; x_wconf 88' lang='lat' dir='ltr'><strong>lpsum</strong></span> <span class='ocrx_word' id='word_1_447' title='bbox 562 4242 688 4282; x_wconf 86' lang='lat' dir='ltr'><strong>vero</strong></span> <span class='ocrx_word' id='word_1_448' title='bbox 726 4222 1057 4280; x_wconf 87' lang='lat' dir='ltr'><strong>sacriﬁcium</strong></span> <span class='ocrx_word' id='word_1_449' title='bbox 1077 4235 1276 4294; x_wconf 91' lang='lat' dir='ltr'><strong>corpus</strong></span> <span class='ocrx_word' id='word_1_450' title='bbox 1301 4227 1387 4276; x_wconf 90' lang='lat' dir='ltr'><strong>est</strong></span> <span class='ocrx_word' id='word_1_451' title='bbox 1410 4218 1634 4286; x_wconf 83' lang='lat' dir='ltr'><strong>Christi,</strong></span> <span class='ocrx_word' id='word_1_452' title='bbox 1668 4220 1813 4292; x_wconf 90' lang='lat' dir='ltr'><strong>quod</strong></span> <span class='ocrx_word' id='word_1_453' title='bbox 1839 4235 1945 4274; x_wconf 91' lang='lat' dir='ltr'><strong>non</strong></span> 
     </span>
    </p>
   </div>
   <div class='ocr_carea' id='block_1_61' title="bbox 350 4311 1556 4388">
    <p class='ocr_par' dir='ltr' id='par_1_61' title="bbox 350 4311 1556 4388">
     <span class='ocr_line' id='line_1_61' title="bbox 350 4311 1556 4388; baseline -0.01 -11"><span class='ocrx_word' id='word_1_454' title='bbox 350 4318 577 4377; x_wconf 75' lang='lat' dir='ltr'><strong>offertur</strong></span> <span class='ocrx_word' id='word_1_455' title='bbox 604 4316 756 4388; x_wconf 86' lang='lat' dir='ltr'><strong>ipsis,</strong></span> <span class='ocrx_word' id='word_1_456' title='bbox 781 4314 909 4386; x_wconf 89' lang='lat' dir='ltr'><strong>quia</strong></span> <span class='ocrx_word' id='word_1_457' title='bbox 932 4314 1037 4371; x_wconf 88' lang='lat' dir='ltr'><strong>hoc</strong></span> <span class='ocrx_word' id='word_1_458' title='bbox 1062 4326 1172 4369; x_wconf 92' lang='lat' dir='ltr'><strong>non</strong></span> <span class='ocrx_word' id='word_1_459' title='bbox 1196 4320 1323 4369; x_wconf 90' lang='lat' dir='ltr'><strong>sunt</strong></span> <span class='ocrx_word' id='word_1_460' title='bbox 1347 4320 1403 4368; x_wconf 88' lang='lat' dir='ltr'><strong>et</strong></span> <span class='ocrx_word' id='word_1_461' title='bbox 1433 4311 1556 4384; x_wconf 92' lang='lat' dir='ltr'><strong>ipsi.</strong></span> 
     </span>
    </p>
   </div>
   <div class='ocr_carea' id='block_1_62' title="bbox 423 4402 1948 4480">
    <p class='ocr_par' dir='ltr' id='par_1_62' title="bbox 423 4402 1948 4480">
     <span class='ocr_line' id='line_1_62' title="bbox 423 4402 1948 4480; baseline -0.005 -15"><span class='ocrx_word' id='word_1_462' title='bbox 423 4409 579 4465; x_wconf 80' lang='lat' dir='ltr'><strong>Hanc</strong></span> <span class='ocrx_word' id='word_1_463' title='bbox 617 4408 780 4480; x_wconf 82' lang='lat' dir='ltr'><strong>igitur</strong></span> <span class='ocrx_word' id='word_1_464' title='bbox 805 4404 1120 4461; x_wconf 75' lang='lat' dir='ltr'><strong>oblationem</strong></span> <span class='ocrx_word' id='word_1_465' title='bbox 1144 4403 1412 4458; x_wconf 87' lang='lat' dir='ltr'><strong>servitutis</strong></span> <span class='ocrx_word' id='word_1_466' title='bbox 1457 4411 1686 4459; x_wconf 71' lang='lat' dir='ltr'><strong>nostrae:</strong></span> <span class='ocrx_word' id='word_1_467' title='bbox 1713 4402 1841 4473; x_wconf 87' lang='lat' dir='ltr'><strong>quia</strong></span> <span class='ocrx_word' id='word_1_468' title='bbox 1864 4402 1948 4459; x_wconf 87' lang='lat' dir='ltr'><strong>di—</strong></span> 
     </span>
    </p>
   </div>
   <div class='ocr_carea' id='block_1_63' title="bbox 2047 1838 3645 1914">
    <p class='ocr_par' dir='ltr' id='par_1_63' title="bbox 2047 1838 3645 1914">
     <span class='ocr_line' id='line_1_63' title="bbox 2047 1838 3645 1914; baseline -0.006 -14"><span class='ocrx_word' id='word_1_469' title='bbox 2047 1844 2265 1914; x_wconf 87' lang='lat' dir='ltr'><strong>sanguis</strong></span> <span class='ocrx_word' id='word_1_470' title='bbox 2287 1857 2393 1898; x_wconf 90' lang='lat' dir='ltr'><strong>non</strong></span> <span class='ocrx_word' id='word_1_471' title='bbox 2418 1842 2473 1896; x_wconf 90' lang='lat' dir='ltr'><strong>in</strong></span> <span class='ocrx_word' id='word_1_472' title='bbox 2508 1841 2693 1910; x_wconf 86' lang='lat' dir='ltr'><strong>spicis,</strong></span> <span class='ocrx_word' id='word_1_473' title='bbox 2728 1839 2823 1895; x_wconf 87' lang='lat' dir='ltr'><strong>sed</strong></span> <span class='ocrx_word' id='word_1_474' title='bbox 2858 1840 2913 1894; x_wconf 92' lang='lat' dir='ltr'><strong>in</strong></span> <span class='ocrx_word' id='word_1_475' title='bbox 2942 1838 3303 1895; x_wconf 88' lang='lat' dir='ltr'><strong>sacramentis</strong></span> <span class='ocrx_word' id='word_1_476' title='bbox 3332 1838 3645 1909; x_wconf 74' lang='lat' dir='ltr'><strong>colligitur;</strong></span> 
     </span>
    </p>
   </div>
   <div class='ocr_carea' id='block_1_64' title="bbox 2045 1930 3647 2004">
    <p class='ocr_par' dir='ltr' id='par_1_64' title="bbox 2045 1930 3647 2004">
     <span class='ocr_line' id='line_1_64' title="bbox 2045 1930 3647 2004; baseline -0.005 -13"><span class='ocrx_word' id='word_1_477' title='bbox 2045 1944 2102 1991; x_wconf 89' lang='lat' dir='ltr'><strong>et</strong></span> <span class='ocrx_word' id='word_1_478' title='bbox 2142 1933 2556 1991; x_wconf 86' lang='lat' dir='ltr'><strong>consecratione</strong></span> <span class='ocrx_word' id='word_1_479' title='bbox 2597 1932 2858 2004; x_wconf 86' lang='lat' dir='ltr'><strong>mysticus</strong></span> <span class='ocrx_word' id='word_1_480' title='bbox 2894 1930 2954 1986; x_wconf 89' lang='lat' dir='ltr'><strong>ﬁt</strong></span> <span class='ocrx_word' id='word_1_481' title='bbox 2998 1932 3175 1995; x_wconf 89' lang='lat' dir='ltr'><strong>nobis,</strong></span> <span class='ocrx_word' id='word_1_482' title='bbox 3221 1947 3331 1987; x_wconf 91' lang='lat' dir='ltr'><strong>non</strong></span> <span class='ocrx_word' id='word_1_483' title='bbox 3375 1931 3647 1986; x_wconf 84' lang='lat' dir='ltr'><strong>nascitur.</strong></span> 
     </span>
    </p>
   </div>
   <div class='ocr_carea' id='block_1_65' title="bbox 2046 2021 3647 2095">
    <p class='ocr_par' dir='ltr' id='par_1_65' title="bbox 2046 2021 3647 2095">
     <span class='ocr_line' id='line_1_65' title="bbox 2046 2021 3647 2095; baseline -0.004 -14"><span class='ocrx_word' id='word_1_484' title='bbox 2046 2027 2115 2081; x_wconf 84' lang='lat' dir='ltr'><strong>Et</strong></span> <span class='ocrx_word' id='word_1_485' title='bbox 2135 2025 2224 2080; x_wconf 92' lang='lat' dir='ltr'><strong>ille</strong></span> <span class='ocrx_word' id='word_1_486' title='bbox 2253 2024 2473 2095; x_wconf 88' lang='lat' dir='ltr'><strong>quidem</strong></span> <span class='ocrx_word' id='word_1_487' title='bbox 2498 2023 2674 2093; x_wconf 88' lang='lat' dir='ltr'><strong>panis,</strong></span> <span class='ocrx_word' id='word_1_488' title='bbox 2704 2030 2760 2079; x_wconf 91' lang='lat' dir='ltr'><strong>et</strong></span> <span class='ocrx_word' id='word_1_489' title='bbox 2796 2021 2927 2077; x_wconf 88' lang='lat' dir='ltr'><strong>illud</strong></span> <span class='ocrx_word' id='word_1_490' title='bbox 2951 2021 3138 2077; x_wconf 91' lang='lat' dir='ltr'><strong>vinum</strong></span> <span class='ocrx_word' id='word_1_491' title='bbox 3182 2037 3282 2091; x_wconf 85' lang='lat' dir='ltr'><strong>per</strong></span> <span class='ocrx_word' id='word_1_492' title='bbox 3309 2036 3370 2076; x_wconf 89' lang='lat' dir='ltr'><strong>se</strong></span> <span class='ocrx_word' id='word_1_493' title='bbox 3416 2021 3647 2076; x_wconf 77' lang='lat' dir='ltr'><strong>irratio-</strong></span> 
     </span>
    </p>
   </div>
   <div class='ocr_carea' id='block_1_66' title="bbox 2046 2109 3648 2175">
    <p class='ocr_par' dir='ltr' id='par_1_66' title="bbox 2046 2109 3648 2175">
     <span class='ocr_line' id='line_1_66' title="bbox 2046 2109 3648 2175; baseline -0.002 -5"><span class='ocrx_word' id='word_1_494' title='bbox 2046 2115 2228 2170; x_wconf 88' lang='lat' dir='ltr'><strong>nabile</strong></span> <span class='ocrx_word' id='word_1_495' title='bbox 2253 2122 2375 2169; x_wconf 88' lang='lat' dir='ltr'><strong>est:</strong></span> <span class='ocrx_word' id='word_1_496' title='bbox 2407 2113 2502 2170; x_wconf 90' lang='lat' dir='ltr'><strong>sed</strong></span> <span class='ocrx_word' id='word_1_497' title='bbox 2536 2120 2662 2168; x_wconf 89' lang='lat' dir='ltr'><strong>orat</strong></span> <span class='ocrx_word' id='word_1_498' title='bbox 2709 2110 2985 2175; x_wconf 86' lang='lat' dir='ltr'><strong>sacerdos,</strong></span> <span class='ocrx_word' id='word_1_499' title='bbox 3016 2119 3079 2164; x_wconf 88' lang='lat' dir='ltr'><strong>ut</strong></span> <span class='ocrx_word' id='word_1_500' title='bbox 3106 2109 3195 2165; x_wconf 87' lang='lat' dir='ltr'><strong>ille</strong></span> <span class='ocrx_word' id='word_1_501' title='bbox 3242 2110 3648 2166; x_wconf 86' lang='lat' dir='ltr'><strong>rationabiliter</strong></span> 
     </span>
    </p>
   </div>
   <div class='ocr_carea' id='block_1_67' title="bbox 2047 2202 3639 2273">
    <p class='ocr_par' dir='ltr' id='par_1_67' title="bbox 2047 2202 3639 2273">
     <span class='ocr_line' id='line_1_67' title="bbox 2047 2202 3639 2273; baseline -0.003 -11"><span class='ocrx_word' id='word_1_502' title='bbox 2047 2216 2333 2272; x_wconf 85' lang='lat' dir='ltr'><strong>tractatus,</strong></span> <span class='ocrx_word' id='word_1_503' title='bbox 2370 2213 2428 2261; x_wconf 91' lang='lat' dir='ltr'><strong>et</strong></span> <span class='ocrx_word' id='word_1_504' title='bbox 2456 2205 2525 2260; x_wconf 90' lang='lat' dir='ltr'><strong>ab</strong></span> <span class='ocrx_word' id='word_1_505' title='bbox 2560 2203 2919 2273; x_wconf 88' lang='lat' dir='ltr'><strong>omnipotenti</strong></span> <span class='ocrx_word' id='word_1_506' title='bbox 2968 2202 3080 2257; x_wconf 87' lang='lat' dir='ltr'><strong>Deo</strong></span> <span class='ocrx_word' id='word_1_507' title='bbox 3122 2212 3503 2267; x_wconf 86' lang='lat' dir='ltr'><strong>consecratus,</strong></span> <span class='ocrx_word' id='word_1_508' title='bbox 3546 2220 3639 2258; x_wconf 87' lang='lat' dir='ltr'><strong>ra-</strong></span> 
     </span>
    </p>
   </div>
   <div class='ocr_carea' id='block_1_68' title="bbox 2046 2286 3641 2365">
    <p class='ocr_par' dir='ltr' id='par_1_68' title="bbox 2046 2286 3641 2365">
     <span class='ocr_line' id='line_1_68' title="bbox 2046 2286 3641 2365; baseline -0.004 -10"><span class='ocrx_word' id='word_1_509' title='bbox 2046 2298 2321 2355; x_wconf 87' lang='lat' dir='ltr'><strong>tionabilis</strong></span> <span class='ocrx_word' id='word_1_510' title='bbox 2346 2298 2460 2361; x_wconf 86' lang='lat' dir='ltr'><strong>ﬁat,</strong></span> <span class='ocrx_word' id='word_1_511' title='bbox 2494 2286 2900 2351; x_wconf 65' lang='lat' dir='ltr'><strong>transeundo’in</strong></span> <span class='ocrx_word' id='word_1_512' title='bbox 2922 2308 3122 2365; x_wconf 88' lang='lat' dir='ltr'><strong>corpus</strong></span> <span class='ocrx_word' id='word_1_513' title='bbox 3147 2292 3271 2349; x_wconf 85' lang='lat' dir='ltr'><strong>Filii</strong></span> <span class='ocrx_word' id='word_1_514' title='bbox 3297 2294 3436 2364; x_wconf 87' lang='lat' dir='ltr'><strong>ejus,</strong></span> <span class='ocrx_word' id='word_1_515' title='bbox 3462 2294 3641 2360; x_wconf 77' lang='lat' dir='ltr'><strong>nobis,</strong></span> 
     </span>
    </p>
   </div>
   <div class='ocr_carea' id='block_1_69' title="bbox 2047 2391 2900 2458">
    <p class='ocr_par' dir='ltr' id='par_1_69' title="bbox 2047 2391 2900 2458">
     <span class='ocr_line' id='line_1_69' title="bbox 2047 2391 2900 2458; baseline -0.009 -9"><span class='ocrx_word' id='word_1_516' title='bbox 2047 2393 2103 2448; x_wconf 91' lang='lat' dir='ltr'><strong>id</strong></span> <span class='ocrx_word' id='word_1_517' title='bbox 2136 2401 2240 2458; x_wconf 90' lang='lat' dir='ltr'><strong>est,</strong></span> <span class='ocrx_word' id='word_1_518' title='bbox 2274 2392 2338 2447; x_wconf 84' lang='lat' dir='ltr'><strong>ad</strong></span> <span class='ocrx_word' id='word_1_519' title='bbox 2368 2391 2601 2446; x_wconf 87' lang='lat' dir='ltr'><strong>salutem</strong></span> <span class='ocrx_word' id='word_1_520' title='bbox 2636 2399 2900 2443; x_wconf 89' lang='lat' dir='ltr'><strong>nostram.</strong></span> 
     </span>
    </p>
   </div>
   <div class='ocr_carea' id='block_1_70' title="bbox 2120 2479 3645 2553">
    <p class='ocr_par' dir='ltr' id='par_1_70' title="bbox 2120 2479 3645 2553">
     <span class='ocr_line' id='line_1_70' title="bbox 2120 2479 3645 2553; baseline -0.004 -13"><span class='ocrx_word' id='word_1_521' title='bbox 2120 2486 2234 2541; x_wconf 90' lang='lat' dir='ltr'><strong>lloc</strong></span> <span class='ocrx_word' id='word_1_522' title='bbox 2261 2493 2464 2549; x_wconf 86' lang='lat' dir='ltr'><strong>autem,</strong></span> <span class='ocrx_word' id='word_1_523' title='bbox 2491 2483 2638 2553; x_wconf 90' lang='lat' dir='ltr'><strong>quod</strong></span> <span class='ocrx_word' id='word_1_524' title='bbox 2665 2481 2950 2552; x_wconf 87' lang='lat' dir='ltr'><strong>sequitur:</strong></span> <span class='ocrx_word' id='word_1_525' title='bbox 2989 2479 3096 2547; x_wconf 79' lang='lat' dir='ltr'><strong>Qui</strong></span> <span class='ocrx_word' id='word_1_526' title='bbox 3120 2480 3292 2552; x_wconf 80' lang='lat' dir='ltr'><strong>pridie</strong></span> <span class='ocrx_word' id='word_1_527' title='bbox 3317 2497 3478 2551; x_wconf 78' lang='lat' dir='ltr'><strong>quam</strong></span> <span class='ocrx_word' id='word_1_528' title='bbox 3498 2491 3645 2551; x_wconf 82' lang='lat' dir='ltr'><strong>pate-</strong></span> 
     </span>
    </p>
   </div>
   <div class='ocr_carea' id='block_1_71' title="bbox 2048 2573 3641 2647">
    <p class='ocr_par' dir='ltr' id='par_1_71' title="bbox 2048 2573 3641 2647">
     <span class='ocr_line' id='line_1_71' title="bbox 2048 2573 3641 2647; baseline -0.003 -14"><span class='ocrx_word' id='word_1_529' title='bbox 2048 2588 2211 2643; x_wconf 85' lang='lat' dir='ltr'><strong>retur,</strong></span> <span class='ocrx_word' id='word_1_530' title='bbox 2242 2592 2437 2647; x_wconf 91' lang='lat' dir='ltr'><strong>usque,</strong></span> <span class='ocrx_word' id='word_1_531' title='bbox 2472 2577 2527 2631; x_wconf 88' lang='lat' dir='ltr'><strong>in</strong></span> <span class='ocrx_word' id='word_1_532' title='bbox 2546 2577 2855 2630; x_wconf 82' lang='lat' dir='ltr'><strong>memoriam</strong></span> <span class='ocrx_word' id='word_1_533' title='bbox 2899 2573 3105 2644; x_wconf 76' lang='lat' dir='ltr'><strong>facietis</strong></span> <span class='ocrx_word' id='word_1_534' title='bbox 3130 2589 3149 2627; x_wconf 92' lang='lat'><strong>:</strong></span> <span class='ocrx_word' id='word_1_535' title='bbox 3194 2573 3427 2644; x_wconf 84' lang='lat' dir='ltr'><strong>apostoli</strong></span> <span class='ocrx_word' id='word_1_536' title='bbox 3457 2574 3512 2628; x_wconf 92' lang='lat' dir='ltr'><strong>in</strong></span> <span class='ocrx_word' id='word_1_537' title='bbox 3544 2589 3641 2629; x_wconf 88' lang='lat' dir='ltr'><strong>usu</strong></span> 
     </span>
    </p>
   </div>
   <div class='ocr_carea' id='block_1_72' title="bbox 2048 2664 3640 2740">
    <p class='ocr_par' dir='ltr' id='par_1_72' title="bbox 2048 2664 3640 2740">
     <span class='ocr_line' id='line_1_72' title="bbox 2048 2664 3640 2740; baseline -0.003 -14"><span class='ocrx_word' id='word_1_538' title='bbox 2048 2672 2357 2727; x_wconf 88' lang='lat' dir='ltr'><strong>habuerunt</strong></span> <span class='ocrx_word' id='word_1_539' title='bbox 2377 2676 2502 2740; x_wconf 89' lang='lat' dir='ltr'><strong>post</strong></span> <span class='ocrx_word' id='word_1_540' title='bbox 2526 2668 2903 2724; x_wconf 89' lang='lat' dir='ltr'><strong>ascensionem</strong></span> <span class='ocrx_word' id='word_1_541' title='bbox 2930 2665 3165 2721; x_wconf 90' lang='lat' dir='ltr'><strong>Domini.</strong></span> <span class='ocrx_word' id='word_1_542' title='bbox 3194 2664 3350 2722; x_wconf 87' lang='lat' dir='ltr'><strong>Unde</strong></span> <span class='ocrx_word' id='word_1_543' title='bbox 3372 2679 3508 2738; x_wconf 84' lang='lat' dir='ltr'><strong>ergo</strong></span> <span class='ocrx_word' id='word_1_544' title='bbox 3537 2666 3640 2721; x_wconf 81' lang='lat' dir='ltr'><strong>Ec-</strong></span> 
     </span>
    </p>
   </div>
   <div class='ocr_carea' id='block_1_73' title="bbox 2045 2755 3637 2834">
    <p class='ocr_par' dir='ltr' id='par_1_73' title="bbox 2045 2755 3637 2834">
     <span class='ocr_line' id='line_1_73' title="bbox 2045 2755 3637 2834; baseline -0.006 -15"><span class='ocrx_word' id='word_1_545' title='bbox 2045 2762 2211 2819; x_wconf 88' lang='lat' dir='ltr'><strong>clesia</strong></span> <span class='ocrx_word' id='word_1_546' title='bbox 2242 2761 2430 2834; x_wconf 86' lang='lat' dir='ltr'><strong>jugem</strong></span> <span class='ocrx_word' id='word_1_547' title='bbox 2470 2759 2553 2815; x_wconf 91' lang='lat' dir='ltr'><strong>sui</strong></span> <span class='ocrx_word' id='word_1_548' title='bbox 2596 2757 2914 2813; x_wconf 88' lang='lat' dir='ltr'><strong>memoriam</strong></span> <span class='ocrx_word' id='word_1_549' title='bbox 2950 2757 3349 2826; x_wconf 75' lang='lat' dir='ltr'><strong>Redemptoris</strong></span> <span class='ocrx_word' id='word_1_550' title='bbox 3374 2755 3637 2819; x_wconf 86' lang='lat' dir='ltr'><strong>celebret,</strong></span> 
     </span>
    </p>
   </div>
   <div class='ocr_carea' id='block_1_74' title="bbox 2047 2848 3640 2927">
    <p class='ocr_par' dir='ltr' id='par_1_74' title="bbox 2047 2848 3640 2927">
     <span class='ocr_line' id='line_1_74' title="bbox 2047 2848 3640 2927; baseline -0.005 -16"><span class='ocrx_word' id='word_1_551' title='bbox 2047 2857 2163 2927; x_wconf 87' lang='lat' dir='ltr'><strong>ipse</strong></span> <span class='ocrx_word' id='word_1_552' title='bbox 2190 2854 2455 2910; x_wconf 88' lang='lat' dir='ltr'><strong>Dominus</strong></span> <span class='ocrx_word' id='word_1_553' title='bbox 2478 2851 2757 2922; x_wconf 83' lang='lat' dir='ltr'><strong>apostolis,</strong></span> <span class='ocrx_word' id='word_1_554' title='bbox 2794 2858 2851 2905; x_wconf 90' lang='lat' dir='ltr'><strong>et</strong></span> <span class='ocrx_word' id='word_1_555' title='bbox 2878 2848 3110 2920; x_wconf 88' lang='lat' dir='ltr'><strong>apostoli</strong></span> <span class='ocrx_word' id='word_1_556' title='bbox 3135 2848 3465 2919; x_wconf 79' lang='lat' dir='ltr'><strong>generaliter</strong></span> <span class='ocrx_word' id='word_1_557' title='bbox 3493 2850 3640 2903; x_wconf 88' lang='lat' dir='ltr'><strong>omni</strong></span> 
     </span>
    </p>
   </div>
   <div class='ocr_carea' id='block_1_75' title="bbox 2046 2939 3641 3013">
    <p class='ocr_par' dir='ltr' id='par_1_75' title="bbox 2046 2939 3641 3013">
     <span class='ocr_line' id='line_1_75' title="bbox 2046 2939 3641 3013; baseline -0.005 -11"><span class='ocrx_word' id='word_1_558' title='bbox 2046 2945 2304 3004; x_wconf 67' lang='lat' dir='ltr'><strong>Fcclesize</strong></span> <span class='ocrx_word' id='word_1_559' title='bbox 2329 2944 2665 3001; x_wconf 89' lang='lat' dir='ltr'><strong>tradiderunt</strong></span> <span class='ocrx_word' id='word_1_560' title='bbox 2689 2941 2743 2996; x_wconf 91' lang='lat' dir='ltr'><strong>in</strong></span> <span class='ocrx_word' id='word_1_561' title='bbox 2765 2942 2850 2996; x_wconf 91' lang='lat' dir='ltr'><strong>his</strong></span> <span class='ocrx_word' id='word_1_562' title='bbox 2877 2940 3079 3003; x_wconf 89' lang='lat' dir='ltr'><strong>verbis,</strong></span> <span class='ocrx_word' id='word_1_563' title='bbox 3109 2939 3230 2994; x_wconf 90' lang='lat' dir='ltr'><strong>sine</strong></span> <span class='ocrx_word' id='word_1_564' title='bbox 3251 2940 3448 3010; x_wconf 77' lang='lat' dir='ltr'><strong>quibus</strong></span> <span class='ocrx_word' id='word_1_565' title='bbox 3474 2939 3641 3013; x_wconf 59' lang='lat'><strong>505</strong></span> 
     </span>
    </p>
   </div>
   <div class='ocr_carea' id='block_1_76' title="bbox 2047 3033 3642 3109">
    <p class='ocr_par' dir='ltr' id='par_1_76' title="bbox 2047 3033 3642 3109">
     <span class='ocr_line' id='line_1_76' title="bbox 2047 3033 3642 3109; baseline -0.004 -16"><span class='ocrx_word' id='word_1_566' title='bbox 2047 3037 2196 3093; x_wconf 88' lang='lat' dir='ltr'><strong>nulla</strong></span> <span class='ocrx_word' id='word_1_567' title='bbox 2214 3037 2424 3109; x_wconf 81' lang='lat' dir='ltr'><strong>lingua,</strong></span> <span class='ocrx_word' id='word_1_568' title='bbox 2468 3036 2614 3091; x_wconf 90' lang='lat' dir='ltr'><strong>nulla</strong></span> <span class='ocrx_word' id='word_1_569' title='bbox 2646 3037 2822 3107; x_wconf 84' lang='lat' dir='ltr'><strong>regio,</strong></span> <span class='ocrx_word' id='word_1_570' title='bbox 2852 3034 2998 3089; x_wconf 89' lang='lat' dir='ltr'><strong>nulla</strong></span> <span class='ocrx_word' id='word_1_571' title='bbox 3027 3033 3243 3099; x_wconf 85' lang='lat' dir='ltr'><strong>civitas,</strong></span> <span class='ocrx_word' id='word_1_572' title='bbox 3280 3034 3334 3089; x_wconf 92' lang='lat' dir='ltr'><strong>id</strong></span> <span class='ocrx_word' id='word_1_573' title='bbox 3354 3042 3456 3099; x_wconf 88' lang='lat' dir='ltr'><strong>est,</strong></span> <span class='ocrx_word' id='word_1_574' title='bbox 3492 3034 3642 3088; x_wconf 89' lang='lat' dir='ltr'><strong>nulla</strong></span> 
     </span>
    </p>
   </div>
   <div class='ocr_carea' id='block_1_77' title="bbox 2050 3127 3641 3204">
    <p class='ocr_par' dir='ltr' id='par_1_77' title="bbox 2050 3127 3641 3204">
     <span class='ocr_line' id='line_1_77' title="bbox 2050 3127 3641 3204; baseline -0.004 -17"><span class='ocrx_word' id='word_1_575' title='bbox 2050 3147 2179 3204; x_wconf 88' lang='lat' dir='ltr'><strong>pars</strong></span> <span class='ocrx_word' id='word_1_576' title='bbox 2214 3130 2471 3186; x_wconf 78' lang='lat' dir='ltr'><strong>Ecclesia:</strong></span> <span class='ocrx_word' id='word_1_577' title='bbox 2517 3138 2697 3200; x_wconf 89' lang='lat' dir='ltr'><strong>potest</strong></span> <span class='ocrx_word' id='word_1_578' title='bbox 2725 3142 3049 3184; x_wconf 87' lang='lat' dir='ltr'><strong>consecrare</strong></span> <span class='ocrx_word' id='word_1_579' title='bbox 3086 3127 3191 3182; x_wconf 89' lang='lat' dir='ltr'><strong>hoc</strong></span> <span class='ocrx_word' id='word_1_580' title='bbox 3217 3134 3641 3191; x_wconf 87' lang='lat' dir='ltr'><strong>sacramentum,</strong></span> 
     </span>
    </p>
   </div>
   <div class='ocr_carea' id='block_1_78' title="bbox 2050 3216 3641 3293">
    <p class='ocr_par' dir='ltr' id='par_1_78' title="bbox 2050 3216 3641 3293">
     <span class='ocr_line' id='line_1_78' title="bbox 2050 3216 3641 3293; baseline -0.004 -16"><span class='ocrx_word' id='word_1_581' title='bbox 2050 3221 2196 3293; x_wconf 89' lang='lat' dir='ltr'><strong>quod</strong></span> <span class='ocrx_word' id='word_1_582' title='bbox 2242 3220 2533 3291; x_wconf 87' lang='lat' dir='ltr'><strong>Apostolus</strong></span> <span class='ocrx_word' id='word_1_583' title='bbox 2578 3217 2914 3284; x_wconf 81' lang='lat' dir='ltr'><strong>manifestat,</strong></span> <span class='ocrx_word' id='word_1_584' title='bbox 2960 3218 3191 3273; x_wconf 85' lang='lat' dir='ltr'><strong>dicens:</strong></span> <span class='ocrx_word' id='word_1_585' title='bbox 3240 3216 3357 3288; x_wconf 88' lang='lat' dir='ltr'><strong>Ego</strong></span> <span class='ocrx_word' id='word_1_586' title='bbox 3385 3216 3526 3271; x_wconf 76' lang='lat' dir='ltr'><strong>enim</strong></span> <span class='ocrx_word' id='word_1_587' title='bbox 3548 3232 3641 3270; x_wconf 83' lang='lat' dir='ltr'><strong>ac-</strong></span> 
     </span>
    </p>
   </div>
   <div class='ocr_carea' id='block_1_79' title="bbox 2049 3306 3641 3385">
    <p class='ocr_par' dir='ltr' id='par_1_79' title="bbox 2049 3306 3641 3385">
     <span class='ocr_line' id='line_1_79' title="bbox 2049 3306 3641 3385; baseline -0.004 -18"><span class='ocrx_word' id='word_1_588' title='bbox 2049 3313 2162 3385; x_wconf 82' lang='lat' dir='ltr'><strong>cepi</strong></span> <span class='ocrx_word' id='word_1_589' title='bbox 2188 3329 2223 3367; x_wconf 89' lang='lat' dir='ltr'><strong>a</strong></span> <span class='ocrx_word' id='word_1_590' title='bbox 2252 3311 2502 3378; x_wconf 85' lang='lat' dir='ltr'><strong>Domino,</strong></span> <span class='ocrx_word' id='word_1_591' title='bbox 2538 3310 2678 3382; x_wconf 75' lang='lat' dir='ltr'><strong>quod</strong></span> <span class='ocrx_word' id='word_1_592' title='bbox 2708 3319 2756 3365; x_wconf 88' lang='lat' dir='ltr'><strong>et</strong></span> <span class='ocrx_word' id='word_1_593' title='bbox 2781 3308 2977 3363; x_wconf 86' lang='lat' dir='ltr'><strong>tradidi</strong></span> <span class='ocrx_word' id='word_1_594' title='bbox 3026 3308 3188 3373; x_wconf 72' lang='lat' dir='ltr'><strong>vobis,</strong></span> <span class='ocrx_word' id='word_1_595' title='bbox 3230 3308 3479 3379; x_wconf 79' lang='lat' dir='ltr'><strong>quoniam</strong></span> <span class='ocrx_word' id='word_1_596' title='bbox 3529 3306 3641 3361; x_wconf 76' lang='lat' dir='ltr'><strong>Do-</strong></span> 
     </span>
    </p>
   </div>
   <div class='ocr_carea' id='block_1_80' title="bbox 2050 3398 3641 3474">
    <p class='ocr_par' dir='ltr' id='par_1_80' title="bbox 2050 3398 3641 3474">
     <span class='ocr_line' id='line_1_80' title="bbox 2050 3398 3641 3474; baseline -0.003 -16"><span class='ocrx_word' id='word_1_597' title='bbox 2050 3404 2224 3459; x_wconf 82' lang='lat' dir='ltr'><strong>minus</strong></span> <span class='ocrx_word' id='word_1_598' title='bbox 2246 3401 2430 3468; x_wconf 75' lang='lat' dir='ltr'><strong>Jesus,</strong></span> <span class='ocrx_word' id='word_1_599' title='bbox 2478 3420 2583 3474; x_wconf 81' lang='lat' dir='ltr'><strong>qua</strong></span> <span class='ocrx_word' id='word_1_600' title='bbox 2632 3412 2780 3457; x_wconf 85' lang='lat' dir='ltr'><strong>nocte</strong></span> <span class='ocrx_word' id='word_1_601' title='bbox 2825 3400 3157 3466; x_wconf 73' lang='lat' dir='ltr'><strong>tradebatur,</strong></span> <span class='ocrx_word' id='word_1_602' title='bbox 3184 3398 3379 3470; x_wconf 77' lang='lat' dir='ltr'><strong>accepit</strong></span> <span class='ocrx_word' id='word_1_603' title='bbox 3421 3416 3641 3470; x_wconf 67' lang='lat' dir='ltr'><strong>partem,</strong></span> 
     </span>
    </p>
   </div>
   <div class='ocr_carea' id='block_1_81' title="bbox 2048 3490 3643 3565">
    <p class='ocr_par' dir='ltr' id='par_1_81' title="bbox 2048 3490 3643 3565">
     <span class='ocr_line' id='line_1_81' title="bbox 2048 3490 3643 3565; baseline -0.003 -16"><span class='ocrx_word' id='word_1_604' title='bbox 2048 3502 2105 3549; x_wconf 86' lang='lat' dir='ltr'><strong>et</strong></span> <span class='ocrx_word' id='word_1_605' title='bbox 2132 3493 2339 3564; x_wconf 86' lang='lat' dir='ltr'><strong>reliqua</strong></span> <span class='ocrx_word' id='word_1_606' title='bbox 2370 3492 2424 3565; x_wconf 90' lang='lat' dir='ltr'><strong>(I</strong></span> <span class='ocrx_word' id='word_1_607' title='bbox 2467 3492 2591 3548; x_wconf 88' lang='lat' dir='ltr'><strong>Cor.</strong></span> <span class='ocrx_word' id='word_1_608' title='bbox 2623 3509 2731 3556; x_wconf 80' lang='lat' dir='ltr'><strong>xu,</strong></span> <span class='ocrx_word' id='word_1_609' title='bbox 2774 3493 2887 3562; x_wconf 73' lang='lat'><strong>9.3).</strong></span> <span class='ocrx_word' id='word_1_610' title='bbox 2923 3492 3131 3548; x_wconf 89' lang='lat' dir='ltr'><strong>Christi</strong></span> <span class='ocrx_word' id='word_1_611' title='bbox 3171 3506 3298 3562; x_wconf 87' lang='lat' dir='ltr'><strong>ergo</strong></span> <span class='ocrx_word' id='word_1_612' title='bbox 3335 3490 3547 3546; x_wconf 87' lang='lat' dir='ltr'><strong>virtute</strong></span> <span class='ocrx_word' id='word_1_613' title='bbox 3587 3501 3643 3546; x_wconf 89' lang='lat' dir='ltr'><strong>et</strong></span> 
     </span>
    </p>
   </div>
   <div class='ocr_carea' id='block_1_82' title="bbox 2049 3574 3641 3655">
    <p class='ocr_par' dir='ltr' id='par_1_82' title="bbox 2049 3574 3641 3655">
     <span class='ocr_line' id='line_1_82' title="bbox 2049 3574 3641 3655; baseline 0 -17"><span class='ocrx_word' id='word_1_614' title='bbox 2049 3574 2235 3641; x_wconf 86' lang='lat' dir='ltr'><strong>verbis</strong></span> <span class='ocrx_word' id='word_1_615' title='bbox 2252 3585 2357 3641; x_wconf 88' lang='lat' dir='ltr'><strong>iste</strong></span> <span class='ocrx_word' id='word_1_616' title='bbox 2388 3585 2549 3655; x_wconf 87' lang='lat' dir='ltr'><strong>panis</strong></span> <span class='ocrx_word' id='word_1_617' title='bbox 2576 3593 2634 3641; x_wconf 90' lang='lat' dir='ltr'><strong>et</strong></span> <span class='ocrx_word' id='word_1_618' title='bbox 2654 3586 2797 3641; x_wconf 82' lang='lat' dir='ltr'><strong>calix</strong></span> <span class='ocrx_word' id='word_1_619' title='bbox 2829 3584 2899 3639; x_wconf 92' lang='lat' dir='ltr'><strong>ab</strong></span> <span class='ocrx_word' id='word_1_620' title='bbox 2941 3585 3100 3639; x_wconf 88' lang='lat' dir='ltr'><strong>initio</strong></span> <span class='ocrx_word' id='word_1_621' title='bbox 3144 3592 3495 3640; x_wconf 83' lang='lat' dir='ltr'><strong>consecratus</strong></span> <span class='ocrx_word' id='word_1_622' title='bbox 3535 3593 3641 3648; x_wconf 85' lang='lat' dir='ltr'><strong>est,</strong></span> 
     </span>
    </p>
   </div>
   <div class='ocr_carea' id='block_1_83' title="bbox 2048 3675 3643 3746">
    <p class='ocr_par' dir='ltr' id='par_1_83' title="bbox 2048 3675 3643 3746">
     <span class='ocr_line' id='line_1_83' title="bbox 2048 3675 3643 3746; baseline -0.001 -15"><span class='ocrx_word' id='word_1_623' title='bbox 2048 3684 2105 3731; x_wconf 89' lang='lat' dir='ltr'><strong>et</strong></span> <span class='ocrx_word' id='word_1_624' title='bbox 2128 3691 2344 3746; x_wconf 89' lang='lat' dir='ltr'><strong>semper</strong></span> <span class='ocrx_word' id='word_1_625' title='bbox 2385 3685 2755 3740; x_wconf 89' lang='lat' dir='ltr'><strong>consecratur,</strong></span> <span class='ocrx_word' id='word_1_626' title='bbox 2790 3684 2845 3730; x_wconf 92' lang='lat' dir='ltr'><strong>et</strong></span> <span class='ocrx_word' id='word_1_627' title='bbox 2877 3675 3312 3731; x_wconf 82' lang='lat' dir='ltr'><strong>consecrabitur.</strong></span> <span class='ocrx_word' id='word_1_628' title='bbox 3350 3675 3469 3746; x_wconf 84' lang='lat' dir='ltr'><strong>Ipse</strong></span> <span class='ocrx_word' id='word_1_629' title='bbox 3494 3677 3643 3730; x_wconf 87' lang='lat' dir='ltr'><strong>enim</strong></span> 
     </span>
    </p>
   </div>
   <div class='ocr_carea' id='block_1_84' title="bbox 2048 3766 3643 3836">
    <p class='ocr_par' dir='ltr' id='par_1_84' title="bbox 2048 3766 3643 3836">
     <span class='ocr_line' id='line_1_84' title="bbox 2048 3766 3643 3836; baseline 0.001 -17"><span class='ocrx_word' id='word_1_630' title='bbox 2048 3766 2277 3836; x_wconf 87' lang='lat' dir='ltr'><strong>loquens</strong></span> <span class='ocrx_word' id='word_1_631' title='bbox 2302 3782 2400 3836; x_wconf 89' lang='lat' dir='ltr'><strong>per</strong></span> <span class='ocrx_word' id='word_1_632' title='bbox 2429 3766 2746 3822; x_wconf 69' lang='lat' dir='ltr'><strong>sacerdotes</strong></span> <span class='ocrx_word' id='word_1_633' title='bbox 2790 3782 2888 3822; x_wconf 90' lang='lat' dir='ltr'><strong>sua</strong></span> <span class='ocrx_word' id='word_1_634' title='bbox 2923 3766 3112 3833; x_wconf 86' lang='lat' dir='ltr'><strong>verba,</strong></span> <span class='ocrx_word' id='word_1_635' title='bbox 3159 3766 3373 3823; x_wconf 63' lang='lat' dir='ltr'><strong>caelesti</strong></span> <span class='ocrx_word' id='word_1_636' title='bbox 3420 3767 3643 3823; x_wconf 78' lang='lat' dir='ltr'><strong>benedi-</strong></span> 
     </span>
    </p>
   </div>
   <div class='ocr_carea' id='block_1_85' title="bbox 2046 3857 3636 3927">
    <p class='ocr_par' dir='ltr' id='par_1_85' title="bbox 2046 3857 3636 3927">
     <span class='ocr_line' id='line_1_85' title="bbox 2046 3857 3636 3927; baseline -0.003 -13"><span class='ocrx_word' id='word_1_637' title='bbox 2046 3858 2230 3914; x_wconf 89' lang='lat' dir='ltr'><strong>ctione</strong></span> <span class='ocrx_word' id='word_1_638' title='bbox 2254 3864 2503 3912; x_wconf 88' lang='lat' dir='ltr'><strong>sanctum</strong></span> <span class='ocrx_word' id='word_1_639' title='bbox 2533 3872 2732 3927; x_wconf 86' lang='lat' dir='ltr'><strong>corpus</strong></span> <span class='ocrx_word' id='word_1_640' title='bbox 2760 3865 2818 3913; x_wconf 89' lang='lat' dir='ltr'><strong>et</strong></span> <span class='ocrx_word' id='word_1_641' title='bbox 2845 3858 3167 3926; x_wconf 84' lang='lat' dir='ltr'><strong>sanguinem</strong></span> <span class='ocrx_word' id='word_1_642' title='bbox 3212 3873 3372 3912; x_wconf 88' lang='lat' dir='ltr'><strong>suum</strong></span> <span class='ocrx_word' id='word_1_643' title='bbox 3397 3857 3636 3927; x_wconf 75' lang='lat' dir='ltr'><strong>perﬁcit.</strong></span> 
     </span>
    </p>
   </div>
   <div class='ocr_carea' id='block_1_86' title="bbox 2049 3947 3640 4018">
    <p class='ocr_par' dir='ltr' id='par_1_86' title="bbox 2049 3947 3640 4018">
     <span class='ocr_line' id='line_1_86' title="bbox 2049 3947 3640 4018; baseline -0.001 -12"><span class='ocrx_word' id='word_1_644' title='bbox 2049 3949 2203 4018; x_wconf 86' lang='lat' dir='ltr'><strong>Quod</strong></span> <span class='ocrx_word' id='word_1_645' title='bbox 2222 3957 2403 4005; x_wconf 88' lang='lat' dir='ltr'><strong>autem</strong></span> <span class='ocrx_word' id='word_1_646' title='bbox 2428 3950 2543 4005; x_wconf 87' lang='lat' dir='ltr'><strong>ait:</strong></span> <span class='ocrx_word' id='word_1_647' title='bbox 2571 3947 2777 4005; x_wconf 79' lang='lat' dir='ltr'><strong>Sumite</strong></span> <span class='ocrx_word' id='word_1_648' title='bbox 2798 3965 2865 4003; x_wconf 78' lang='lat' dir='ltr'><strong>ex</strong></span> <span class='ocrx_word' id='word_1_649' title='bbox 2892 3948 2989 4003; x_wconf 80' lang='lat' dir='ltr'><strong>hoc</strong></span> <span class='ocrx_word' id='word_1_650' title='bbox 3015 3965 3213 4011; x_wconf 79' lang='lat' dir='ltr'><strong>omnes,</strong></span> <span class='ocrx_word' id='word_1_651' title='bbox 3242 3948 3640 4004; x_wconf 73' lang='lat' dir='ltr'><strong>commenthtio</strong></span> 
     </span>
    </p>
   </div>
   <div class='ocr_carea' id='block_1_87' title="bbox 2046 4038 3638 4111">
    <p class='ocr_par' dir='ltr' id='par_1_87' title="bbox 2046 4038 3638 4111">
     <span class='ocr_line' id='line_1_87' title="bbox 2046 4038 3638 4111; baseline -0.003 -14"><span class='ocrx_word' id='word_1_652' title='bbox 2046 4051 2130 4098; x_wconf 88' lang='lat' dir='ltr'><strong>est</strong></span> <span class='ocrx_word' id='word_1_653' title='bbox 2154 4041 2400 4108; x_wconf 83' lang='lat' dir='ltr'><strong>unitatis,</strong></span> <span class='ocrx_word' id='word_1_654' title='bbox 2426 4050 2490 4096; x_wconf 88' lang='lat' dir='ltr'><strong>ut</strong></span> <span class='ocrx_word' id='word_1_655' title='bbox 2530 4055 2633 4111; x_wconf 86' lang='lat' dir='ltr'><strong>per</strong></span> <span class='ocrx_word' id='word_1_656' title='bbox 2662 4041 2763 4096; x_wconf 88' lang='lat' dir='ltr'><strong>hoc</strong></span> <span class='ocrx_word' id='word_1_657' title='bbox 2804 4040 3127 4111; x_wconf 86' lang='lat' dir='ltr'><strong>mysterium</strong></span> <span class='ocrx_word' id='word_1_658' title='bbox 3155 4038 3380 4095; x_wconf 84' lang='lat' dir='ltr'><strong>Christo</strong></span> <span class='ocrx_word' id='word_1_659' title='bbox 3417 4038 3638 4109; x_wconf 81' lang='lat' dir='ltr'><strong>partici-</strong></span> 
     </span>
    </p>
   </div>
   <div class='ocr_carea' id='block_1_88' title="bbox 2047 4132 3639 4204">
    <p class='ocr_par' dir='ltr' id='par_1_88' title="bbox 2047 4132 3639 4204">
     <span class='ocr_line' id='line_1_88' title="bbox 2047 4132 3639 4204; baseline -0.001 -17"><span class='ocrx_word' id='word_1_660' title='bbox 2047 4141 2262 4204; x_wconf 82' lang='lat' dir='ltr'><strong>pantes,</strong></span> <span class='ocrx_word' id='word_1_661' title='bbox 2312 4149 2480 4188; x_wconf 89' lang='lat' dir='ltr'><strong>unum</strong></span> <span class='ocrx_word' id='word_1_662' title='bbox 2524 4133 2695 4188; x_wconf 84' lang='lat' dir='ltr'><strong>simus</strong></span> <span class='ocrx_word' id='word_1_663' title='bbox 2734 4148 2927 4188; x_wconf 88' lang='lat' dir='ltr'><strong>omnes</strong></span> <span class='ocrx_word' id='word_1_664' title='bbox 2966 4134 3022 4187; x_wconf 92' lang='lat' dir='ltr'><strong>in</strong></span> <span class='ocrx_word' id='word_1_665' title='bbox 3060 4132 3178 4195; x_wconf 93' lang='lat' dir='ltr'><strong>illo,</strong></span> <span class='ocrx_word' id='word_1_666' title='bbox 3224 4132 3371 4187; x_wconf 88' lang='lat' dir='ltr'><strong>sicut</strong></span> <span class='ocrx_word' id='word_1_667' title='bbox 3418 4132 3639 4202; x_wconf 73' lang='lat' dir='ltr'><strong>Aposto-</strong></span> 
     </span>
    </p>
   </div>
   <div class='ocr_carea' id='block_1_89' title="bbox 2049 4224 3635 4296">
    <p class='ocr_par' dir='ltr' id='par_1_89' title="bbox 2049 4224 3635 4296">
     <span class='ocr_line' id='line_1_89' title="bbox 2049 4224 3635 4296; baseline -0.001 -16"><span class='ocrx_word' id='word_1_668' title='bbox 2049 4224 2133 4280; x_wconf 91' lang='lat' dir='ltr'><strong>lus</strong></span> <span class='ocrx_word' id='word_1_669' title='bbox 2190 4225 2268 4280; x_wconf 82' lang='lat' dir='ltr'><strong>ait</strong></span> <span class='ocrx_word' id='word_1_670' title='bbox 2311 4243 2324 4279; x_wconf 90' lang='lat'><strong>:</strong></span> <span class='ocrx_word' id='word_1_671' title='bbox 2390 4224 2541 4280; x_wconf 83' lang='lat' dir='ltr'><strong>Unus</strong></span> <span class='ocrx_word' id='word_1_672' title='bbox 2596 4225 2769 4296; x_wconf 79' lang='lat' dir='ltr'><strong>panis,</strong></span> <span class='ocrx_word' id='word_1_673' title='bbox 2805 4242 2970 4279; x_wconf 82' lang='lat' dir='ltr'><strong>unum</strong></span> <span class='ocrx_word' id='word_1_674' title='bbox 3013 4241 3204 4295; x_wconf 79' lang='lat' dir='ltr'><strong>corpus</strong></span> <span class='ocrx_word' id='word_1_675' title='bbox 3251 4224 3408 4279; x_wconf 85' lang='lat' dir='ltr'><strong>multi</strong></span> <span class='ocrx_word' id='word_1_676' title='bbox 3456 4241 3635 4279; x_wconf 72' lang='lat' dir='ltr'><strong>sumus</strong></span> 
     </span>
    </p>
   </div>
   <div class='ocr_carea' id='block_1_90' title="bbox 2049 4319 3633 4395">
    <p class='ocr_par' dir='ltr' id='par_1_90' title="bbox 2049 4319 3633 4395">
     <span class='ocr_line' id='line_1_90' title="bbox 2049 4319 3633 4395; baseline -0.003 -18"><span class='ocrx_word' id='word_1_677' title='bbox 2049 4322 2104 4395; x_wconf 89' lang='grc' dir='ltr'><strong>(Ι</strong></span> <span class='ocrx_word' id='word_1_678' title='bbox 2135 4320 2261 4377; x_wconf 89' lang='lat' dir='ltr'><strong>Cor.</strong></span> <span class='ocrx_word' id='word_1_679' title='bbox 2294 4337 2350 4388; x_wconf 71' lang='grc' dir='ltr'><strong>ι,</strong></span> <span class='ocrx_word' id='word_1_680' title='bbox 2380 4321 2491 4393; x_wconf 76' lang='grc'><strong>17).</strong></span> <span class='ocrx_word' id='word_1_681' title='bbox 2534 4321 2709 4376; x_wconf 83' lang='lat' dir='ltr'><strong>Tanta</strong></span> <span class='ocrx_word' id='word_1_682' title='bbox 2744 4329 2828 4377; x_wconf 87' lang='lat' dir='ltr'><strong>est</strong></span> <span class='ocrx_word' id='word_1_683' title='bbox 2869 4330 3051 4376; x_wconf 89' lang='lat' dir='ltr'><strong>autem</strong></span> <span class='ocrx_word' id='word_1_684' title='bbox 3092 4319 3353 4376; x_wconf 78' lang='lat' dir='ltr'><strong>Ecclesia:</strong></span> <span class='ocrx_word' id='word_1_685' title='bbox 3374 4320 3555 4374; x_wconf 85' lang='lat' dir='ltr'><strong>unitas</strong></span> <span class='ocrx_word' id='word_1_686' title='bbox 3580 4320 3633 4373; x_wconf 81' lang='lat' dir='ltr'><strong>in</strong></span> 
     </span>
    </p>
   </div>
   <div class='ocr_carea' id='block_1_91' title="bbox 2046 4409 3631 4483">
    <p class='ocr_par' dir='ltr' id='par_1_91' title="bbox 2046 4409 3631 4483">
     <span class='ocr_line' id='line_1_91' title="bbox 2046 4409 3631 4483; baseline -0.003 -14"><span class='ocrx_word' id='word_1_687' title='bbox 2046 4412 2288 4479; x_wconf 86' lang='lat' dir='ltr'><strong>Christo,</strong></span> <span class='ocrx_word' id='word_1_688' title='bbox 2318 4422 2378 4467; x_wconf 83' lang='lat' dir='ltr'><strong>ut</strong></span> <span class='ocrx_word' id='word_1_689' title='bbox 2417 4426 2560 4467; x_wconf 91' lang='lat' dir='ltr'><strong>unus</strong></span> <span class='ocrx_word' id='word_1_690' title='bbox 2584 4412 2789 4482; x_wconf 83' lang='lat' dir='ltr'><strong>ubique</strong></span> <span class='ocrx_word' id='word_1_691' title='bbox 2829 4413 2902 4467; x_wconf 88' lang='lat' dir='ltr'><strong>sit</strong></span> <span class='ocrx_word' id='word_1_692' title='bbox 2928 4413 3085 4483; x_wconf 87' lang='lat' dir='ltr'><strong>panis</strong></span> <span class='ocrx_word' id='word_1_693' title='bbox 3127 4412 3377 4482; x_wconf 86' lang='lat' dir='ltr'><strong>corporis</strong></span> <span class='ocrx_word' id='word_1_694' title='bbox 3402 4409 3631 4473; x_wconf 83' lang='lat' dir='ltr'><strong>Clu-isti,</strong></span> 
     </span>
    </p>
   </div>
   <div class='ocr_carea' id='block_1_92' title="bbox 350 4494 3632 4578">
    <p class='ocr_par' dir='ltr' id='par_1_92' title="bbox 350 4494 3632 4578">
     <span class='ocr_line' id='line_1_92' title="bbox 350 4494 3632 4578; baseline -0.001 -20"><span class='ocrx_word' id='word_1_695' title='bbox 350 4517 514 4578; x_wconf 82' lang='lat' dir='ltr'><strong>gnum</strong></span> <span class='ocrx_word' id='word_1_696' title='bbox 541 4510 624 4557; x_wconf 88' lang='lat' dir='ltr'><strong>est</strong></span> <span class='ocrx_word' id='word_1_697' title='bbox 655 4508 713 4556; x_wconf 94' lang='lat' dir='ltr'><strong>ut</strong></span> <span class='ocrx_word' id='word_1_698' title='bbox 754 4514 945 4555; x_wconf 86' lang='lat' dir='ltr'><strong>servus</strong></span> <span class='ocrx_word' id='word_1_699' title='bbox 973 4512 1073 4554; x_wconf 90' lang='lat' dir='ltr'><strong>suo</strong></span> <span class='ocrx_word' id='word_1_700' title='bbox 1094 4494 1302 4553; x_wconf 88' lang='lat' dir='ltr'><strong>serviat</strong></span> <span class='ocrx_word' id='word_1_701' title='bbox 1324 4494 1589 4560; x_wconf 87' lang='lat' dir='ltr'><strong>Domino;</strong></span> <span class='ocrx_word' id='word_1_702' title='bbox 1620 4494 1713 4548; x_wconf 90' lang='lat' dir='ltr'><strong>sed</strong></span> <span class='ocrx_word' id='word_1_703' title='bbox 1739 4503 1791 4549; x_wconf 87' lang='lat' dir='ltr'><strong>et</strong></span> <span class='ocrx_word' id='word_1_704' title='bbox 1813 4510 1944 4549; x_wconf 77' lang='lat' dir='ltr'><strong>run—</strong></span> <span class='ocrx_word' id='word_1_705' title='bbox 1970 4495 2020 4556; x_wconf 79' lang='grc' dir='ltr'><strong>Ι)</strong></span> <span class='ocrx_word' id='word_1_706' title='bbox 2043 4511 2100 4557; x_wconf 75' lang='lat' dir='ltr'><strong>et</strong></span> <span class='ocrx_word' id='word_1_707' title='bbox 2119 4516 2261 4559; x_wconf 75' lang='lat' dir='ltr'><strong>unus</strong></span> <span class='ocrx_word' id='word_1_708' title='bbox 2285 4501 2426 4557; x_wconf 75' lang='lat' dir='ltr'><strong>calix</strong></span> <span class='ocrx_word' id='word_1_709' title='bbox 2457 4500 2738 4570; x_wconf 84' lang='lat' dir='ltr'><strong>sanguinis</strong></span> <span class='ocrx_word' id='word_1_710' title='bbox 2758 4501 2879 4572; x_wconf 85' lang='lat' dir='ltr'><strong>ejus</strong></span> <span class='ocrx_word' id='word_1_711' title='bbox 2906 4519 2920 4554; x_wconf 87' lang='lat'><strong>:</strong></span> <span class='ocrx_word' id='word_1_712' title='bbox 2950 4501 3246 4573; x_wconf 78' lang='lat' dir='ltr'><strong>Accipiens,</strong></span> <span class='ocrx_word' id='word_1_713' title='bbox 3270 4501 3470 4570; x_wconf 86' lang='lat' dir='ltr'><strong>inquit,</strong></span> <span class='ocrx_word' id='word_1_714' title='bbox 3497 4501 3632 4554; x_wconf 73' lang='lat' dir='ltr'><strong>lim</strong></span> 
     </span>
    </p>
   </div>
   <div class='ocr_carea' id='block_1_93' title="bbox 350 4585 1948 4668">
    <p class='ocr_par' dir='ltr' id='par_1_93' title="bbox 350 4585 1948 4668">
     <span class='ocr_line' id='line_1_93' title="bbox 350 4585 1948 4668; baseline -0.005 -17"><span class='ocrx_word' id='word_1_715' title='bbox 350 4609 449 4653; x_wconf 78' lang='lat' dir='ltr'><strong>ctu:</strong></span> <span class='ocrx_word' id='word_1_716' title='bbox 474 4593 694 4668; x_wconf 75' lang='lat' dir='ltr'><strong>familia:</strong></span> <span class='ocrx_word' id='word_1_717' title='bbox 721 4602 848 4659; x_wconf 67' lang='lat' dir='ltr'><strong>tua’,</strong></span> <span class='ocrx_word' id='word_1_718' title='bbox 876 4600 933 4648; x_wconf 90' lang='lat' dir='ltr'><strong>et</strong></span> <span class='ocrx_word' id='word_1_719' title='bbox 952 4590 1183 4662; x_wconf 87' lang='lat' dir='ltr'><strong>reliqua.</strong></span> <span class='ocrx_word' id='word_1_720' title='bbox 1215 4587 1283 4642; x_wconf 85' lang='lat' dir='ltr'><strong>Et</strong></span> <span class='ocrx_word' id='word_1_721' title='bbox 1306 4586 1362 4642; x_wconf 93' lang='lat' dir='ltr'><strong>in</strong></span> <span class='ocrx_word' id='word_1_722' title='bbox 1406 4585 1495 4641; x_wconf 90' lang='lat' dir='ltr'><strong>his</strong></span> <span class='ocrx_word' id='word_1_723' title='bbox 1540 4585 1723 4642; x_wconf 88' lang='lat' dir='ltr'><strong>verbis</strong></span> <span class='ocrx_word' id='word_1_724' title='bbox 1764 4587 1948 4643; x_wconf 88' lang='lat' dir='ltr'><strong>unitas</strong></span> 
     </span>
    </p>
   </div>
   <div class='ocr_carea' id='block_1_94' title="bbox 351 4677 1943 4754">
    <p class='ocr_par' dir='ltr' id='par_1_94' title="bbox 351 4677 1943 4754">
     <span class='ocr_line' id='line_1_94' title="bbox 351 4677 1943 4754; baseline -0.008 -6"><span class='ocrx_word' id='word_1_725' title='bbox 351 4687 609 4747; x_wconf 65' lang='lat' dir='ltr'><strong>Ecclesiae</strong></span> <span class='ocrx_word' id='word_1_726' title='bbox 644 4683 975 4751; x_wconf 88' lang='lat' dir='ltr'><strong>ostenditur,</strong></span> <span class='ocrx_word' id='word_1_727' title='bbox 1021 4681 1239 4754; x_wconf 89' lang='lat' dir='ltr'><strong>quando</strong></span> <span class='ocrx_word' id='word_1_728' title='bbox 1283 4680 1338 4736; x_wconf 91' lang='lat' dir='ltr'><strong>in</strong></span> <span class='ocrx_word' id='word_1_729' title='bbox 1368 4680 1460 4735; x_wconf 89' lang='lat' dir='ltr'><strong>illa</strong></span> <span class='ocrx_word' id='word_1_730' title='bbox 1487 4677 1762 4736; x_wconf 90' lang='lat' dir='ltr'><strong>oblatione</strong></span> <span class='ocrx_word' id='word_1_731' title='bbox 1790 4695 1943 4737; x_wconf 87' lang='lat' dir='ltr'><strong>com-</strong></span> 
     </span>
    </p>
   </div>
   <div class='ocr_carea' id='block_1_95' title="bbox 351 4771 1942 4837">
    <p class='ocr_par' dir='ltr' id='par_1_95' title="bbox 351 4771 1942 4837">
     <span class='ocr_line' id='line_1_95' title="bbox 351 4771 1942 4837; baseline -0.006 0"><span class='ocrx_word' id='word_1_732' title='bbox 351 4780 533 4837; x_wconf 89' lang='lat' dir='ltr'><strong>munis</strong></span> <span class='ocrx_word' id='word_1_733' title='bbox 577 4776 815 4835; x_wconf 85' lang='lat' dir='ltr'><strong>servitus</strong></span> <span class='ocrx_word' id='word_1_734' title='bbox 862 4774 1155 4831; x_wconf 80' lang='lat' dir='ltr'><strong>exhibetur</strong></span> <span class='ocrx_word' id='word_1_735' title='bbox 1199 4772 1313 4828; x_wconf 91' lang='lat' dir='ltr'><strong>Deo</strong></span> <span class='ocrx_word' id='word_1_736' title='bbox 1348 4780 1459 4827; x_wconf 89' lang='lat' dir='ltr'><strong>tam</strong></span> <span class='ocrx_word' id='word_1_737' title='bbox 1490 4786 1522 4827; x_wconf 90' lang='lat' dir='ltr'><strong>a</strong></span> <span class='ocrx_word' id='word_1_738' title='bbox 1552 4771 1942 4837; x_wconf 80' lang='lat' dir='ltr'><strong>sacerdotibus,</strong></span> 
     </span>
    </p>
   </div>
   <div class='ocr_carea' id='block_1_96' title="bbox 350 4862 1943 4944">
    <p class='ocr_par' dir='ltr' id='par_1_96' title="bbox 350 4862 1943 4944">
     <span class='ocr_line' id='line_1_96' title="bbox 350 4862 1943 4944; baseline -0.003 -20"><span class='ocrx_word' id='word_1_739' title='bbox 350 4886 514 4944; x_wconf 78' lang='lat' dir='ltr'><strong>quam</strong></span> <span class='ocrx_word' id='word_1_740' title='bbox 553 4885 584 4924; x_wconf 92' lang='lat' dir='ltr'><strong>a</strong></span> <span class='ocrx_word' id='word_1_741' title='bbox 630 4874 825 4924; x_wconf 88' lang='lat' dir='ltr'><strong>cuncta</strong></span> <span class='ocrx_word' id='word_1_742' title='bbox 878 4863 1082 4921; x_wconf 81' lang='lat' dir='ltr'><strong>familia</strong></span> <span class='ocrx_word' id='word_1_743' title='bbox 1129 4865 1324 4920; x_wconf 90' lang='lat' dir='ltr'><strong>domus</strong></span> <span class='ocrx_word' id='word_1_744' title='bbox 1371 4863 1489 4919; x_wconf 85' lang='lat' dir='ltr'><strong>Dei.</strong></span> <span class='ocrx_word' id='word_1_745' title='bbox 1528 4862 1731 4920; x_wconf 90' lang='lat' dir='ltr'><strong>Oratur</strong></span> <span class='ocrx_word' id='word_1_746' title='bbox 1761 4863 1943 4934; x_wconf 89' lang='lat' dir='ltr'><strong>itaque</strong></span> 
     </span>
    </p>
   </div>
   <div class='ocr_carea' id='block_1_97' title="bbox 350 4955 1937 5028">
    <p class='ocr_par' dir='ltr' id='par_1_97' title="bbox 350 4955 1937 5028">
     <span class='ocr_line' id='line_1_97' title="bbox 350 4955 1937 5028; baseline -0.005 -9"><span class='ocrx_word' id='word_1_747' title='bbox 350 4960 516 5028; x_wconf 79' lang='lat' dir='ltr'><strong>Deus,</strong></span> <span class='ocrx_word' id='word_1_748' title='bbox 543 4968 604 5015; x_wconf 89' lang='lat' dir='ltr'><strong>ut</strong></span> <span class='ocrx_word' id='word_1_749' title='bbox 629 4958 767 5014; x_wconf 88' lang='lat' dir='ltr'><strong>hanc</strong></span> <span class='ocrx_word' id='word_1_750' title='bbox 792 4956 1143 5024; x_wconf 86' lang='lat' dir='ltr'><strong>oblationem,</strong></span> <span class='ocrx_word' id='word_1_751' title='bbox 1178 4970 1343 5027; x_wconf 90' lang='lat' dir='ltr'><strong>quam</strong></span> <span class='ocrx_word' id='word_1_752' title='bbox 1369 4955 1448 5012; x_wconf 90' lang='lat' dir='ltr'><strong>illi</strong></span> <span class='ocrx_word' id='word_1_753' title='bbox 1478 4956 1578 5011; x_wconf 90' lang='lat' dir='ltr'><strong>soli</strong></span> <span class='ocrx_word' id='word_1_754' title='bbox 1616 4955 1797 5012; x_wconf 88' lang='lat' dir='ltr'><strong>debita</strong></span> <span class='ocrx_word' id='word_1_755' title='bbox 1824 4971 1937 5011; x_wconf 82' lang='lat' dir='ltr'><strong>ser-</strong></span> 
     </span>
    </p>
   </div>
   <div class='ocr_carea' id='block_1_98' title="bbox 350 5046 1940 5119">
    <p class='ocr_par' dir='ltr' id='par_1_98' title="bbox 350 5046 1940 5119">
     <span class='ocr_line' id='line_1_98' title="bbox 350 5046 1940 5119; baseline -0.003 -12"><span class='ocrx_word' id='word_1_756' title='bbox 350 5054 521 5109; x_wconf 87' lang='lat' dir='ltr'><strong>vitute</strong></span> <span class='ocrx_word' id='word_1_757' title='bbox 549 5051 724 5107; x_wconf 79' lang='lat' dir='ltr'><strong>defert</strong></span> <span class='ocrx_word' id='word_1_758' title='bbox 751 5048 1014 5114; x_wconf 87' lang='lat' dir='ltr'><strong>Ecclesia,</strong></span> <span class='ocrx_word' id='word_1_759' title='bbox 1055 5048 1295 5119; x_wconf 82' lang='lat' dir='ltr'><strong>placatus</strong></span> <span class='ocrx_word' id='word_1_760' title='bbox 1340 5046 1587 5119; x_wconf 80' lang='lat' dir='ltr'><strong>accipiat,</strong></span> <span class='ocrx_word' id='word_1_761' title='bbox 1624 5055 1672 5103; x_wconf 85' lang='lat' dir='ltr'><strong>et</strong></span> <span class='ocrx_word' id='word_1_762' title='bbox 1714 5049 1788 5103; x_wconf 84' lang='lat' dir='ltr'><strong>sic</strong></span> <span class='ocrx_word' id='word_1_763' title='bbox 1827 5048 1940 5103; x_wconf 81' lang='lat' dir='ltr'><strong>dies</strong></span> 
     </span>
    </p>
   </div>
   <div class='ocr_carea' id='block_1_99' title="bbox 351 5137 1938 5213">
    <p class='ocr_par' dir='ltr' id='par_1_99' title="bbox 351 5137 1938 5213">
     <span class='ocr_line' id='line_1_99' title="bbox 351 5137 1938 5213; baseline -0.004 -14"><span class='ocrx_word' id='word_1_764' title='bbox 351 5155 580 5209; x_wconf 84' lang='lat' dir='ltr'><strong>nostros,</strong></span> <span class='ocrx_word' id='word_1_765' title='bbox 611 5142 807 5213; x_wconf 87' lang='lat' dir='ltr'><strong>quibus</strong></span> <span class='ocrx_word' id='word_1_766' title='bbox 855 5142 999 5195; x_wconf 90' lang='lat' dir='ltr'><strong>inter</strong></span> <span class='ocrx_word' id='word_1_767' title='bbox 1051 5140 1264 5196; x_wconf 86' lang='lat' dir='ltr'><strong>diversa</strong></span> <span class='ocrx_word' id='word_1_768' title='bbox 1312 5137 1555 5209; x_wconf 89' lang='lat' dir='ltr'><strong>pericula</strong></span> <span class='ocrx_word' id='word_1_769' title='bbox 1603 5138 1853 5203; x_wconf 88' lang='lat' dir='ltr'><strong>vivimus,</strong></span> <span class='ocrx_word' id='word_1_770' title='bbox 1883 5139 1938 5193; x_wconf 87' lang='lat' dir='ltr'><strong>in</strong></span> 
     </span>
    </p>
   </div>
   <div class='ocr_carea' id='block_1_100' title="bbox 348 5229 1936 5307">
    <p class='ocr_par' dir='ltr' id='par_1_100' title="bbox 348 5229 1936 5307">
     <span class='ocr_line' id='line_1_100' title="bbox 348 5229 1936 5307; baseline -0.004 -15"><span class='ocrx_word' id='word_1_771' title='bbox 348 5253 448 5291; x_wconf 82' lang='lat' dir='ltr'><strong>sua</strong></span> <span class='ocrx_word' id='word_1_772' title='bbox 472 5251 601 5307; x_wconf 87' lang='lat' dir='ltr'><strong>pace</strong></span> <span class='ocrx_word' id='word_1_773' title='bbox 621 5234 888 5306; x_wconf 79' lang='lat' dir='ltr'><strong>disponat,</strong></span> <span class='ocrx_word' id='word_1_774' title='bbox 917 5230 1179 5301; x_wconf 89' lang='lat' dir='ltr'><strong>ﬁnitoque</strong></span> <span class='ocrx_word' id='word_1_775' title='bbox 1203 5230 1365 5301; x_wconf 85' lang='lat' dir='ltr'><strong>hujus</strong></span> <span class='ocrx_word' id='word_1_776' title='bbox 1381 5229 1727 5286; x_wconf 87' lang='lat' dir='ltr'><strong>mortalitatis</strong></span> <span class='ocrx_word' id='word_1_777' title='bbox 1748 5244 1936 5296; x_wconf 89' lang='lat' dir='ltr'><strong>cursu,</strong></span> 
     </span>
    </p>
   </div>
   <div class='ocr_carea' id='block_1_101' title="bbox 347 5322 1936 5397">
    <p class='ocr_par' dir='ltr' id='par_1_101' title="bbox 347 5322 1936 5397">
     <span class='ocr_line' id='line_1_101' title="bbox 347 5322 1936 5397; baseline -0.002 -14"><span class='ocrx_word' id='word_1_778' title='bbox 347 5328 416 5383; x_wconf 76' lang='lat' dir='ltr'><strong>ab</strong></span> <span class='ocrx_word' id='word_1_779' title='bbox 444 5337 642 5384; x_wconf 73' lang='lat' dir='ltr'><strong>(eterna</strong></span> <span class='ocrx_word' id='word_1_780' title='bbox 673 5327 1015 5381; x_wconf 78' lang='lat' dir='ltr'><strong>damnatione</strong></span> <span class='ocrx_word' id='word_1_781' title='bbox 1056 5324 1367 5397; x_wconf 79' lang='lat' dir='ltr'><strong>ereptos,‘in</strong></span> <span class='ocrx_word' id='word_1_782' title='bbox 1400 5322 1683 5379; x_wconf 81' lang='lat' dir='ltr'><strong>electorum</strong></span> <span class='ocrx_word' id='word_1_783' title='bbox 1717 5340 1936 5380; x_wconf 81' lang='lat' dir='ltr'><strong>suorum</strong></span> 
     </span>
    </p>
   </div>
   <div class='ocr_carea' id='block_1_102' title="bbox 347 5414 1938 5489">
    <p class='ocr_par' dir='ltr' id='par_1_102' title="bbox 347 5414 1938 5489">
     <span class='ocr_line' id='line_1_102' title="bbox 347 5414 1938 5489; baseline -0.001 -18"><span class='ocrx_word' id='word_1_784' title='bbox 347 5432 501 5489; x_wconf 76' lang='lat' dir='ltr'><strong>grege</strong></span> <span class='ocrx_word' id='word_1_785' title='bbox 521 5431 873 5472; x_wconf 78' lang='lat' dir='ltr'><strong>annumerare</strong></span> <span class='ocrx_word' id='word_1_786' title='bbox 895 5414 1155 5489; x_wconf 85' lang='lat' dir='ltr'><strong>dignetur.</strong></span> <span class='ocrx_word' id='word_1_787' title='bbox 1202 5414 1327 5470; x_wconf 81' lang='lat' dir='ltr'><strong>Haec</strong></span> <span class='ocrx_word' id='word_1_788' title='bbox 1346 5414 1585 5484; x_wconf 87' lang='lat' dir='ltr'><strong>quidem.</strong></span> <span class='ocrx_word' id='word_1_789' title='bbox 1624 5414 1678 5469; x_wconf 86' lang='lat' dir='ltr'><strong>id</strong></span> <span class='ocrx_word' id='word_1_790' title='bbox 1707 5422 1812 5479; x_wconf 88' lang='lat' dir='ltr'><strong>est,</strong></span> <span class='ocrx_word' id='word_1_791' title='bbox 1848 5431 1938 5471; x_wconf 76' lang='lat' dir='ltr'><strong>ex-</strong></span> 
     </span>
    </p>
   </div>
   <div class='ocr_carea' id='block_1_103' title="bbox 350 5507 1932 5577">
    <p class='ocr_par' dir='ltr' id='par_1_103' title="bbox 350 5507 1932 5577">
     <span class='ocr_line' id='line_1_103' title="bbox 350 5507 1932 5577; baseline 0.001 -14"><span class='ocrx_word' id='word_1_792' title='bbox 350 5509 739 5575; x_wconf 77' lang='lat' dir='ltr'><strong>hortationem,</strong></span> <span class='ocrx_word' id='word_1_793' title='bbox 796 5508 1234 5565; x_wconf 84' lang='lat' dir='ltr'><strong>obsecrationem</strong></span> <span class='ocrx_word' id='word_1_794' title='bbox 1326 5514 1384 5563; x_wconf 85' lang='lat' dir='ltr'><strong>et</strong></span> <span class='ocrx_word' id='word_1_795' title='bbox 1446 5507 1932 5577; x_wconf 83' lang='lat' dir='ltr'><strong>consecrationem,</strong></span> 
     </span>
    </p>
   </div>
   <div class='ocr_carea' id='block_1_104' title="bbox 344 5598 1935 5674">
    <p class='ocr_par' dir='ltr' id='par_1_104' title="bbox 344 5598 1935 5674">
     <span class='ocr_line' id='line_1_104' title="bbox 344 5598 1935 5674; baseline 0.003 -23"><span class='ocrx_word' id='word_1_796' title='bbox 344 5598 722 5669; x_wconf 84' lang='lat' dir='ltr'><strong>principaliter</strong></span> <span class='ocrx_word' id='word_1_797' title='bbox 745 5600 1341 5671; x_wconf 80' lang='lat' dir='ltr'><strong>Gelasiuscomposuit.</strong></span> <span class='ocrx_word' id='word_1_798' title='bbox 1375 5599 1483 5656; x_wconf 84' lang='lat' dir='ltr'><strong>Sed</strong></span> <span class='ocrx_word' id='word_1_799' title='bbox 1506 5601 1701 5656; x_wconf 85' lang='lat' dir='ltr'><strong>beatus</strong></span> <span class='ocrx_word' id='word_1_800' title='bbox 1729 5600 1935 5674; x_wconf 85' lang='lat' dir='ltr'><strong>Grego-</strong></span> 
     </span>
    </p>
   </div>
   <div class='ocr_carea' id='block_1_105' title="bbox 352 5687 1934 5763">
    <p class='ocr_par' dir='ltr' id='par_1_105' title="bbox 352 5687 1934 5763">
     <span class='ocr_line' id='line_1_105' title="bbox 352 5687 1934 5763; baseline 0.003 -20"><span class='ocrx_word' id='word_1_801' title='bbox 352 5703 465 5743; x_wconf 76' lang='lat' dir='ltr'><strong>rius</strong></span> <span class='ocrx_word' id='word_1_802' title='bbox 520 5687 725 5743; x_wconf 82' lang='lat' dir='ltr'><strong>addidit</strong></span> <span class='ocrx_word' id='word_1_803' title='bbox 774 5692 919 5747; x_wconf 83' lang='lat' dir='ltr'><strong>hunc</strong></span> <span class='ocrx_word' id='word_1_804' title='bbox 969 5690 1293 5747; x_wconf 76' lang='lat' dir='ltr'><strong>versiculum</strong></span> <span class='ocrx_word' id='word_1_805' title='bbox 1332 5706 1347 5745; x_wconf 89' lang='lat'><strong>:</strong></span> <span class='ocrx_word' id='word_1_806' title='bbox 1402 5688 1569 5763; x_wconf 76' lang='lat' dir='ltr'><strong>Atque</strong></span> <span class='ocrx_word' id='word_1_807' title='bbox 1619 5692 1684 5747; x_wconf 90' lang='lat' dir='ltr'><strong>ab</strong></span> <span class='ocrx_word' id='word_1_808' title='bbox 1737 5704 1934 5749; x_wconf 70' lang='lat' dir='ltr'><strong>retenta</strong></span> 
     </span>
    </p>
   </div>
   <div class='ocr_carea' id='block_1_106' title="bbox 2046 4591 3629 4665">
    <p class='ocr_par' dir='ltr' id='par_1_106' title="bbox 2046 4591 3629 4665">
     <span class='ocr_line' id='line_1_106' title="bbox 2046 4591 3629 4665; baseline -0.001 -18"><span class='ocrx_word' id='word_1_809' title='bbox 2046 4592 2363 4665; x_wconf 75' lang='lat' dir='ltr'><strong>prwclarum</strong></span> <span class='ocrx_word' id='word_1_810' title='bbox 2402 4591 2643 4647; x_wconf 76' lang='lat' dir='ltr'><strong>calicem.</strong></span> <span class='ocrx_word' id='word_1_811' title='bbox 2693 4592 2817 4647; x_wconf 85' lang='lat' dir='ltr'><strong>Ideo</strong></span> <span class='ocrx_word' id='word_1_812' title='bbox 2852 4592 3006 4658; x_wconf 88' lang='lat' dir='ltr'><strong>dicit,</strong></span> <span class='ocrx_word' id='word_1_813' title='bbox 3056 4592 3197 4647; x_wconf 67' lang='lat' dir='ltr'><strong>[tunc</strong></span> <span class='ocrx_word' id='word_1_814' title='bbox 3225 4594 3449 4658; x_wconf 81' lang='lat' dir='ltr'><strong>accepit,</strong></span> <span class='ocrx_word' id='word_1_815' title='bbox 3490 4591 3629 4662; x_wconf 87' lang='lat' dir='ltr'><strong>quod</strong></span> 
     </span>
    </p>
   </div>
   <div class='ocr_carea' id='block_1_107' title="bbox 2046 4682 3630 4754">
    <p class='ocr_par' dir='ltr' id='par_1_107' title="bbox 2046 4682 3630 4754">
     <span class='ocr_line' id='line_1_107' title="bbox 2046 4682 3630 4754; baseline 0 -14"><span class='ocrx_word' id='word_1_816' title='bbox 2046 4683 2209 4749; x_wconf 82' lang='lat' dir='ltr'><strong>calix,</strong></span> <span class='ocrx_word' id='word_1_817' title='bbox 2239 4699 2403 4754; x_wconf 90' lang='lat' dir='ltr'><strong>quem</strong></span> <span class='ocrx_word' id='word_1_818' title='bbox 2436 4684 2699 4739; x_wconf 85' lang='lat' dir='ltr'><strong>sacerdos</strong></span> <span class='ocrx_word' id='word_1_819' title='bbox 2721 4683 3024 4739; x_wconf 86' lang='lat' dir='ltr'><strong>catholicus</strong></span> <span class='ocrx_word' id='word_1_820' title='bbox 3066 4682 3363 4750; x_wconf 83' lang='lat' dir='ltr'><strong>sacriﬁcat,</strong></span> <span class='ocrx_word' id='word_1_821' title='bbox 3416 4700 3525 4740; x_wconf 85' lang='lat' dir='ltr'><strong>non</strong></span> <span class='ocrx_word' id='word_1_822' title='bbox 3550 4692 3630 4739; x_wconf 81' lang='lat' dir='ltr'><strong>est</strong></span> 
     </span>
    </p>
   </div>
   <div class='ocr_carea' id='block_1_108' title="bbox 2046 4774 3626 4845">
    <p class='ocr_par' dir='ltr' id='par_1_108' title="bbox 2046 4774 3626 4845">
     <span class='ocr_line' id='line_1_108' title="bbox 2046 4774 3626 4845; baseline 0.001 -17"><span class='ocrx_word' id='word_1_823' title='bbox 2046 4774 2186 4831; x_wconf 86' lang='lat' dir='ltr'><strong>alius</strong></span> <span class='ocrx_word' id='word_1_824' title='bbox 2206 4814 2221 4841; x_wconf 92' lang='lat'><strong>,</strong></span> <span class='ocrx_word' id='word_1_825' title='bbox 2265 4774 2375 4831; x_wconf 85' lang='lat' dir='ltr'><strong>nisi</strong></span> <span class='ocrx_word' id='word_1_826' title='bbox 2411 4775 2530 4845; x_wconf 89' lang='lat' dir='ltr'><strong>ipse</strong></span> <span class='ocrx_word' id='word_1_827' title='bbox 2578 4789 2739 4844; x_wconf 91' lang='lat' dir='ltr'><strong>quem</strong></span> <span class='ocrx_word' id='word_1_828' title='bbox 2786 4774 3047 4829; x_wconf 87' lang='lat' dir='ltr'><strong>Dominus</strong></span> <span class='ocrx_word' id='word_1_829' title='bbox 3081 4774 3344 4845; x_wconf 86' lang='lat' dir='ltr'><strong>apostolis</strong></span> <span class='ocrx_word' id='word_1_830' title='bbox 3390 4775 3626 4831; x_wconf 82' lang='lat' dir='ltr'><strong>tradidit.</strong></span> 
     </span>
    </p>
   </div>
   <div class='ocr_carea' id='block_1_109' title="bbox 2044 4865 3627 4937">
    <p class='ocr_par' dir='ltr' id='par_1_109' title="bbox 2044 4865 3627 4937">
     <span class='ocr_line' id='line_1_109' title="bbox 2044 4865 3627 4937; baseline 0.002 -16"><span class='ocrx_word' id='word_1_831' title='bbox 2044 4865 2180 4934; x_wconf 85' lang='lat' dir='ltr'><strong>Quia</strong></span> <span class='ocrx_word' id='word_1_832' title='bbox 2215 4866 2357 4923; x_wconf 87' lang='lat' dir='ltr'><strong>sicut</strong></span> <span class='ocrx_word' id='word_1_833' title='bbox 2381 4866 2637 4922; x_wconf 87' lang='lat' dir='ltr'><strong>divinitas</strong></span> <span class='ocrx_word' id='word_1_834' title='bbox 2662 4866 2828 4922; x_wconf 78' lang='lat' dir='ltr'><strong>Verbi</strong></span> <span class='ocrx_word' id='word_1_835' title='bbox 2878 4867 2973 4923; x_wconf 83' lang='lat' dir='ltr'><strong>Dei</strong></span> <span class='ocrx_word' id='word_1_836' title='bbox 3017 4882 3126 4921; x_wconf 88' lang='lat' dir='ltr'><strong>una</strong></span> <span class='ocrx_word' id='word_1_837' title='bbox 3156 4874 3262 4932; x_wconf 85' lang='lat' dir='ltr'><strong>est,</strong></span> <span class='ocrx_word' id='word_1_838' title='bbox 3295 4882 3421 4937; x_wconf 72' lang='lat' dir='ltr'><strong>qua:</strong></span> <span class='ocrx_word' id='word_1_839' title='bbox 3462 4875 3627 4924; x_wconf 76' lang='lat' dir='ltr'><strong>totum</strong></span> 
     </span>
    </p>
   </div>
   <div class='ocr_carea' id='block_1_110' title="bbox 2044 4957 3625 5028">
    <p class='ocr_par' dir='ltr' id='par_1_110' title="bbox 2044 4957 3625 5028">
     <span class='ocr_line' id='line_1_110' title="bbox 2044 4957 3625 5028; baseline -0.001 -14"><span class='ocrx_word' id='word_1_840' title='bbox 2044 4957 2233 5028; x_wconf 70' lang='lat' dir='ltr'><strong>implet</strong></span> <span class='ocrx_word' id='word_1_841' title='bbox 2256 4958 2540 5023; x_wconf 89' lang='lat' dir='ltr'><strong>mundum,</strong></span> <span class='ocrx_word' id='word_1_842' title='bbox 2572 4958 2648 5013; x_wconf 87' lang='lat' dir='ltr'><strong>ita</strong></span> <span class='ocrx_word' id='word_1_843' title='bbox 2689 4957 2819 5013; x_wconf 89' lang='lat' dir='ltr'><strong>licet</strong></span> <span class='ocrx_word' id='word_1_844' title='bbox 2845 4957 3030 5014; x_wconf 84' lang='lat' dir='ltr'><strong>multis</strong></span> <span class='ocrx_word' id='word_1_845' title='bbox 3058 4957 3191 5015; x_wconf 87' lang='lat' dir='ltr'><strong>locis</strong></span> <span class='ocrx_word' id='word_1_846' title='bbox 3215 4965 3272 5013; x_wconf 88' lang='lat' dir='ltr'><strong>et</strong></span> <span class='ocrx_word' id='word_1_847' title='bbox 3313 4960 3625 5017; x_wconf 59' lang='lat' dir='ltr'><strong>innumera.</strong></span> 
     </span>
    </p>
   </div>
   <div class='ocr_carea' id='block_1_111' title="bbox 2042 5049 3629 5119">
    <p class='ocr_par' dir='ltr' id='par_1_111' title="bbox 2042 5049 3629 5119">
     <span class='ocr_line' id='line_1_111' title="bbox 2042 5049 3629 5119; baseline -0.001 -14"><span class='ocrx_word' id='word_1_848' title='bbox 2042 5049 2241 5106; x_wconf 83' lang='lat' dir='ltr'><strong>bilibus</strong></span> <span class='ocrx_word' id='word_1_849' title='bbox 2268 5051 2458 5106; x_wconf 77' lang='lat' dir='ltr'><strong>diebus</strong></span> <span class='ocrx_word' id='word_1_850' title='bbox 2497 5049 2630 5105; x_wconf 85' lang='lat' dir='ltr'><strong>illud</strong></span> <span class='ocrx_word' id='word_1_851' title='bbox 2681 5063 2882 5119; x_wconf 86' lang='lat' dir='ltr'><strong>corpus</strong></span> <span class='ocrx_word' id='word_1_852' title='bbox 2930 5055 3304 5114; x_wconf 81' lang='lat' dir='ltr'><strong>consecretur,</strong></span> <span class='ocrx_word' id='word_1_853' title='bbox 3352 5065 3465 5106; x_wconf 88' lang='lat' dir='ltr'><strong>non</strong></span> <span class='ocrx_word' id='word_1_854' title='bbox 3509 5061 3629 5106; x_wconf 84' lang='lat' dir='ltr'><strong>sunt</strong></span> 
     </span>
    </p>
   </div>
   <div class='ocr_carea' id='block_1_112' title="bbox 2043 5141 3627 5212">
    <p class='ocr_par' dir='ltr' id='par_1_112' title="bbox 2043 5141 3627 5212">
     <span class='ocr_line' id='line_1_112' title="bbox 2043 5141 3627 5212; baseline 0.001 -15"><span class='ocrx_word' id='word_1_855' title='bbox 2043 5150 2226 5197; x_wconf 85' lang='lat' dir='ltr'><strong>tamen</strong></span> <span class='ocrx_word' id='word_1_856' title='bbox 2267 5142 2437 5197; x_wconf 86' lang='lat' dir='ltr'><strong>multa</strong></span> <span class='ocrx_word' id='word_1_857' title='bbox 2465 5156 2696 5212; x_wconf 82' lang='lat' dir='ltr'><strong>corpora</strong></span> <span class='ocrx_word' id='word_1_858' title='bbox 2727 5141 2952 5207; x_wconf 88' lang='lat' dir='ltr'><strong>Christi,</strong></span> <span class='ocrx_word' id='word_1_859' title='bbox 3001 5156 3178 5211; x_wconf 89' lang='lat' dir='ltr'><strong>neque</strong></span> <span class='ocrx_word' id='word_1_860' title='bbox 3224 5142 3383 5197; x_wconf 82' lang='lat' dir='ltr'><strong>multi</strong></span> <span class='ocrx_word' id='word_1_861' title='bbox 3412 5144 3627 5208; x_wconf 77' lang='lat' dir='ltr'><strong>calices,</strong></span> 
     </span>
    </p>
   </div>
   <div class='ocr_carea' id='block_1_113' title="bbox 2039 5231 3628 5304">
    <p class='ocr_par' dir='ltr' id='par_1_113' title="bbox 2039 5231 3628 5304">
     <span class='ocr_line' id='line_1_113' title="bbox 2039 5231 3628 5304; baseline 0.001 -17"><span class='ocrx_word' id='word_1_862' title='bbox 2039 5233 2137 5287; x_wconf 81' lang='lat' dir='ltr'><strong>sed</strong></span> <span class='ocrx_word' id='word_1_863' title='bbox 2170 5248 2340 5287; x_wconf 86' lang='lat' dir='ltr'><strong>unum</strong></span> <span class='ocrx_word' id='word_1_864' title='bbox 2364 5248 2564 5303; x_wconf 89' lang='lat' dir='ltr'><strong>corpus</strong></span> <span class='ocrx_word' id='word_1_865' title='bbox 2603 5231 2827 5297; x_wconf 87' lang='lat' dir='ltr'><strong>Christi,</strong></span> <span class='ocrx_word' id='word_1_866' title='bbox 2869 5239 2927 5287; x_wconf 89' lang='lat' dir='ltr'><strong>et</strong></span> <span class='ocrx_word' id='word_1_867' title='bbox 2974 5247 3118 5287; x_wconf 85' lang='lat' dir='ltr'><strong>unus</strong></span> <span class='ocrx_word' id='word_1_868' title='bbox 3141 5233 3366 5304; x_wconf 83' lang='lat' dir='ltr'><strong>sanguis</strong></span> <span class='ocrx_word' id='word_1_869' title='bbox 3392 5249 3520 5289; x_wconf 86' lang='lat' dir='ltr'><strong>cum</strong></span> <span class='ocrx_word' id='word_1_870' title='bbox 3544 5249 3628 5297; x_wconf 83' lang='lat' dir='ltr'><strong>eo,</strong></span> 
     </span>
    </p>
   </div>
   <div class='ocr_carea' id='block_1_114' title="bbox 2038 5323 3631 5396">
    <p class='ocr_par' dir='ltr' id='par_1_114' title="bbox 2038 5323 3631 5396">
     <span class='ocr_line' id='line_1_114' title="bbox 2038 5323 3631 5396; baseline 0.001 -17"><span class='ocrx_word' id='word_1_871' title='bbox 2038 5324 2185 5393; x_wconf 86' lang='lat' dir='ltr'><strong>quod</strong></span> <span class='ocrx_word' id='word_1_872' title='bbox 2212 5324 2443 5396; x_wconf 82' lang='lat' dir='ltr'><strong>sumpsit</strong></span> <span class='ocrx_word' id='word_1_873' title='bbox 2471 5324 2529 5379; x_wconf 91' lang='lat' dir='ltr'><strong>in</strong></span> <span class='ocrx_word' id='word_1_874' title='bbox 2556 5332 2713 5379; x_wconf 85' lang='lat' dir='ltr'><strong>utero</strong></span> <span class='ocrx_word' id='word_1_875' title='bbox 2748 5323 3010 5395; x_wconf 78' lang='lat' dir='ltr'><strong>Virginis,</strong></span> <span class='ocrx_word' id='word_1_876' title='bbox 3037 5333 3095 5379; x_wconf 87' lang='lat' dir='ltr'><strong>et</strong></span> <span class='ocrx_word' id='word_1_877' title='bbox 3134 5327 3279 5395; x_wconf 81' lang='lat' dir='ltr'><strong>quod</strong></span> <span class='ocrx_word' id='word_1_878' title='bbox 3321 5326 3472 5381; x_wconf 83' lang='lat' dir='ltr'><strong>dedit</strong></span> <span class='ocrx_word' id='word_1_879' title='bbox 3503 5342 3631 5396; x_wconf 86' lang='lat' dir='ltr'><strong>apo-</strong></span> 
     </span>
    </p>
   </div>
   <div class='ocr_carea' id='block_1_115' title="bbox 2037 5415 3632 5489">
    <p class='ocr_par' dir='ltr' id='par_1_115' title="bbox 2037 5415 3632 5489">
     <span class='ocr_line' id='line_1_115' title="bbox 2037 5415 3632 5489; baseline -0.001 -16"><span class='ocrx_word' id='word_1_880' title='bbox 2037 5415 2212 5473; x_wconf 87' lang='lat' dir='ltr'><strong>stolis.</strong></span> <span class='ocrx_word' id='word_1_881' title='bbox 2244 5417 2508 5472; x_wconf 89' lang='lat' dir='ltr'><strong>Divinitas</strong></span> <span class='ocrx_word' id='word_1_882' title='bbox 2546 5417 2695 5472; x_wconf 85' lang='lat' dir='ltr'><strong>enim</strong></span> <span class='ocrx_word' id='word_1_883' title='bbox 2740 5416 2903 5473; x_wconf 81' lang='lat' dir='ltr'><strong>Verbi</strong></span> <span class='ocrx_word' id='word_1_884' title='bbox 2933 5418 3105 5489; x_wconf 89' lang='lat' dir='ltr'><strong>replet</strong></span> <span class='ocrx_word' id='word_1_885' title='bbox 3142 5418 3273 5473; x_wconf 90' lang='lat' dir='ltr'><strong>illud</strong></span> <span class='ocrx_word' id='word_1_886' title='bbox 3328 5420 3475 5488; x_wconf 83' lang='lat' dir='ltr'><strong>quod</strong></span> <span class='ocrx_word' id='word_1_887' title='bbox 3513 5419 3632 5473; x_wconf 87' lang='lat' dir='ltr'><strong>ubi-</strong></span> 
     </span>
    </p>
   </div>
   <div class='ocr_carea' id='block_1_116' title="bbox 2036 5508 3630 5583">
    <p class='ocr_par' dir='ltr' id='par_1_116' title="bbox 2036 5508 3630 5583">
     <span class='ocr_line' id='line_1_116' title="bbox 2036 5508 3630 5583; baseline 0.001 -19"><span class='ocrx_word' id='word_1_888' title='bbox 2036 5524 2144 5580; x_wconf 89' lang='lat' dir='ltr'><strong>que</strong></span> <span class='ocrx_word' id='word_1_889' title='bbox 2195 5519 2300 5578; x_wconf 85' lang='lat' dir='ltr'><strong>est,</strong></span> <span class='ocrx_word' id='word_1_890' title='bbox 2330 5522 2386 5567; x_wconf 91' lang='lat' dir='ltr'><strong>et</strong></span> <span class='ocrx_word' id='word_1_891' title='bbox 2413 5508 2717 5582; x_wconf 78' lang='lat' dir='ltr'><strong>coniungit,</strong></span> <span class='ocrx_word' id='word_1_892' title='bbox 2761 5525 2827 5566; x_wconf 87' lang='lat' dir='ltr'><strong>ac</strong></span> <span class='ocrx_word' id='word_1_893' title='bbox 2871 5510 3023 5576; x_wconf 88' lang='lat' dir='ltr'><strong>facit,</strong></span> <span class='ocrx_word' id='word_1_894' title='bbox 3075 5519 3135 5566; x_wconf 91' lang='lat' dir='ltr'><strong>ut</strong></span> <span class='ocrx_word' id='word_1_895' title='bbox 3184 5512 3331 5568; x_wconf 80' lang='lat' dir='ltr'><strong>sicut</strong></span> <span class='ocrx_word' id='word_1_896' title='bbox 3373 5513 3490 5583; x_wconf 87' lang='lat' dir='ltr'><strong>ipsa</strong></span> <span class='ocrx_word' id='word_1_897' title='bbox 3524 5526 3630 5565; x_wconf 86' lang='lat' dir='ltr'><strong>una</strong></span> 
     </span>
    </p>
   </div>
   <div class='ocr_carea' id='block_1_117' title="bbox 2034 5600 3633 5672">
    <p class='ocr_par' dir='ltr' id='par_1_117' title="bbox 2034 5600 3633 5672">
     <span class='ocr_line' id='line_1_117' title="bbox 2034 5600 3633 5672; baseline 0.003 -17"><span class='ocrx_word' id='word_1_898' title='bbox 2034 5609 2138 5667; x_wconf 89' lang='lat' dir='ltr'><strong>est,</strong></span> <span class='ocrx_word' id='word_1_899' title='bbox 2181 5602 2256 5656; x_wconf 88' lang='lat' dir='ltr'><strong>ita</strong></span> <span class='ocrx_word' id='word_1_900' title='bbox 2292 5602 2651 5671; x_wconf 86' lang='lat' dir='ltr'><strong>conjungatur</strong></span> <span class='ocrx_word' id='word_1_901' title='bbox 2687 5603 2906 5672; x_wconf 86' lang='lat' dir='ltr'><strong>corpori</strong></span> <span class='ocrx_word' id='word_1_902' title='bbox 2938 5602 3162 5666; x_wconf 86' lang='lat' dir='ltr'><strong>Christi,</strong></span> <span class='ocrx_word' id='word_1_903' title='bbox 3207 5614 3265 5657; x_wconf 83' lang='lat' dir='ltr'><strong>et</strong></span> <span class='ocrx_word' id='word_1_904' title='bbox 3298 5600 3477 5659; x_wconf 80' lang='lat' dir='ltr'><strong>&#39;unum</strong></span> <span class='ocrx_word' id='word_1_905' title='bbox 3508 5617 3633 5660; x_wconf 83' lang='lat' dir='ltr'><strong>cor-</strong></span> 
     </span>
    </p>
   </div>
   <div class='ocr_carea' id='block_1_118' title="bbox 2035 5691 2769 5783">
    <p class='ocr_par' dir='ltr' id='par_1_118' title="bbox 2035 5691 2769 5783">
     <span class='ocr_line' id='line_1_118' title="bbox 2035 5691 2769 5783; baseline 0.005 -38"><span class='ocrx_word' id='word_1_906' title='bbox 2035 5708 2136 5765; x_wconf 86' lang='lat' dir='ltr'><strong>pus</strong></span> <span class='ocrx_word' id='word_1_907' title='bbox 2174 5691 2291 5783; x_wconf 71' lang='lat' dir='ltr'><strong>ejus</strong></span> <span class='ocrx_word' id='word_1_908' title='bbox 2321 5695 2391 5750; x_wconf 91' lang='lat' dir='ltr'><strong>sit</strong></span> <span class='ocrx_word' id='word_1_909' title='bbox 2428 5695 2479 5750; x_wconf 91' lang='lat' dir='ltr'><strong>in</strong></span> <span class='ocrx_word' id='word_1_910' title='bbox 2522 5695 2769 5751; x_wconf 83' lang='lat' dir='ltr'><strong>veritate.</strong></span> 
     </span>
    </p>
   </div>
  </div>
