3914 6178
240 285 360 341 ιξθι

1052 268 1200 326 OPP.
1243 260 1647 322 SUPPOSITA.
1688 290 1756 300 --
1792 253 1924 312 LIB.
1969 255 2057 311 DE
2098 249 2348 310 DlVlNlS
2384 249 2692 308 OFFlCllS.

3368 249 3390 303 1
3403 247 3506 302 :26'2

306 397 458 457 Unde
491 388 1024 450 animadvertendum
1055 391 1157 448 cst,
1199 381 1327 452 quia
1357 379 1470 434 sive
1513 373 1654 446 plus,
1699 373 1813 427 sive
1845 377 1888 433 Α
1919 367 2079 425 clarae
2103 375 2158 422 et
2183 365 2530 438 prmcellenti,
2575 371 2630 419 et
2668 363 2915 435 gloriose
2955 362 3217 432 majestati
3248 364 3362 432 Dei,
3398 381 3511 421 non

238 491 432 555 minus,
469 487 590 558 quis
627 483 753 540 inde
779 479 1060 552 percipiat,
1104 485 1293 530 omnes
1317 466 1596 539 aequaliter
1625 477 1823 534 corpus
1923 462 1989 518 de
2017 477 2137 525 suo,
2168 459 2264 514 sed
2293 459 2358 514 de
2381 457 2498 526 ejus
2525 456 2699 521 donis,
2731 473 2794 510 ac
2822 456 2961 510 datis
2999 473 3128 513 vere
3166 458 3390 514 hostiam
3415 476 3516 532 pu-

245 580 439 640 3hristi
461 577 808 648 integerrime
835 577 1075 633 sumunt,
1099 571 1154 621 et
1177 561 1507 636 generaliter
1531 572 1742 621 omnes,
1771 561 1828 609 et
1926 567 2062 617 ram,
2092 552 2318 606 hostiam
2356 556 2614 612 sanctam,
2645 544 2872 602 hostiam
2911 547 3306 603 immaculatum
3326 562 3347 602 :
3394 563 3519 622 qua:

240 671 545 744 specialiter
571 637 962 736 unusquisque.
990 659 1116 714 Ideo
1140 664 1321 711 autem
1369 647 1590 721 sanguis
1622 645 1828 703 Christi
1930 645 2071 700 trina
2137 642 2384 713 repetitio
2439 637 2576 696 tanti
2630 637 2873 712 mystcrii
2922 649 3008 696 est
3050 641 3308 698 laudatio.
3343 643 3518 712 Quam

243 733 438 817 novum
466 733 852 813 tesmmentum
897 757 1013 813 est,
1068 745 1196 817 quia
1243 757 1384 798 nova
1432 739 1671 803 dilectio,
1725 750 1833 806 qua
1931 750 2061 792 vero
2098 737 2332 792 hostiam
2376 735 2538 791 oll'ert
2581 733 2860 790 Ecclesia?
2908 733 3098 792 Nonne
3145 753 3363 808 quama
3410 740 3523 794 Deo

245 861 415 921 usque
451 849 518 902 ad
544 853 772 901 mortem
803 842 858 896 in
907 837 1219 895 novissimis
1268 830 1594 888 saeculorum
1626 836 1834 896 tempo-
1935 829 2166 900 accepit,
2198 830 2253 885 id
2277 835 2382 895 est,
2425 846 2611 899 panem
2640 838 2878 882 sanctum
2909 829 3029 883 vita:
3067 839 3302 886 mter-nm.
3326 841 3374 885 et
3402 831 3530 886 cati-

245 914 393 996 ribus
419 952 518 994 nos
545 934 751 992 dilexit.
781 933 850 986 Et
895 929 1016 984 ideo
1045 926 1268 996 sanguis
1293 921 1384 976 ille
1413 917 1532 974 novi
1572 927 1621 971 et
1653 914 1835 970 aeterni
1937 939 2045 977 cem
2076 921 2263 976 salutis
2301 931 2564 993 perpetua:
2589 919 2613 974 ?
2639 921 2697 974 ln
2727 920 2833 976 hoc
2865 935 3004 992 pane
3039 921 3148 977 vita
3173 931 3377 978 aeterna
3421 933 3527 988 est,

247 1029 540 1086 testamenti
574 1033 677 1090 est,
707 1025 834 1094 quia
877 1036 1015 1092 quos
1067 1035 1097 1073 a
1145 1021 1420 1072 vetustate
1478 1011 1722 1073 innovat,
1771 1004 1840 1060 ad
1939 1015 2079 1070 sicut
2111 1016 2227 1085 ipse
2253 1014 2409 1084 panis
2444 1009 2599 1068 vivus
2626 1015 2690 1069 de
2717 1015 2898 1085 seipso
2924 1014 3040 1069 ait:
3084 1014 3198 1087 Ego
3225 1033 3346 1072 sum
3373 1017 3539 1088 panis.

251 1123 622 1180 luereditatem
650 1126 908 1174 aeternam
934 1108 1202 1184 perducit.
1234 1104 1548 1176 Mysterium
1573 1097 1698 1168 ﬁdei
1735 1103 1839 1162 est,

1942 1106 2115 1159 vivus:
2162 1105 2252 1178 qui
2296 1103 2579 1159 manducat
2607 1105 2745 1158 hunc
2773 1122 2982 1176 panem,
3026 1108 3155 1162 vivet
3197 1108 3252 1162 in
3281 1117 3536 1166 cetenwm

252 1213 375 1283 quia
396 1211 620 1268 credere
644 1208 924 1269 debemus,
954 1199 1096 1270 quod
1123 1198 1199 1252 ibi
1245 1194 1394 1252 salus
1432 1196 1622 1245 nostra
1667 1184 1847 1240 consi-
1947 1198 2130 1266 (ιοαη,
2164 1213 2240 1262 γι,
2265 1195 2355 1262 51,
2386 1195 2508 1269 52);
2539 1205 2594 1252 et
2619 1199 2762 1267 quod
2812 1197 2917 1253 iste
2963 1200 3120 1269 panis
3164 1199 3236 1255 sit
3287 1199 3536 1272 corporis

254 1309 381 1357 stat.
412 1300 709 1355 Providens
742 1295 888 1350 enim
915 1291 1068 1346 nobis
1109 1287 1258 1342 dedit
1295 1285 1399 1338 hoc
1444 1285 1848 1336 sacramentum
1947 1291 2054 1355 sui,
2090 1290 2311 1360 exponit
2341 1308 2355 1344 ;
2381 1287 2448 1344 Et
2479 1291 2632 1361 panis
2661 1308 2813 1362 quem
2839 1308 2932 1364 ego
2961 1292 3118 1359 dabo,
3147 1309 3273 1348 caro
3299 1310 3416 1349 mea
3438 1304 3534 1354 est.
3614 1313 3621 1318 ·

256 1393 471 1456 salutis,
494 1400 556 1445 ut
577 1389 706 1460 quia
751 1403 850 1442 nos
881 1384 1122 1456 quotidie
1152 1389 1461 1452 peccamus,
1504 1379 1561 1429 et
1605 1369 1695 1426 ille
1734 1369 1849 1440 jam
1948 1398 2042 1452 ρνο
2067 1381 2250 1435 mundi
2296 1383 2403 1435 vim
2430 1397 2448 1436 ε
2474 1392 2522 1436 ετ
2549 1381 2690 1437 calix
2720 1381 2909 1438 salutis
2938 1394 3223 1455 perpauca,
3253 1385 3380 1454 quia
3413 1399 3542 1440 8³η-

256 1486 393 1540 mori
437 1498 545 1539 non
586 1489 782 1553 potest,
825 1494 922 1549 per
970 1473 1114 1532 istud
1159 1475 1558 1528 sacramentum
1605 1461 1852 1534 corporis

2011 1475 2072 1529 llS
2112 1473 2202 1530 ille
2241 1473 2445 1531 effusus
2467 1484 2551 1531 est
2574 1491 2674 1546 pro
2712 1477 2898 1533 multis
2924 1477 2979 1532 in
3010 1477 3387 1534 remissionem
3413 1492 3544 1552 pec-

259 1579 341 1634 sui
373 1576 750 1632 remissionem
790 1581 1208 1638 consequamur.
1248 1561 1502 1630 Quotidie
1543 1557 1686 1614 enim
1737 1554 1853 1625 ipse
1955 1577 2218 1624 calorum.
2251 1566 2427 1640 supra
2464 1585 2581 1639 qua,
2607 1570 2833 1641 propitio
2879 1587 2942 1624 ac
2981 1586 3183 1634 “rem,
3214 1570 3270 1626 id
3291 1578 3397 1638 est,
3430 1569 3548 1641 pla‘

259 1668 565 1724 comeditur
593 1673 650 1719 et
677 1661 880 1717 bibitur
903 1659 958 1713 in
989 1656 1237 1718 veritate,
1267 1662 1324 1707 et
1352 1652 1564 1721 integer
1590 1647 1854 1713 vivusque

2011 1659 2116 1714 [bili
2168 1659 2314 1714 vultu
2344 1661 2596 1731 respicere
2634 1660 2889 1732 digneris,
2917 1669 2974 1717 et
2998 1660 3227 1732 reliqua.
3259 1660 3377 1718 Non
3405 1666 3548 1734 quod

262 1773 317 1818 et
346 1756 724 1815 immaculatus
760 1757 960 1807 manet.
997 1745 1319 1818 Mysterium
1359 1749 1468 1805 est,
1513 1737 1659 1808 quad
1704 1733 1852 1789 aliud
1887 1729 1909 1791 Ι

2011 1743 2136 1805 illus
2165 1751 2261 1806 Dei
2317 1729 2605 1822 aliquando
2642 1729 2915 1820 mutetur;
2952 1755 3046 1810 sed
3078 1729 3210 1810 tunc
3249 1729 3552 1825 super-nos

266 1853 497 1916 videtur,
524 1856 579 1903 et
611 1846 755 1901 aliud
781 1841 1116 1912 intelligitur.
1143 1835 1300 1906 Quod
1329 1835 1567 1897 videtur,
1616 1827 1858 1900 speciem

2011 1850 2178 1897 :renat
2204 1850 2258 1897 et
2284 1819 2555 1898 illuminat
2590 1843 2800 1898 vultum
2845 1819 3024 1911 suum,
3064 1845 3282 1915 quando
3309 1819 3554 1902 declarat

267 1945 430 2002 habet
466 1937 800 2010 corporalem
827 1953 840 1987 :
873 1932 1020 2004 quod
1064 1927 1404 1998 intelligitur,
1433 1922 1670 1978 fructum
1695 1919 1862 1975 habet

2011 1952 2122 2008 iper
2153 1952 2251 1990 nos
2275 1936 2707 1992 misericordiam
2741 1951 2916 1992 suam.
2946 1935 3150 1993 Oratur
3174 1937 3358 2007 itaque
3381 1937 3552 2002 Deus,

269 2032 626 2108 spiritualem.
660 2027 767 2083 Sed
795 2041 920 2082 cum
948 2022 1270 2095 mysterium
1290 2018 1386 2083 sit,
1412 2015 1558 2071 unde
1579 2025 1780 2082 corpus
1807 2016 1864 2064 et

2011 2037 2024 2082 t
2051 2025 2333 2098 placabilis
2363 2042 2555 2083 sereno
2583 2027 2758 2093 vultu,
2795 2027 2849 2084 id
2878 2036 2982 2092 est,
3027 2028 3306 2084 declarata
3335 2028 3559 2098 pietatis

271 2102 496 2198 sanguis
518 2121 721 2179 Christi
757 2116 992 2173 dicitur?
1029 2111 1330 2169 Consulens
1351 2107 1695 2176 omnipotens
1719 2102 1865 2198 Deus
1965 2138 2078 2177 sua,
2120 2122 2428 2191 pmsemia’
2481 2122 2736 2190 respiciat
2775 2121 3035 2176 Ecclesia,
3059 2136 3172 2176 sum
3209 2133 3478 2177 munera:
3509 2129 3562 2176 α

274 2215 579 2274 inﬁrmitati
610 2221 830 2276 nostra}.
857 2207 951 2279 (Illi
975 2203 1371 2297 ηοηβτιδθιιξιξὲ
1391 2196 1869 2297 υειιωξιξφείξαξθ
1967 2223 2199 2284 accepta,
2231 2212 2284 2266 id
2309 2219 2412 2276 est,
2450 2211 2786 2282 beneplacita
2809 2211 3026 2277 habeat,
3055 2213 3196 2267 sicut
3219 2228 3438 2266 munera
3457 2211 3562 2283 ju-

275 2322 500 2364 carnem
545 2303 791 2366 crudam.
825 2308 880 2356 et
912 2295 1232 2367 sanguinem
1269 2292 1503 2354 bibere,
1549 2286 1682 2342 facit
1724 2293 1786 2340 ιη
1815 2286 1870 2340 ίιι
1968 2307 2035 2361 sti
2060 2305 2208 2376 pueri
2235 2304 2319 2358 sui
2355 2303 2503 2366 Abel,
2532 2304 2688 2374 cujus
2731 2301 2867 2358 ﬁdes
2897 2311 2954 2357 et
2979 2302 3194 2373 justitia
3224 2310 3281 2358 et
3326 2300 3565 2358 oblatio-

278 2398 509 2472 pristina
546 2400 866 2450 remaneant
912 2389 1086 2444 forma
1121 2385 1215 2442 illa
1254 2383 1362 2439 duo
1402 2395 1651 2444 munera,
1685 2386 1743 2432 et
1786 2383 1875 2434 est

283 2469 338 2544 in
364 2489 590 2543 veritate
616 2499 816 2555 corpus
840 2479 1042 2537 Christi
1067 2486 1123 2534 et
1162 2474 1406 2544 sanguis,
1452 2473 1595 2529 sicut
1628 2471 1745 2540 ipse
1793 2469 1876 2524 di-

286 2584 381 2640 cit.

359 2672 651 2729 Sciendum
684 2685 814 2726 vero
849 2667 992 2739 quod
1037 2664 1290 2720 eumdem
1341 2660 1570 2718 calicem
1610 2655 1877 2714 Dominici

289 2763 592 2835 sanguinis,
621 2760 725 2817 nisi
755 2760 976 2814 mistum
1005 2771 1159 2825 aqua
1183 2752 1382 2809 oll‘crre
1432 2766 1542 2806 non
1578 2749 1725 2812 licet,
1751 2745 1880 2818 quia

292 2859 478 2913 \inum
509 2855 610 2910 fuit
649 2854 704 2908 in
752 2847 1144 2920 redemptionis
1182 2851 1385 2901 nostrze
1429 2828 1713 2913 mysterio,
1755 2850 1882 2894 cum

293 2953 372 3007 ait
399 2969 412 3004 :
448 2946 574 3003 Non
598 2945 772 3002 bibam
799 2940 989 2997 amodo
1033 2937 1098 2992 de
1125 2938 1223 2991 hoc
1257 2935 1517 3006 genimine
1546 2930 1689 2996 vitis,
1718 2935 1774 2982 et
1801 2941 1887 2982 re-

296 3045 443 3115 liqua
490 3039 706 3112 (Matth.
740 3052 890 3100 XXVI,
912 3031 1005 3106 ‘29)
1025 3048 1040 3097 ;
1062 3039 1118 3085 et
1143 3030 1212 3086 de
1241 3029 1412 3083 latere
1439 3023 1559 3094 ejus
1593 3037 1734 3092 aqua
1760 3035 1888 3076 cum

298 3135 584 3205 sanguine,
612 3130 798 3186 vinum
833 3127 902 3182 de
930 3139 1060 3178 vera
1096 3119 1279 3177 carnis
1309 3116 1426 3186 ejus
1457 3117 1566 3170 vite
1595 3129 1721 3169 cum
1749 3125 1888 3181 aqua

298 3240 621 3298 expressum
671 3220 929 3282 ostendit.
997 3215 1122 3270 Haec
1173 3212 1320 3268 enim
1370 3216 1498 3264 sunt
1546 3211 1890 3262 sacramenta

301 3293 579 3382 Ecclesiae,
607 3314 726 3370 sine
745 3312 944 3383 quibus
979 3308 1049 3363 ad
1093 3305 1258 3360 vitam
1287 3314 1396 3356 non
1420 3300 1692 3380 intratur.
1745 3293 1893 3350 [llius

303 3427 433 3482 ergo
459 3408 614 3480 panis
646 3414 702 3461 et
729 3403 917 3460 calicis
943 3399 1168 3462 oblatio,
1193 3393 1384 3450 mortis
1405 3388 1613 3447 Christi
1640 3394 1727 3442 est
1747 3399 1896 3440 com-

271 3535 278 3552 «
307 3481 650 3564 memoratio,
673 3512 794 3568 quae.
819 3502 1061 3552 nontam
1083 3489 1266 3546 verbis
1290 3503 1457 3558 quam
1478 3481 1755 3556 mysteriis
1775 3492 1898 3550 per-

307 3595 510 3667 agitur,
535 3605 633 3661 per
657 3603 777 3657 qua:
807 3585 1009 3641 nostris
1046 3580 1318 3637 mentibus
1356 3593 1504 3633 mors
1536 3575 1626 3630 illa
1654 3573 1897 3644 pretiosa

308 3663 516 3742 arctius
560 3677 993 3736 commendatur.
1036 3673 1332 3740 Propterea
1379 3677 1559 3722 autem
1604 3667 1782 3719 iturus
1832 3663 1902 3716 ad

311 3775 646 3850 passionem,
681 3779 740 3825 et
776 3783 874 3838 per
909 3761 1524 3826 resurrectionis-atque
1567 3754 1903 3809 ascensionis

313 3841 542 3943 gloriam
566 3866 906 3922 discessurus
932 3875 965 3914 e
988 3855 1212 3920 mundo,
1236 3854 1343 3908 hoc
1383 3854 1786 3906 sacramentum
1820 3841 1906 3898 ul-

318 3935 510 4016 timum
545 3953 824 4023 discipulis
859 3947 1100 4013 tradidit,
1139 3954 1202 3999 ut
1227 3940 1549 4000 memoriam
1591 3945 1754 3991 tanta:
1779 3935 1912 3989 cha-

320 4051 504 4108 ritatis
535 4046 739 4104 arctius
761 4057 949 4100 eorum
980 4038 1256 4096 mentibus
1283 4033 1550 4106 inﬁgeret.

329 4197 332 4200 .
399 4141 549 4196 Unde
568 4149 615 4194 et
641 4152 894 4195 memores
922 4149 1126 4198 sumtu,
1155 4138 1260 4188 etc.
1288 4146 1304 4196 ;
1342 4126 1484 4184 idem
1509 4132 1616 4190 est,
1651 4121 1797 4194 quod
1825 4119 1910 4175 di-

323 4238 439 4293 cit:
469 4231 585 4287 Hoc
637 4230 800 4309 facite
835 4224 896 4282 in
939 4240 1110 4280 meam
1160 4217 1728 4278 commemorationem.
1773 4209 1916 4280 Quid

326 4325 539 4398 dignius
571 4330 629 4378 et
663 4306 935 4377 salubrius
976 4314 1093 4372 ﬁeri
1131 4319 1336 4385 potest,
1363 4322 1524 4381 quam
1565 4314 1627 4360 ut
1652 4306 1768 4360 haec
1802 4316 1920 4372 my-

328 4397 492 4474 steria
520 4409 932 4482 trequentando,
981 4419 1194 4464 memor
1219 4403 1294 4458 sit
1328 4398 1572 4457 Ecclesia
1599 4397 1771 4451 beatae
1793 4403 1918 4464 pas-

329 4509 524 4572 sionis,
549 4518 670 4575 qua:
714 4502 880 4558 totius
923 4497 1110 4555 mundi
1156 4502 1378 4566 peccata
1423 4489 1661 4548 delevit:
1707 4493 1765 4541 et
1793 4483 1920 4553 quia

331 4615 441 4656 non
478 4596 652 4652 solum
706 4599 954 4649 mortuus
982 4595 1070 4646 est
1110 4603 1219 4660 pro-
1262 4585 1419 4640 nobis
1462 4588 1688 4654 propter
1725 4576 1921 4631 delicta

331 4699 540 4754 nostra,
577 4686 676 4744 sed
693 4683 860 4739 etiam
899 4678 1200 4736 resurrexit
1226 4683 1448 4748 propter
1476 4667 1923 4743 iustiﬁcationem

335 4790 602 4843 nostram,
650 4790 717 4834 ac
777 4774 860 4830 sic
907 4779 1140 4828 mortem
1193 4775 1434 4824 nostram
1496 4760 1784 4820 moriendo
1829 4759 1928 4815 de-

335 4871 555 4936 struxit,
603 4877 658 4926 et
710 4868 882 4924 vitam
935 4862 1272 4934 resurgendo
1315 4854 1622 4930 reparavit?
1663 4852 1931 4907 Memor-es

337 4977 528 5020 sumus
557 4955 972 5016 resurrectionis
994 4965 1212 5025 quoque
1237 4950 1373 5020 eius,
1406 4961 1504 5018 per
1539 4959 1702 5015 quam
1733 4941 1932 5014 spolia-

339 5053 424 5110 vit
446 5049 756 5115 infernum;
783 5055 842 5104 et
877 5044 1095 5118 quando
1135 5047 1450 5110 assumptus
1493 5043 1578 5091 est
1623 5035 1680 5089 in
1708 5031 1930 5095 coelum,

342 5157 401 5204 et
426 5147 570 5202 viam
596 5144 756 5201 nobis
787 5138 1112 5198 ascendendi
1145 5132 1424 5208 patefecit,
1451 5130 1622 5186 simus
1663 5135 1936 5185 clamores

344 5240 512 5296 etiam
543 5237 792 5309 gloriosae
835 5230 1190 5291 ascensionis.
1232 5227 1358 5282 ideo
1396 5225 1542 5280 enim
1583 5220 1823 5294 pretium
1851 5229 1937 5273 re-

347 5329 676 5401 demptionis
711 5333 912 5383 nostra:
951 5322 1037 5379 vel
1072 5324 1413 5379 sacramento
1444 5311 1709 5369 Dominici
1746 5322 1938 5381 corpo-

352 5423 430 5478 ris
471 5429 525 5476 et
557 5419 835 5491 sanguinis
867 5415 1228 5477 celebramus,
1271 5416 1332 5464 ut
1365 5422 1583 5478 semper
1617 5405 1746 5460 illud
1771 5403 1944 5472 felici;

352 5523 438 5570 ter
483 5513 827 5578 meditemur,
874 5509 1019 5579 quod
1067 5506 1145 5559 ait
1193 5499 1528 5574 Apostolus:
1580 5497 1758 5568 Empti
1805 5495 1943 5550 enim

355 5605 480 5660 estis
507 5603 673 5674 pretio
715 5616 905 5673 magno
949 5597 1000 5672 (I
1032 5592 1279 5658 Cor.‘v1,
1309 5589 1424 5661 20).
1477 5585 1742 5644 Memorcs
1781 5585 1946 5656 igitur

358 5695 553 5752 horum
579 5703 688 5750 tam
731 5690 1006 5757 sacerdos,
1034 5701 1196 5758 quam
1241 5683 1394 5757 plebs
1423 5679 1594 5736 ﬁdelis
1623 5675 1782 5736 offert
1810 5691 1947 5747 prte-

1973 2398 2058 2452 nis
2079 2396 2346 2468 acceptio,
2373 2404 2429 2451 et
2469 2396 2526 2450 in
2573 2395 2694 2466 lege
2733 2395 3174 2461 commendatur,
3201 2403 3260 2450 et
3297 2395 3354 2450 in
3387 2394 3569 2450 Evan-

1973 2487 2133 2561 gelio,
2169 2496 2224 2544 et
2265 2489 2322 2543 in
2349 2487 2610 2558 Epistolis
2648 2486 3032 2558 Apostolorum
3061 2503 3077 2540 :
3114 2486 3208 2557 qui
3240 2501 3348 2542 non
3382 2493 3568 2550 aetate.

1977 2580 2072 2637 sed
2095 2580 2329 2652 puritate
2349 2589 2405 2635 et
2433 2579 2780 2652 simplicitate
2814 2595 2952 2651 puer
2976 2578 3196 2636 dicitur.
3229 2578 3298 2634 Et
3319 2580 3458 2635 sicut
3481 2595 3572 2634 sa-

1978 2675 2262 2746 criﬁcium,
2309 2674 2505 2745 inquit,
2549 2673 2869 2746 patriarcha:
2921 2673 3104 2729 nostri
3128 2670 3378 2738 Abrohw,
3430 2673 3573 2744 quod

1983 2767 2310 2824 sacriﬁcavit
2344 2768 2401 2822 in
2448 2766 2722 2822 oblatione
2769 2765 3035 2836 uuigeniti
3084 2763 3170 2820 sui
3222 2763 3390 2828 Isaac,
3423 2761 3577 2818 olfe-

1987 2874 2114 2917 rens
2146 2875 2273 2915 eum
2317 2860 2372 2914 in
2424 2857 2840 2925 holocaustum;
2873 2856 2967 2927 qui
3009 2863 3096 2912 est
3131 2855 3443 2927 patriarcha
3469 2865 3578 2908 non

1990 2961 2202 3008 tantum
2249 2951 2563 3008 lsraelitica:
2615 2949 2790 3021 plebis
2843 2948 3140 3005 secundum
3188 2959 3430 3010 carnem,
3485 2943 3582 2999 sed

1991 3046 2156 3100 etiam
2181 3051 2369 3099 noster
2397 3043 2694 3099 secundum
2739 3041 2924 3097 ﬁdem.
2978 3038 3304 3110 Adjungitur
3355 3035 3532 3090 adhuc
3565 3051 3580 3088 :

1915 3087 1964 3153 Ο
1995 3131 2064 3189 Et
2089 3134 2228 3208 quod
2254 3135 2346 3191 tibi
2375 3133 2560 3189 obtulit
2587 3087 2826 3190 summus
2851 3087 3588 3188 -;.a'ce-t:d;;H-elcit—ise-

1992 3228 2148 3293 dech,
2180 3227 2274 3297 qui
2305 3227 2697 3296 interpretatur
2726 3240 2824 3280 rex
2857 3223 3105 3295 iustitiae,
3135 3221 3294 3292 cujus
3333 3217 3590 3276 sacerdm

1997 3328 2132 3383 tium
2170 3333 2228 3382 et
2273 3325 2603 3382 sacriﬁcium
2630 3331 2844 3402 tantum
2885 3320 3286 3393 magniﬁcatur,
3311 3327 3371 3374 ut
3412 3318 3480 3374 de
3521 3332 3590 3373 eo

1996 3421 2143 3476 dicat
2179 3419 2473 3490 Apostolus
2505 3438 2518 3473 :
2565 3416 2906 3472 Assimilatus
2933 3430 3028 3484 per
3069 3413 3248 3470 omnia
3279 3411 3386 3490 (Dei
3426 3408 3591 3474 Filio.

1997 3489 2506 3577 manensisacerdos
2551 3520 2609 3574 in
2661 3527 2920 3574 internum
2963 3513 3122 3586 (Πρὸ.
3150 3489 3393 3584 νιι,’5).-
3436 3509 3592 3578 Quod

1999 3630 2132 3670 vero
2179 3613 2568 3685 subiungitur:
2611 3609 2869 3666 Sanctum
2894 3607 3243 3676 sacriﬁcium,
3280 3602 3596 3658 immacula-

2004 3726 2112 3770 tam
2138 3716 2382 3778 hostiam,
2410 3713 2479 3766 ad
2496 3709 2870 3778 complendam
2896 3706 3214 3775 petitionem
3242 3700 3592 3769 subiunctum

2004 3813 2108 3860 est.
2149 3804 2264 3858 Hoc
2294 3809 2477 3856 autem
2504 3806 2678 3852 totum
2706 3804 2897 3851 oratur
2918 3795 3080 3859 Deus,
3111 3793 3236 3862 quia
3276 3791 3333 3844 in
3361 3789 3602 3859 antiquis

2009 3895 2277 3952 sacriﬁcio
2301 3891 2456 3956 Abel,
2486 3888 2632 3960 quod
2669 3888 2735 3942 de
2775 3884 3151 3957 primogenitis
3176 3882 3383 3944 ovium,
3422 3887 3479 3934 et
3515 3892 3604 3934 sa-

2010 3984 2218 4041 criﬁcio
2244 3982 2418 4046 Caini,
2471 3980 2613 4051 quod
2653 3985 2773 4032 erat
2801 3991 2868 4030 ex
2892 3983 3053 4030 terra:
3089 3971 3378 4037 fructibus,
3405 3968 3604 4040 praela-

2016 4089 2129 4134 tum
2161 4083 2266 4142 est,
2297 4074 2424 4129 novi
2453 4068 2764 4127 testamenti
2789 4065 2948 4139 505
2975 4065 3111 4122 ﬁdes
3130 4061 3605 4136 praetigurabatur,

2015 4185 2137 4240 qum
2164 4180 2233 4224 es
2274 4163 2596 4221 innocentiae
2647 4160 2825 4233 gratia
2858 4159 3146 4215 Dominum
3179 4154 3429 4220 laudans,
3458 4161 3610 4209 vete-

2019 4276 2096 4328 ris
2115 4266 2445 4326 Testamenti
2481 4263 2714 4322 terrenis
2735 4257 2991 4332 cperibus
3020 4257 3385 4329 anteponitur,
3417 4262 3471 4311 et
3509 4257 3610 4310 im-

2021 4364 2317 4420 molatione
2356 4359 2505 4415 unici
2547 4364 2605 4413 et
2642 4354 2826 4410 dilecti
2870 4352 2964 4408 ﬁlii
3012 4352 3270 4417 Abrahae,
3314 4348 3612 4404 immolatiu

1950 4449 1998 4510 D
2023 4457 2142 4528 cjus
2178 4453 2652 4528 przeﬁgurabatur,
2683 4447 2750 4503 de
2797 4459 2906 4516 quo
2950 4443 3082 4499 dicit
3120 4442 3284 4498 Pater
3317 4459 3331 4496 :
3383 4438 3488 4494 Hic
3537 4451 3612 4495 est

2028 4551 2200 4606 Filius
2223 4562 2375 4604 meus
2413 4544 2658 4607 dilectus,
2691 4541 2748 4594 in
2771 4550 2874 4611 quo
2904 4537 3034 4591 mihi
3073 4532 3365 4606 complacui
3391 4528 3610 4603 (Matth.

2027 4661 2126 4710 Ill,
2150 4641 2259 4713 l7).
2305 4638 2372 4694 Et
2399 4633 2728 4706 Apostolus:
2779 4629 2886 4696 Qui
2911 4628 3066 4682 unico
3093 4625 3236 4680 Filio
3270 4633 3366 4680 suo
3406 4637 3510 4677 non
3534 4635 3618 4690 pe-

2027 4737 2210 4809 percit,
2237 4741 2294 4790 et
2345 4737 2541 4786 caetera
2584 4724 2764 4795 (Rom.
2810 4731 2940 4786 Vm,
2976 4719 3091 4791 52).
3119 4717 3456 4775 Sacriﬁcium
3485 4727 3620 4809 quo-

2031 4799 2136 4902 que
2169 4820 2556 4883 Helehisedeeh
2585 4827 2696 4874 tam
2716 4829 2841 4871 vera
2869 4819 2992 4870 erat
3018 4810 3344 4884 signiﬁcatio
3363 4799 3622 4862 sacriﬁcii

2033 4893 2259 4984 Christi,
2289 4925 2350 4973 ut
2375 4915 2503 4972 inde
2541 4911 2859 4984 praedictum
2889 4907 2999 4962 sit:
3049 4904 3127 4958 Tu
3176 4919 3231 4958 es
3273 4893 3520 4984 sacerdos
3564 4897 3622 4951 in

2035 4979 2289 5070 internum
2346 4979 2632 5063 secundum
2701 5001 2938 5055 ordinem
3009 4990 3386 5053 Melchisedech
3443 4979 3626 5061 (Prol.

2035 5121 2125 5163 Cl!
2143 5145 2158 5170 ,
2190 5101 2269 5176 4).

2111 5211 2403 5290 ευρρνὶειε,
2427 5223 2476 5268 te
2497 5221 2766 5284 rogamus,
2793 5207 3116 5280 omnipotens
3139 5203 3300 5267 Deus,
3343 5201 3474 5273 jube
3513 5199 3626 5255 Iuro

2044 5288 2284 5382 perferri,
2342 5312 2398 5360 et
2423 5302 2653 5373 reliqua.
2708 5297 2836 5354 Rrec
2862 5295 3028 5352 verba
3075 5304 3184 5348 tam
3210 5288 3474 5363 profunda
3505 5288 3628 5361 quis

2045 5396 2505 5471 comprehendere
2541 5391 2816 5451 sufﬁciat?
2883 5389 3019 5458 Quis
3066 5387 3192 5444 inde
3239 5385 3403 5457 digne
3447 5383 3629 5453 aliqua

2046 5488 2333 5562 loquatur?
2365 5485 2536 5552 Magis
2563 5481 2871 5540 veneranda
2908 5487 3055 5546 sunt,
3076 5489 3240 5550 quem
3265 5475 3625 5533 discutienda.

2047 5583 2245 5639 Beatus
2265 5585 2444 5635 tamen
2467 5573 2765 5648 Gregorius
2792 5571 3020 5628 ideneus
3035 5569 3170 5626 tanti
3198 5565 3522 5625 sacramenti
3553 5564 3635 5619 in-

2049 5683 2277 5748 terpres,
2317 5669 2550 5742 quodam
2579 5665 2698 5723 loco
2728 5661 2794 5720 de
2814 5663 2894 5720 eis
2923 5670 3179 5734 tanquam
3209 5660 3273 5717 de
3295 5649 3632 5744 reincfl’abili
