3914 6178
337 272 479 327 1265

1160 263 1222 318 Β.
1267 264 1327 319 F.
1371 263 1597 318 ALBlNl
1639 263 1769 318 εει]
1812 260 2092 318 ALCUlNl
2129 261 2415 320 OPERUM
2455 258 2635 315 PARS
2674 257 2768 312 IX.

3479 253 3500 308 ί
3510 252 3628 309 265

339 405 478 463 pene
507 383 850 442 inellabiliter
874 382 1106 453 loquens
1138 395 1162 422 ιι
1192 401 1204 435 :
1239 401 1256 432 ι
1295 380 1450 449 Quis,
1479 379 1671 450 inquit,
1699 375 1935 432 ﬁdelium
1966 384 2013 441 Α
2040 378 2413 436 defunctorum
2453 383 2776 447 separantur
2814 375 2882 428 ab
2905 373 3177 429 Ecclesia:
3227 372 3467 444 alioquin
3513 389 3631 428 non

341 481 543 539 habere
570 475 794 533 dubium
812 475 1008 546 possit,
1038 473 1094 529 in
1131 473 1249 544 ipsa
1277 470 1666 528 immolationis
1698 470 1829 523 hora
1861 468 1931 523 ad
2033 471 2101 528 ad
2125 473 2296 529 altare
2327 473 2480 528 ﬁeret
2505 485 2693 525 eorum
2720 468 2978 523 memoria
3007 467 3060 522 in
3073 464 3484 523 consecratione
3512 481 3640 522 cor-

341 572 644 630 saeerdotis
675 583 862 625 vocem
893 568 1064 624 cmlos
1091 566 1310 638 aperiri,
1366 567 1422 620 in
1451 563 1542 621 illo
1569 561 1697 619 Jesu
1729 561 1932 617 Christi
2033 563 2181 635 poris
2205 561 2427 622 Christi.
2483 559 2614 614 Post
2645 557 2735 612 illa
2765 571 2892 627 ergo
2921 557 3108 622 verba,
3160 557 3361 628 quibus
3404 556 3636 618 dicitur,

343 666 603 739 mysterio
623 662 938 734 angelorum
965 660 1161 717 choros
1184 660 1394 724 adesse,
1428 657 1657 713 summis
1698 657 1806 712 ima
1847 670 1934 710 so-

2033 657 2087 709 in
2109 671 2290 709 somno
2311 653 2480 725 pacis,
2503 667 2637 707 usus
2652 649 2754 705 fuit
2776 649 3152 719 antiquorum,
3176 649 3317 705 sicut
3339 648 3510 704 etiam
3539 661 3640 702 ns-

341 738 500 820 ciari,
551 763 768 810 terrena
798 752 1108 808 caelestibus
1140 750 1316 822 jungi,
1371 764 1540 804 unum
1570 747 1828 819 quiddam
1865 761 1932 800 ex
2034 759 2140 816 que
2156 744 2320 798 hodie
2350 741 2592 796 Romana
2618 741 2730 812 agit
2756 740 3018 805 Ecclesia,
3043 748 3104 795 ut
3124 740 3307 795 statim
3333 738 3642 795 recitaren—

342 846 644 903 visibilibus
667 853 830 915 atque
861 842 1215 898 invisibilihus
1240 839 1356 895 lieri
1383 840 1407 894 ?
1439 859 1456 892 ι
1525 838 1668 894 idem
1719 851 1934 908 quoque

343 936 502 992 alibi:
560 955 578 988 ι
613 935 755 1000 Uno,
797 934 990 1004 inquit,
1024 931 1211 986 eodem
1244 938 1488 1000 tempore
1522 944 1587 984 ac
1635 937 1932 993 momento,

343 1038 400 1086 et
423 1031 477 1085 in
502 1027 733 1084 excelsis
760 1026 968 1094 rapitur
994 1023 1356 1078 ministerium
1388 1021 1702 1092 angelorum
1747 1035 1938 1076 conso-

343 1123 599 1178 ciandum
638 1117 852 1188 corpori
873 1114 1096 1178 Christi,
1131 1124 1187 1170 et
1238 1121 1362 1169 ante
1398 1113 1583 1170 oculos
1637 1111 1937 1169 sacerdotis

346 1215 402 1267 in
435 1212 593 1267 altari
644 1210 874 1264 videtur.
931 1227 948 1260 ι
1010 1205 1211 1262 Beatus
1253 1221 1468 1276 quoque
1496 1204 1832 1277 Augustinus
1871 1203 1938 1258 de

345 1306 534 1360 eodem
556 1300 768 1357 sublimi
795 1297 957 1353 altari
993 1297 1049 1352 in
1079 1307 1359 1367 conspectu
1403 1295 1596 1350 divime
1644 1293 1940 1365 majestatis

345 1397 427 1450 sic
464 1393 642 1463 aitP:
691 1409 710 1441 ι
743 1389 839 1444 Est
862 1389 1133 1459 quoddam
1163 1387 1335 1442 altare
1386 1386 1478 1440 Dei
1529 1385 1823 1450 invisibile,
1874 1383 1943 1439 ad

347 1487 489 1556 quod
517 1500 623 1540 non
659 1481 892 1546 accedit,
916 1480 1007 1552 qui
1037 1479 1104 1534 ad
1127 1479 1271 1533 istud
1304 1493 1531 1532 securus
1555 1477 1787 1532 accedit.
1827 1475 1943 1530 illic

348 1577 557 1634 invenit
581 1576 748 1630 vitam
771 1588 946 1639 suam,
969 1572 1061 1642 qui
1078 1570 1184 1626 isto
1209 1569 1453 1625 decernit
1479 1583 1696 1624 causam
1719 1584 1892 1624 suam.
1917 1586 1936 1620 ι

349 1669 475 1725 lltec
501 1683 568 1723 ex
592 1667 824 1720 ‘Patrum
851 1663 1035 1718 verbis
1062 1661 1239 1732 posita
1275 1667 1420 1727 sunt,
1458 1675 1526 1715 ne
1556 1659 1680 1730 quis
1711 1658 1941 1715 carnali-

2038 847 2127 891 tur
2138 849 2201 889 ex
2225 833 2513 906 diptychis,
2531 833 2584 888 id
2606 841 2710 897 est,
2734 831 2952 898 tabulis,
2973 831 3194 886 nomina
3210 829 3597 887 defunctorum
3619 847 3634 882 :

2037 936 2200 998 atque
2235 927 2308 980 ita
2341 933 2463 996 post
2513 923 2804 980 lectionem
2848 923 3146 988 nominum,
3177 921 3640 995 subjungerentur

2038 1017 2203 1072 verba
2227 1015 2537 1086 sequentia:
2565 1012 2727 1085 Ipsis,
2755 1012 3007 1068 videlicet
3020 1027 3252 1082 quorum
3274 1012 3502 1068 nomina
3525 1025 3641 1065 me-

2039 1115 2342 1172 morantur,
2372 1115 2421 1160 et
2453 1105 2655 1160 ceteris
2679 1103 2987 1158 omnibusin
3020 1100 3230 1157 Christo
3253 1101 3639 1174 quiescentibus

2039 1196 2314 1270 indulgeas
2361 1196 2534 1250 locum
2567 1194 2874 1266 refrigerii,
2922 1193 3012 1248 ubi
3043 1208 3152 1249 non
3192 1193 3428 1248 sentitur
3469 1193 3640 1247 ardor

2040 1306 2326 1365 poenarum
2349 1309 2362 1345 :
2384 1300 2432 1345 et
2455 1289 2612 1354 lucis,
2633 1288 2700 1344 de
2715 1303 2820 1357 qua
2839 1285 3152 1350 Psalmista,
3179 1283 3431 1340 Placeam
3453 1301 3639 1340 eoraut

2041 1384 2172 1450 Deo,
2200 1392 2257 1438 et
2273 1389 2470 1439 caetera
2501 1377 2678 1452 (Psal.
2711 1394 2797 1443 LV,
2836 1376 2959 1445 l5):
3009 1386 3058 1431 et
3086 1377 3253 1448 pacis,
3285 1378 3338 1432 in
3369 1391 3479 1448 qua
3511 1375 3641 1432 san;

2043 1483 2254 1531 ctorum
2285 1473 2482 1529 anima:
2511 1471 2882 1543 requiescunt,
2912 1478 2974 1523 ut
3001 1477 3086 1525 est
3120 1484 3135 1523 :
3175 1467 3267 1524 Illi
3291 1478 3466 1524 autem
3513 1478 3639 1524 sunt

2045 1570 2099 1625 in
2120 1583 2250 1639 pace
2277 1565 2430 1640 (Sap.
2458 1583 2545 1634 ιιι,
2573 1564 2653 1639 5).

2118 1682 2286 1738 Nobis
2312 1700 2513 1755 quoque
2532 1683 2888 1755 peccatoribus
2911 1683 3126 1755 famulis
3151 1684 3276 1747 tuis,
3306 1695 3362 1740 et
3402 1683 3636 1754 reliqua.

351 1767 434 1816 ter
460 1757 777 1815 tes-timetiin
803 1753 958 1810 ccelis
985 1767 1108 1809 esse
1133 1752 1303 1807 altare
1325 1765 1677 1822 corporeum:
1727 1751 1820 1806 sed
1847 1765 1940 1821 po-
1975 1737 2019 1798 Β
2047 1774 2198 1831 Licet
2243 1737 2389 1830 om'ni
2423 1737 2668 1846 lembo",
2703 1737 3018 1847 Ρθοωώηε
3046 1792 3147 1833 nos
3192 1737 3317 1834 esge
3361 1794 3430 1834 ex
3475 1737 3643 1834 αςτδε

350 1855 460 1909 tius
485 1851 848 1922 intelligamus
870 1847 1102 1904 sublime
1131 1845 1302 1901 altare
1331 1844 1450 1910 Dei,
1497 1845 1764 1901 rationale
1786 1853 1842 1898 et
1863 1844 1941 1898 in-

352 1943 648 2014 telligibile,
680 1940 882 1996 essedn
913 1938 1086 1994 electa
1110 1945 1166 1992 et
1193 1935 1446 1992 rationali
1477 1943 1746 2002 creatura,
1776 1949 1944 2006 ange-

351 2037 455 2092 lica
487 2033 692 2090 scilicet
715 2040 772 2087 et
797 2032 1064 2093 humana;
1119 2044 1239 2098 qua:
1270 2027 1324 2082 in
1355 2026 1560 2084 sanctis
1591 2025 1817 2098 angelis,
1873 2040 1941 2079 ex

351 2140 460 2194 quo
488 2123 701 2179 condita
742 2130 851 2188 est,
893 2117 1436 2190 invcontemplatione
1479 2117 1578 2172 Dei
1630 2116 1935 2180 sublimata,

353 2225 409 2270 et
443 2215 546 2270 sibi
569 2213 799 2268 invicem
824 2209 1218 2282 perChrislum
1246 2209 1426 2276 unita,
1458 2223 1648 2264 verum
1679 2215 1734 2263 et
1783 2207 1944 2262 subli-

355 2322 441 2361 me
477 2305 650 2360 altare
675 2303 770 2358 Dei
803 2303 1009 2368 existit,
1057 2316 1122 2356 ex
1162 2316 1270 2372 quo
1299 2299 1497 2371 accipit
1545 2299 1940 2369 sempiternum

354 2395 683 2453 steriﬁcium
711 2393 885 2449 laudis
911 2400 967 2450 et
997 2392 1232 2448 hostiam
1265 2390 1640 2462 jubilationis;
1687 2391 1753 2446 ad
1788 2388 1942 2459 cujus

357 2489 620 2550 unitatem
646 2485 1251 2557 adiungitur-nuncper
1269 2482 1448 2547 (idem,
1494 2490 1548 2536 et
1570 2481 1625 2535 in
1650 2479 1833 2535 futuro
1847 2493 1944 2551 per

355 2581 553 2637 divina:
601 2574 1074 2648 contemplationis
1135 2574 1371 2644 speciem
1415 2573 1592 2628 omnis
1653 2571 1944 2627 multitudo

354 2674 668 2730 electorum.
711 2669 798 2724 Fit
822 2681 952 2739 ergo
972 2674 1028 2721 et
1057 2666 1114 2720 in
1142 2667 1246 2721 ista
1274 2665 1548 2720 oblatione
1581 2664 1783 2734 aliquid
1810 2663 1944 2719 inel-

359 2765 544 2830 l'abile,
564 2771 624 2818 ut
646 2776 746 2832 per
765 2759 1008 2832 angelica
1022 2756 1344 2822 ministeria,
1375 2765 1634 2827 tanquam
1650 2756 1715 2811 de
1728 2755 1943 2811 sublimi

359 2859 539 2922 altari,
593 2856 790 2910 divinae
844 2854 1112 2924 maiestati
1157 2850 1440 2917 oll'eratur,
1492 2867 1618 2907 cum
1642 2852 1946 2907 astantibus

360 2947 622 3006 ministris
667 2945 977 3002 caelestibus
1006 2944 1277 3009 Christus,
1307 2951 1366 2998 ut
1411 2942 1593 2999 oblata
1637 2953 1943 3011 consecret,

2044 1882 2370 1939 cognoscere
2395 1869 2711 1932 debeamus,
2766 1879 2895 1926 tunc
2917 1885 3081 1941 quam
3109 1872 3347 1927 maxime
3373 1873 3645 1930 conﬁten-

2045 1959 2173 2014 dum
2193 1969 2299 2026 est,
2330 1975 2454 2016 cum
2483 1961 2576 2016 illo
2597 1977 2756 2018 sacro
2799 1965 3061 2034 mysterio
3085 1962 3394 2020 celebratur
3445 1967 3646 2022 remis-

2045 2049 2218 2105 sionis
2237 2051 2412 2122 gratia
2439 2059 2494 2106 et
2522 2051 2851 2123 indulgentia
2887 2063 3256 2124 peccatorum,
3308 2064 3362 2110 et
3386 2071 3517 2112 cum
3549 2057 3647 2112 bu-

2047 2140 2276 2196 militate
2302 2149 2358 2196 et
2378 2143 2702 2199 contritione
2727 2143 2906 2199 cordis
2929 2144 3214 2200 dicendum
3259 2144 3369 2201 Deo
3415 2163 3431 2200 ε
3473 2146 3647 2201 Nobis

2047 2248 2250 2304 quoque
2284 2223 2667 2302 peccatoribus,
2690 2249 2796 2290 non
2827 2234 2893 2289 de
2908 2234 3035 2290 ullis
3053 2235 3258 2290 nostris
3279 2236 3517 2302 meritis,
3551 2237 3644 2292 sed

2046 2325 2112 2378 de
2132 2323 2465 2380 multitudine
2487 2325 2882 2380 miserationum
2905 2343 3122 2381 suarum
3144 2328 3496 2396 sperantibus,
3522 2345 3648 2398 par-

2047 2425 2151 2472 tem
2177 2417 2409 2488 aliquam
2455 2430 2502 2471 et
2527 2417 2825 2472 societatem
2854 2419 3056 2472 donare
3079 2418 3326 2490 dignetur
3369 2436 3489 2472 cum
3533 2419 3647 2474 suis

2047 2510 2244 2564 sanctis
2267 2509 2540 2581 apostolis,
2569 2518 2618 2563 et
2639 2510 2983 2580 martyribus,
3008 2519 3055 2564 et
3070 2509 3311 2564 omnibus
3339 2510 3561 2576 sanctis,
3585 2519 3644 2566 ut

2051 2613 2149 2670 pro
2169 2598 2384 2654 modulo
2408 2608 2614 2664 nostro,
2665 2600 2862 2669 quibus
2883 2614 3027 2654 nunc
3053 2599 3330 2655 sociamur
3372 2616 3473 2671 per
3496 2616 3644 2656 crim-

2053 2691 2364 2746 munionem
2390 2690 2534 2757 ﬁdei,
2578 2705 2811 2761 quorum
2852 2693 3170 2748 memoriam
3191 2708 3538 2758 veneramur,
3590 2694 3640 2747 in

2052 2798 2281 2854 quorum
2311 2784 2693 2840 communione
2725 2793 2782 2840 et
2826 2785 3035 2840 unitate
3066 2787 3183 2841 hmc
3233 2792 3494 2857 mysteria
3531 2785 3642 2855 agi-

2053 2891 2195 2943 mus,
2223 2891 2346 2932 cum
2373 2875 2504 2946 ipsis
2522 2876 2838 2932 societatem
2860 2876 3208 2932 beatitudinis
3235 2885 3456 2932 aeterna:
3485 2877 3540 2932 in
3570 2875 3644 2929 ln-

2055 2977 2180 3023 turo
2211 2967 2562 3037 accipiamus.
2613 2965 2766 3022 Intra
2794 2983 3018 3038 quorum
3065 2969 3408 3034 consortium,
3433 2977 3492 3022 ut
3544 2967 3646 3022 Dei

357 3043 548 3096 adesse
571 3037 872 3142 credendus
895 3045 997 3142 est.
1052 3035 1203 3092 Unde
1227 3034 1778 3147 beatusAmbrosiusl:
1811 3035 1944 3140 .Non
1973 3085 2020 3147 Ο
2055 3075 2149 3112 ηο,
2183 3034 2350 3129 piem;
2390 3057 2692 3112 introduc“
2728 3034 2973 3128 ped-mm,
3001 3066 3059 3111 κ,
3104 3073 3208 3112 non
3252 3057 3420 3112 non".
3473 3057 3647 3112 mm.“

359 3132 593 3196 dubites,
631 3128 824 3200 inquit,
853 3128 1109 3184 assistere
1139 3126 1405 3199 angelum,
1443 3127 1660 3197 quando
1697 3126 1944 3184 Christus

361 3221 588 3286 assistit,
603 3218 848 3276 Christus
870 3217 1197 3273 immolatur.
1231 3215 1335 3272 Per
1361 3217 1477 3272 haec
1502 3217 1756 3289 mysteria
1781 3218 1945 3273 corda

362 3313 600 3369 ﬁdelium
627 3311 774 3367 omni
805 3310 1179 3366 benedictione
1207 3309 1419 3364 cmlesti
1461 3309 1630 3379 replet
1659 3317 1713 3364 et
1749 3309 1942 3380 gratia,

364 3408 614 3462 tribuens
640 3404 958 3474 corporibus
999 3402 1398 3467 castimoniam,
1426 3403 1697 3459 mentibus
1763 3403 1944 3468 ﬁdem,

363 3496 786 3568 cogitationibus
807 3493 1119 3563 puritatem.

437 3589 700 3643 Nemeum
726 3586 905 3649 etiam,
925 3583 1168 3649 Domine,
1185 3583 1508 3653 famulorum
1524 3584 1951 3658 famularumque

360 3693 597 3746 tuarum,
634 3685 690 3734 et
713 3677 939 3748 reliqua.
1013 3673 1146 3730 Orat
1188 3676 1279 3748 pia
1311 3685 1483 3731 mater
1511 3677 1754 3733 Ecclesia
1783 3679 1949 3736 etiam

363 3787 464 3844 pro
508 3769 778 3827 defunctis
800 3769 931 3834 suis,
984 3776 1161 3823 eteae
1185 3783 1352 3822 sacra-
1379 3767 1666 3824 oblationis
1689 3769 1954 3826 interces-

363 3869 517 3924 sione
541 3863 914 3928 commendat,
959 3862 1260 3918 certissime
1293 3863 1526 3919 credens
1564 3863 1690 3934 quia
1731 3865 1953 3937 sanguis

364 3963 456 4018 ille
479 3958 770 4032 pretiosus,
803 3957 892 4028 qui
921 3971 1022 4026 pro
1047 3954 1232 4011 multis
1258 3953 1462 4011 ellusus
1490 3966 1574 4011 est
1602 3957 1652 4010 in
1678 3957 1954 4013 remissio-

365 4068 488 4110 nem
513 4057 879 4121 peccatorum,
910 4062 1016 4102 non
1055 4046 1230 4103 solum
1260 4048 1328 4102 ad
1364 4047 1592 4103 salutem
1630 4048 1950 4114 viventium,

363 4147 459 4205 sed
502 4145 668 4200 etiam
713 4141 781 4196 ad
807 4140 1038 4196 salutem
1082 4140 1260 4197 valeat
1288 4137 1688 4195 defunctorum.
1740 4138 1956 4195 ‘Prazce-

363 4237 504 4290 dunt
546 4233 691 4289 enim
731 4230 915 4286 ﬁdeles
967 4229 1035 4286 de
1067 4245 1294 4301 corpore
1341 4238 1604 4286 escuntes
1648 4230 1717 4284 ad
1755 4231 1950 4296 Deum,

363 4326 456 4382 sed
479 4340 586 4381 non
613 4323 991 4396 prteceduntur
1009 4326 1078 4380 ab
1089 4324 1356 4390 Ecclesia,
1379 4326 1472 4394 qui
1486 4325 1802 4396 praecedunt
1823 4342 1948 4382 cum

2052 3148 2357 3212 testimator,
2381 3149 2471 3204 sed
2497 3149 2656 3202 venia:
2678 3148 2922 3218 largitor,
2955 3157 3016 3202 ut
3039 3148 3164 3218 quia
3194 3155 3509 3203 sanctorum
3554 3163 3645 3202 so-

2051 3240 2237 3296 cietati
2277 3255 2377 3311 per
2407 3240 2662 3296 meritum
2713 3255 2820 3295 non
2849 3256 3170 3311 possumus,
3226 3257 3324 3312 per
3376 3241 3649 3314 indulgen-

2055 3337 2186 3391 tiam
2207 3334 2614 3410 conjungamnr.
2642 3333 2700 3387 In
2725 3331 2832 3388 line
2859 3340 3040 3388 autem
3059 3333 3340 3398 orationis,
3372 3347 3649 3404 perquem

2057 3423 2172 3479 haec
2192 3423 2371 3478 omnia
2410 3421 2567 3476 nobis
2616 3421 2887 3492 speranda
2917 3429 2974 3477 et
3010 3422 3299 3478 obtinenda
3342 3423 3476 3489 sint,
3523 3424 3652 3478 sub-

2051 3512 2316 3584 iungitur,
2353 3521 2408 3567 et
2457 3511 2642 3566 statim
2693 3511 2969 3567 conclusio
2999 3512 3168 3568 totius
3219 3513 3652 3568 consecrationis

2056 3603 2319 3673 sequitur,
2364 3601 2631 3657 dicendo:
2678 3598 2786 3657 Per
2812 3618 2966 3673 quem
3013 3603 3124 3657 haec
3170 3603 3369 3668 omnia,
3399 3601 3648 3666 Domine,

2054 3711 2254 3766 semper
2300 3695 2434 3749 bona
2464 3711 2633 3760 creas,
2667 3700 2988 3750 etcaetera:
3038 3709 3235 3779 usque,
3297 3694 3489 3749 Amen.
3545 3694 3653 3750 Per

2056 3787 2332 3844 Christum
2369 3786 2512 3842 Deus
2536 3786 2697 3844 Pater
2723 3788 2840 3842 haec
2860 3786 3042 3842 omnia
3080 3802 3189 3843 non
3215 3785 3389 3841 solum
3411 3786 3467 3840 in
3492 3801 3652 3843 exor-

2055 3880 2145 3935 dio
2171 3880 2378 3936 creavit
2391 3881 2689 3947 condendo,
2715 3882 2808 3937 sed
2835 3882 3002 3937 etiam
3031 3896 3247 3952 semper
3267 3889 3421 3936 creat
3449 3897 3650 3953 propa-

2055 3973 2232 4043 gando
2256 3980 2314 4027 et
2338 3973 2673 4044 reparando;
2727 3974 2886 4040 bona,
2912 3973 3039 4044 quia
3061 3973 3246 4029 omnia
3273 3991 3304 4028 a
3327 3974 3442 4030 Deo
3467 3987 3647 4030 creata

2055 4068 2210 4124 valde
2236 4067 2407 4134 bona;
2449 4079 2601 4125 creat
2627 4077 2683 4124 et
2705 4070 2819 4125 suis
2841 4070 3223 4140 conspectibus
3244 4069 3428 4125 oblata
3449 4069 3646 4124 sancti-

2055 4159 2198 4229 ﬁcat,
2240 4169 2304 4214 ut
2351 4176 2473 4231 quae
2509 4169 2662 4216 erant
2712 4161 2942 4232 simplex
3001 4170 3274 4226 creatura,
3308 4161 3648 4217 ﬁantsacra-

2055 4260 2260 4306 menta.
2319 4251 2582 4321 Viviﬁcat,
2603 4261 2664 4307 ut
2689 4253 2797 4308 sint
2822 4253 3083 4324 mysteria
3107 4253 3248 4308 vitae.
3281 4253 3650 4323 Benedicitque

2056 4343 2204 4400 omni
2231 4342 2596 4399 benedictioni
2620 4343 2830 4399 celesti
2852 4354 2907 4398 et
2928 4343 3104 4416 gratia
3130 4342 3462 4398 accumulat.
3505 4339 3649 4396 Prc-

364 4417 518 4487 signo
543 4414 686 4479 tidei,
716 4414 842 4484 quia
865 4429 1014 4484 aqua
1039 4422 1094 4468 et
1131 4414 1336 4484 Spiritu
1364 4423 1554 4471 sancto
1580 4416 1774 4482 renati,
1823 4417 1950 4487 quia

2057 4444 2162 4489 stat
2206 4434 2362 4490 nobis
2403 4449 2504 4504 per
2530 4435 2780 4491 eumdem
2820 4414 3004 4491 secum
3057 4433 3513 4498 sanctiﬁcantem,
3557 4431 3647 4502 qui

363 4505 566 4561 Christi
591 4520 755 4561 cruce
774 4505 1001 4574 signati:
1031 4503 1298 4560 domina:
1314 4513 1516 4570 autem,
1548 4514 1805 4577 tanquam
1827 4522 1956 4563 vere

365 4601 421 4653 in
451 4598 849 4654 resurrectione
883 4597 1204 4664 suscitandi,
1235 4599 1292 4653 in
1317 4615 1500 4654 somno
1540 4600 1709 4670 pacis,
1732 4600 1858 4670 quia
1889 4603 1958 4657 ab

365 4690 576 4746 unitate
620 4689 824 4746 Christi
873 4698 929 4744 et
956 4689 1232 4756 Ecclesiae,
1276 4705 1377 4746 nec
1424 4705 1524 4762 per
1550 4690 1807 4757 haereses,
1858 4707 1959 4747 nec

365 4795 463 4850 per
486 4781 736 4837 mortalia
755 4781 988 4837 erimina
1012 4782 1248 4851 separati
1269 4789 1395 4838 sunt
1424 4824 1438 4848 ,
1474 4783 1534 4838 in
1563 4783 1759 4853 quibus
1805 4793 1863 4840 et
1912 4784 1958 4840 si

366 4872 659 4944 aliquando
709 4869 910 4927 fuerint
931 4913 945 4936 ,
1007 4881 1185 4928 tamen
1209 4888 1308 4943 per
1336 4875 1713 4944 paenitentiam
1741 4876 1954 4943 sanati,

363 4972 428 5018 ut
460 4978 560 5034 per
586 4961 888 5018 orationem
927 4961 1204 5028 Ecclesiae,
1252 4964 1337 5018 cui
1359 4964 1563 5019 dictum
1609 4974 1722 5020 est:
1777 4965 1957 5032 Quod-

367 5069 570 5126 cunque
591 5051 827 5115 solueris,
857 5051 957 5105 erit
977 5049 1206 5106 solutum
1235 5050 1450 5123 (Matth.
1475 5069 1588 5120 xvr,
1622 5055 1734 5123 i9),
1768 5071 1958 5112 recon-

368 5143 538 5200 ciliati
576 5152 633 5198 et
661 5142 1049 5212 redemptionis
1097 5143 1354 5213 mysterio
1401 5145 1612 5210 sociati,
1664 5146 1852 5218 utique
1898 5148 1954 5202 in

369 5250 501 5308 pace
526 5235 795 5297 obierunt,
852 5233 1144 5288 miserante
1167 5232 1280 5299 illo,
1337 5235 1428 5304 qui
1455 5251 1560 5291 non
1583 5235 1697 5291 vult
1725 5245 1952 5293 mortem

367 5327 690 5399 peccatoris,
736 5334 791 5382 et
816 5324 1065 5396 reliqua;
1125 5340 1300 5396 neque
1348 5325 1492 5403 enim
1524 5327 1735 5398 piorum
1761 5328 1955 5384 animae

443 5494 468 5552 μ
511 5481 569 5552 S.
603 5481 764 5552 Greg.
795 5480 884 5543 M.,
909 5479 1032 5534 libr.
1070 5496 1120 5534 iv
1157 5479 1296 5535 Dial.
1324 5497 1443 5552 cap.
1472 5482 1560 5538 58.

446 5550 1056 5622 b_Textus‘corruptus.
1116 5551 1174 5622 In
1219 5550 1541 5622 Augustino,
1597 5550 1850 5609 Enarrat.
1901 5556 1958 5611 in

375 5620 515 5694 Psal.
546 5637 674 5694 sint,
707 5621 1032 5694 italegitur:
1081 5639 1097 5672 ι
1140 5621 1236 5676 Est
1264 5620 1703 5694 enimquoddam
1728 5625 1957 5680 sublime

374 5691 854 5754 aitareinvisibilc,
905 5705 1012 5760 quo
1047 5706 1152 5745 non
1176 5691 1382 5746 accedit
1415 5691 1678 5764 injustas;
1730 5695 1795 5750 ad
1830 5697 1959 5757 illud

2061 4524 2217 4579 nobis
2235 4522 2304 4579 de
2326 4539 2554 4593 corpore
2577 4540 2642 4580 ac
2668 4524 2932 4596 sanguine
2963 4539 3065 4578 suo
3089 4533 3200 4578 tam
3248 4524 3527 4580 salubrem
3553 4523 3650 4579 de-

2061 4615 2142 4670 dit
2164 4612 2532 4681 refectionem,
2565 4630 2660 4686 per
2682 4614 2852 4684 ipsum
2884 4623 3140 4683 tanquam
3172 4627 3362 4668 verum
3389 4614 3652 4670 mediato-

2062 4720 2176 4762 rem
2199 4704 2296 4760 Dei
2323 4713 2380 4761 et
2425 4704 2728 4769 hominum,
2773 4721 2892 4759 cum
2921 4704 3032 4776 ipso
3087 4713 3344 4774 tanquam
3366 4705 3646 4776 wzequali,

2062 4798 2116 4851 in
2140 4797 2251 4867 ipso
2277 4804 2534 4867 tanquam
2567 4811 2695 4852 vere
2727 4797 3192 4862 consubstantiali,
3220 4800 3392 4853 omnis
3415 4801 3587 4854 honor
3605 4807 3650 4852 et

2063 4887 2231 4958 gloria
2253 4898 2327 4943 est
2349 4887 2461 4942 Deo
2497 4885 2652 4943 Patri
2675 4889 2733 4943 in
2758 4890 2957 4944 unitate
2979 4888 3213 4961 Spiritus
3237 4890 3432 4955 sancti,
3467 4892 3563 4962 qni
3585 4903 3651 4945 ex

2065 4979 2226 5034 Patre
2271 4979 2516 5049 Filioque
2551 4978 2715 5052 506
2746 4979 3081 5049 procedens,
3129 4980 3396 5035 unitatem
3437 4980 3654 5037 deitatis

2063 5069 2304 5142 possidet
2328 5085 2454 5126 cum
2479 5069 2641 5126 Patre
2659 5080 2716 5126 et
2762 5069 2919 5126 Filio.
2947 5069 3260 5126 lnsinuatnr
3280 5071 3469 5142 itaque
3499 5073 3653 5129 nobis

2060 5159 2116 5213 in
2143 5159 2302 5217 Patre
2315 5160 2634 5226 auctoritas,
2664 5162 2716 5216 in
2744 5161 2881 5216 Filio
2909 5161 3181 5227 nativitas,
3218 5164 3272 5218 in
3299 5160 3518 5233 Spiritu
3530 5178 3656 5218 san-

2064 5260 2152 5307 cto
2174 5251 2353 5308 Patris
2380 5251 2612 5322 Filiique
2635 5251 2995 5309 communitas
3019 5293 3034 5318 ,
3069 5253 3124 5308 in
3149 5254 3325 5310 tribus
3348 5255 3651 5325 aquatius.

2065 5339 2172 5397 Per
2195 5343 2371 5399 omnia
2393 5342 2587 5398 sarcula
2611 5343 2946 5399 saeculorum.
2970 5343 3046 5398 Ita
3067 5345 3319 5400 dicuntur
3339 5345 3539 5401 utnulla
3562 5361 3656 5401 sm-

2064 5494 2233 5572 altare
2264 5495 2348 5551 ille
2364 5497 2513 5572 solus
2537 5500 2872 5572 accedit,qui
2901 5499 3129 5558 adisth
3152 5518 3380 5558 securus
3405 5504 3648 5559 accedit:

2064 5565 2172 5688 illic
2199 5567 2432 5623 inveniet
2456 5571 2621 5625 vitam
2639 5565 2814 5652 suam;
2835 5573 2925 5642 qui
2955 5572 3007 5626 in
3035 5572 3138 5629 isto
3154 5574 3412 5630 discernit
3427 5590 3652 5629 causam

2096 5651 2240 5688 nam.
2280 5658 2298 5688 ι

2096 5651 2240 5692 nam.
2280 5658 2298 5691 ι
