3914 6178
261 366 402 423 ηδε

1084 371 1236 427 OPP.
1263 368 1683 427 ~SUPPOSITA.
1725 399 1794 408 -ο
1831 368 1962 424 LIB.
2004 370 2094 424 DE
2133 369 2386 426 DlV'lNlS
2420 369 2727 427 OFFICHS.

3411 371 3546 424 1³26ξῖ

259 486 526 552 culorum,
548 493 805 557 tanquam
824 486 1018 542 sazcula
1034 486 1087 540 in
1107 485 1370 557 sapientia
1395 483 1664 539 Deillrma
1681 482 1853 537 stabi-
1882 488 1932 544 Α
1960 483 2211 539 actualia.
2273 484 2421 542 Talis
2469 494 2554 542 est
2605 486 2766 553 Deus,
2798 486 2962 543 l’atcr
2994 497 3197 544 noster.
3272 487 3375 554 Qui
3412 509 3464 544 es
3494 499 3548 547 in

261 577 414 633 litate
427 579 724 643 manentia,
743 578 990 641 istorum,
1006 592 1126 647 quae
1149 591 1272 631 cum
1291 585 1533 646 tempore
1549 582 1856 640 transeunt,

259 667 551 725 eﬂicientia
594 664 805 737 saecula:
827 669 1168 724 smculorum.
1209 667 1318 721 Aut
1350 675 1500 722 certe
1536 664 1858 736 simpliciter

194 760 198 764 “
257 758 575 829 accipienda
603 768 729 814 sunt
755 757 947 814 smcula
972 757 1315 820 saeculorum,
1341 756 1490 810 velut
1519 769 1857 825 consequen-

259 848 334 904 tia
367 848 810 920 praecedentium,
839 855 900 902 ut
925 847 1241 902 continuata
1266 846 1371 901 sibi
1399 846 1738 902 connexione
1761 861 1852 902 co-

255 940 524 1012 pulentur,
549 953 670 1009 qua:
687 938 943 994 dicuntur
965 937 1162 994 saecula
1183 936 1526 1003 saeculorum,
1542 937 1715 993 donec
1722 951 1857 1006 pra:-

257 1049 399 1097 sena,
427 1031 569 1104 quod
581 1047 649 1088 ex
675 1031 908 1087 diversis
941 1038 1247 1102 temporum
1279 1028 1492 1086 saeculis
1520 1029 1848 1094 contexitur,

255 1125 538 1198 perveniat
551 1124 618 1180 ad
634 1123 794 1179 tinent
817 1131 874 1178 et
887 1123 1142 1179 succedat
1158 1121 1401 1177 futurum
1412 1120 1690 1188 saeculum,
1704 1121 1850 1192 quod

253 1235 363 1274 non
379 1218 545 1274 habet
554 1217 741 1284 ﬁnem,
763 1216 856 1272 ubi
875 1217 1017 1273 Deus
1037 1216 1311 1272 videbitur
1329 1223 1386 1270 et
1404 1215 1712 1270 laudabitur
1731 1215 1850 1270 sine

255 1313 382 1370 tine.
411 1313 577 1367 Amen
605 1321 807 1376 autem,
841 1310 985 1382 quod
1011 1310 1081 1365 ab
1105 1308 1253 1364 omni
1279 1308 1523 1364 Ecclesia
1550 1307 1848 1377 responde-

255 1416 361 1469 tur,
389 1405 796 1476 interpretatur,
819 1419 1031 1460 verum.
1059 1401 1175 1458 Hoc
1199 1417 1330 1473 ergo
1342 1401 1410 1456 ad
1443 1399 1579 1456 tanti
1604 1399 1848 1471 mysterii

253 1496 796 1559 consummationem,
826 1495 967 1550 sicut
993 1494 1117 1549 etin
1145 1493 1290 1548 omni
1316 1491 1555 1562 legitima
1577 1491 1845 1556 oratione,

258 1588 591 1658 respondent
613 1585 818 1651 ﬁdeles,
831 1594 886 1642 et
899 1584 1054 1655 quasi
1071 1583 1424 1639 subscribunt
1443 1581 1841 1652 respondendo.

323 1680 585 1752 Adjungit
604 1689 784 1735 autem
814 1679 992 1733 adhuc
1016 1676 1298 1742 sacerdos,
1317 1685 1371 1730 et
1397 1675 1563 1730 dicit:
1599 1671 1842 1738 Oremus,

251 1783 310 1829 et
333 1781 456 1828 orat
483 1771 722 1828 Ecclesia
751 1786 875 1826 cum
897 1768 1200 1834 sacerdote,
1227 1783 1335 1823 non
1363 1781 1512 1832 voce,
1543 1765 1636 1821 sed
1657 1765 1840 1821 corde.

1960 576 2122 631 catis.
2175 577 2461 634 Psalmista
2493 579 2625 633 dicit
2655 579 2792 634 Deo:
2841 579 2899 634 Si
2946 580 3228 635 ascendere
3252 582 3307 636 in
3336 581 3547 646 eiciunt,

1957 676 2013 720 tu
2059 668 2168 722 illic
2196 686 2282 735 es;
2318 670 2365 723 si
2409 670 2724 726 descendero
2760 672 2816 727 in
2846 671 3134 741 infernum,
3189 673 3314 728 ades
3368 671 3544 746 (Psal.

1954 775 2219 826 cxxxvm,
2256 761 2346 832 8):
2385 761 2550 818 etiam
2601 763 2647 818 si
2682 764 2948 833 potuisset
2993 762 3136 831 ﬁeri,
3177 775 3238 820 ut
3281 765 3544 820 haberem

1953 867 2164 922 pennas
2184 863 2240 909 et
2263 853 2502 910 volarem
2558 855 2612 909 in
2635 865 2909 911 extremas
2934 866 3117 926 partes
3140 873 3328 923 maris,
3359 856 3470 912 illic
3492 866 3552 912 te

1955 949 2274 1004 invenirem.
2335 949 2402 1005 Et
2437 952 2698 1008 Dominus
2728 967 2830 1022 per
2873 950 3232 1022 Prophetam:
3271 937 3470 1008 Cretum
3494 961 3545 1004 et

1952 1047 2149 1093 terram
2188 1057 2282 1112 ego
2311 1040 2503 1111 impleo
2544 1039 2680 1113 (Jer.
2717 1057 2874 1108 χχιιι,
2897 1042 3011 1114 ει).
3083 1043 3261 1099 Altior
3305 1059 3550 1114 namque

1951 1139 2038 1186 est
2083 1131 2239 1195 cmlo,
2325 1133 2644 1204 profundior
2688 1134 2884 1207 abysso
2914 1177 2930 1202 ,
2983 1136 3146 1191 latior
3200 1144 3374 1202 terra,
3427 1135 3544 1190 lonc

1950 1225 2070 1296 gior
2098 1226 2256 1280 mari.
2323 1225 2388 1280 Et
2417 1227 2462 1283 si
2485 1228 2684 1298 ubique
2708 1244 2805 1300 per
2828 1228 3218 1299 plenitudinem
3243 1228 3547 1284 divinitatis

1953 1330 2088 1382 suae,
2134 1325 2192 1373 et
2214 1333 2322 1372 non
2346 1334 2442 1388 per
2475 1319 2866 1386 extensionem,
2926 1334 3096 1390 quare
3147 1321 3456 1392 specialiter
3483 1335 3544 1374 se

1947 1409 2082 1465 dicit
2117 1409 2172 1465 in
2205 1412 2402 1466 caelis?
2448 1410 2584 1480 Quia
2616 1427 2714 1482 per
2739 1413 2907 1469 caelos
2937 1413 3316 1484 intelliguntur
3339 1412 3546 1484 angeli,

1947 1509 2004 1556 et
2022 1502 2270 1558 homines
2291 1503 2444 1575 justi,
2477 1504 2530 1559 in
2557 1503 2757 1574 quibus
2784 1505 3023 1560 maxime
3053 1504 3195 1560 Deus
3248 1504 3538 1566 inhabitat,

1939 1589 2093 1660 juxta
2110 1594 2253 1663 quod
2271 1594 2533 1665 scriptum
2551 1603 2666 1651 est:
2686 1594 2878 1648 Anima
2892 1594 3051 1665 justi,
3073 1595 3220 1648 sedes
3245 1603 3321 1648 est
3333 1593 3540 1663 sapien-

1944 1688 2054 1741 τίω.
2099 1685 2265 1742 Pater
2305 1698 2498 1752 noster,
2531 1688 2622 1759 qui
2649 1705 2703 1743 es
2724 1689 2779 1742 in
2801 1688 2962 1754 etatis,
2990 1689 3042 1744 id
3068 1697 3172 1753 est,
3210 1687 3301 1758 qui
3327 1687 3542 1742 habitas

1946 1780 2002 1834 in
2030 1781 2258 1852 angelis,
2295 1795 2526 1850 quorum
2564 1781 2936 1837 habitaculum
2962 1789 3091 1836 sunt
3119 1778 3241 1836 cteli
3285 1787 3340 1835 et
3363 1779 3541 1834 homi-

255 1863 539 1919 Silentium
568 1871 672 1926 est,
701 1870 757 1916 et
786 1860 985 1916 cla:uat
1011 1868 1200 1931 pectus
1229 1860 1296 1915 ad
1327 1858 1497 1914 Deum
1540 1859 1594 1913 in
1625 1858 1851 1912 auribus
1878 1850 1928 1914 Β
1953 1888 2052 1928 “es
2077 1850 2231 1941 iis“,

257 1957 384 2013 Dei:
420 1953 708 2026 Prmceptis
737 1952 1063 2010 salutaribus
1085 1953 1292 2006 moniti.
1318 1951 1432 2006 Hoc
1471 1949 1616 2005 enim
1647 1963 1849 2020 praece-

257 2059 406 2122 ptum
428 2047 585 2104 nobis
608 2055 694 2102 est
713 2046 971 2111 salutare,
1005 2044 1058 2099 id
1104 2052 1210 2108 est,
1240 2043 1309 2098 ad
1339 2042 1573 2098 salutem
1602 2049 1846 2096 nostram

255 2146 564 2217 proﬁciens,
601 2159 710 2216 quo
756 2158 856 2198 nos
904 2130 1212 2212 unigenitus
1240 2138 1408 2194 Filius
1434 2152 1532 2208 per
1571 2136 1846 2191 lavacrum

181 2301 199 2312 ο
256 2234 684 2309 regenerationis
712 2241 767 2288 et
792 2232 1044 2303 spiritum
1070 2229 1376 2300 adoptionis
1419 2227 1516 2284 Dei
1554 2227 1692 2281 tilios
1718 2225 1848 2280 ell‘e-

253 2341 393 2396 ctos,
417 2328 598 2384 dicere
624 2326 854 2390 monuit,
881 2333 937 2380 et
964 2339 1070 2378 non
1089 2323 1350 2386 humana,
1388 2319 1482 2376 sed
1530 2319 1710 2373 divina
1748 2335 1846 2372 sua

256 2421 603 2485 institutione,
635 2426 696 2473 ut
732 2417 844 2473 Deo
873 2414 1172 2472 audeamus
1203 2412 1404 2478 dicere,
1449 2409 1612 2466 Pater
1651 2420 1844 2475 noster,

255 2510 570 2570 informavit
595 2505 924 2564 dicens:Sie
947 2522 1033 2562 uos
1055 2503 1296 2569 orabitis,
1327 2499 1490 2556 Pater
1520 2510 1724 2565 noster,
1756 2500 1847 2572 qui

259 2621 312 2658 es
340 2603 396 2656 in
422 2600 585 2665 uelis,
615 2606 719 2654 etc.
753 2597 970 2670 (Matth.
997 2612 1070 2661 vt,
1103 2595 1181 2666 9).
1223 2593 1417 2649 Divina
1468 2607 1600 2661 ergo
1634 2591 1852 2646 institu-

257 2695 404 2749 tione
427 2689 722 2753 informati,
765 2703 872 2742 non
898 2684 1337 2758 praesumptionis
1373 2682 1698 2747 temeritate,
1749 2681 1847 2736 sed

252 2784 574 2842 obedientiaa
588 2783 790 2853 pietate
804 2780 1182 2852 praesumimus
1201 2779 1383 2834 dicere
1406 2779 1519 2834 Deo
1539 2777 1716 2832 Patri:
1737 2776 1847 2853 Pa-

252 2891 336 2934 ter
363 2887 559 2943 noster,
583 2875 674 2948 qui
692 2892 748 2932 es
776 2876 832 2930 in
852 2873 1014 2940 caelis,
1041 2882 1096 2928 et
1117 2881 1334 2928 caetera.
1389 2871 1516 2926 llaec
1543 2876 1725 2925 autem
1750 2868 1847 2924 ob-

254 2968 509 3034 secratio,
537 2966 723 3023 Oratio
753 2965 1032 3022 Dominica
1055 2971 1302 3027 vocatur,
1331 2963 1458 3033 quia
1489 2977 1610 3018 eam
1654 2960 1843 3016 Domi-

254 3075 359 3116 nus
379 3059 584 3123 docuit,
613 3065 669 3114 et
691 3073 721 3112 a
759 3057 991 3112 Domino
1027 3053 1204 3110 oratio
1230 3053 1530 3108 Dominica.
1586 3049 1844 3122 Discipuli

253 3158 585 3224 rogaverunt
620 3150 932 3215 Dominum,
957 3157 1016 3204 ut
1034 3163 1131 3203 eos
1151 3147 1390 3212 doceret,
1423 3131 1654 3216 qualiter
1686 3158 1846 3199 orare

254 3212 534 3310 deberent,
564 3245 760 3316 quibus
781 3212 1042 3299 Dominus
1071 3241 1240 3296 dixit:
1289 3240 1414 3294 Non
1439 3212 1643 3295 necesse
1661 3247 1760 3304 est,
1786 3248 1842 3292 ut
1870 3212 1915 3275 Ο

253 3337 476 3393 multum
500 3336 787 3409 loquamini
821 3337 876 3390 in
905 3335 1161 3398 oratione,
1205 3333 1334 3404 quia
1381 3333 1708 3403 omnipotens
1747 3331 1845 3386 scit

247 3427 380 3501 quid
402 3445 530 3501 opus
582 3431 651 3484 sit
675 3438 958 3499 antequam
997 3425 1184 3497 petatis
1209 3441 1327 3479 eum
1354 3423 1542 3492 (lbid.,
1571 3423 1647 3496 7).
1694 3421 1846 3478 Tunc

256 3519 396 3575 dixit
420 3519 554 3576 illis:
599 3518 731 3574 Cum
768 3519 956 3582 oratis,
990 3516 1183 3571 dicite:
1215 3514 1380 3571 Pater
1419 3525 1612 3570 noster.
1683 3514 1846 3571 Pater

252 3610 456 3666 dicitur
486 3626 517 3664 a
540 3609 830 3679 patrando,
853 3608 908 3663 id
945 3617 1050 3673 est,
1070 3607 1419 3676 perficiendo.
1467 3607 1568 3674 Qui
1595 3623 1726 3680 ergo
1745 3608 1846 3662 Pa-

254 3713 394 3769 trem
431 3701 650 3755 invocat
673 3699 842 3754 Deum
899 3698 1062 3753 talem
1094 3713 1154 3753 se
1188 3697 1350 3753 debet
1407 3714 1738 3769 praeparare,
1787 3709 1848 3755 ut

254 3791 399 3847 [ilius
432 3790 550 3859 ejus
592 3790 786 3860 dignus
818 3789 892 3843 sit
942 3789 1147 3843 vocari.
1206 3789 1361 3856 Quod
1386 3791 1434 3843 si
1478 3789 1675 3859 injuste
1719 3805 1843 3845 eum

253 3893 417 3940 vocat
435 3884 674 3950 Patrem,
706 3899 807 3954 pro
837 3883 953 3954 ipsa
980 3882 1324 3937 invocatione
1358 3880 1556 3950 injusta
1579 3879 1844 3949 judicium

255 3974 504 4045 recipiet.
570 3973 726 4029 Sicut
758 3973 904 4028 enim
938 3972 1082 4028 lilius
1113 3973 1356 4027 imitatur
1382 3972 1582 4028 bonum
1608 3981 1842 4042 patrem,

257 4075 320 4122 ut
334 4067 487 4123 Isaac
514 4067 758 4122 imitatus
780 4075 867 4122 est
907 4064 1210 4133 Abraham,
1240 4074 1296 4121 et
1318 4064 1485 4121 Jacob
1517 4066 1703 4132 lsaac;
1765 4065 1847 4122 sic

257 4173 359 4215 nos
380 4159 473 4230 qui
504 4159 672 4215 Deum
701 4159 922 4215 Patrem
947 4173 1230 4223 vocamus,
1279 4166 1339 4212 ut
1363 4158 1490 4213 boni
1523 4158 1616 4212 lilii
1645 4159 1847 4213 sancti-

257 4259 424 4307 tatem
449 4251 592 4306 illius
613 4250 814 4306 imitari
837 4249 1118 4314 debemus,
1154 4259 1214 4303 ιιι
1241 4250 1411 4305 simus
1443 4249 1618 4305 sancti
1647 4258 1703 4305 et
1749 4249 1849 4304 im-

257 4341 532 4408 maculati,
563 4342 718 4414 juxta
743 4342 886 4412 quod
929 4341 1046 4411 ipse
1068 4340 1236 4396 dicit:
1277 4339 1463 4396 Sancti
1492 4350 1672 4406 estote,
1720 4341 1848 4412 quia

255 4449 350 4503 ego
374 4442 585 4488 sanctus
612 4450 728 4487 sum
755 4433 1008 4488 Dominus
1036 4431 1179 4486 Deus
1214 4441 1382 4487 vester
1411 4431 1464 4504 (I
1493 4431 1636 4488 Petr.
1662 4449 1704 4499 t,
1733 4432 1842 4505 l6).

2022 1961 2397 2033 Sanctiﬁcetur
2423 1981 2609 2019 nomen
2639 1974 2808 2019 tuum.
2843 1962 3050 2020 Nomen
3076 1963 3170 2018 Dci
3200 1977 3298 2034 per
3331 1978 3388 2018 se
3415 1979 3540 2019 san-

1950 2063 2096 2109 ctum
2119 2063 2230 2120 est;
2255 2063 2312 2108 et
2329 2071 2498 2126 quare
2521 2071 2621 2110 nos
2644 2056 2875 2110 dicimus
2901 2073 2914 2107 :
2947 2055 3324 2123 Sanctiﬁcetur
3350 2069 3540 2108 nomen

1947 2145 2136 2198 tuum?
2162 2145 2390 2212 Quando
2413 2146 2586 2201 renati
2603 2160 2792 2201 sumus
2807 2160 2873 2200 ex
2896 2160 3034 2216 aqua
3051 2154 3106 2199 et
3118 2144 3323 2215 Spiritu
3348 2153 3540 2200 sancto

1949 2245 2191 2306 tempore
2230 2233 2593 2306 baptismatis,
2647 2235 2702 2289 in
2753 2235 2971 2290 nomine
3005 2233 3100 2288 Dei
3151 2227 3538 2302 omnipotentis

1948 2341 2138 2380 sumus
2170 2324 2510 2388 sanctificati,
2538 2325 2752 2381 dicente
2767 2325 3119 2397 presbytero:
3157 2323 3381 2395 Baptizo
3410 2333 3459 2378 te
3482 2325 3537 2377 in

1949 2416 2157 2470 nomine
2184 2413 2365 2470 Patris
2385 2425 2435 2469 et
2461 2413 2590 2470 Filii
2633 2423 2680 2468 et
2712 2413 2945 2484 Spiritus
2965 2414 3167 2469 sancti:
3195 2412 3318 2468 ideo
3352 2426 3538 2483 preca-

1949 2522 2094 2572 mur,
2141 2515 2201 2560 ut
2223 2505 2312 2561 illa
2339 2505 2622 2571 sanctitas,
2675 2520 2798 2574 qua:
2838 2502 2980 2559 facta
3006 2510 3093 2559 est
3140 2503 3194 2559 in
3221 2503 3378 2558 nobis
3407 2511 3538 2558 tunc

1949 2598 2004 2654 in
2051 2599 2376 2670 baptismate
2433 2612 2531 2668 per
2561 2597 2960 2652 invocationem
3009 2595 3128 2662 Dei,
3195 2595 3284 2651 illa
3317 2611 3542 2668 pennae

1949 2700 2075 2748 neat
2097 2692 2152 2747 in
2219 2691 2376 2747 nobis
2424 2690 2478 2745 in
2529 2697 2818 2754 aeternum,
2843 2697 2904 2744 ut
2936 2703 3046 2744 non
3065 2687 3368 2760 polluamus
3391 2702 3538 2752 eam,

1947 2785 2042 2841 sed
2065 2799 2280 2856 semper
2301 2784 2471 2840 simus
2496 2783 2692 2849 sancti,
2743 2791 2804 2838 ut
2834 2783 2975 2839 sicut
3002 2790 3130 2838 tunc
3159 2783 3334 2838 sancti
3357 2780 3544 2838 eti'ecti

1948 2892 2157 2941 sumus,
2183 2878 2257 2932 ita
2282 2876 2338 2931 in
2350 2883 2609 2947 perpetuo
2630 2875 2806 2931 sancti
2830 2890 3167 2931 maneamus.
3230 2873 3504 2931 Vel‘alitcr
3522 2894 3548 2928 :~

1950 2967 2326 3037 Sanctificetur
2339 2982 2526 3022 nomen
2544 2975 2712 3030 tuum,
2727 2966 3062 3037 intelligatur
3076 2982 3106 3020 a
3121 2966 3297 3032 nobis,
3321 2977 3540 3036 quantae

1947 3060 2253 3117 sanctitatis
2274 3060 2346 3115 sit
2379 3074 2576 3114 nomen
2605 3070 2775 3125 tuum,
2800 3058 2853 3114 id
2886 3066 2990 3124 est,
3047 3066 3296 3114 sanctum
3341 3058 3552 3118 babea~
3658 3109 3662 3113 ι

1951 3160 2041 3206 ιιιι·
2065 3151 2121 3207 in
2146 3149 2397 3206 omnibus
2429 3149 2688 3220 operibus
2722 3147 2945 3214 nostris,
2999 3155 3066 3202 ut
3085 3147 3210 3202 dum
3239 3157 3386 3202 tuam
3415 3163 3542 3207 san-

1947 3245 2196 3300 ctitatem
2226 3241 2532 3307 recolimus,
2573 3253 2802 3310 peccare
2830 3240 3139 3294 timeamus.
3191 3238 3287 3295 Vel
3333 3239 3536 3295 aliter:

1946 3336 2044 3392 Est
2056 3333 2217 3390 modo
2228 3333 2424 3403 aliquis
2442 3331 2784 3390 Christianus
2805 3330 3000 3396 bonus,
3024 3329 3154 3386 facit
3176 3329 3318 3386 bona
3338 3344 3504 3400 opera
3528 3346 3551 3391 :-

1946 3426 2095 3482 videt
2123 3425 2230 3480 hoc
2255 3423 2452 3493 aliquis
2476 3437 2723 3493 paganus
2751 3419 3074 3478 autJudteus
3101 3431 3156 3476 et
3179 3421 3342 3476 dicit:
3375 3419 3540 3476 Bene-

1945 3519 2118 3573 dictus
2155 3515 2298 3571 Deus
2326 3556 2342 3581 ,
2391 3515 2481 3587 qui
2521 3514 2680 3569 talem
2726 3530 2934 3569 servum
2977 3513 3164 3568 habet:
3217 3527 3414 3568 nomen
3444 3511 3550 3567 Dei'

1945 3613 2336 3676 sanctiﬁcatur,
2366 3611 2420 3667 id
2451 3619 2557 3678 est,
2584 3611 2840 3666 laudatur
2872 3625 2971 3680 per
2997 3609 3147 3665 illum
3161 3611 3364 3665 bonum
3378 3605 3539 3663 Chri—

1945 3705 2201 3760 stianum.
2260 3705 2305 3758 E
2335 3711 2528 3758 contra
2550 3703 2746 3768 malus,
2773 3703 2924 3756 videt
2958 3717 3091 3756 eum
3123 3714 3367 3771 paganus
3397 3698 3554 3754 mala=

1944 3795 2182 3865 operari,
2209 3803 2264 3849 ct
2285 3794 2446 3848 dicit:
2515 3792 2666 3848 Certe
2686 3809 2803 3847 ecce
2826 3791 3002 3846 malus
3029 3789 3390 3853 Christianus,
3445 3804 3540 3842 nos

1945 3903 2126 3940 sumus
2145 3884 2420 3949 meliores;
2445 3899 2641 3939 nomen
2662 3883 3067 3953 blasphematur
3080 3880 3361 3952 perillum,
3384 3879 3539 3950 juxta

1946 3979 2089 4048 quod
2120 3976 2320 4032 Paulus
2365 3976 2524 4032 dicit:
2570 3975 2778 4030 Nomen
2808 3973 2907 4028 Dei
2949 3990 3042 4043 per
3087 3989 3177 4028 vos
3209 3972 3542 4043 blasphema-

1945 4080 2034 4124 tur
2064 4070 2119 4124 in
2144 4067 2380 4141 gentibus
2412 4067 2592 4138 (Rom.
2626 4081 2664 4120 ιι
2688 4106 2704 4130 ,
2744 4064 2858 4134 24).
2886 4062 2993 4119 Nos
3023 4072 3201 4119 autem
3230 4078 3539 4133 precamur,

1947 4169 2007 4217 ut
2025 4160 2394 4218 sanctificetur
2415 4173 2612 4215 nomen
2637 4157 2753 4222 Dei,
2779 4157 2833 4212 id
2857 4163 2962 4223 est,
2993 4155 3241 4212 laudetur
3261 4163 3316 4212 et
3337 4155 3540 4228 gloriﬁ-

1947 4264 2102 4313 cetur
2121 4255 2176 4310 in
2197 4269 2362 4325 opere
2387 4261 2592 4309 nostro.
2627 4250 2900 4321 Quidquid
2920 4249 3050 4306 boni
3073 4249 3306 4321 agimus,
3335 4249 3402 4302 ad
3423 4245 3542 4316 ejus

1949 4347 2160 4404 laudem
2175 4344 2428 4411 refertur,
2454 4342 2714 4414 quidquid
2737 4343 2888 4408 mali,
2905 4341 2974 4396 ad
2992 4339 3110 4410 ejus
3131 4338 3535 4396 contumeliam.

2019 4437 2273 4494 Adveniat
2299 4451 2515 4507 regnum
2542 4445 2711 4489 tuum.
2760 4434 2904 4490 Deus
2946 4432 3289 4502 omnipotens
3321 4445 3560 4502 semper-

256 4524 500 4581 Primum
522 4525 626 4581 fuit
645 4527 990 4597 omnipotens
1005 4523 1508 4592 Pateriudaeorum,
1528 4526 1685 4598 juxta
1702 4528 1845 4598 quod
1878 4579 1929 4603 η
1952 4539 2144 4603 regnat
2163 4530 2217 4586 in
2249 4529 2388 4585 caelo
2411 4537 2467 4584 et
2516 4529 2571 4582 in
2596 4537 2765 4592 terra,
2817 4535 2872 4582 et
2903 4541 3002 4582 nos
3031 4525 3304 4580 nescimus
3356 4523 3564 4586 modo,.

1878 4579 1930 4640 D

257 4616 374 4687 ipse
397 4614 530 4672 dicit
552 4631 649 4687 per
669 4616 1026 4686 Prophetam:
1078 4614 1253 4671 Filius
1278 4633 1424 4672 meus
1468 4618 1845 4689 primogenitus
1879 4614 1929 4640 ν
1951 4619 2184 4692 qualiter
2228 4626 2441 4691 regnat,
2479 4618 2684 4674 idcirco
2708 4631 3017 4688 precamur,
3059 4623 3120 4670 ut
3171 4615 3428 4670 adveniat
3452 4630 3540 4669 re-

257 4705 432 4762 lsrael
459 4705 657 4780 (Exod.
685 4723 761 4773 tv,
795 4706 924 4779 2‘2);
951 4714 1027 4772 et,
1063 4705 1238 4761 Filios
1265 4708 1490 4761 enutrivi
1517 4717 1565 4761 et
1593 4708 1844 4774 exaltari,

256 4801 358 4866 ipsi
379 4809 555 4855 autem
577 4809 879 4871 spreverunt
899 4815 982 4854 me
1001 4798 1157 4872 (lsai.
1172 4815 1216 4866 ι,
1237 4799 1316 4870 2).
1357 4796 1467 4855 Sed
1491 4799 1618 4868 quid
1645 4799 1844 4855 factum

257 4893 384 4951 est?
428 4892 600 4949 Desiit
633 4901 788 4963 pater
815 4907 1004 4949 eorum
1031 4908 1154 4949 esse
1177 4901 1403 4964 propter
1431 4891 1841 4948 infidelitatem:

259 4992 449 5039 noster
471 4991 652 5038 autem
680 4990 904 5054 propter
927 4997 1082 5038 suam
1108 4980 1540 5037 misericordiam
1563 4978 1740 5035 factus
1761 4988 1846 5036 est

259 5073 421 5130 Pater
461 5088 559 5144 per
602 5073 763 5130 ﬁdem
809 5081 866 5128 et
913 5072 1278 5139 dilectionem,
1332 5071 1420 5127 cui
1480 5070 1845 5142 supplicamus

259 5164 502 5234 quotidie
529 5165 790 5232 dimittes,
845 5161 1010 5219 Pater
1037 5175 1234 5220 noster.
1299 5163 1463 5219 Pater
1489 5163 1698 5219 duobus
1726 5179 1843 5218 mo-

260 5260 346 5314 dis
375 5259 576 5315 dicitur
597 5259 963 5330 omnipotens,
984 5257 1069 5314 vel
1094 5259 1222 5328 quia
1249 5249 1486 5328 patravit
1516 5271 1636 5320 nos,
1665 5257 1717 5311 id
1740 5264 1844 5320 est,

261 5351 486 5416 creavit,
545 5359 601 5407 et
625 5351 895 5422 compegit
917 5351 970 5405 in
993 5359 1150 5406 utero
1176 5357 1409 5405 matrum
1447 5356 1754 5402 nostrarum
1777 5365 1844 5403 ex

262 5459 430 5500 carne
459 5453 516 5500 et
559 5445 760 5511 anima,
785 5461 849 5500 ex
876 5446 1084 5500 semine
1109 5444 1210 5500 viri
1240 5452 1294 5499 et
1321 5443 1553 5508 feminae,
1584 5459 1706 5498 cum
1739 5459 1846 5498 non

263 5549 540 5592 essemus:
563 5536 647 5592 vel
669 5537 794 5607 quia
820 5533 950 5592 fecit
971 5551 1068 5591 nos
1096 5535 1307 5589 renasci
1331 5549 1396 5589 cx
1416 5549 1552 5604 aqua
1565 5542 1620 5590 et
1643 5533 1848 5604 Spiritu

265 5634 476 5691 sancto,
507 5642 630 5683 cum
668 5627 864 5698 perditi
905 5641 1165 5681 essemus.
1230 5623 1410 5679 Prima
1438 5625 1690 5681 nativitas
1720 5625 1847 5681 fecit

267 5735 366 5775 nos
407 5718 545 5776 lilios
565 5720 1066 5792 praevaricationis;
1125 5719 1359 5774 secunda
1391 5718 1849 5774 reconciliationis

265 5814 586 5872 dimittenda
629 5815 784 5871 nobis
842 5814 1022 5870 omnia
1080 5821 1298 5885 peccata
1337 5855 1349 5880 ,
1397 5819 1448 5868 et
1485 5811 1767 5885 originalia
1795 5824 1845 5871 ct

1947 4727 2110 4783 gnum
2135 4711 2300 4766 illius.
2327 4709 2466 4778 Quid
2488 4715 2574 4764 est
2597 4708 2740 4763 istud
2761 4722 2988 4778 regnum
3002 4705 3136 4761 Dei?
3156 4705 3399 4761 IEterna-
3413 4706 3542 4760 bea-

1950 4804 2142 4870 titudo,
2180 4804 2248 4860 de
2274 4818 2380 4872 qua
2403 4801 2649 4856 dicturus
2679 4808 2764 4857 est
2793 4800 3011 4856 electis:
3050 4797 3250 4865 Venite,
3285 4797 3563 4853 benedicti-

1955 4896 2130 4952 Patn’s
2158 4896 2282 4962 mei,
2304 4903 2411 4950 etc.
2452 4892 2670 4956 (Matth.
2698 4908 2825 4958 xxv,
2857 4891 2970 4962 54).
3020 4890 3136 4946 Hoc
3163 4904 3389 4961 regnum
3411 4903 3539 4960 pre-

1948 5001 2154 5053 camur,
2183 4994 2244 5040 ut
2265 4984 2540 5049 adveniat,
2555 4983 2672 5039 dies
2691 4981 2882 5054 judicii
2901 4980 3057 5036 valde
3078 4981 3237 5036 debet
3258 4993 3382 5034 esse
3405 4994 3540 5049 pra:-

1948 5085 2190 5147 paratus.
2217 5075 2314 5130 Vel
2342 5075 2529 5130 aliter:
2555 5073 2699 5128 Deus
2712 5071 3054 5141 omnipotens
3074 5077 3267 5141 regnat
3284 5069 3337 5123 in
3355 5067 3544 5123 electis

1949 5169 2064 5224 su's
2089 5183 2188 5239 per
2215 5179 2386 5238 spem,
2447 5167 2606 5223 ﬁdem
2654 5165 2712 5221 e't
2753 5165 3098 5228 cbaritatem,
3134 5172 3192 5218 et
3215 5177 3315 5232 per
3343 5169 3541 5216 cetera

1949 5261 2110 5316 bona.
2178 5259 2222 5314 E
2252 5267 2442 5315 contra
2487 5258 2736 5314 diabolus
2763 5265 2955 5325 regnat
2993 5271 3093 5326 per
3121 5253 3414 5315 luxuriam,
3443 5267 3559 5323 per.

1950 5351 2291 5416 ebrietatem,
2326 5350 2512 5405 odium
2543 5357 2600 5403 et
2620 5357 2814 5404 cetera
2837 5347 3008 5401 mala:
3035 5346 3240 5402 idcirco
3252 5359 3560 5415 precamur-

1956 5444 2264 5508 Dominum,
2285 5450 2346 5497 ut
2376 5442 2491 5513 ipse
2519 5449 2707 5510 regnet
2728 5440 2783 5495 in
2808 5437 2966 5494 nobis
2995 5451 3092 5507 per
3117 5437 3405 5508 justitiam,
3435 5451 3551 5490 non

1957 5535 2202 5591 diabolus
2225 5549 2324 5606 per
2345 5538 2649 5604 peccatum.

2028 5623 2160 5678 Fiat
2178 5623 2419 5680 voluntas
2449 5633 2538 5676 tua
2563 5623 2698 5676 sicut
2743 5620 2798 5675 in
2826 5617 2974 5682 calo,
3013 5626 3059 5671 et
3088 5617 3142 5670 in
3175 5625 3336 5670 terra.
3383 5617 3542 5674 Sicut

1957 5721 2008 5774 in
2033 5717 2184 5780 coelo,
2217 5717 2268 5773 id
2295 5726 2398 5780 cst,
2428 5716 2479 5770 in
2502 5713 2832 5786 angelis,qui
2859 5725 3131 5781 nunquam
3156 5721 3537 5780 peccaverunt,

1954 5820 2034 5869 cst
2066 5810 2310 5867 voluntas
2348 5820 2438 5865 tua
2470 5808 2628 5873 bona,
2668 5815 2723 5862 ct
2758 5806 2970 5862 illorum
2993 5802 3226 5860 cilicium
3285 5814 3532 5873 accepta-
