  <div class='ocr_page' id='page_1' title='image "/cluster/home/n/w/nwhite01/storage/ocr_20150623/101/hvd.32044054759683/639.png"; bbox 0 0 3914 6178; ppageno 0'>
   <div class='ocr_carea' id='block_1_1' title="bbox 409 367 546 423">
    <p class='ocr_par' dir='ltr' id='par_1_1' title="bbox 409 367 546 423">
     <span class='ocr_line' id='line_1_1' title="bbox 409 367 546 423; baseline -0.007 -1"><span class='ocrx_word' id='word_1_1' title='bbox 409 367 546 423; x_wconf 74' lang='grc'><strong>1-367</strong></span> 
     </span>
    </p>
   </div>
   <div class='ocr_carea' id='block_1_2' title="bbox 1250 362 2838 420">
    <p class='ocr_par' dir='ltr' id='par_1_2' title="bbox 1250 362 2838 420">
     <span class='ocr_line' id='line_1_2' title="bbox 1250 362 2838 420; baseline 0 -2"><span class='ocrx_word' id='word_1_2' title='bbox 1250 365 1310 419; x_wconf 88' lang='lat' dir='ltr'><strong>D.</strong></span> <span class='ocrx_word' id='word_1_3' title='bbox 1351 364 1412 418; x_wconf 86' lang='lat' dir='ltr'><strong>F.</strong></span> <span class='ocrx_word' id='word_1_4' title='bbox 1454 363 1678 420; x_wconf 80' lang='lat' dir='ltr'><strong>ALBINI</strong></span> <span class='ocrx_word' id='word_1_5' title='bbox 1720 363 1852 420; x_wconf 86' lang='lat' dir='ltr'><strong>SEU</strong></span> <span class='ocrx_word' id='word_1_6' title='bbox 1889 362 2167 420; x_wconf 72' lang='lat' dir='ltr'><strong>ALCUNI</strong></span> <span class='ocrx_word' id='word_1_7' title='bbox 2200 363 2487 420; x_wconf 76' lang='lat' dir='ltr'><strong>OPEltUM</strong></span> <span class='ocrx_word' id='word_1_8' title='bbox 2525 363 2706 418; x_wconf 75' lang='lat' dir='ltr'><strong>PARS</strong></span> <span class='ocrx_word' id='word_1_9' title='bbox 2745 363 2838 418; x_wconf 77' lang='lat' dir='ltr'><strong>IX.</strong></span> 
     </span>
    </p>
   </div>
   <div class='ocr_carea' id='block_1_3' title="bbox 3551 371 3687 425">
    <p class='ocr_par' dir='ltr' id='par_1_3' title="bbox 3551 371 3687 425">
     <span class='ocr_line' id='line_1_3' title="bbox 3551 371 3687 425; baseline 0.007 -1"><span class='ocrx_word' id='word_1_10' title='bbox 3551 372 3572 424; x_wconf 79' lang='lat' dir='ltr'><strong>l</strong></span> <span class='ocrx_word' id='word_1_11' title='bbox 3583 371 3687 425; x_wconf 66' lang='lat'><strong>&quot;263</strong></span> 
     </span>
    </p>
   </div>
   <div class='ocr_carea' id='block_1_4' title="bbox 404 478 3693 548">
    <p class='ocr_par' dir='ltr' id='par_1_4' title="bbox 404 478 3693 548">
     <span class='ocr_line' id='line_1_4' title="bbox 404 478 3693 548; baseline -0.001 -7"><span class='ocrx_word' id='word_1_12' title='bbox 404 485 514 543; x_wconf 80' lang='lat' dir='ltr'><strong>bile</strong></span> <span class='ocrx_word' id='word_1_13' title='bbox 539 484 736 540; x_wconf 85' lang='lat' dir='ltr'><strong>habes:</strong></span> <span class='ocrx_word' id='word_1_14' title='bbox 781 483 861 538; x_wconf 85' lang='lat' dir='ltr'><strong>sic</strong></span> <span class='ocrx_word' id='word_1_15' title='bbox 881 481 975 536; x_wconf 91' lang='lat' dir='ltr'><strong>ﬁat</strong></span> <span class='ocrx_word' id='word_1_16' title='bbox 1001 481 1248 538; x_wconf 86' lang='lat' dir='ltr'><strong>voluntas</strong></span> <span class='ocrx_word' id='word_1_17' title='bbox 1291 489 1382 536; x_wconf 87' lang='lat' dir='ltr'><strong>tua</strong></span> <span class='ocrx_word' id='word_1_18' title='bbox 1409 481 1548 536; x_wconf 88' lang='lat' dir='ltr'><strong>bona</strong></span> <span class='ocrx_word' id='word_1_19' title='bbox 1579 481 1631 540; x_wconf 90' lang='lat' dir='ltr'><strong>in</strong></span> <span class='ocrx_word' id='word_1_20' title='bbox 1681 479 1990 538; x_wconf 88' lang='lat' dir='ltr'><strong>hominibus</strong></span> <span class='ocrx_word' id='word_1_21' title='bbox 2021 487 2066 546; x_wconf 73' lang='grc' dir='ltr'><strong>Α</strong></span> <span class='ocrx_word' id='word_1_22' title='bbox 2096 480 2413 548; x_wconf 81' lang='lat' dir='ltr'><strong>sanguinem</strong></span> <span class='ocrx_word' id='word_1_23' title='bbox 2453 479 2666 536; x_wconf 86' lang='lat' dir='ltr'><strong>Domini</strong></span> <span class='ocrx_word' id='word_1_24' title='bbox 2712 480 3021 538; x_wconf 87' lang='lat' dir='ltr'><strong>sumeretis.</strong></span> <span class='ocrx_word' id='word_1_25' title='bbox 3077 478 3328 547; x_wconf 82' lang='lat' dir='ltr'><strong>Quaudiu</strong></span> <span class='ocrx_word' id='word_1_26' title='bbox 3383 497 3493 537; x_wconf 91' lang='lat' dir='ltr'><strong>non</strong></span> <span class='ocrx_word' id='word_1_27' title='bbox 3534 499 3693 540; x_wconf 86' lang='lat' dir='ltr'><strong>accc-</strong></span> 
     </span>
    </p>
   </div>
   <div class='ocr_carea' id='block_1_5' title="bbox 405 570 1988 642">
    <p class='ocr_par' dir='ltr' id='par_1_5' title="bbox 405 570 1988 642">
     <span class='ocr_line' id='line_1_5' title="bbox 405 570 1988 642; baseline -0.003 -10"><span class='ocrx_word' id='word_1_28' title='bbox 405 577 462 632; x_wconf 91' lang='lat' dir='ltr'><strong>in</strong></span> <span class='ocrx_word' id='word_1_29' title='bbox 487 583 654 638; x_wconf 90' lang='lat' dir='ltr'><strong>terra,</strong></span> <span class='ocrx_word' id='word_1_30' title='bbox 687 582 749 629; x_wconf 90' lang='lat' dir='ltr'><strong>ut</strong></span> <span class='ocrx_word' id='word_1_31' title='bbox 780 573 993 628; x_wconf 88' lang='lat' dir='ltr'><strong>illorum</strong></span> <span class='ocrx_word' id='word_1_32' title='bbox 1021 571 1303 630; x_wconf 77' lang='lat' dir='ltr'><strong>servitium</strong></span> <span class='ocrx_word' id='word_1_33' title='bbox 1339 570 1551 642; x_wconf 87' lang='lat' dir='ltr'><strong>placeat</strong></span> <span class='ocrx_word' id='word_1_34' title='bbox 1571 571 1688 630; x_wconf 89' lang='lat' dir='ltr'><strong>tibi.</strong></span> <span class='ocrx_word' id='word_1_35' title='bbox 1717 607 1731 618; x_wconf 83' lang='lat'><strong>.</strong></span> <span class='ocrx_word' id='word_1_36' title='bbox 1758 570 1855 626; x_wconf 86' lang='lat' dir='ltr'><strong>Vel</strong></span> <span class='ocrx_word' id='word_1_37' title='bbox 1889 570 1988 628; x_wconf 89' lang='lat' dir='ltr'><strong>ali-</strong></span> 
     </span>
    </p>
   </div>
   <div class='ocr_carea' id='block_1_6' title="bbox 407 657 1988 737">
    <p class='ocr_par' dir='ltr' id='par_1_6' title="bbox 407 657 1988 737">
     <span class='ocr_line' id='line_1_6' title="bbox 407 657 1988 737; baseline -0.003 -15"><span class='ocrx_word' id='word_1_38' title='bbox 407 678 519 722; x_wconf 88' lang='lat' dir='ltr'><strong>ter:</strong></span> <span class='ocrx_word' id='word_1_39' title='bbox 557 666 716 737; x_wconf 81' lang='lat'><strong>507</strong></span> <span class='ocrx_word' id='word_1_40' title='bbox 775 664 879 719; x_wconf 87' lang='lat' dir='ltr'><strong>Per</strong></span> <span class='ocrx_word' id='word_1_41' title='bbox 914 662 1113 720; x_wconf 68' lang='lat' dir='ltr'><strong>cadum</strong></span> <span class='ocrx_word' id='word_1_42' title='bbox 1165 661 1487 733; x_wconf 77' lang='lat' dir='ltr'><strong>intelligitur</strong></span> <span class='ocrx_word' id='word_1_43' title='bbox 1519 661 1781 716; x_wconf 82' lang='lat' dir='ltr'><strong>Dominus</strong></span> <span class='ocrx_word' id='word_1_44' title='bbox 1828 657 1988 718; x_wconf 77' lang='lat' dir='ltr'><strong>Jesus</strong></span> 
     </span>
    </p>
   </div>
   <div class='ocr_carea' id='block_1_7' title="bbox 402 750 1987 828">
    <p class='ocr_par' dir='ltr' id='par_1_7' title="bbox 402 750 1987 828">
     <span class='ocr_line' id='line_1_7' title="bbox 402 750 1987 828; baseline -0.003 -15"><span class='ocrx_word' id='word_1_45' title='bbox 402 755 672 822; x_wconf 85' lang='lat' dir='ltr'><strong>Christus,</strong></span> <span class='ocrx_word' id='word_1_46' title='bbox 711 770 808 828; x_wconf 85' lang='lat' dir='ltr'><strong>per</strong></span> <span class='ocrx_word' id='word_1_47' title='bbox 839 764 1042 810; x_wconf 88' lang='lat' dir='ltr'><strong>terram</strong></span> <span class='ocrx_word' id='word_1_48' title='bbox 1066 760 1252 809; x_wconf 89' lang='lat' dir='ltr'><strong>sancta</strong></span> <span class='ocrx_word' id='word_1_49' title='bbox 1275 751 1538 807; x_wconf 79' lang='lat' dir='ltr'><strong>Ecclesia.</strong></span> <span class='ocrx_word' id='word_1_50' title='bbox 1591 750 1828 818; x_wconf 85' lang='lat' dir='ltr'><strong>Scimus,</strong></span> <span class='ocrx_word' id='word_1_51' title='bbox 1860 752 1987 822; x_wconf 83' lang='lat' dir='ltr'><strong>quia</strong></span> 
     </span>
    </p>
   </div>
   <div class='ocr_carea' id='block_1_8' title="bbox 402 842 1987 910">
    <p class='ocr_par' dir='ltr' id='par_1_8' title="bbox 402 842 1987 910">
     <span class='ocr_line' id='line_1_8' title="bbox 402 842 1987 910; baseline -0.004 -5"><span class='ocrx_word' id='word_1_52' title='bbox 402 850 548 905; x_wconf 86' lang='lat' dir='ltr'><strong>sicut</strong></span> <span class='ocrx_word' id='word_1_53' title='bbox 594 849 679 904; x_wconf 84' lang='lat' dir='ltr'><strong>vir</strong></span> <span class='ocrx_word' id='word_1_54' title='bbox 717 864 750 904; x_wconf 90' lang='lat' dir='ltr'><strong>a</strong></span> <span class='ocrx_word' id='word_1_55' title='bbox 782 847 1027 910; x_wconf 86' lang='lat' dir='ltr'><strong>muliere,</strong></span> <span class='ocrx_word' id='word_1_56' title='bbox 1067 845 1146 900; x_wconf 87' lang='lat' dir='ltr'><strong>sic</strong></span> <span class='ocrx_word' id='word_1_57' title='bbox 1191 843 1387 899; x_wconf 78' lang='lat' dir='ltr'><strong>cmlum</strong></span> <span class='ocrx_word' id='word_1_58' title='bbox 1433 852 1572 898; x_wconf 90' lang='lat' dir='ltr'><strong>esta</strong></span> <span class='ocrx_word' id='word_1_59' title='bbox 1623 852 1770 900; x_wconf 87' lang='lat' dir='ltr'><strong>terra</strong></span> <span class='ocrx_word' id='word_1_60' title='bbox 1801 855 1850 897; x_wconf 78' lang='grc' dir='ltr'><strong>ι.</strong></span> <span class='ocrx_word' id='word_1_61' title='bbox 1905 842 1987 898; x_wconf 87' lang='lat' dir='ltr'><strong>Ab</strong></span> 
     </span>
    </p>
   </div>
   <div class='ocr_carea' id='block_1_9' title="bbox 403 935 1990 1012">
    <p class='ocr_par' dir='ltr' id='par_1_9' title="bbox 403 935 1990 1012">
     <span class='ocr_line' id='line_1_9' title="bbox 403 935 1990 1012; baseline -0.005 -14"><span class='ocrx_word' id='word_1_62' title='bbox 403 943 520 1012; x_wconf 88' lang='lat' dir='ltr'><strong>ipso</strong></span> <span class='ocrx_word' id='word_1_63' title='bbox 545 941 744 1012; x_wconf 85' lang='lat' dir='ltr'><strong>accipit</strong></span> <span class='ocrx_word' id='word_1_64' title='bbox 777 953 994 996; x_wconf 91' lang='lat' dir='ltr'><strong>omnem</strong></span> <span class='ocrx_word' id='word_1_65' title='bbox 1041 935 1374 991; x_wconf 82' lang='lat' dir='ltr'><strong>ubertatem:</strong></span> <span class='ocrx_word' id='word_1_66' title='bbox 1431 935 1512 990; x_wconf 91' lang='lat' dir='ltr'><strong>sic</strong></span> <span class='ocrx_word' id='word_1_67' title='bbox 1557 941 1612 990; x_wconf 91' lang='lat' dir='ltr'><strong>et</strong></span> <span class='ocrx_word' id='word_1_68' title='bbox 1670 945 1857 991; x_wconf 84' lang='lat' dir='ltr'><strong>sancta</strong></span> <span class='ocrx_word' id='word_1_69' title='bbox 1884 935 1990 990; x_wconf 52' lang='lat' dir='ltr'><strong>Ec-</strong></span> 
     </span>
    </p>
   </div>
   <div class='ocr_carea' id='block_1_10' title="bbox 402 1029 1989 1104">
    <p class='ocr_par' dir='ltr' id='par_1_10' title="bbox 402 1029 1989 1104">
     <span class='ocr_line' id='line_1_10' title="bbox 402 1029 1989 1104; baseline -0.004 -14"><span class='ocrx_word' id='word_1_70' title='bbox 402 1035 568 1090; x_wconf 88' lang='lat' dir='ltr'><strong>clesia</strong></span> <span class='ocrx_word' id='word_1_71' title='bbox 607 1033 866 1104; x_wconf 83' lang='lat' dir='ltr'><strong>quidquid</strong></span> <span class='ocrx_word' id='word_1_72' title='bbox 894 1031 1021 1086; x_wconf 91' lang='lat' dir='ltr'><strong>boni</strong></span> <span class='ocrx_word' id='word_1_73' title='bbox 1049 1029 1235 1094; x_wconf 86' lang='lat' dir='ltr'><strong>habet,</strong></span> <span class='ocrx_word' id='word_1_74' title='bbox 1269 1046 1301 1086; x_wconf 93' lang='lat' dir='ltr'><strong>a</strong></span> <span class='ocrx_word' id='word_1_75' title='bbox 1345 1030 1464 1086; x_wconf 90' lang='lat' dir='ltr'><strong>viro</strong></span> <span class='ocrx_word' id='word_1_76' title='bbox 1493 1044 1590 1085; x_wconf 90' lang='lat' dir='ltr'><strong>suo</strong></span> <span class='ocrx_word' id='word_1_77' title='bbox 1620 1029 1835 1085; x_wconf 81' lang='lat' dir='ltr'><strong>Christo</strong></span> <span class='ocrx_word' id='word_1_78' title='bbox 1867 1046 1989 1100; x_wconf 89' lang='lat' dir='ltr'><strong>per-</strong></span> 
     </span>
    </p>
   </div>
   <div class='ocr_carea' id='block_1_11' title="bbox 402 1118 1987 1195">
    <p class='ocr_par' dir='ltr' id='par_1_11' title="bbox 402 1118 1987 1195">
     <span class='ocr_line' id='line_1_11' title="bbox 402 1118 1987 1195; baseline -0.002 -17"><span class='ocrx_word' id='word_1_79' title='bbox 402 1125 554 1195; x_wconf 84' lang='lat' dir='ltr'><strong>cipit,</strong></span> <span class='ocrx_word' id='word_1_80' title='bbox 578 1123 733 1195; x_wconf 79' lang='lat' dir='ltr'><strong>juxta</strong></span> <span class='ocrx_word' id='word_1_81' title='bbox 759 1122 901 1193; x_wconf 89' lang='lat' dir='ltr'><strong>quod</strong></span> <span class='ocrx_word' id='word_1_82' title='bbox 931 1123 1195 1192; x_wconf 89' lang='lat' dir='ltr'><strong>scriptum</strong></span> <span class='ocrx_word' id='word_1_83' title='bbox 1249 1129 1360 1182; x_wconf 83' lang='lat' dir='ltr'><strong>est:</strong></span> <span class='ocrx_word' id='word_1_84' title='bbox 1408 1118 1574 1176; x_wconf 87' lang='lat' dir='ltr'><strong>Omne</strong></span> <span class='ocrx_word' id='word_1_85' title='bbox 1625 1121 1808 1176; x_wconf 87' lang='lat' dir='ltr'><strong>datum</strong></span> <span class='ocrx_word' id='word_1_86' title='bbox 1851 1122 1987 1190; x_wconf 85' lang='lat' dir='ltr'><strong>opti-</strong></span> 
     </span>
    </p>
   </div>
   <div class='ocr_carea' id='block_1_12' title="bbox 387 1212 1983 1290">
    <p class='ocr_par' dir='ltr' id='par_1_12' title="bbox 387 1212 1983 1290">
     <span class='ocr_line' id='line_1_12' title="bbox 387 1212 1983 1290; baseline -0.004 -18"><span class='ocrx_word' id='word_1_87' title='bbox 387 1235 566 1290; x_wconf 79' lang='lat' dir='ltr'><strong>mum,</strong></span> <span class='ocrx_word' id='word_1_88' title='bbox 598 1226 646 1271; x_wconf 86' lang='lat' dir='ltr'><strong>et</strong></span> <span class='ocrx_word' id='word_1_89' title='bbox 675 1233 824 1270; x_wconf 87' lang='lat' dir='ltr'><strong>omne</strong></span> <span class='ocrx_word' id='word_1_90' title='bbox 849 1215 1048 1270; x_wconf 85' lang='lat' dir='ltr'><strong>donum</strong></span> <span class='ocrx_word' id='word_1_91' title='bbox 1080 1214 1391 1287; x_wconf 77' lang='lat' dir='ltr'><strong>perfectum,</strong></span> <span class='ocrx_word' id='word_1_92' title='bbox 1417 1212 1692 1268; x_wconf 76' lang='lat' dir='ltr'><strong>desursum</strong></span> <span class='ocrx_word' id='word_1_93' title='bbox 1712 1223 1786 1268; x_wconf 86' lang='lat' dir='ltr'><strong>est</strong></span> <span class='ocrx_word' id='word_1_94' title='bbox 1841 1212 1983 1284; x_wconf 85' lang='lat' dir='ltr'><strong>(Jac.</strong></span> 
     </span>
    </p>
   </div>
   <div class='ocr_carea' id='block_1_13' title="bbox 397 1306 1989 1384">
    <p class='ocr_par' dir='ltr' id='par_1_13' title="bbox 397 1306 1989 1384">
     <span class='ocr_line' id='line_1_13' title="bbox 397 1306 1989 1384; baseline -0.005 -15"><span class='ocrx_word' id='word_1_95' title='bbox 397 1329 438 1378; x_wconf 85' lang='grc' dir='ltr'><strong>ι,</strong></span> <span class='ocrx_word' id='word_1_96' title='bbox 473 1311 583 1384; x_wconf 81' lang='lat' dir='ltr'><strong>l7).</strong></span> <span class='ocrx_word' id='word_1_97' title='bbox 625 1309 752 1366; x_wconf 86' lang='lat' dir='ltr'><strong>Fiat</strong></span> <span class='ocrx_word' id='word_1_98' title='bbox 779 1309 1040 1365; x_wconf 77' lang='lat' dir='ltr'><strong>voluntas.</strong></span> <span class='ocrx_word' id='word_1_99' title='bbox 1088 1307 1171 1366; x_wconf 79' lang='lat' dir='ltr'><strong>Ad</strong></span> <span class='ocrx_word' id='word_1_100' title='bbox 1196 1307 1368 1364; x_wconf 89' lang='lat' dir='ltr'><strong>Deum</strong></span> <span class='ocrx_word' id='word_1_101' title='bbox 1397 1307 1616 1363; x_wconf 86' lang='lat' dir='ltr'><strong>Patrem</strong></span> <span class='ocrx_word' id='word_1_102' title='bbox 1634 1307 1851 1363; x_wconf 90' lang='lat' dir='ltr'><strong>dicitur.</strong></span> <span class='ocrx_word' id='word_1_103' title='bbox 1903 1306 1989 1362; x_wconf 87' lang='lat' dir='ltr'><strong>Si-</strong></span> 
     </span>
    </p>
   </div>
   <div class='ocr_carea' id='block_1_14' title="bbox 397 1402 1985 1471">
    <p class='ocr_par' dir='ltr' id='par_1_14' title="bbox 397 1402 1985 1471">
     <span class='ocr_line' id='line_1_14' title="bbox 397 1402 1985 1471; baseline -0.004 -8"><span class='ocrx_word' id='word_1_104' title='bbox 397 1414 494 1463; x_wconf 97' lang='lat' dir='ltr'><strong>cut</strong></span> <span class='ocrx_word' id='word_1_105' title='bbox 532 1414 618 1462; x_wconf 88' lang='lat' dir='ltr'><strong>est</strong></span> <span class='ocrx_word' id='word_1_106' title='bbox 664 1404 914 1460; x_wconf 88' lang='lat' dir='ltr'><strong>voluntas</strong></span> <span class='ocrx_word' id='word_1_107' title='bbox 951 1413 1042 1459; x_wconf 87' lang='lat' dir='ltr'><strong>tua</strong></span> <span class='ocrx_word' id='word_1_108' title='bbox 1078 1403 1131 1458; x_wconf 90' lang='lat' dir='ltr'><strong>in</strong></span> <span class='ocrx_word' id='word_1_109' title='bbox 1171 1403 1310 1463; x_wconf 69' lang='lat' dir='ltr'><strong>c0310</strong></span> <span class='ocrx_word' id='word_1_110' title='bbox 1341 1445 1356 1471; x_wconf 90' lang='lat'><strong>,</strong></span> <span class='ocrx_word' id='word_1_111' title='bbox 1412 1403 1463 1458; x_wconf 93' lang='lat' dir='ltr'><strong>id</strong></span> <span class='ocrx_word' id='word_1_112' title='bbox 1507 1411 1592 1459; x_wconf 89' lang='lat' dir='ltr'><strong>est</strong></span> <span class='ocrx_word' id='word_1_113' title='bbox 1648 1403 1704 1457; x_wconf 92' lang='lat' dir='ltr'><strong>in</strong></span> <span class='ocrx_word' id='word_1_114' title='bbox 1747 1402 1985 1466; x_wconf 82' lang='lat' dir='ltr'><strong>Christo,</strong></span> 
     </span>
    </p>
   </div>
   <div class='ocr_carea' id='block_1_15' title="bbox 398 1494 1988 1567">
    <p class='ocr_par' dir='ltr' id='par_1_15' title="bbox 398 1494 1988 1567">
     <span class='ocr_line' id='line_1_15' title="bbox 398 1494 1988 1567; baseline -0.002 -16"><span class='ocrx_word' id='word_1_115' title='bbox 398 1497 473 1552; x_wconf 90' lang='lat' dir='ltr'><strong>ita</strong></span> <span class='ocrx_word' id='word_1_116' title='bbox 497 1495 591 1552; x_wconf 88' lang='lat' dir='ltr'><strong>ﬁat</strong></span> <span class='ocrx_word' id='word_1_117' title='bbox 613 1497 667 1552; x_wconf 93' lang='lat' dir='ltr'><strong>in</strong></span> <span class='ocrx_word' id='word_1_118' title='bbox 705 1504 870 1563; x_wconf 88' lang='lat' dir='ltr'><strong>terra,</strong></span> <span class='ocrx_word' id='word_1_119' title='bbox 927 1496 979 1551; x_wconf 88' lang='lat' dir='ltr'><strong>id</strong></span> <span class='ocrx_word' id='word_1_120' title='bbox 1016 1502 1120 1562; x_wconf 88' lang='lat' dir='ltr'><strong>est,</strong></span> <span class='ocrx_word' id='word_1_121' title='bbox 1176 1495 1230 1551; x_wconf 89' lang='lat' dir='ltr'><strong>in</strong></span> <span class='ocrx_word' id='word_1_122' title='bbox 1260 1494 1524 1562; x_wconf 86' lang='lat' dir='ltr'><strong>Ecclesia,</strong></span> <span class='ocrx_word' id='word_1_123' title='bbox 1599 1511 1718 1567; x_wconf 74' lang='lat' dir='ltr'><strong>qua:</strong></span> <span class='ocrx_word' id='word_1_124' title='bbox 1753 1503 1837 1550; x_wconf 90' lang='lat' dir='ltr'><strong>est</strong></span> <span class='ocrx_word' id='word_1_125' title='bbox 1868 1509 1988 1550; x_wconf 83' lang='lat' dir='ltr'><strong>cor-</strong></span> 
     </span>
    </p>
   </div>
   <div class='ocr_carea' id='block_1_16' title="bbox 396 1586 1986 1658">
    <p class='ocr_par' dir='ltr' id='par_1_16' title="bbox 396 1586 1986 1658">
     <span class='ocr_line' id='line_1_16' title="bbox 396 1586 1986 1658; baseline -0.001 -17"><span class='ocrx_word' id='word_1_126' title='bbox 396 1603 498 1657; x_wconf 91' lang='lat' dir='ltr'><strong>pus</strong></span> <span class='ocrx_word' id='word_1_127' title='bbox 527 1587 664 1658; x_wconf 83' lang='lat' dir='ltr'><strong>ejus.</strong></span> <span class='ocrx_word' id='word_1_128' title='bbox 731 1588 849 1652; x_wconf 90' lang='lat' dir='ltr'><strong>Vel,</strong></span> <span class='ocrx_word' id='word_1_129' title='bbox 901 1587 1044 1642; x_wconf 87' lang='lat' dir='ltr'><strong>sicut</strong></span> <span class='ocrx_word' id='word_1_130' title='bbox 1078 1595 1167 1642; x_wconf 89' lang='lat' dir='ltr'><strong>est</strong></span> <span class='ocrx_word' id='word_1_131' title='bbox 1201 1587 1451 1642; x_wconf 82' lang='lat' dir='ltr'><strong>voluntas</strong></span> <span class='ocrx_word' id='word_1_132' title='bbox 1506 1595 1594 1643; x_wconf 86' lang='lat' dir='ltr'><strong>tua</strong></span> <span class='ocrx_word' id='word_1_133' title='bbox 1644 1587 1697 1642; x_wconf 92' lang='lat' dir='ltr'><strong>in</strong></span> <span class='ocrx_word' id='word_1_134' title='bbox 1725 1586 1890 1652; x_wconf 77' lang='lat' dir='ltr'><strong>ccelo,</strong></span> <span class='ocrx_word' id='word_1_135' title='bbox 1934 1586 1986 1641; x_wconf 94' lang='lat' dir='ltr'><strong>id</strong></span> 
     </span>
    </p>
   </div>
   <div class='ocr_carea' id='block_1_17' title="bbox 397 1674 1984 1744">
    <p class='ocr_par' dir='ltr' id='par_1_17' title="bbox 397 1674 1984 1744">
     <span class='ocr_line' id='line_1_17' title="bbox 397 1674 1984 1744; baseline -0.001 -11"><span class='ocrx_word' id='word_1_136' title='bbox 397 1686 500 1743; x_wconf 85' lang='lat' dir='ltr'><strong>est,</strong></span> <span class='ocrx_word' id='word_1_137' title='bbox 535 1678 588 1732; x_wconf 91' lang='lat' dir='ltr'><strong>in</strong></span> <span class='ocrx_word' id='word_1_138' title='bbox 627 1674 1132 1744; x_wconf 81' lang='lat' dir='ltr'><strong>hominibusjustis,</strong></span> <span class='ocrx_word' id='word_1_139' title='bbox 1166 1677 1240 1731; x_wconf 89' lang='lat' dir='ltr'><strong>ita</strong></span> <span class='ocrx_word' id='word_1_140' title='bbox 1263 1676 1359 1732; x_wconf 91' lang='lat' dir='ltr'><strong>ﬁat</strong></span> <span class='ocrx_word' id='word_1_141' title='bbox 1387 1677 1440 1732; x_wconf 94' lang='lat' dir='ltr'><strong>in</strong></span> <span class='ocrx_word' id='word_1_142' title='bbox 1473 1686 1635 1740; x_wconf 90' lang='lat' dir='ltr'><strong>terra,</strong></span> <span class='ocrx_word' id='word_1_143' title='bbox 1670 1677 1723 1733; x_wconf 93' lang='lat' dir='ltr'><strong>id</strong></span> <span class='ocrx_word' id='word_1_144' title='bbox 1764 1685 1868 1740; x_wconf 89' lang='lat' dir='ltr'><strong>est,</strong></span> <span class='ocrx_word' id='word_1_145' title='bbox 1931 1676 1984 1732; x_wconf 89' lang='lat' dir='ltr'><strong>in</strong></span> 
     </span>
    </p>
   </div>
   <div class='ocr_carea' id='block_1_18' title="bbox 395 1768 1984 1840">
    <p class='ocr_par' dir='ltr' id='par_1_18' title="bbox 395 1768 1984 1840">
     <span class='ocr_line' id='line_1_18' title="bbox 395 1768 1984 1840; baseline -0.001 -15"><span class='ocrx_word' id='word_1_146' title='bbox 395 1769 791 1838; x_wconf 82' lang='lat' dir='ltr'><strong>peccatoribus,</strong></span> <span class='ocrx_word' id='word_1_147' title='bbox 824 1777 884 1824; x_wconf 89' lang='lat' dir='ltr'><strong>ut</strong></span> <span class='ocrx_word' id='word_1_148' title='bbox 910 1768 1010 1839; x_wconf 90' lang='lat' dir='ltr'><strong>ipsi</strong></span> <span class='ocrx_word' id='word_1_149' title='bbox 1041 1769 1258 1824; x_wconf 84' lang='lat' dir='ltr'><strong>valeant</strong></span> <span class='ocrx_word' id='word_1_150' title='bbox 1310 1769 1410 1826; x_wconf 90' lang='lat' dir='ltr'><strong>tibi</strong></span> <span class='ocrx_word' id='word_1_151' title='bbox 1433 1769 1644 1840; x_wconf 85' lang='lat' dir='ltr'><strong>placere</strong></span> <span class='ocrx_word' id='word_1_152' title='bbox 1669 1783 1767 1840; x_wconf 90' lang='lat' dir='ltr'><strong>per</strong></span> <span class='ocrx_word' id='word_1_153' title='bbox 1806 1769 1984 1840; x_wconf 79' lang='lat' dir='ltr'><strong>poeni-</strong></span> 
     </span>
    </p>
   </div>
   <div class='ocr_carea' id='block_1_19' title="bbox 2091 570 3691 640">
    <p class='ocr_par' dir='ltr' id='par_1_19' title="bbox 2091 570 3691 640">
     <span class='ocr_line' id='line_1_19' title="bbox 2091 570 3691 640; baseline 0.002 -14"><span class='ocrx_word' id='word_1_154' title='bbox 2091 570 2238 636; x_wconf 90' lang='lat' dir='ltr'><strong>ditis,</strong></span> <span class='ocrx_word' id='word_1_155' title='bbox 2267 587 2374 628; x_wconf 92' lang='lat' dir='ltr'><strong>non</strong></span> <span class='ocrx_word' id='word_1_156' title='bbox 2412 571 2544 626; x_wconf 86' lang='lat' dir='ltr'><strong>mihi</strong></span> <span class='ocrx_word' id='word_1_157' title='bbox 2582 570 2781 640; x_wconf 84' lang='lat' dir='ltr'><strong>placet.</strong></span> <span class='ocrx_word' id='word_1_158' title='bbox 2831 571 3088 627; x_wconf 84' lang='lat' dir='ltr'><strong>Dicamus</strong></span> <span class='ocrx_word' id='word_1_159' title='bbox 3122 571 3282 628; x_wconf 78' lang='lat' dir='ltr'><strong>aliter</strong></span> <span class='ocrx_word' id='word_1_160' title='bbox 3315 591 3328 627; x_wconf 92' lang='lat'><strong>:</strong></span> <span class='ocrx_word' id='word_1_161' title='bbox 3364 570 3570 629; x_wconf 80' lang='lat' dir='ltr'><strong>Panem</strong></span> <span class='ocrx_word' id='word_1_162' title='bbox 3597 593 3691 628; x_wconf 84' lang='lat' dir='ltr'><strong>no-</strong></span> 
     </span>
    </p>
   </div>
   <div class='ocr_carea' id='block_1_20' title="bbox 2089 663 3694 736">
    <p class='ocr_par' dir='ltr' id='par_1_20' title="bbox 2089 663 3694 736">
     <span class='ocr_line' id='line_1_20' title="bbox 2089 663 3694 736; baseline 0.003 -18"><span class='ocrx_word' id='word_1_163' title='bbox 2089 673 2258 720; x_wconf 88' lang='lat' dir='ltr'><strong>strum</strong></span> <span class='ocrx_word' id='word_1_164' title='bbox 2277 664 2664 736; x_wconf 79' lang='lat' dir='ltr'><strong>quotidianum.</strong></span> <span class='ocrx_word' id='word_1_165' title='bbox 2683 663 2790 719; x_wconf 88' lang='lat' dir='ltr'><strong>Per</strong></span> <span class='ocrx_word' id='word_1_166' title='bbox 2808 680 3006 734; x_wconf 85' lang='lat' dir='ltr'><strong>panem</strong></span> <span class='ocrx_word' id='word_1_167' title='bbox 3025 680 3315 736; x_wconf 82' lang='lat' dir='ltr'><strong>possumus</strong></span> <span class='ocrx_word' id='word_1_168' title='bbox 3340 666 3594 735; x_wconf 88' lang='lat' dir='ltr'><strong>accipere</strong></span> <span class='ocrx_word' id='word_1_169' title='bbox 3618 669 3694 723; x_wconf 86' lang='lat' dir='ltr'><strong>di-</strong></span> 
     </span>
    </p>
   </div>
   <div class='ocr_carea' id='block_1_21' title="bbox 2091 757 3691 829">
    <p class='ocr_par' dir='ltr' id='par_1_21' title="bbox 2091 757 3691 829">
     <span class='ocr_line' id='line_1_21' title="bbox 2091 757 3691 829; baseline 0.003 -19"><span class='ocrx_word' id='word_1_170' title='bbox 2091 757 2214 812; x_wconf 86' lang='lat' dir='ltr'><strong>vina</strong></span> <span class='ocrx_word' id='word_1_171' title='bbox 2289 757 2535 826; x_wconf 88' lang='lat' dir='ltr'><strong>eloquia,</strong></span> <span class='ocrx_word' id='word_1_172' title='bbox 2610 757 2894 812; x_wconf 84' lang='lat' dir='ltr'><strong>scientiam</strong></span> <span class='ocrx_word' id='word_1_173' title='bbox 2953 757 3089 828; x_wconf 86' lang='lat' dir='ltr'><strong>legis</strong></span> <span class='ocrx_word' id='word_1_174' title='bbox 3153 767 3210 813; x_wconf 90' lang='lat' dir='ltr'><strong>et</strong></span> <span class='ocrx_word' id='word_1_175' title='bbox 3259 757 3691 829; x_wconf 84' lang='lat' dir='ltr'><strong>Prophetarum,</strong></span> 
     </span>
    </p>
   </div>
   <div class='ocr_carea' id='block_1_22' title="bbox 2088 845 3692 921">
    <p class='ocr_par' dir='ltr' id='par_1_22' title="bbox 2088 845 3692 921">
     <span class='ocr_line' id='line_1_22' title="bbox 2088 845 3692 921; baseline 0 -16"><span class='ocrx_word' id='word_1_176' title='bbox 2088 847 2432 906; x_wconf 87' lang='lat' dir='ltr'><strong>Psalmorum</strong></span> <span class='ocrx_word' id='word_1_177' title='bbox 2457 857 2511 903; x_wconf 89' lang='lat' dir='ltr'><strong>et</strong></span> <span class='ocrx_word' id='word_1_178' title='bbox 2522 847 2821 919; x_wconf 78' lang='lat' dir='ltr'><strong>Evangelii.</strong></span> <span class='ocrx_word' id='word_1_179' title='bbox 2841 845 3043 903; x_wconf 84' lang='lat' dir='ltr'><strong>Panem</strong></span> <span class='ocrx_word' id='word_1_180' title='bbox 3059 859 3296 903; x_wconf 84' lang='lat' dir='ltr'><strong>nostrum</strong></span> <span class='ocrx_word' id='word_1_181' title='bbox 3320 850 3692 921; x_wconf 71' lang='lat' dir='ltr'><strong>quotidianum</strong></span> 
     </span>
    </p>
   </div>
   <div class='ocr_carea' id='block_1_23' title="bbox 2089 939 3693 1012">
    <p class='ocr_par' dir='ltr' id='par_1_23' title="bbox 2089 939 3693 1012">
     <span class='ocr_line' id='line_1_23' title="bbox 2089 939 3693 1012; baseline 0.003 -17"><span class='ocrx_word' id='word_1_182' title='bbox 2089 941 2162 995; x_wconf 86' lang='lat' dir='ltr'><strong>da</strong></span> <span class='ocrx_word' id='word_1_183' title='bbox 2183 940 2330 996; x_wconf 76' lang='lat' dir='ltr'><strong>nobis</strong></span> <span class='ocrx_word' id='word_1_184' title='bbox 2352 939 2527 1006; x_wconf 85' lang='lat' dir='ltr'><strong>hodie,</strong></span> <span class='ocrx_word' id='word_1_185' title='bbox 2571 940 2624 994; x_wconf 91' lang='lat' dir='ltr'><strong>id</strong></span> <span class='ocrx_word' id='word_1_186' title='bbox 2649 948 2769 1004; x_wconf 88' lang='lat' dir='ltr'><strong>est,</strong></span> <span class='ocrx_word' id='word_1_187' title='bbox 2814 941 2870 996; x_wconf 90' lang='lat' dir='ltr'><strong>in</strong></span> <span class='ocrx_word' id='word_1_188' title='bbox 2901 941 3050 996; x_wconf 89' lang='lat' dir='ltr'><strong>omni</strong></span> <span class='ocrx_word' id='word_1_189' title='bbox 3077 950 3319 1012; x_wconf 81' lang='lat' dir='ltr'><strong>tempore</strong></span> <span class='ocrx_word' id='word_1_190' title='bbox 3340 941 3470 998; x_wconf 71' lang='lat' dir='ltr'><strong>vita:</strong></span> <span class='ocrx_word' id='word_1_191' title='bbox 3492 952 3693 1000; x_wconf 67' lang='lat' dir='ltr'><strong>nostra</strong></span> 
     </span>
    </p>
   </div>
   <div class='ocr_carea' id='block_1_24' title="bbox 2089 1031 3689 1105">
    <p class='ocr_par' dir='ltr' id='par_1_24' title="bbox 2089 1031 3689 1105">
     <span class='ocr_line' id='line_1_24' title="bbox 2089 1031 3689 1105; baseline 0.002 -18"><span class='ocrx_word' id='word_1_192' title='bbox 2089 1033 2253 1088; x_wconf 87' lang='lat' dir='ltr'><strong>reﬁce</strong></span> <span class='ocrx_word' id='word_1_193' title='bbox 2278 1049 2376 1089; x_wconf 89' lang='lat' dir='ltr'><strong>nos</strong></span> <span class='ocrx_word' id='word_1_194' title='bbox 2417 1033 2661 1088; x_wconf 87' lang='lat' dir='ltr'><strong>doctrina</strong></span> <span class='ocrx_word' id='word_1_195' title='bbox 2703 1043 3014 1088; x_wconf 85' lang='lat' dir='ltr'><strong>sanctarum</strong></span> <span class='ocrx_word' id='word_1_196' title='bbox 3063 1031 3496 1103; x_wconf 87' lang='lat' dir='ltr'><strong>Scripturarum,</strong></span> <span class='ocrx_word' id='word_1_197' title='bbox 3547 1037 3689 1105; x_wconf 84' lang='lat' dir='ltr'><strong>qod</strong></span> 
     </span>
    </p>
   </div>
   <div class='ocr_carea' id='block_1_25' title="bbox 2089 1125 3687 1197">
    <p class='ocr_par' dir='ltr' id='par_1_25' title="bbox 2089 1125 3687 1197">
     <span class='ocr_line' id='line_1_25' title="bbox 2089 1125 3687 1197; baseline 0.001 -16"><span class='ocrx_word' id='word_1_198' title='bbox 2089 1127 2233 1182; x_wconf 88' lang='lat' dir='ltr'><strong>sicut</strong></span> <span class='ocrx_word' id='word_1_199' title='bbox 2282 1141 2546 1197; x_wconf 88' lang='lat' dir='ltr'><strong>corporeo</strong></span> <span class='ocrx_word' id='word_1_200' title='bbox 2589 1126 2713 1180; x_wconf 90' lang='lat' dir='ltr'><strong>cibo</strong></span> <span class='ocrx_word' id='word_1_201' title='bbox 2754 1125 3004 1181; x_wconf 89' lang='lat' dir='ltr'><strong>reﬁcitur</strong></span> <span class='ocrx_word' id='word_1_202' title='bbox 3050 1141 3271 1197; x_wconf 88' lang='lat' dir='ltr'><strong>corpus,</strong></span> <span class='ocrx_word' id='word_1_203' title='bbox 3309 1127 3390 1181; x_wconf 91' lang='lat' dir='ltr'><strong>sic</strong></span> <span class='ocrx_word' id='word_1_204' title='bbox 3419 1128 3687 1197; x_wconf 80' lang='lat' dir='ltr'><strong>spirituali</strong></span> 
     </span>
    </p>
   </div>
   <div class='ocr_carea' id='block_1_26' title="bbox 2089 1217 3684 1290">
    <p class='ocr_par' dir='ltr' id='par_1_26' title="bbox 2089 1217 3684 1290">
     <span class='ocr_line' id='line_1_26' title="bbox 2089 1217 3684 1290; baseline 0.001 -18"><span class='ocrx_word' id='word_1_205' title='bbox 2089 1217 2210 1274; x_wconf 92' lang='lat' dir='ltr'><strong>cibo</strong></span> <span class='ocrx_word' id='word_1_206' title='bbox 2238 1217 2482 1273; x_wconf 87' lang='lat' dir='ltr'><strong>reﬁcitur</strong></span> <span class='ocrx_word' id='word_1_207' title='bbox 2498 1219 2678 1274; x_wconf 89' lang='lat' dir='ltr'><strong>anima</strong></span> <span class='ocrx_word' id='word_1_208' title='bbox 2711 1217 2780 1272; x_wconf 90' lang='lat' dir='ltr'><strong>ad</strong></span> <span class='ocrx_word' id='word_1_209' title='bbox 2804 1233 3046 1273; x_wconf 90' lang='lat' dir='ltr'><strong>amorem</strong></span> <span class='ocrx_word' id='word_1_210' title='bbox 3075 1226 3131 1272; x_wconf 90' lang='lat' dir='ltr'><strong>et</strong></span> <span class='ocrx_word' id='word_1_211' title='bbox 3151 1218 3488 1290; x_wconf 82' lang='lat' dir='ltr'><strong>agnitionem</strong></span> <span class='ocrx_word' id='word_1_212' title='bbox 3523 1219 3684 1274; x_wconf 84' lang='lat' dir='ltr'><strong>illius.</strong></span> 
     </span>
    </p>
   </div>
   <div class='ocr_carea' id='block_1_27' title="bbox 2161 1308 3690 1375">
    <p class='ocr_par' dir='ltr' id='par_1_27' title="bbox 2161 1308 3690 1375">
     <span class='ocr_line' id='line_1_27' title="bbox 2161 1308 3690 1375; baseline 0.001 -11"><span class='ocrx_word' id='word_1_213' title='bbox 2161 1309 2231 1364; x_wconf 85' lang='lat' dir='ltr'><strong>Et</strong></span> <span class='ocrx_word' id='word_1_214' title='bbox 2257 1308 2464 1364; x_wconf 79' lang='lat' dir='ltr'><strong>dimitte</strong></span> <span class='ocrx_word' id='word_1_215' title='bbox 2502 1308 2649 1364; x_wconf 87' lang='lat' dir='ltr'><strong>nobis</strong></span> <span class='ocrx_word' id='word_1_216' title='bbox 2680 1308 2858 1364; x_wconf 84' lang='lat' dir='ltr'><strong>debita</strong></span> <span class='ocrx_word' id='word_1_217' title='bbox 2887 1319 3092 1375; x_wconf 88' lang='lat' dir='ltr'><strong>nostra,</strong></span> <span class='ocrx_word' id='word_1_218' title='bbox 3117 1310 3254 1368; x_wconf 80' lang='lat' dir='ltr'><strong>sicut</strong></span> <span class='ocrx_word' id='word_1_219' title='bbox 3291 1318 3342 1365; x_wconf 83' lang='lat' dir='ltr'><strong>et</strong></span> <span class='ocrx_word' id='word_1_220' title='bbox 3387 1321 3485 1364; x_wconf 78' lang='lat' dir='ltr'><strong>nos</strong></span> <span class='ocrx_word' id='word_1_221' title='bbox 3511 1311 3690 1366; x_wconf 74' lang='lat' dir='ltr'><strong>dimit-</strong></span> 
     </span>
    </p>
   </div>
   <div class='ocr_carea' id='block_1_28' title="bbox 2088 1399 3688 1471">
    <p class='ocr_par' dir='ltr' id='par_1_28' title="bbox 2088 1399 3688 1471">
     <span class='ocr_line' id='line_1_28' title="bbox 2088 1399 3688 1471; baseline 0.003 -18"><span class='ocrx_word' id='word_1_222' title='bbox 2088 1402 2247 1457; x_wconf 80' lang='lat' dir='ltr'><strong>timus</strong></span> <span class='ocrx_word' id='word_1_223' title='bbox 2297 1399 2621 1456; x_wconf 73' lang='lat' dir='ltr'><strong>debitoribus</strong></span> <span class='ocrx_word' id='word_1_224' title='bbox 2652 1400 2866 1456; x_wconf 86' lang='lat' dir='ltr'><strong>nostris.</strong></span> <span class='ocrx_word' id='word_1_225' title='bbox 2920 1400 3114 1456; x_wconf 84' lang='lat' dir='ltr'><strong>Debita</strong></span> <span class='ocrx_word' id='word_1_226' title='bbox 3164 1399 3256 1455; x_wconf 87' lang='lat' dir='ltr'><strong>hic</strong></span> <span class='ocrx_word' id='word_1_227' title='bbox 3307 1399 3688 1471; x_wconf 68' lang='lat' dir='ltr'><strong>intelliguntur</strong></span> 
     </span>
    </p>
   </div>
   <div class='ocr_carea' id='block_1_29' title="bbox 2088 1495 3689 1565">
    <p class='ocr_par' dir='ltr' id='par_1_29' title="bbox 2088 1495 3689 1565">
     <span class='ocr_line' id='line_1_29' title="bbox 2088 1495 3689 1565; baseline 0 -15"><span class='ocrx_word' id='word_1_228' title='bbox 2088 1505 2334 1565; x_wconf 86' lang='lat' dir='ltr'><strong>peccata.</strong></span> <span class='ocrx_word' id='word_1_229' title='bbox 2381 1495 2602 1550; x_wconf 89' lang='lat' dir='ltr'><strong>Duobus</strong></span> <span class='ocrx_word' id='word_1_230' title='bbox 2637 1495 2811 1550; x_wconf 86' lang='lat' dir='ltr'><strong>modis</strong></span> <span class='ocrx_word' id='word_1_231' title='bbox 2859 1511 3049 1550; x_wconf 87' lang='lat' dir='ltr'><strong>sumus</strong></span> <span class='ocrx_word' id='word_1_232' title='bbox 3090 1495 3366 1550; x_wconf 87' lang='lat' dir='ltr'><strong>debitores</strong></span> <span class='ocrx_word' id='word_1_233' title='bbox 3393 1495 3496 1551; x_wconf 87' lang='lat' dir='ltr'><strong>Dei</strong></span> <span class='ocrx_word' id='word_1_234' title='bbox 3540 1515 3555 1549; x_wconf 91' lang='lat'>:</span> <span class='ocrx_word' id='word_1_235' title='bbox 3595 1505 3689 1551; x_wconf 81' lang='lat' dir='ltr'><strong>aut</strong></span> 
     </span>
    </p>
   </div>
   <div class='ocr_carea' id='block_1_30' title="bbox 2089 1584 3689 1656">
    <p class='ocr_par' dir='ltr' id='par_1_30' title="bbox 2089 1584 3689 1656">
     <span class='ocr_line' id='line_1_30' title="bbox 2089 1584 3689 1656; baseline -0.001 -14"><span class='ocrx_word' id='word_1_236' title='bbox 2089 1587 2340 1642; x_wconf 83' lang='lat' dir='ltr'><strong>faciendo</strong></span> <span class='ocrx_word' id='word_1_237' title='bbox 2390 1603 2453 1641; x_wconf 87' lang='lat' dir='ltr'><strong>ea</strong></span> <span class='ocrx_word' id='word_1_238' title='bbox 2505 1603 2625 1656; x_wconf 81' lang='lat' dir='ltr'><strong>quae</strong></span> <span class='ocrx_word' id='word_1_239' title='bbox 2673 1587 2788 1656; x_wconf 87' lang='lat' dir='ltr'><strong>ipse</strong></span> <span class='ocrx_word' id='word_1_240' title='bbox 2838 1585 3118 1656; x_wconf 86' lang='lat' dir='ltr'><strong>prohibuit</strong></span> <span class='ocrx_word' id='word_1_241' title='bbox 3160 1584 3301 1651; x_wconf 90' lang='lat' dir='ltr'><strong>ﬁeri,</strong></span> <span class='ocrx_word' id='word_1_242' title='bbox 3334 1595 3432 1642; x_wconf 89' lang='lat' dir='ltr'><strong>aut</strong></span> <span class='ocrx_word' id='word_1_243' title='bbox 3463 1601 3574 1641; x_wconf 86' lang='lat' dir='ltr'><strong>non</strong></span> <span class='ocrx_word' id='word_1_244' title='bbox 3608 1586 3689 1641; x_wconf 79' lang='lat' dir='ltr'><strong>fa-</strong></span> 
     </span>
    </p>
   </div>
   <div class='ocr_carea' id='block_1_31' title="bbox 2089 1677 3682 1751">
    <p class='ocr_par' dir='ltr' id='par_1_31' title="bbox 2089 1677 3682 1751">
     <span class='ocr_line' id='line_1_31' title="bbox 2089 1677 3682 1751; baseline -0.001 -15"><span class='ocrx_word' id='word_1_245' title='bbox 2089 1681 2298 1743; x_wconf 79' lang='lat' dir='ltr'><strong>ciendo,</strong></span> <span class='ocrx_word' id='word_1_246' title='bbox 2354 1696 2474 1748; x_wconf 66' lang='lat' dir='ltr'><strong>quae</strong></span> <span class='ocrx_word' id='word_1_247' title='bbox 2514 1680 2679 1749; x_wconf 83' lang='lat' dir='ltr'><strong>jussit</strong></span> <span class='ocrx_word' id='word_1_248' title='bbox 2709 1679 2846 1745; x_wconf 83' lang='lat' dir='ltr'><strong>ﬁeri.</strong></span> <span class='ocrx_word' id='word_1_249' title='bbox 2899 1677 3018 1748; x_wconf 84' lang='lat' dir='ltr'><strong>Ipse</strong></span> <span class='ocrx_word' id='word_1_250' title='bbox 3049 1679 3181 1734; x_wconf 90' lang='lat' dir='ltr'><strong>dicit</strong></span> <span class='ocrx_word' id='word_1_251' title='bbox 3217 1679 3271 1734; x_wconf 91' lang='lat' dir='ltr'><strong>in</strong></span> <span class='ocrx_word' id='word_1_252' title='bbox 3329 1679 3632 1751; x_wconf 79' lang='lat' dir='ltr'><strong>Evangelia</strong></span> <span class='ocrx_word' id='word_1_253' title='bbox 3668 1697 3682 1734; x_wconf 90' lang='lat'>:</span> 
     </span>
    </p>
   </div>
   <div class='ocr_carea' id='block_1_32' title="bbox 2092 1772 3686 1843">
    <p class='ocr_par' dir='ltr' id='par_1_32' title="bbox 2092 1772 3686 1843">
     <span class='ocr_line' id='line_1_32' title="bbox 2092 1772 3686 1843; baseline -0.001 -16"><span class='ocrx_word' id='word_1_254' title='bbox 2092 1772 2288 1843; x_wconf 78' lang='lat' dir='ltr'><strong>Diliges</strong></span> <span class='ocrx_word' id='word_1_255' title='bbox 2330 1773 2615 1828; x_wconf 85' lang='lat' dir='ltr'><strong>Dominum</strong></span> <span class='ocrx_word' id='word_1_256' title='bbox 2644 1772 2814 1828; x_wconf 83' lang='lat' dir='ltr'><strong>Deum</strong></span> <span class='ocrx_word' id='word_1_257' title='bbox 2841 1781 2991 1826; x_wconf 66' lang='lat' dir='ltr'><strong>tuum</strong></span> <span class='ocrx_word' id='word_1_258' title='bbox 3018 1787 3083 1826; x_wconf 72' lang='lat' dir='ltr'><strong>ea:</strong></span> <span class='ocrx_word' id='word_1_259' title='bbox 3111 1780 3220 1826; x_wconf 89' lang='lat' dir='ltr'><strong>toto</strong></span> <span class='ocrx_word' id='word_1_260' title='bbox 3247 1772 3406 1828; x_wconf 84' lang='lat' dir='ltr'><strong>corde</strong></span> <span class='ocrx_word' id='word_1_261' title='bbox 3429 1780 3545 1835; x_wconf 80' lang='lat' dir='ltr'><strong>tuo,</strong></span> <span class='ocrx_word' id='word_1_262' title='bbox 3579 1781 3686 1826; x_wconf 84' lang='lat' dir='ltr'><strong>tota</strong></span> 
     </span>
    </p>
   </div>
   <div class='ocr_carea' id='block_1_33' title="bbox 396 1847 3684 1935">
    <p class='ocr_par' dir='ltr' id='par_1_33' title="bbox 396 1847 3684 1935">
     <span class='ocr_line' id='line_1_33' title="bbox 396 1847 3684 1935; baseline 0.001 -19"><span class='ocrx_word' id='word_1_263' title='bbox 396 1863 641 1916; x_wconf 87' lang='lat' dir='ltr'><strong>tentiam.</strong></span> <span class='ocrx_word' id='word_1_264' title='bbox 717 1861 834 1926; x_wconf 90' lang='lat' dir='ltr'><strong>Vel,</strong></span> <span class='ocrx_word' id='word_1_265' title='bbox 885 1860 978 1915; x_wconf 90' lang='lat' dir='ltr'><strong>ﬁat</strong></span> <span class='ocrx_word' id='word_1_266' title='bbox 1000 1860 1250 1916; x_wconf 87' lang='lat' dir='ltr'><strong>voluntas</strong></span> <span class='ocrx_word' id='word_1_267' title='bbox 1278 1869 1366 1916; x_wconf 89' lang='lat' dir='ltr'><strong>tua</strong></span> <span class='ocrx_word' id='word_1_268' title='bbox 1417 1862 1558 1916; x_wconf 90' lang='lat' dir='ltr'><strong>sicut</strong></span> <span class='ocrx_word' id='word_1_269' title='bbox 1594 1862 1647 1916; x_wconf 93' lang='lat' dir='ltr'><strong>in</strong></span> <span class='ocrx_word' id='word_1_270' title='bbox 1675 1862 1836 1928; x_wconf 61' lang='lat' dir='ltr'><strong>caelo,</strong></span> <span class='ocrx_word' id='word_1_271' title='bbox 1881 1863 1984 1920; x_wconf 88' lang='lat' dir='ltr'><strong>hoc</strong></span> <span class='ocrx_word' id='word_1_272' title='bbox 2017 1847 2060 1912; x_wconf 68' lang='grc' dir='ltr'><strong><em>Β</em></strong></span> <span class='ocrx_word' id='word_1_273' title='bbox 2088 1867 2290 1930; x_wconf 81' lang='lat' dir='ltr'><strong>animo,</strong></span> <span class='ocrx_word' id='word_1_274' title='bbox 2319 1873 2428 1919; x_wconf 87' lang='lat' dir='ltr'><strong>tota</strong></span> <span class='ocrx_word' id='word_1_275' title='bbox 2457 1866 2668 1929; x_wconf 77' lang='lat' dir='ltr'><strong>virtute,</strong></span> <span class='ocrx_word' id='word_1_276' title='bbox 2698 1873 2747 1918; x_wconf 89' lang='lat' dir='ltr'><strong>et</strong></span> <span class='ocrx_word' id='word_1_277' title='bbox 2776 1865 3076 1934; x_wconf 68' lang='lat' dir='ltr'><strong>proximum</strong></span> <span class='ocrx_word' id='word_1_278' title='bbox 3105 1872 3255 1917; x_wconf 82' lang='lat' dir='ltr'><strong>tuum</strong></span> <span class='ocrx_word' id='word_1_279' title='bbox 3294 1865 3437 1918; x_wconf 76' lang='lat' dir='ltr'><strong>sicut</strong></span> <span class='ocrx_word' id='word_1_280' title='bbox 3457 1865 3684 1935; x_wconf 64' lang='lat' dir='ltr'><strong>teipse»:</strong></span> 
     </span>
    </p>
   </div>
   <div class='ocr_carea' id='block_1_34' title="bbox 395 1952 1985 2021">
    <p class='ocr_par' dir='ltr' id='par_1_34' title="bbox 395 1952 1985 2021">
     <span class='ocr_line' id='line_1_34' title="bbox 395 1952 1985 2021; baseline 0.001 -14"><span class='ocrx_word' id='word_1_281' title='bbox 395 1961 499 2019; x_wconf 87' lang='lat' dir='ltr'><strong>est,</strong></span> <span class='ocrx_word' id='word_1_282' title='bbox 535 1953 590 2008; x_wconf 92' lang='lat' dir='ltr'><strong>in</strong></span> <span class='ocrx_word' id='word_1_283' title='bbox 616 1952 888 2008; x_wconf 85' lang='lat' dir='ltr'><strong>mentibus</strong></span> <span class='ocrx_word' id='word_1_284' title='bbox 913 1952 1115 2007; x_wconf 89' lang='lat' dir='ltr'><strong>nostris</strong></span> <span class='ocrx_word' id='word_1_285' title='bbox 1131 1991 1147 2018; x_wconf 94' lang='lat'><strong>,</strong></span> <span class='ocrx_word' id='word_1_286' title='bbox 1171 1953 1245 2006; x_wconf 86' lang='lat' dir='ltr'><strong>ita</strong></span> <span class='ocrx_word' id='word_1_287' title='bbox 1267 1952 1365 2007; x_wconf 91' lang='lat' dir='ltr'><strong>ﬁat</strong></span> <span class='ocrx_word' id='word_1_288' title='bbox 1389 1953 1444 2008; x_wconf 94' lang='lat' dir='ltr'><strong>in</strong></span> <span class='ocrx_word' id='word_1_289' title='bbox 1467 1960 1632 2019; x_wconf 86' lang='lat' dir='ltr'><strong>terra,</strong></span> <span class='ocrx_word' id='word_1_290' title='bbox 1657 1954 1760 2010; x_wconf 90' lang='lat' dir='ltr'><strong>hoc</strong></span> <span class='ocrx_word' id='word_1_291' title='bbox 1792 1963 1899 2021; x_wconf 90' lang='lat' dir='ltr'><strong>est,</strong></span> <span class='ocrx_word' id='word_1_292' title='bbox 1930 1955 1985 2009; x_wconf 93' lang='lat' dir='ltr'><strong>in</strong></span> 
     </span>
    </p>
   </div>
   <div class='ocr_carea' id='block_1_35' title="bbox 393 2043 734 2117">
    <p class='ocr_par' dir='ltr' id='par_1_35' title="bbox 393 2043 734 2117">
     <span class='ocr_line' id='line_1_35' title="bbox 393 2043 734 2117; baseline 0 -17"><span class='ocrx_word' id='word_1_293' title='bbox 393 2043 734 2117; x_wconf 80' lang='lat' dir='ltr'><strong>corporibus.</strong></span> 
     </span>
    </p>
   </div>
   <div class='ocr_carea' id='block_1_36' title="bbox 460 2130 1980 2206">
    <p class='ocr_par' dir='ltr' id='par_1_36' title="bbox 460 2130 1980 2206">
     <span class='ocr_line' id='line_1_36' title="bbox 460 2130 1980 2206; baseline 0.003 -18"><span class='ocrx_word' id='word_1_294' title='bbox 460 2130 662 2191; x_wconf 87' lang='lat' dir='ltr'><strong>Panem</strong></span> <span class='ocrx_word' id='word_1_295' title='bbox 689 2143 927 2190; x_wconf 84' lang='lat' dir='ltr'><strong>nostrum</strong></span> <span class='ocrx_word' id='word_1_296' title='bbox 953 2133 1320 2206; x_wconf 84' lang='lat' dir='ltr'><strong>quotidianum</strong></span> <span class='ocrx_word' id='word_1_297' title='bbox 1349 2133 1418 2188; x_wconf 88' lang='lat' dir='ltr'><strong>da</strong></span> <span class='ocrx_word' id='word_1_298' title='bbox 1459 2133 1605 2189; x_wconf 85' lang='lat' dir='ltr'><strong>nobis</strong></span> <span class='ocrx_word' id='word_1_299' title='bbox 1649 2134 1824 2189; x_wconf 82' lang='lat' dir='ltr'><strong>hodie.</strong></span> <span class='ocrx_word' id='word_1_300' title='bbox 1857 2133 1980 2192; x_wconf 87' lang='lat' dir='ltr'><strong>Pan</strong></span> 
     </span>
    </p>
   </div>
   <div class='ocr_carea' id='block_1_37' title="bbox 390 2223 1984 2298">
    <p class='ocr_par' dir='ltr' id='par_1_37' title="bbox 390 2223 1984 2298">
     <span class='ocr_line' id='line_1_37' title="bbox 390 2223 1984 2298; baseline 0.001 -16"><span class='ocrx_word' id='word_1_301' title='bbox 390 2223 600 2290; x_wconf 68' lang='lat' dir='ltr'><strong>Graece,</strong></span> <span class='ocrx_word' id='word_1_302' title='bbox 632 2225 826 2282; x_wconf 85' lang='lat' dir='ltr'><strong>Latine</strong></span> <span class='ocrx_word' id='word_1_303' title='bbox 846 2267 862 2291; x_wconf 94' lang='lat'><strong>,</strong></span> <span class='ocrx_word' id='word_1_304' title='bbox 911 2235 1076 2280; x_wconf 87' lang='lat' dir='ltr'><strong>totum</strong></span> <span class='ocrx_word' id='word_1_305' title='bbox 1115 2223 1200 2280; x_wconf 88' lang='lat' dir='ltr'><strong>vel</strong></span> <span class='ocrx_word' id='word_1_306' title='bbox 1228 2241 1380 2280; x_wconf 88' lang='lat' dir='ltr'><strong>omne</strong></span> <span class='ocrx_word' id='word_1_307' title='bbox 1410 2245 1422 2280; x_wconf 90' lang='lat'><strong>:</strong></span> <span class='ocrx_word' id='word_1_308' title='bbox 1453 2235 1508 2281; x_wconf 90' lang='lat' dir='ltr'><strong>et</strong></span> <span class='ocrx_word' id='word_1_309' title='bbox 1552 2226 1620 2282; x_wconf 89' lang='lat' dir='ltr'><strong>ab</strong></span> <span class='ocrx_word' id='word_1_310' title='bbox 1649 2242 1713 2282; x_wconf 89' lang='lat' dir='ltr'><strong>eo</strong></span> <span class='ocrx_word' id='word_1_311' title='bbox 1735 2228 1876 2298; x_wconf 89' lang='lat' dir='ltr'><strong>quod</strong></span> <span class='ocrx_word' id='word_1_312' title='bbox 1902 2238 1984 2284; x_wconf 71' lang='lat' dir='ltr'><strong>est</strong></span> 
     </span>
    </p>
   </div>
   <div class='ocr_carea' id='block_1_38' title="bbox 390 2317 1983 2390">
    <p class='ocr_par' dir='ltr' id='par_1_38' title="bbox 390 2317 1983 2390">
     <span class='ocr_line' id='line_1_38' title="bbox 390 2317 1983 2390; baseline 0.002 -19"><span class='ocrx_word' id='word_1_313' title='bbox 390 2332 518 2388; x_wconf 85' lang='lat' dir='ltr'><strong>pan,</strong></span> <span class='ocrx_word' id='word_1_314' title='bbox 554 2317 834 2374; x_wconf 82' lang='lat' dir='ltr'><strong>derivatur</strong></span> <span class='ocrx_word' id='word_1_315' title='bbox 873 2317 1063 2387; x_wconf 86' lang='lat' dir='ltr'><strong>panis;</strong></span> <span class='ocrx_word' id='word_1_316' title='bbox 1097 2324 1154 2371; x_wconf 88' lang='lat' dir='ltr'><strong>et</strong></span> <span class='ocrx_word' id='word_1_317' title='bbox 1182 2317 1304 2386; x_wconf 80' lang='lat' dir='ltr'><strong>ideo</strong></span> <span class='ocrx_word' id='word_1_318' title='bbox 1331 2333 1428 2386; x_wconf 89' lang='lat' dir='ltr'><strong>per</strong></span> <span class='ocrx_word' id='word_1_319' title='bbox 1454 2333 1652 2390; x_wconf 89' lang='lat' dir='ltr'><strong>panem</strong></span> <span class='ocrx_word' id='word_1_320' title='bbox 1682 2318 1983 2390; x_wconf 79' lang='lat' dir='ltr'><strong>intelligere</strong></span> 
     </span>
    </p>
   </div>
   <div class='ocr_carea' id='block_1_39' title="bbox 391 2411 1982 2482">
    <p class='ocr_par' dir='ltr' id='par_1_39' title="bbox 391 2411 1982 2482">
     <span class='ocr_line' id='line_1_39' title="bbox 391 2411 1982 2482; baseline -0.001 -10"><span class='ocrx_word' id='word_1_321' title='bbox 391 2424 680 2480; x_wconf 77' lang='lat' dir='ltr'><strong>possumus</strong></span> <span class='ocrx_word' id='word_1_322' title='bbox 715 2411 900 2468; x_wconf 86' lang='lat' dir='ltr'><strong>omnia</strong></span> <span class='ocrx_word' id='word_1_323' title='bbox 951 2415 1260 2470; x_wconf 86' lang='lat' dir='ltr'><strong>necessaria</strong></span> <span class='ocrx_word' id='word_1_324' title='bbox 1309 2423 1419 2468; x_wconf 88' lang='lat' dir='ltr'><strong>tam</strong></span> <span class='ocrx_word' id='word_1_325' title='bbox 1459 2412 1515 2468; x_wconf 90' lang='lat' dir='ltr'><strong>in</strong></span> <span class='ocrx_word' id='word_1_326' title='bbox 1549 2411 1694 2478; x_wconf 90' lang='lat' dir='ltr'><strong>cibo,</strong></span> <span class='ocrx_word' id='word_1_327' title='bbox 1728 2428 1890 2482; x_wconf 78' lang='lat' dir='ltr'><strong>quam</strong></span> <span class='ocrx_word' id='word_1_328' title='bbox 1927 2416 1982 2470; x_wconf 91' lang='lat' dir='ltr'><strong>in</strong></span> 
     </span>
    </p>
   </div>
   <div class='ocr_carea' id='block_1_40' title="bbox 392 2502 1978 2574">
    <p class='ocr_par' dir='ltr' id='par_1_40' title="bbox 392 2502 1978 2574">
     <span class='ocr_line' id='line_1_40' title="bbox 392 2502 1978 2574; baseline -0.001 -14"><span class='ocrx_word' id='word_1_329' title='bbox 392 2509 542 2572; x_wconf 85' lang='lat' dir='ltr'><strong>potu,</strong></span> <span class='ocrx_word' id='word_1_330' title='bbox 599 2509 656 2562; x_wconf 88' lang='lat' dir='ltr'><strong>et</strong></span> <span class='ocrx_word' id='word_1_331' title='bbox 694 2502 1038 2569; x_wconf 81' lang='lat' dir='ltr'><strong>vestimento,</strong></span> <span class='ocrx_word' id='word_1_332' title='bbox 1097 2505 1354 2574; x_wconf 86' lang='lat' dir='ltr'><strong>omnique</strong></span> <span class='ocrx_word' id='word_1_333' title='bbox 1397 2503 1638 2558; x_wconf 79' lang='lat' dir='ltr'><strong>subsidio</strong></span> <span class='ocrx_word' id='word_1_334' title='bbox 1688 2505 1978 2574; x_wconf 89' lang='lat' dir='ltr'><strong>corporali.</strong></span> 
     </span>
    </p>
   </div>
   <div class='ocr_carea' id='block_1_41' title="bbox 391 2592 1983 2665">
    <p class='ocr_par' dir='ltr' id='par_1_41' title="bbox 391 2592 1983 2665">
     <span class='ocr_line' id='line_1_41' title="bbox 391 2592 1983 2665; baseline 0.001 -12"><span class='ocrx_word' id='word_1_335' title='bbox 391 2592 562 2653; x_wconf 78' lang='lat' dir='ltr'><strong>Panis</strong></span> <span class='ocrx_word' id='word_1_336' title='bbox 611 2594 961 2665; x_wconf 87' lang='lat' dir='ltr'><strong>quotidianus</strong></span> <span class='ocrx_word' id='word_1_337' title='bbox 989 2593 1208 2658; x_wconf 89' lang='lat' dir='ltr'><strong>dicitur,</strong></span> <span class='ocrx_word' id='word_1_338' title='bbox 1241 2594 1384 2664; x_wconf 91' lang='lat' dir='ltr'><strong>quod</strong></span> <span class='ocrx_word' id='word_1_339' title='bbox 1415 2594 1657 2664; x_wconf 87' lang='lat' dir='ltr'><strong>quotidie</strong></span> <span class='ocrx_word' id='word_1_340' title='bbox 1694 2595 1852 2652; x_wconf 88' lang='lat' dir='ltr'><strong>nobis</strong></span> <span class='ocrx_word' id='word_1_341' title='bbox 1897 2604 1983 2654; x_wconf 89' lang='lat' dir='ltr'><strong>est</strong></span> 
     </span>
    </p>
   </div>
   <div class='ocr_carea' id='block_1_42' title="bbox 390 2683 1976 2756">
    <p class='ocr_par' dir='ltr' id='par_1_42' title="bbox 390 2683 1976 2756">
     <span class='ocr_line' id='line_1_42' title="bbox 390 2683 1976 2756; baseline 0.001 -18"><span class='ocrx_word' id='word_1_342' title='bbox 390 2685 752 2746; x_wconf 87' lang='lat' dir='ltr'><strong>necessarius.</strong></span> <span class='ocrx_word' id='word_1_343' title='bbox 805 2683 1007 2740; x_wconf 87' lang='lat' dir='ltr'><strong>Panem</strong></span> <span class='ocrx_word' id='word_1_344' title='bbox 1058 2695 1295 2740; x_wconf 87' lang='lat' dir='ltr'><strong>nostrum</strong></span> <span class='ocrx_word' id='word_1_345' title='bbox 1337 2684 1726 2756; x_wconf 81' lang='lat' dir='ltr'><strong>quotidianum,</strong></span> <span class='ocrx_word' id='word_1_346' title='bbox 1782 2687 1835 2742; x_wconf 89' lang='lat' dir='ltr'><strong>id</strong></span> <span class='ocrx_word' id='word_1_347' title='bbox 1875 2696 1976 2750; x_wconf 89' lang='lat' dir='ltr'><strong>est,</strong></span> 
     </span>
    </p>
   </div>
   <div class='ocr_carea' id='block_1_43' title="bbox 389 2775 1977 2846">
    <p class='ocr_par' dir='ltr' id='par_1_43' title="bbox 389 2775 1977 2846">
     <span class='ocr_line' id='line_1_43' title="bbox 389 2775 1977 2846; baseline 0 -15"><span class='ocrx_word' id='word_1_348' title='bbox 389 2775 594 2839; x_wconf 86' lang='lat' dir='ltr'><strong>omnia,</strong></span> <span class='ocrx_word' id='word_1_349' title='bbox 642 2789 763 2846; x_wconf 71' lang='lat' dir='ltr'><strong>qua:</strong></span> <span class='ocrx_word' id='word_1_350' title='bbox 805 2775 964 2830; x_wconf 89' lang='lat' dir='ltr'><strong>nobis</strong></span> <span class='ocrx_word' id='word_1_351' title='bbox 1001 2785 1130 2832; x_wconf 87' lang='lat' dir='ltr'><strong>sunt</strong></span> <span class='ocrx_word' id='word_1_352' title='bbox 1166 2775 1473 2831; x_wconf 89' lang='lat' dir='ltr'><strong>necessaria</strong></span> <span class='ocrx_word' id='word_1_353' title='bbox 1523 2783 1632 2829; x_wconf 90' lang='lat' dir='ltr'><strong>tam</strong></span> <span class='ocrx_word' id='word_1_354' title='bbox 1661 2776 1728 2830; x_wconf 89' lang='lat' dir='ltr'><strong>ad</strong></span> <span class='ocrx_word' id='word_1_355' title='bbox 1755 2776 1977 2842; x_wconf 84' lang='lat' dir='ltr'><strong>victum,</strong></span> 
     </span>
    </p>
   </div>
   <div class='ocr_carea' id='block_1_44' title="bbox 389 2866 1976 2939">
    <p class='ocr_par' dir='ltr' id='par_1_44' title="bbox 389 2866 1976 2939">
     <span class='ocr_line' id='line_1_44' title="bbox 389 2866 1976 2939; baseline 0 -19"><span class='ocrx_word' id='word_1_356' title='bbox 389 2881 552 2939; x_wconf 83' lang='lat' dir='ltr'><strong>quam</strong></span> <span class='ocrx_word' id='word_1_357' title='bbox 597 2867 666 2925; x_wconf 86' lang='lat' dir='ltr'><strong>ad</strong></span> <span class='ocrx_word' id='word_1_358' title='bbox 710 2867 1116 2934; x_wconf 87' lang='lat' dir='ltr'><strong>vestimentum,</strong></span> <span class='ocrx_word' id='word_1_359' title='bbox 1162 2867 1331 2922; x_wconf 83' lang='lat' dir='ltr'><strong>tribue</strong></span> <span class='ocrx_word' id='word_1_360' title='bbox 1361 2866 1507 2920; x_wconf 81' lang='lat' dir='ltr'><strong>nobis</strong></span> <span class='ocrx_word' id='word_1_361' title='bbox 1555 2866 1730 2932; x_wconf 80' lang='lat' dir='ltr'><strong>hodie,</strong></span> <span class='ocrx_word' id='word_1_362' title='bbox 1770 2867 1824 2921; x_wconf 89' lang='lat' dir='ltr'><strong>id</strong></span> <span class='ocrx_word' id='word_1_363' title='bbox 1872 2876 1976 2935; x_wconf 90' lang='lat' dir='ltr'><strong>est,</strong></span> 
     </span>
    </p>
   </div>
   <div class='ocr_carea' id='block_1_45' title="bbox 387 2957 1979 3030">
    <p class='ocr_par' dir='ltr' id='par_1_45' title="bbox 387 2957 1979 3030">
     <span class='ocr_line' id='line_1_45' title="bbox 387 2957 1979 3030; baseline 0.001 -16"><span class='ocrx_word' id='word_1_364' title='bbox 387 2957 534 3014; x_wconf 90' lang='lat' dir='ltr'><strong>omni</strong></span> <span class='ocrx_word' id='word_1_365' title='bbox 571 2964 815 3030; x_wconf 88' lang='lat' dir='ltr'><strong>tempore</strong></span> <span class='ocrx_word' id='word_1_366' title='bbox 844 2958 969 3014; x_wconf 60' lang='lat' dir='ltr'><strong>vitae</strong></span> <span class='ocrx_word' id='word_1_367' title='bbox 995 2967 1215 3015; x_wconf 70' lang='lat' dir='ltr'><strong>DOSU&#39;tC.</strong></span> <span class='ocrx_word' id='word_1_368' title='bbox 1250 2957 1347 3014; x_wconf 90' lang='lat' dir='ltr'><strong>Vel</strong></span> <span class='ocrx_word' id='word_1_369' title='bbox 1377 2958 1538 3014; x_wconf 87' lang='lat' dir='ltr'><strong>aliter</strong></span> <span class='ocrx_word' id='word_1_370' title='bbox 1583 2976 1597 3012; x_wconf 91' lang='lat'><strong>:</strong></span> <span class='ocrx_word' id='word_1_371' title='bbox 1644 2957 1845 3012; x_wconf 87' lang='lat' dir='ltr'><strong>Panem</strong></span> <span class='ocrx_word' id='word_1_372' title='bbox 1890 2959 1979 3015; x_wconf 88' lang='lat' dir='ltr'><strong>hic</strong></span> 
     </span>
    </p>
   </div>
   <div class='ocr_carea' id='block_1_46' title="bbox 385 3049 1974 3122">
    <p class='ocr_par' dir='ltr' id='par_1_46' title="bbox 385 3049 1974 3122">
     <span class='ocr_line' id='line_1_46' title="bbox 385 3049 1974 3122; baseline -0.002 -16"><span class='ocrx_word' id='word_1_373' title='bbox 385 3064 676 3119; x_wconf 85' lang='lat' dir='ltr'><strong>possumus</strong></span> <span class='ocrx_word' id='word_1_374' title='bbox 720 3049 1026 3121; x_wconf 79' lang='lat' dir='ltr'><strong>intelligere</strong></span> <span class='ocrx_word' id='word_1_375' title='bbox 1056 3064 1254 3120; x_wconf 91' lang='lat' dir='ltr'><strong>corpus</strong></span> <span class='ocrx_word' id='word_1_376' title='bbox 1290 3057 1347 3106; x_wconf 89' lang='lat' dir='ltr'><strong>et</strong></span> <span class='ocrx_word' id='word_1_377' title='bbox 1392 3050 1711 3122; x_wconf 86' lang='lat' dir='ltr'><strong>sanguinem</strong></span> <span class='ocrx_word' id='word_1_378' title='bbox 1739 3050 1974 3116; x_wconf 90' lang='lat' dir='ltr'><strong>Domini,</strong></span> 
     </span>
    </p>
   </div>
   <div class='ocr_carea' id='block_1_47' title="bbox 385 3139 1978 3216">
    <p class='ocr_par' dir='ltr' id='par_1_47' title="bbox 385 3139 1978 3216">
     <span class='ocr_line' id='line_1_47' title="bbox 385 3139 1978 3216; baseline -0.003 -20"><span class='ocrx_word' id='word_1_379' title='bbox 385 3142 453 3196; x_wconf 86' lang='lat' dir='ltr'><strong>de</strong></span> <span class='ocrx_word' id='word_1_380' title='bbox 478 3158 589 3214; x_wconf 86' lang='lat' dir='ltr'><strong>quo</strong></span> <span class='ocrx_word' id='word_1_381' title='bbox 613 3141 729 3216; x_wconf 79' lang='lat' dir='ltr'><strong>ipse</strong></span> <span class='ocrx_word' id='word_1_382' title='bbox 755 3141 888 3196; x_wconf 88' lang='lat' dir='ltr'><strong>dicit</strong></span> <span class='ocrx_word' id='word_1_383' title='bbox 931 3139 1058 3198; x_wconf 88' lang='lat' dir='ltr'><strong>alibi</strong></span> <span class='ocrx_word' id='word_1_384' title='bbox 1105 3159 1117 3194; x_wconf 87' lang='lat'><strong>:</strong></span> <span class='ocrx_word' id='word_1_385' title='bbox 1154 3139 1275 3196; x_wconf 83' lang='lat' dir='ltr'><strong>Nisi</strong></span> <span class='ocrx_word' id='word_1_386' title='bbox 1317 3141 1432 3212; x_wconf 80' lang='lat' dir='ltr'><strong>quis</strong></span> <span class='ocrx_word' id='word_1_387' title='bbox 1461 3141 1874 3207; x_wconf 81' lang='lat' dir='ltr'><strong>manducauerit,</strong></span> <span class='ocrx_word' id='word_1_388' title='bbox 1921 3147 1978 3193; x_wconf 92' lang='lat' dir='ltr'><strong>ct</strong></span> 
     </span>
    </p>
   </div>
   <div class='ocr_carea' id='block_1_48' title="bbox 386 3233 1975 3312">
    <p class='ocr_par' dir='ltr' id='par_1_48' title="bbox 386 3233 1975 3312">
     <span class='ocr_line' id='line_1_48' title="bbox 386 3233 1975 3312; baseline -0.004 -19"><span class='ocrx_word' id='word_1_389' title='bbox 386 3237 592 3312; x_wconf 86' lang='lat' dir='ltr'><strong>reliqua</strong></span> <span class='ocrx_word' id='word_1_390' title='bbox 644 3235 834 3310; x_wconf 85' lang='lat' dir='ltr'><strong>(Joan.</strong></span> <span class='ocrx_word' id='word_1_391' title='bbox 877 3253 956 3303; x_wconf 80' lang='lat' dir='ltr'><strong>vt,</strong></span> <span class='ocrx_word' id='word_1_392' title='bbox 996 3235 1110 3308; x_wconf 67' lang='lat'><strong>54).</strong></span> <span class='ocrx_word' id='word_1_393' title='bbox 1164 3236 1460 3292; x_wconf 89' lang='lat' dir='ltr'><strong>Precamur</strong></span> <span class='ocrx_word' id='word_1_394' title='bbox 1496 3249 1750 3306; x_wconf 85' lang='lat' dir='ltr'><strong>namque,</strong></span> <span class='ocrx_word' id='word_1_395' title='bbox 1790 3242 1851 3290; x_wconf 89' lang='lat' dir='ltr'><strong>ut</strong></span> <span class='ocrx_word' id='word_1_396' title='bbox 1884 3233 1975 3288; x_wconf 88' lang='lat' dir='ltr'><strong>det</strong></span> 
     </span>
    </p>
   </div>
   <div class='ocr_carea' id='block_1_49' title="bbox 383 3325 1976 3398">
    <p class='ocr_par' dir='ltr' id='par_1_49' title="bbox 383 3325 1976 3398">
     <span class='ocr_line' id='line_1_49' title="bbox 383 3325 1976 3398; baseline -0.004 -12"><span class='ocrx_word' id='word_1_397' title='bbox 383 3330 546 3388; x_wconf 86' lang='lat' dir='ltr'><strong>nobis</strong></span> <span class='ocrx_word' id='word_1_398' title='bbox 569 3344 791 3386; x_wconf 88' lang='lat' dir='ltr'><strong>carnem</strong></span> <span class='ocrx_word' id='word_1_399' title='bbox 825 3337 881 3383; x_wconf 90' lang='lat' dir='ltr'><strong>et</strong></span> <span class='ocrx_word' id='word_1_400' title='bbox 921 3328 1238 3398; x_wconf 87' lang='lat' dir='ltr'><strong>sanguinem</strong></span> <span class='ocrx_word' id='word_1_401' title='bbox 1269 3343 1424 3382; x_wconf 90' lang='lat' dir='ltr'><strong>suum</strong></span> <span class='ocrx_word' id='word_1_402' title='bbox 1451 3327 1516 3380; x_wconf 90' lang='lat' dir='ltr'><strong>ad</strong></span> <span class='ocrx_word' id='word_1_403' title='bbox 1541 3325 1885 3391; x_wconf 89' lang='lat' dir='ltr'><strong>sumendum,</strong></span> <span class='ocrx_word' id='word_1_404' title='bbox 1916 3334 1976 3380; x_wconf 90' lang='lat' dir='ltr'><strong>ut</strong></span> 
     </span>
    </p>
   </div>
   <div class='ocr_carea' id='block_1_50' title="bbox 383 3415 1976 3491">
    <p class='ocr_par' dir='ltr' id='par_1_50' title="bbox 383 3415 1976 3491">
     <span class='ocr_line' id='line_1_50' title="bbox 383 3415 1976 3491; baseline -0.003 -17"><span class='ocrx_word' id='word_1_405' title='bbox 383 3437 481 3491; x_wconf 84' lang='lat' dir='ltr'><strong>per</strong></span> <span class='ocrx_word' id='word_1_406' title='bbox 513 3419 667 3485; x_wconf 90' lang='lat' dir='ltr'><strong>illud,</strong></span> <span class='ocrx_word' id='word_1_407' title='bbox 715 3419 858 3489; x_wconf 90' lang='lat' dir='ltr'><strong>quod</strong></span> <span class='ocrx_word' id='word_1_408' title='bbox 887 3417 1174 3473; x_wconf 82' lang='lat' dir='ltr'><strong>visibiliter</strong></span> <span class='ocrx_word' id='word_1_409' title='bbox 1201 3418 1486 3482; x_wconf 89' lang='lat' dir='ltr'><strong>sumimus,</strong></span> <span class='ocrx_word' id='word_1_410' title='bbox 1519 3416 1669 3482; x_wconf 90' lang='lat' dir='ltr'><strong>illud,</strong></span> <span class='ocrx_word' id='word_1_411' title='bbox 1701 3415 1841 3488; x_wconf 89' lang='lat' dir='ltr'><strong>quod</strong></span> <span class='ocrx_word' id='word_1_412' title='bbox 1867 3431 1976 3470; x_wconf 92' lang='lat' dir='ltr'><strong>non</strong></span> 
     </span>
    </p>
   </div>
   <div class='ocr_carea' id='block_1_51' title="bbox 383 3509 1974 3579">
    <p class='ocr_par' dir='ltr' id='par_1_51' title="bbox 383 3509 1974 3579">
     <span class='ocr_line' id='line_1_51' title="bbox 383 3509 1974 3579; baseline -0.001 -15"><span class='ocrx_word' id='word_1_413' title='bbox 383 3511 652 3575; x_wconf 75' lang='lat' dir='ltr'><strong>videmus,</strong></span> <span class='ocrx_word' id='word_1_414' title='bbox 686 3511 741 3566; x_wconf 88' lang='lat' dir='ltr'><strong>in</strong></span> <span class='ocrx_word' id='word_1_415' title='bbox 784 3509 941 3563; x_wconf 84' lang='lat' dir='ltr'><strong>nobis</strong></span> <span class='ocrx_word' id='word_1_416' title='bbox 964 3509 1239 3579; x_wconf 87' lang='lat' dir='ltr'><strong>suscipere</strong></span> <span class='ocrx_word' id='word_1_417' title='bbox 1275 3509 1565 3579; x_wconf 88' lang='lat' dir='ltr'><strong>possimus,</strong></span> <span class='ocrx_word' id='word_1_418' title='bbox 1604 3509 1655 3562; x_wconf 89' lang='lat' dir='ltr'><strong>id</strong></span> <span class='ocrx_word' id='word_1_419' title='bbox 1689 3516 1772 3564; x_wconf 90' lang='lat' dir='ltr'><strong>est</strong></span> <span class='ocrx_word' id='word_1_420' title='bbox 1805 3509 1974 3563; x_wconf 90' lang='lat' dir='ltr'><strong>Deum</strong></span> 
     </span>
    </p>
   </div>
   <div class='ocr_carea' id='block_1_52' title="bbox 385 3602 1976 3676">
    <p class='ocr_par' dir='ltr' id='par_1_52' title="bbox 385 3602 1976 3676">
     <span class='ocr_line' id='line_1_52' title="bbox 385 3602 1976 3676; baseline -0.003 -12"><span class='ocrx_word' id='word_1_421' title='bbox 385 3606 836 3676; x_wconf 83' lang='lat' dir='ltr'><strong>omnipotentem,</strong></span> <span class='ocrx_word' id='word_1_422' title='bbox 859 3602 1016 3674; x_wconf 73' lang='lat' dir='ltr'><strong>juxta</strong></span> <span class='ocrx_word' id='word_1_423' title='bbox 1050 3603 1192 3674; x_wconf 90' lang='lat' dir='ltr'><strong>quod</strong></span> <span class='ocrx_word' id='word_1_424' title='bbox 1214 3604 1327 3676; x_wconf 90' lang='lat' dir='ltr'><strong>ipse</strong></span> <span class='ocrx_word' id='word_1_425' title='bbox 1348 3604 1477 3661; x_wconf 88' lang='lat' dir='ltr'><strong>dicit</strong></span> <span class='ocrx_word' id='word_1_426' title='bbox 1503 3623 1514 3657; x_wconf 93' lang='lat'>:</span> <span class='ocrx_word' id='word_1_427' title='bbox 1543 3603 1646 3672; x_wconf 84' lang='lat' dir='ltr'><strong>Qui</strong></span> <span class='ocrx_word' id='word_1_428' title='bbox 1689 3603 1976 3659; x_wconf 76' lang='lat' dir='ltr'><strong>manducet</strong></span> 
     </span>
    </p>
   </div>
   <div class='ocr_carea' id='block_1_53' title="bbox 382 3693 1976 3766">
    <p class='ocr_par' dir='ltr' id='par_1_53' title="bbox 382 3693 1976 3766">
     <span class='ocr_line' id='line_1_53' title="bbox 382 3693 1976 3766; baseline -0.003 -12"><span class='ocrx_word' id='word_1_429' title='bbox 382 3713 594 3754; x_wconf 78' lang='lat' dir='ltr'><strong>carnem</strong></span> <span class='ocrx_word' id='word_1_430' title='bbox 634 3713 825 3762; x_wconf 82' lang='lat' dir='ltr'><strong>meam,</strong></span> <span class='ocrx_word' id='word_1_431' title='bbox 871 3704 919 3751; x_wconf 87' lang='lat' dir='ltr'><strong>et</strong></span> <span class='ocrx_word' id='word_1_432' title='bbox 947 3694 1071 3749; x_wconf 85' lang='lat' dir='ltr'><strong>bibit</strong></span> <span class='ocrx_word' id='word_1_433' title='bbox 1101 3697 1410 3766; x_wconf 86' lang='lat' dir='ltr'><strong>sanguinem</strong></span> <span class='ocrx_word' id='word_1_434' title='bbox 1440 3710 1634 3760; x_wconf 85' lang='lat' dir='ltr'><strong>meum,</strong></span> <span class='ocrx_word' id='word_1_435' title='bbox 1678 3693 1863 3764; x_wconf 80' lang='lat' dir='ltr'><strong>ipsein</strong></span> <span class='ocrx_word' id='word_1_436' title='bbox 1896 3709 1976 3749; x_wconf 89' lang='lat' dir='ltr'><strong>me</strong></span> 
     </span>
    </p>
   </div>
   <div class='ocr_carea' id='block_1_54' title="bbox 381 3783 1976 3858">
    <p class='ocr_par' dir='ltr' id='par_1_54' title="bbox 381 3783 1976 3858">
     <span class='ocr_line' id='line_1_54' title="bbox 381 3783 1976 3858; baseline -0.003 -15"><span class='ocrx_word' id='word_1_437' title='bbox 381 3795 580 3852; x_wconf 84' lang='lat' dir='ltr'><strong>manet,</strong></span> <span class='ocrx_word' id='word_1_438' title='bbox 627 3795 677 3841; x_wconf 88' lang='lat' dir='ltr'><strong>et</strong></span> <span class='ocrx_word' id='word_1_439' title='bbox 721 3802 813 3857; x_wconf 82' lang='lat' dir='ltr'><strong>ego</strong></span> <span class='ocrx_word' id='word_1_440' title='bbox 866 3786 921 3840; x_wconf 83' lang='lat' dir='ltr'><strong>in</strong></span> <span class='ocrx_word' id='word_1_441' title='bbox 971 3802 1030 3841; x_wconf 88' lang='lat' dir='ltr'><strong>eo</strong></span> <span class='ocrx_word' id='word_1_442' title='bbox 1063 3783 1250 3858; x_wconf 87' lang='lat' dir='ltr'><strong>(Ibid.,</strong></span> <span class='ocrx_word' id='word_1_443' title='bbox 1282 3783 1396 3856; x_wconf 75' lang='lat'><strong>55).</strong></span> <span class='ocrx_word' id='word_1_444' title='bbox 1428 3785 1562 3840; x_wconf 91' lang='lat' dir='ltr'><strong>lllud</strong></span> <span class='ocrx_word' id='word_1_445' title='bbox 1603 3786 1747 3856; x_wconf 88' lang='lat' dir='ltr'><strong>quod</strong></span> <span class='ocrx_word' id='word_1_446' title='bbox 1776 3784 1976 3840; x_wconf 88' lang='lat' dir='ltr'><strong>dicitur</strong></span> 
     </span>
    </p>
   </div>
   <div class='ocr_carea' id='block_1_55' title="bbox 380 3875 1974 3952">
    <p class='ocr_par' dir='ltr' id='par_1_55' title="bbox 380 3875 1974 3952">
     <span class='ocr_line' id='line_1_55' title="bbox 380 3875 1974 3952; baseline -0.004 -16"><span class='ocrx_word' id='word_1_447' title='bbox 380 3878 557 3945; x_wconf 86' lang='lat' dir='ltr'><strong>hodie,</strong></span> <span class='ocrx_word' id='word_1_448' title='bbox 605 3893 712 3934; x_wconf 88' lang='lat' dir='ltr'><strong>non</strong></span> <span class='ocrx_word' id='word_1_449' title='bbox 742 3892 1032 3952; x_wconf 86' lang='lat' dir='ltr'><strong>possumus</strong></span> <span class='ocrx_word' id='word_1_450' title='bbox 1075 3877 1402 3950; x_wconf 76' lang='lat' dir='ltr'><strong>generaliter</strong></span> <span class='ocrx_word' id='word_1_451' title='bbox 1430 3875 1634 3932; x_wconf 85' lang='lat' dir='ltr'><strong>referre</strong></span> <span class='ocrx_word' id='word_1_452' title='bbox 1673 3876 1742 3933; x_wconf 86' lang='lat' dir='ltr'><strong>ad</strong></span> <span class='ocrx_word' id='word_1_453' title='bbox 1776 3892 1974 3948; x_wconf 86' lang='lat' dir='ltr'><strong>corpus</strong></span> 
     </span>
    </p>
   </div>
   <div class='ocr_carea' id='block_1_56' title="bbox 381 3968 1975 4042">
    <p class='ocr_par' dir='ltr' id='par_1_56' title="bbox 381 3968 1975 4042">
     <span class='ocr_line' id='line_1_56' title="bbox 381 3968 1975 4042; baseline -0.002 -16"><span class='ocrx_word' id='word_1_454' title='bbox 381 3979 438 4026; x_wconf 90' lang='lat' dir='ltr'><strong>et</strong></span> <span class='ocrx_word' id='word_1_455' title='bbox 463 3971 779 4042; x_wconf 83' lang='lat' dir='ltr'><strong>sanguinem</strong></span> <span class='ocrx_word' id='word_1_456' title='bbox 806 3970 1044 4036; x_wconf 87' lang='lat' dir='ltr'><strong>Domini,</strong></span> <span class='ocrx_word' id='word_1_457' title='bbox 1089 3969 1215 4042; x_wconf 87' lang='lat' dir='ltr'><strong>quia</strong></span> <span class='ocrx_word' id='word_1_458' title='bbox 1246 3977 1370 4024; x_wconf 89' lang='lat' dir='ltr'><strong>sunt</strong></span> <span class='ocrx_word' id='word_1_459' title='bbox 1413 3969 1570 4034; x_wconf 85' lang='lat' dir='ltr'><strong>tales,</strong></span> <span class='ocrx_word' id='word_1_460' title='bbox 1599 3968 1691 4038; x_wconf 81' lang='lat' dir='ltr'><strong>qui</strong></span> <span class='ocrx_word' id='word_1_461' title='bbox 1723 3985 1828 4024; x_wconf 91' lang='lat' dir='ltr'><strong>non</strong></span> <span class='ocrx_word' id='word_1_462' title='bbox 1852 3984 1975 4040; x_wconf 83' lang='lat' dir='ltr'><strong>pos-</strong></span> 
     </span>
    </p>
   </div>
   <div class='ocr_carea' id='block_1_57' title="bbox 380 4059 1970 4135">
    <p class='ocr_par' dir='ltr' id='par_1_57' title="bbox 380 4059 1970 4135">
     <span class='ocr_line' id='line_1_57' title="bbox 380 4059 1970 4135; baseline -0.004 -15"><span class='ocrx_word' id='word_1_463' title='bbox 380 4072 508 4120; x_wconf 86' lang='lat' dir='ltr'><strong>sunt</strong></span> <span class='ocrx_word' id='word_1_464' title='bbox 549 4063 791 4135; x_wconf 82' lang='lat' dir='ltr'><strong>quotidie</strong></span> <span class='ocrx_word' id='word_1_465' title='bbox 839 4062 1265 4128; x_wconf 87' lang='lat' dir='ltr'><strong>communicare,</strong></span> <span class='ocrx_word' id='word_1_466' title='bbox 1316 4069 1409 4116; x_wconf 82' lang='lat' dir='ltr'><strong>aut</strong></span> <span class='ocrx_word' id='word_1_467' title='bbox 1465 4059 1648 4132; x_wconf 83' lang='lat' dir='ltr'><strong>aliqua</strong></span> <span class='ocrx_word' id='word_1_468' title='bbox 1702 4060 1970 4115; x_wconf 74' lang='lat' dir='ltr'><strong>discordia</strong></span> 
     </span>
    </p>
   </div>
   <div class='ocr_carea' id='block_1_58' title="bbox 379 4151 1975 4224">
    <p class='ocr_par' dir='ltr' id='par_1_58' title="bbox 379 4151 1975 4224">
     <span class='ocr_line' id='line_1_58' title="bbox 379 4151 1975 4224; baseline -0.004 -10"><span class='ocrx_word' id='word_1_469' title='bbox 379 4164 570 4214; x_wconf 84' lang='lat' dir='ltr'><strong>contra</strong></span> <span class='ocrx_word' id='word_1_470' title='bbox 593 4154 900 4224; x_wconf 66' lang='lat' dir='ltr'><strong>proximum</strong></span> <span class='ocrx_word' id='word_1_471' title='bbox 931 4153 1335 4217; x_wconf 84' lang='lat' dir='ltr'><strong>commaculati,</strong></span> <span class='ocrx_word' id='word_1_472' title='bbox 1375 4162 1467 4207; x_wconf 87' lang='lat' dir='ltr'><strong>aut</strong></span> <span class='ocrx_word' id='word_1_473' title='bbox 1493 4151 1796 4210; x_wconf 85' lang='lat' dir='ltr'><strong>nocturnali</strong></span> <span class='ocrx_word' id='word_1_474' title='bbox 1823 4153 1975 4208; x_wconf 84' lang='lat' dir='ltr'><strong>coin-</strong></span> 
     </span>
    </p>
   </div>
   <div class='ocr_carea' id='block_1_59' title="bbox 379 4245 1974 4320">
    <p class='ocr_par' dir='ltr' id='par_1_59' title="bbox 379 4245 1974 4320">
     <span class='ocr_line' id='line_1_59' title="bbox 379 4245 1974 4320; baseline -0.003 -17"><span class='ocrx_word' id='word_1_475' title='bbox 379 4247 588 4320; x_wconf 81' lang='lat' dir='ltr'><strong>quinati</strong></span> <span class='ocrx_word' id='word_1_476' title='bbox 617 4246 912 4317; x_wconf 87' lang='lat' dir='ltr'><strong>pollutione</strong></span> <span class='ocrx_word' id='word_1_477' title='bbox 941 4263 954 4299; x_wconf 86' lang='lat'><strong>:</strong></span> <span class='ocrx_word' id='word_1_478' title='bbox 986 4245 1232 4300; x_wconf 85' lang='lat' dir='ltr'><strong>homines</strong></span> <span class='ocrx_word' id='word_1_479' title='bbox 1260 4253 1406 4311; x_wconf 88' lang='lat' dir='ltr'><strong>sunt,</strong></span> <span class='ocrx_word' id='word_1_480' title='bbox 1453 4261 1559 4300; x_wconf 88' lang='lat' dir='ltr'><strong>non</strong></span> <span class='ocrx_word' id='word_1_481' title='bbox 1602 4253 1828 4316; x_wconf 84' lang='lat' dir='ltr'><strong>possunt</strong></span> <span class='ocrx_word' id='word_1_482' title='bbox 1855 4258 1974 4299; x_wconf 88' lang='lat' dir='ltr'><strong>esse</strong></span> 
     </span>
    </p>
   </div>
   <div class='ocr_carea' id='block_1_60' title="bbox 379 4335 1974 4412">
    <p class='ocr_par' dir='ltr' id='par_1_60' title="bbox 379 4335 1974 4412">
     <span class='ocr_line' id='line_1_60' title="bbox 379 4335 1974 4412; baseline -0.004 -15"><span class='ocrx_word' id='word_1_483' title='bbox 379 4355 594 4412; x_wconf 87' lang='lat' dir='ltr'><strong>semper</strong></span> <span class='ocrx_word' id='word_1_484' title='bbox 614 4339 810 4412; x_wconf 83' lang='lat' dir='ltr'><strong>parati.</strong></span> <span class='ocrx_word' id='word_1_485' title='bbox 841 4338 883 4395; x_wconf 86' lang='lat' dir='ltr'><strong>E</strong></span> <span class='ocrx_word' id='word_1_486' title='bbox 905 4345 1094 4392; x_wconf 85' lang='lat' dir='ltr'><strong>contra</strong></span> <span class='ocrx_word' id='word_1_487' title='bbox 1119 4345 1243 4392; x_wconf 88' lang='lat' dir='ltr'><strong>sunt</strong></span> <span class='ocrx_word' id='word_1_488' title='bbox 1271 4337 1426 4400; x_wconf 84' lang='lat' dir='ltr'><strong>tales,</strong></span> <span class='ocrx_word' id='word_1_489' title='bbox 1457 4337 1550 4406; x_wconf 90' lang='lat' dir='ltr'><strong>qui</strong></span> <span class='ocrx_word' id='word_1_490' title='bbox 1585 4335 1827 4409; x_wconf 84' lang='lat' dir='ltr'><strong>quotidie</strong></span> <span class='ocrx_word' id='word_1_491' title='bbox 1849 4349 1974 4406; x_wconf 88' lang='lat' dir='ltr'><strong>pos-</strong></span> 
     </span>
    </p>
   </div>
   <div class='ocr_carea' id='block_1_61' title="bbox 378 4428 1972 4499">
    <p class='ocr_par' dir='ltr' id='par_1_61' title="bbox 378 4428 1972 4499">
     <span class='ocr_line' id='line_1_61' title="bbox 378 4428 1972 4499; baseline -0.008 -6"><span class='ocrx_word' id='word_1_492' title='bbox 378 4444 506 4492; x_wconf 84' lang='lat' dir='ltr'><strong>sunt</strong></span> <span class='ocrx_word' id='word_1_493' title='bbox 528 4435 934 4493; x_wconf 85' lang='lat' dir='ltr'><strong>communicare</strong></span> <span class='ocrx_word' id='word_1_494' title='bbox 965 4450 978 4487; x_wconf 88' lang='lat'>:</span> <span class='ocrx_word' id='word_1_495' title='bbox 1012 4431 1118 4488; x_wconf 87' lang='lat' dir='ltr'><strong>illis</strong></span> <span class='ocrx_word' id='word_1_496' title='bbox 1153 4431 1358 4496; x_wconf 83' lang='lat' dir='ltr'><strong>evenit,</strong></span> <span class='ocrx_word' id='word_1_497' title='bbox 1389 4429 1532 4499; x_wconf 84' lang='lat' dir='ltr'><strong>quod</strong></span> <span class='ocrx_word' id='word_1_498' title='bbox 1561 4429 1812 4486; x_wconf 89' lang='lat' dir='ltr'><strong>dominus</strong></span> <span class='ocrx_word' id='word_1_499' title='bbox 1837 4428 1972 4484; x_wconf 83' lang='lat' dir='ltr'><strong>dixit</strong></span> 
     </span>
    </p>
   </div>
   <div class='ocr_carea' id='block_1_62' title="bbox 377 4519 1968 4594">
    <p class='ocr_par' dir='ltr' id='par_1_62' title="bbox 377 4519 1968 4594">
     <span class='ocr_line' id='line_1_62' title="bbox 377 4519 1968 4594; baseline -0.005 -11"><span class='ocrx_word' id='word_1_500' title='bbox 377 4529 608 4589; x_wconf 74' lang='lat' dir='ltr'><strong>Zachazo</strong></span> <span class='ocrx_word' id='word_1_501' title='bbox 634 4545 647 4584; x_wconf 89' lang='lat'><strong>:</strong></span> <span class='ocrx_word' id='word_1_502' title='bbox 682 4525 852 4580; x_wconf 80' lang='lat' dir='ltr'><strong>Hodie</strong></span> <span class='ocrx_word' id='word_1_503' title='bbox 874 4526 927 4580; x_wconf 87' lang='lat' dir='ltr'><strong>in</strong></span> <span class='ocrx_word' id='word_1_504' title='bbox 952 4524 1108 4582; x_wconf 86' lang='lat' dir='ltr'><strong>domo</strong></span> <span class='ocrx_word' id='word_1_505' title='bbox 1129 4533 1219 4577; x_wconf 88' lang='lat' dir='ltr'><strong>tua</strong></span> <span class='ocrx_word' id='word_1_506' title='bbox 1245 4531 1444 4593; x_wconf 82' lang='lat' dir='ltr'><strong>oportet</strong></span> <span class='ocrx_word' id='word_1_507' title='bbox 1470 4538 1550 4574; x_wconf 89' lang='lat' dir='ltr'><strong>me</strong></span> <span class='ocrx_word' id='word_1_508' title='bbox 1579 4537 1790 4576; x_wconf 81' lang='lat' dir='ltr'><strong>manere</strong></span> <span class='ocrx_word' id='word_1_509' title='bbox 1815 4519 1968 4594; x_wconf 83' lang='lat' dir='ltr'><strong>(Luc.</strong></span> 
     </span>
    </p>
   </div>
   <div class='ocr_carea' id='block_1_63' title="bbox 377 4611 1968 4690">
    <p class='ocr_par' dir='ltr' id='par_1_63' title="bbox 377 4611 1968 4690">
     <span class='ocr_line' id='line_1_63' title="bbox 377 4611 1968 4690; baseline -0.006 -15"><span class='ocrx_word' id='word_1_510' title='bbox 377 4635 493 4686; x_wconf 68' lang='grc' dir='ltr'><em>ιιι,</em></span> <span class='ocrx_word' id='word_1_511' title='bbox 523 4618 600 4690; x_wconf 83' lang='lat'><strong>5).</strong></span> <span class='ocrx_word' id='word_1_512' title='bbox 633 4624 697 4673; x_wconf 83' lang='lat' dir='ltr'><strong>At</strong></span> <span class='ocrx_word' id='word_1_513' title='bbox 721 4617 808 4672; x_wconf 86' lang='lat' dir='ltr'><strong>ille</strong></span> <span class='ocrx_word' id='word_1_514' title='bbox 831 4617 1053 4688; x_wconf 78' lang='lat' dir='ltr'><strong>suscepit</strong></span> <span class='ocrx_word' id='word_1_515' title='bbox 1076 4630 1194 4670; x_wconf 85' lang='lat' dir='ltr'><strong>eum</strong></span> <span class='ocrx_word' id='word_1_516' title='bbox 1219 4612 1453 4686; x_wconf 81' lang='lat' dir='ltr'><strong>gaudens</strong></span> <span class='ocrx_word' id='word_1_517' title='bbox 1482 4613 1534 4666; x_wconf 86' lang='lat' dir='ltr'><strong>in</strong></span> <span class='ocrx_word' id='word_1_518' title='bbox 1562 4611 1775 4666; x_wconf 85' lang='lat' dir='ltr'><strong>domum</strong></span> <span class='ocrx_word' id='word_1_519' title='bbox 1793 4629 1968 4679; x_wconf 82' lang='lat' dir='ltr'><strong>suam,</strong></span> 
     </span>
    </p>
   </div>
   <div class='ocr_carea' id='block_1_64' title="bbox 377 4705 1970 4782">
    <p class='ocr_par' dir='ltr' id='par_1_64' title="bbox 377 4705 1970 4782">
     <span class='ocr_line' id='line_1_64' title="bbox 377 4705 1970 4782; baseline -0.006 -14"><span class='ocrx_word' id='word_1_520' title='bbox 377 4712 505 4782; x_wconf 86' lang='lat' dir='ltr'><strong>quia</strong></span> <span class='ocrx_word' id='word_1_521' title='bbox 541 4710 616 4766; x_wconf 85' lang='lat' dir='ltr'><strong>illi</strong></span> <span class='ocrx_word' id='word_1_522' title='bbox 643 4710 782 4766; x_wconf 87' lang='lat' dir='ltr'><strong>tales</strong></span> <span class='ocrx_word' id='word_1_523' title='bbox 805 4724 933 4768; x_wconf 87' lang='lat' dir='ltr'><strong>cum</strong></span> <span class='ocrx_word' id='word_1_524' title='bbox 969 4707 1163 4780; x_wconf 84' lang='lat' dir='ltr'><strong>gaudio</strong></span> <span class='ocrx_word' id='word_1_525' title='bbox 1192 4705 1391 4762; x_wconf 86' lang='lat' dir='ltr'><strong>debent</strong></span> <span class='ocrx_word' id='word_1_526' title='bbox 1433 4720 1631 4776; x_wconf 89' lang='lat' dir='ltr'><strong>corpus</strong></span> <span class='ocrx_word' id='word_1_527' title='bbox 1660 4711 1714 4760; x_wconf 87' lang='lat' dir='ltr'><strong>et</strong></span> <span class='ocrx_word' id='word_1_528' title='bbox 1753 4705 1970 4776; x_wconf 83' lang='lat' dir='ltr'><strong>sangui-</strong></span> 
     </span>
    </p>
   </div>
   <div class='ocr_carea' id='block_1_65' title="bbox 377 4796 1966 4868">
    <p class='ocr_par' dir='ltr' id='par_1_65' title="bbox 377 4796 1966 4868">
     <span class='ocr_line' id='line_1_65' title="bbox 377 4796 1966 4868; baseline -0.003 -10"><span class='ocrx_word' id='word_1_529' title='bbox 377 4818 505 4858; x_wconf 87' lang='lat' dir='ltr'><strong>nem</strong></span> <span class='ocrx_word' id='word_1_530' title='bbox 555 4802 768 4862; x_wconf 88' lang='lat' dir='ltr'><strong>Domini</strong></span> <span class='ocrx_word' id='word_1_531' title='bbox 809 4815 1043 4857; x_wconf 87' lang='lat' dir='ltr'><strong>sumere.</strong></span> <span class='ocrx_word' id='word_1_532' title='bbox 1095 4798 1173 4854; x_wconf 88' lang='lat' dir='ltr'><strong>llli</strong></span> <span class='ocrx_word' id='word_1_533' title='bbox 1229 4812 1381 4863; x_wconf 87' lang='lat' dir='ltr'><strong>vero,</strong></span> <span class='ocrx_word' id='word_1_534' title='bbox 1430 4798 1523 4867; x_wconf 91' lang='lat' dir='ltr'><strong>qui</strong></span> <span class='ocrx_word' id='word_1_535' title='bbox 1561 4796 1801 4868; x_wconf 86' lang='lat' dir='ltr'><strong>quotidie</strong></span> <span class='ocrx_word' id='word_1_536' title='bbox 1859 4812 1966 4854; x_wconf 89' lang='lat' dir='ltr'><strong>non</strong></span> 
     </span>
    </p>
   </div>
   <div class='ocr_carea' id='block_1_66' title="bbox 375 4889 1969 4964">
    <p class='ocr_par' dir='ltr' id='par_1_66' title="bbox 375 4889 1969 4964">
     <span class='ocr_line' id='line_1_66' title="bbox 375 4889 1969 4964; baseline -0.006 -13"><span class='ocrx_word' id='word_1_537' title='bbox 375 4901 604 4964; x_wconf 79' lang='lat' dir='ltr'><strong>possunt</strong></span> <span class='ocrx_word' id='word_1_538' title='bbox 653 4891 1075 4956; x_wconf 86' lang='lat' dir='ltr'><strong>communicare,</strong></span> <span class='ocrx_word' id='word_1_539' title='bbox 1111 4902 1340 4964; x_wconf 86' lang='lat' dir='ltr'><strong>possunt</strong></span> <span class='ocrx_word' id='word_1_540' title='bbox 1391 4889 1576 4944; x_wconf 89' lang='lat' dir='ltr'><strong>dicere</strong></span> <span class='ocrx_word' id='word_1_541' title='bbox 1613 4903 1740 4945; x_wconf 85' lang='lat' dir='ltr'><strong>cum</strong></span> <span class='ocrx_word' id='word_1_542' title='bbox 1780 4895 1969 4943; x_wconf 85' lang='lat' dir='ltr'><strong>centu-</strong></span> 
     </span>
    </p>
   </div>
   <div class='ocr_carea' id='block_1_67' title="bbox 378 4979 1967 5052">
    <p class='ocr_par' dir='ltr' id='par_1_67' title="bbox 378 4979 1967 5052">
     <span class='ocr_line' id='line_1_67' title="bbox 378 4979 1967 5052; baseline -0.005 -10"><span class='ocrx_word' id='word_1_543' title='bbox 378 4988 533 5044; x_wconf 86' lang='lat' dir='ltr'><strong>rione</strong></span> <span class='ocrx_word' id='word_1_544' title='bbox 565 5005 578 5042; x_wconf 89' lang='lat'><strong>:</strong></span> <span class='ocrx_word' id='word_1_545' title='bbox 603 4985 847 5051; x_wconf 80' lang='lat' dir='ltr'><strong>Domine,</strong></span> <span class='ocrx_word' id='word_1_546' title='bbox 876 5001 980 5039; x_wconf 88' lang='lat' dir='ltr'><strong>non</strong></span> <span class='ocrx_word' id='word_1_547' title='bbox 1007 4999 1126 5040; x_wconf 82' lang='lat' dir='ltr'><strong>sum</strong></span> <span class='ocrx_word' id='word_1_548' title='bbox 1153 4982 1343 5052; x_wconf 82' lang='lat' dir='ltr'><strong>dignus</strong></span> <span class='ocrx_word' id='word_1_549' title='bbox 1390 4991 1447 5050; x_wconf 87' lang='lat' dir='ltr'><strong>ut</strong></span> <span class='ocrx_word' id='word_1_550' title='bbox 1468 4982 1634 5036; x_wconf 84' lang='lat' dir='ltr'><strong>intres</strong></span> <span class='ocrx_word' id='word_1_551' title='bbox 1659 4979 1754 5038; x_wconf 85' lang='lat' dir='ltr'><strong>sub</strong></span> <span class='ocrx_word' id='word_1_552' title='bbox 1776 4989 1967 5034; x_wconf 84' lang='lat' dir='ltr'><strong>tectum</strong></span> 
     </span>
    </p>
   </div>
   <div class='ocr_carea' id='block_1_68' title="bbox 375 5069 1970 5148">
    <p class='ocr_par' dir='ltr' id='par_1_68' title="bbox 375 5069 1970 5148">
     <span class='ocr_line' id='line_1_68' title="bbox 375 5069 1970 5148; baseline -0.005 -14"><span class='ocrx_word' id='word_1_553' title='bbox 375 5093 551 5136; x_wconf 83' lang='lat' dir='ltr'><strong>meum</strong></span> <span class='ocrx_word' id='word_1_554' title='bbox 575 5076 736 5134; x_wconf 86' lang='lat' dir='ltr'><strong>hodie</strong></span> <span class='ocrx_word' id='word_1_555' title='bbox 778 5072 992 5148; x_wconf 72' lang='lat' dir='ltr'><strong>(Matth.</strong></span> <span class='ocrx_word' id='word_1_556' title='bbox 1025 5088 1142 5139; x_wconf 81' lang='lat' dir='ltr'><strong>vm,</strong></span> <span class='ocrx_word' id='word_1_557' title='bbox 1173 5073 1227 5145; x_wconf 80' lang='lat'><strong>5)</strong></span> <span class='ocrx_word' id='word_1_558' title='bbox 1255 5089 1271 5128; x_wconf 88' lang='lat'><strong>:</strong></span> <span class='ocrx_word' id='word_1_559' title='bbox 1301 5071 1534 5130; x_wconf 84' lang='lat' dir='ltr'><strong>intrabis</strong></span> <span class='ocrx_word' id='word_1_560' title='bbox 1563 5071 1670 5126; x_wconf 89' lang='lat' dir='ltr'><strong>alia</strong></span> <span class='ocrx_word' id='word_1_561' title='bbox 1698 5071 1801 5126; x_wconf 88' lang='lat' dir='ltr'><strong>die.</strong></span> <span class='ocrx_word' id='word_1_562' title='bbox 1830 5069 1970 5126; x_wconf 86' lang='lat' dir='ltr'><strong>Sunt</strong></span> 
     </span>
    </p>
   </div>
   <div class='ocr_carea' id='block_1_69' title="bbox 375 5163 1965 5238">
    <p class='ocr_par' dir='ltr' id='par_1_69' title="bbox 375 5163 1965 5238">
     <span class='ocr_line' id='line_1_69' title="bbox 375 5163 1965 5238; baseline -0.008 -11"><span class='ocrx_word' id='word_1_563' title='bbox 375 5171 540 5228; x_wconf 87' lang='lat' dir='ltr'><strong>etiam</strong></span> <span class='ocrx_word' id='word_1_564' title='bbox 573 5168 734 5236; x_wconf 82' lang='lat' dir='ltr'><strong>tales,</strong></span> <span class='ocrx_word' id='word_1_565' title='bbox 759 5168 852 5238; x_wconf 86' lang='lat' dir='ltr'><strong>qui</strong></span> <span class='ocrx_word' id='word_1_566' title='bbox 886 5167 1079 5224; x_wconf 85' lang='lat' dir='ltr'><strong>nolunt</strong></span> <span class='ocrx_word' id='word_1_567' title='bbox 1125 5181 1156 5222; x_wconf 84' lang='lat' dir='ltr'><strong>a</strong></span> <span class='ocrx_word' id='word_1_568' title='bbox 1211 5181 1307 5222; x_wconf 85' lang='lat' dir='ltr'><strong>sua</strong></span> <span class='ocrx_word' id='word_1_569' title='bbox 1355 5163 1644 5234; x_wconf 87' lang='lat' dir='ltr'><strong>iniquitate</strong></span> <span class='ocrx_word' id='word_1_570' title='bbox 1688 5163 1965 5226; x_wconf 84' lang='lat' dir='ltr'><strong>recedere,</strong></span> 
     </span>
    </p>
   </div>
   <div class='ocr_carea' id='block_1_70' title="bbox 376 5254 1968 5330">
    <p class='ocr_par' dir='ltr' id='par_1_70' title="bbox 376 5254 1968 5330">
     <span class='ocr_line' id='line_1_70' title="bbox 376 5254 1968 5330; baseline -0.006 -12"><span class='ocrx_word' id='word_1_571' title='bbox 376 5262 656 5322; x_wconf 82' lang='lat' dir='ltr'><strong>abstinent</strong></span> <span class='ocrx_word' id='word_1_572' title='bbox 695 5275 754 5318; x_wconf 86' lang='lat' dir='ltr'><strong>se</strong></span> <span class='ocrx_word' id='word_1_573' title='bbox 782 5276 816 5322; x_wconf 77' lang='lat' dir='ltr'><strong>a.</strong></span> <span class='ocrx_word' id='word_1_574' title='bbox 853 5273 1083 5330; x_wconf 80' lang='lat' dir='ltr'><strong>corpore</strong></span> <span class='ocrx_word' id='word_1_575' title='bbox 1131 5266 1185 5314; x_wconf 84' lang='lat' dir='ltr'><strong>et</strong></span> <span class='ocrx_word' id='word_1_576' title='bbox 1227 5257 1491 5329; x_wconf 77' lang='lat' dir='ltr'><strong>sanguine</strong></span> <span class='ocrx_word' id='word_1_577' title='bbox 1541 5254 1757 5312; x_wconf 90' lang='lat' dir='ltr'><strong>Domini</strong></span> <span class='ocrx_word' id='word_1_578' title='bbox 1801 5268 1968 5310; x_wconf 86' lang='lat' dir='ltr'><strong>causa</strong></span> 
     </span>
    </p>
   </div>
   <div class='ocr_carea' id='block_1_71' title="bbox 375 5343 1969 5421">
    <p class='ocr_par' dir='ltr' id='par_1_71' title="bbox 375 5343 1969 5421">
     <span class='ocr_line' id='line_1_71' title="bbox 375 5343 1969 5421; baseline -0.004 -15"><span class='ocrx_word' id='word_1_579' title='bbox 375 5349 719 5408; x_wconf 85' lang='lat' dir='ltr'><strong>humilitatis.</strong></span> <span class='ocrx_word' id='word_1_580' title='bbox 763 5348 983 5410; x_wconf 74' lang='lat' dir='ltr'><strong>Talibus</strong></span> <span class='ocrx_word' id='word_1_581' title='bbox 1031 5347 1332 5421; x_wconf 67' lang='lat' dir='ltr'><strong>praedicans</strong></span> <span class='ocrx_word' id='word_1_582' title='bbox 1382 5347 1578 5402; x_wconf 86' lang='lat' dir='ltr'><strong>beatus</strong></span> <span class='ocrx_word' id='word_1_583' title='bbox 1632 5343 1969 5415; x_wconf 80' lang='lat' dir='ltr'><strong>Augustinus</strong></span> 
     </span>
    </p>
   </div>
   <div class='ocr_carea' id='block_1_72' title="bbox 377 5439 1968 5508">
    <p class='ocr_par' dir='ltr' id='par_1_72' title="bbox 377 5439 1968 5508">
     <span class='ocr_line' id='line_1_72' title="bbox 377 5439 1968 5508; baseline -0.001 -12"><span class='ocrx_word' id='word_1_584' title='bbox 377 5441 553 5498; x_wconf 74' lang='lat' dir='ltr'><strong>dixit:</strong></span> <span class='ocrx_word' id='word_1_585' title='bbox 594 5441 797 5505; x_wconf 80' lang='lat' dir='ltr'><strong>Placet,</strong></span> <span class='ocrx_word' id='word_1_586' title='bbox 855 5441 1073 5508; x_wconf 68' lang='lat' dir='ltr'><strong>fratres,</strong></span> <span class='ocrx_word' id='word_1_587' title='bbox 1096 5441 1227 5502; x_wconf 82' lang='lat' dir='ltr'><strong>mihi</strong></span> <span class='ocrx_word' id='word_1_588' title='bbox 1270 5439 1550 5498; x_wconf 79' lang='lat' dir='ltr'><strong>humilitas</strong></span> <span class='ocrx_word' id='word_1_589' title='bbox 1575 5447 1779 5504; x_wconf 86' lang='lat' dir='ltr'><strong>vestra,</strong></span> <span class='ocrx_word' id='word_1_590' title='bbox 1823 5439 1968 5508; x_wconf 88' lang='lat' dir='ltr'><strong>quod</strong></span> 
     </span>
    </p>
   </div>
   <div class='ocr_carea' id='block_1_73' title="bbox 377 5530 1961 5604">
    <p class='ocr_par' dir='ltr' id='par_1_73' title="bbox 377 5530 1961 5604">
     <span class='ocr_line' id='line_1_73' title="bbox 377 5530 1961 5604; baseline -0.003 -18"><span class='ocrx_word' id='word_1_591' title='bbox 377 5532 583 5590; x_wconf 89' lang='lat' dir='ltr'><strong>timetis</strong></span> <span class='ocrx_word' id='word_1_592' title='bbox 617 5533 877 5591; x_wconf 88' lang='lat' dir='ltr'><strong>accedere</strong></span> <span class='ocrx_word' id='word_1_593' title='bbox 917 5535 984 5590; x_wconf 88' lang='lat' dir='ltr'><strong>ad</strong></span> <span class='ocrx_word' id='word_1_594' title='bbox 1029 5549 1226 5604; x_wconf 88' lang='lat' dir='ltr'><strong>corpus</strong></span> <span class='ocrx_word' id='word_1_595' title='bbox 1257 5541 1311 5588; x_wconf 89' lang='lat' dir='ltr'><strong>et</strong></span> <span class='ocrx_word' id='word_1_596' title='bbox 1345 5532 1662 5604; x_wconf 80' lang='lat' dir='ltr'><strong>sanguinem</strong></span> <span class='ocrx_word' id='word_1_597' title='bbox 1702 5530 1916 5590; x_wconf 88' lang='lat' dir='ltr'><strong>Domini</strong></span> <span class='ocrx_word' id='word_1_598' title='bbox 1948 5547 1961 5582; x_wconf 93' lang='lat'><strong>:</strong></span> 
     </span>
    </p>
   </div>
   <div class='ocr_carea' id='block_1_74' title="bbox 379 5620 1965 5694">
    <p class='ocr_par' dir='ltr' id='par_1_74' title="bbox 379 5620 1965 5694">
     <span class='ocr_line' id='line_1_74' title="bbox 379 5620 1965 5694; baseline -0.003 -13"><span class='ocrx_word' id='word_1_599' title='bbox 379 5623 476 5678; x_wconf 77' lang='lat' dir='ltr'><strong>sed</strong></span> <span class='ocrx_word' id='word_1_600' title='bbox 499 5623 692 5682; x_wconf 77' lang='lat' dir='ltr'><strong>melius</strong></span> <span class='ocrx_word' id='word_1_601' title='bbox 724 5634 892 5690; x_wconf 81' lang='lat' dir='ltr'><strong>esset,</strong></span> <span class='ocrx_word' id='word_1_602' title='bbox 923 5634 984 5679; x_wconf 90' lang='lat' dir='ltr'><strong>ut</strong></span> <span class='ocrx_word' id='word_1_603' title='bbox 1008 5625 1078 5686; x_wconf 85' lang='lat' dir='ltr'><strong>al)</strong></span> <span class='ocrx_word' id='word_1_604' title='bbox 1107 5624 1482 5694; x_wconf 83' lang='lat' dir='ltr'><strong>iniquitatibus</strong></span> <span class='ocrx_word' id='word_1_605' title='bbox 1511 5623 1706 5679; x_wconf 83' lang='lat' dir='ltr'><strong>vestris</strong></span> <span class='ocrx_word' id='word_1_606' title='bbox 1749 5620 1965 5683; x_wconf 76' lang='lat' dir='ltr'><strong>recede-</strong></span> 
     </span>
    </p>
   </div>
   <div class='ocr_carea' id='block_1_75' title="bbox 380 5709 1968 5787">
    <p class='ocr_par' dir='ltr' id='par_1_75' title="bbox 380 5709 1968 5787">
     <span class='ocr_line' id='line_1_75' title="bbox 380 5709 1968 5787; baseline 0.004 -23"><span class='ocrx_word' id='word_1_607' title='bbox 380 5709 535 5775; x_wconf 78' lang='lat' dir='ltr'><strong>retis,</strong></span> <span class='ocrx_word' id='word_1_608' title='bbox 573 5718 630 5764; x_wconf 88' lang='lat' dir='ltr'><strong>et</strong></span> <span class='ocrx_word' id='word_1_609' title='bbox 657 5714 840 5773; x_wconf 90' lang='lat' dir='ltr'><strong>mundi</strong></span> <span class='ocrx_word' id='word_1_610' title='bbox 879 5713 1055 5770; x_wconf 74' lang='lat' dir='ltr'><strong>eﬂ‘ecti</strong></span> <span class='ocrx_word' id='word_1_611' title='bbox 1085 5729 1184 5784; x_wconf 86' lang='lat' dir='ltr'><strong>per</strong></span> <span class='ocrx_word' id='word_1_612' title='bbox 1213 5715 1612 5786; x_wconf 80' lang='lat' dir='ltr'><strong>ptruitcntiam,</strong></span> <span class='ocrx_word' id='word_1_613' title='bbox 1661 5731 1860 5787; x_wconf 87' lang='lat' dir='ltr'><strong>corpus</strong></span> <span class='ocrx_word' id='word_1_614' title='bbox 1911 5725 1968 5771; x_wconf 88' lang='lat' dir='ltr'><strong>ct</strong></span> 
     </span>
    </p>
   </div>
   <div class='ocr_carea' id='block_1_76' title="bbox 457 5817 1020 5888">
    <p class='ocr_par' dir='ltr' id='par_1_76' title="bbox 457 5817 1020 5888">
     <span class='ocr_line' id='line_1_76' title="bbox 457 5817 1020 5888; baseline 0 -14"><span class='ocrx_word' id='word_1_615' title='bbox 457 5829 488 5860; x_wconf 76' lang='grc' dir='ltr'>ι</span> <span class='ocrx_word' id='word_1_616' title='bbox 516 5817 691 5882; x_wconf 71' lang='lat' dir='ltr'><strong>Locus</strong></span> <span class='ocrx_word' id='word_1_617' title='bbox 717 5828 1020 5888; x_wconf 83' lang='lat' dir='ltr'><strong>corruptus.</strong></span> 
     </span>
    </p>
   </div>
   <div class='ocr_carea' id='block_1_77' title="bbox 2086 1953 3687 2026">
    <p class='ocr_par' dir='ltr' id='par_1_77' title="bbox 2086 1953 3687 2026">
     <span class='ocr_line' id='line_1_77' title="bbox 2086 1953 3687 2026; baseline 0.002 -18"><span class='ocrx_word' id='word_1_618' title='bbox 2086 1953 2303 2020; x_wconf 75' lang='lat' dir='ltr'><strong>(Matth.</strong></span> <span class='ocrx_word' id='word_1_619' title='bbox 2330 1971 2463 2019; x_wconf 79' lang='lat' dir='ltr'><strong>xm,</strong></span> <span class='ocrx_word' id='word_1_620' title='bbox 2497 1953 2609 2026; x_wconf 79' lang='lat'><strong>57).</strong></span> <span class='ocrx_word' id='word_1_621' title='bbox 2637 1953 2755 2009; x_wconf 82' lang='lat' dir='ltr'><strong>Non</strong></span> <span class='ocrx_word' id='word_1_622' title='bbox 2787 1954 3063 2024; x_wconf 86' lang='lat' dir='ltr'><strong>diligimus</strong></span> <span class='ocrx_word' id='word_1_623' title='bbox 3093 1953 3262 2010; x_wconf 89' lang='lat' dir='ltr'><strong>Deum</strong></span> <span class='ocrx_word' id='word_1_624' title='bbox 3292 1969 3471 2024; x_wconf 86' lang='lat' dir='ltr'><strong>neque</strong></span> <span class='ocrx_word' id='word_1_625' title='bbox 3496 1957 3687 2026; x_wconf 78' lang='lat' dir='ltr'><strong>proxi-</strong></span> 
     </span>
    </p>
   </div>
   <div class='ocr_carea' id='block_1_78' title="bbox 2085 2046 3685 2116">
    <p class='ocr_par' dir='ltr' id='par_1_78' title="bbox 2085 2046 3685 2116">
     <span class='ocr_line' id='line_1_78' title="bbox 2085 2046 3685 2116; baseline 0 -16"><span class='ocrx_word' id='word_1_626' title='bbox 2085 2062 2256 2110; x_wconf 90' lang='lat' dir='ltr'><strong>mum,</strong></span> <span class='ocrx_word' id='word_1_627' title='bbox 2294 2047 2436 2102; x_wconf 89' lang='lat' dir='ltr'><strong>sicut</strong></span> <span class='ocrx_word' id='word_1_628' title='bbox 2473 2047 2589 2115; x_wconf 91' lang='lat' dir='ltr'><strong>ipse</strong></span> <span class='ocrx_word' id='word_1_629' title='bbox 2616 2046 2895 2116; x_wconf 76' lang='lat' dir='ltr'><strong>praecipit?</strong></span> <span class='ocrx_word' id='word_1_630' title='bbox 2923 2046 3210 2102; x_wconf 85' lang='lat' dir='ltr'><strong>Debitores</strong></span> <span class='ocrx_word' id='word_1_631' title='bbox 3251 2061 3462 2110; x_wconf 88' lang='lat' dir='ltr'><strong>sumus,</strong></span> <span class='ocrx_word' id='word_1_632' title='bbox 3491 2048 3553 2102; x_wconf 89' lang='lat' dir='ltr'><strong>id</strong></span> <span class='ocrx_word' id='word_1_633' title='bbox 3581 2058 3685 2113; x_wconf 82' lang='lat' dir='ltr'><strong>est,</strong></span> 
     </span>
    </p>
   </div>
   <div class='ocr_carea' id='block_1_79' title="bbox 2083 2136 3682 2210">
    <p class='ocr_par' dir='ltr' id='par_1_79' title="bbox 2083 2136 3682 2210">
     <span class='ocr_line' id='line_1_79' title="bbox 2083 2136 3682 2210; baseline 0.001 -17"><span class='ocrx_word' id='word_1_634' title='bbox 2083 2148 2417 2208; x_wconf 85' lang='lat' dir='ltr'><strong>peccatores.</strong></span> <span class='ocrx_word' id='word_1_635' title='bbox 2447 2139 2563 2210; x_wconf 88' lang='lat' dir='ltr'><strong>Ipse</strong></span> <span class='ocrx_word' id='word_1_636' title='bbox 2584 2138 2718 2195; x_wconf 85' lang='lat' dir='ltr'><strong>dicit</strong></span> <span class='ocrx_word' id='word_1_637' title='bbox 2751 2156 2764 2192; x_wconf 91' lang='lat'>:</span> <span class='ocrx_word' id='word_1_638' title='bbox 2793 2136 3016 2194; x_wconf 79' lang='lat' dir='ltr'><strong>Honora</strong></span> <span class='ocrx_word' id='word_1_639' title='bbox 3055 2148 3259 2209; x_wconf 82' lang='lat' dir='ltr'><strong>patrem</strong></span> <span class='ocrx_word' id='word_1_640' title='bbox 3287 2147 3438 2196; x_wconf 80' lang='lat' dir='ltr'><strong>tuum</strong></span> <span class='ocrx_word' id='word_1_641' title='bbox 3465 2149 3519 2196; x_wconf 84' lang='lat' dir='ltr'><strong>et</strong></span> <span class='ocrx_word' id='word_1_642' title='bbox 3565 2157 3682 2195; x_wconf 76' lang='lat' dir='ltr'><strong>m-</strong></span> 
     </span>
    </p>
   </div>
   <div class='ocr_carea' id='block_1_80' title="bbox 2083 2229 3680 2301">
    <p class='ocr_par' dir='ltr' id='par_1_80' title="bbox 2083 2229 3680 2301">
     <span class='ocr_line' id='line_1_80' title="bbox 2083 2229 3680 2301; baseline -0.004 -16"><span class='ocrx_word' id='word_1_643' title='bbox 2083 2243 2213 2286; x_wconf 84' lang='lat' dir='ltr'><strong>trem</strong></span> <span class='ocrx_word' id='word_1_644' title='bbox 2268 2242 2433 2295; x_wconf 86' lang='lat' dir='ltr'><strong>tuam,</strong></span> <span class='ocrx_word' id='word_1_645' title='bbox 2483 2240 2540 2287; x_wconf 76' lang='lat' dir='ltr'><strong>ut</strong></span> <span class='ocrx_word' id='word_1_646' title='bbox 2585 2231 2657 2288; x_wconf 85' lang='lat' dir='ltr'><strong>sis</strong></span> <span class='ocrx_word' id='word_1_647' title='bbox 2705 2230 2968 2300; x_wconf 74' lang='lat' dir='ltr'><strong>tangamus</strong></span> <span class='ocrx_word' id='word_1_648' title='bbox 3006 2246 3164 2301; x_wconf 79' lang='lat' dir='ltr'><strong>super</strong></span> <span class='ocrx_word' id='word_1_649' title='bbox 3201 2239 3398 2285; x_wconf 79' lang='lat' dir='ltr'><strong>terram</strong></span> <span class='ocrx_word' id='word_1_650' title='bbox 3451 2229 3680 2301; x_wconf 71' lang='lat' dir='ltr'><strong>(Matth.</strong></span> 
     </span>
    </p>
   </div>
   <div class='ocr_carea' id='block_1_81' title="bbox 2085 2319 3686 2395">
    <p class='ocr_par' dir='ltr' id='par_1_81' title="bbox 2085 2319 3686 2395">
     <span class='ocr_line' id='line_1_81' title="bbox 2085 2319 3686 2395; baseline -0.002 -17"><span class='ocrx_word' id='word_1_651' title='bbox 2085 2339 2174 2386; x_wconf 78' lang='lat' dir='ltr'><strong>xv,</strong></span> <span class='ocrx_word' id='word_1_652' title='bbox 2203 2321 2282 2395; x_wconf 68' lang='grc'><strong>4).</strong></span> <span class='ocrx_word' id='word_1_653' title='bbox 2317 2322 2434 2378; x_wconf 80' lang='lat' dir='ltr'><strong>Non</strong></span> <span class='ocrx_word' id='word_1_654' title='bbox 2475 2321 2706 2380; x_wconf 83' lang='lat' dir='ltr'><strong>facimus</strong></span> <span class='ocrx_word' id='word_1_655' title='bbox 2752 2321 2890 2378; x_wconf 81' lang='lat' dir='ltr'><strong>hoc?</strong></span> <span class='ocrx_word' id='word_1_656' title='bbox 2933 2319 3219 2377; x_wconf 85' lang='lat' dir='ltr'><strong>Debitores</strong></span> <span class='ocrx_word' id='word_1_657' title='bbox 3247 2335 3460 2385; x_wconf 79' lang='lat' dir='ltr'><strong>Sumus,</strong></span> <span class='ocrx_word' id='word_1_658' title='bbox 3488 2320 3546 2375; x_wconf 93' lang='lat' dir='ltr'><strong>id</strong></span> <span class='ocrx_word' id='word_1_659' title='bbox 3579 2330 3686 2388; x_wconf 85' lang='lat' dir='ltr'><strong>est,</strong></span> 
     </span>
    </p>
   </div>
   <div class='ocr_carea' id='block_1_82' title="bbox 2081 2409 3679 2484">
    <p class='ocr_par' dir='ltr' id='par_1_82' title="bbox 2081 2409 3679 2484">
     <span class='ocr_line' id='line_1_82' title="bbox 2081 2409 3679 2484; baseline -0.003 -16"><span class='ocrx_word' id='word_1_660' title='bbox 2081 2423 2418 2484; x_wconf 87' lang='lat' dir='ltr'><strong>peccatores.</strong></span> <span class='ocrx_word' id='word_1_661' title='bbox 2451 2413 2578 2470; x_wconf 73' lang='lat' dir='ltr'><strong>limo</strong></span> <span class='ocrx_word' id='word_1_662' title='bbox 2598 2420 2746 2477; x_wconf 85' lang='lat' dir='ltr'><strong>sunt,</strong></span> <span class='ocrx_word' id='word_1_663' title='bbox 2795 2426 2916 2481; x_wconf 78' lang='lat' dir='ltr'><strong>quae</strong></span> <span class='ocrx_word' id='word_1_664' title='bbox 2942 2411 3201 2466; x_wconf 81' lang='lat' dir='ltr'><strong>Dominus</strong></span> <span class='ocrx_word' id='word_1_665' title='bbox 3229 2409 3484 2480; x_wconf 67' lang='lat' dir='ltr'><strong>praecipit</strong></span> <span class='ocrx_word' id='word_1_666' title='bbox 3513 2409 3638 2466; x_wconf 83' lang='lat' dir='ltr'><strong>ﬁeri</strong></span> <span class='ocrx_word' id='word_1_667' title='bbox 3665 2427 3679 2464; x_wconf 90' lang='lat'>:</span> 
     </span>
    </p>
   </div>
   <div class='ocr_carea' id='block_1_83' title="bbox 2085 2500 3683 2571">
    <p class='ocr_par' dir='ltr' id='par_1_83' title="bbox 2085 2500 3683 2571">
     <span class='ocr_line' id='line_1_83' title="bbox 2085 2500 3683 2571; baseline -0.002 -11"><span class='ocrx_word' id='word_1_668' title='bbox 2085 2505 2210 2560; x_wconf 86' lang='lat' dir='ltr'><strong>Non</strong></span> <span class='ocrx_word' id='word_1_669' title='bbox 2237 2505 2460 2570; x_wconf 85' lang='lat' dir='ltr'><strong>occides,</strong></span> <span class='ocrx_word' id='word_1_670' title='bbox 2493 2521 2598 2560; x_wconf 83' lang='lat' dir='ltr'><strong>non</strong></span> <span class='ocrx_word' id='word_1_671' title='bbox 2619 2502 2966 2566; x_wconf 83' lang='lat' dir='ltr'><strong>adulterabis,</strong></span> <span class='ocrx_word' id='word_1_672' title='bbox 3000 2519 3104 2557; x_wconf 83' lang='lat' dir='ltr'><strong>non</strong></span> <span class='ocrx_word' id='word_1_673' title='bbox 3129 2500 3335 2571; x_wconf 76' lang='lat' dir='ltr'><strong>furtum</strong></span> <span class='ocrx_word' id='word_1_674' title='bbox 3358 2502 3548 2570; x_wconf 80' lang='lat' dir='ltr'><strong>facies,</strong></span> <span class='ocrx_word' id='word_1_675' title='bbox 3579 2520 3683 2558; x_wconf 75' lang='lat' dir='ltr'><strong>non</strong></span> 
     </span>
    </p>
   </div>
   <div class='ocr_carea' id='block_1_84' title="bbox 2080 2593 3683 2668">
    <p class='ocr_par' dir='ltr' id='par_1_84' title="bbox 2080 2593 3683 2668">
     <span class='ocr_line' id='line_1_84' title="bbox 2080 2593 3683 2668; baseline -0.002 -18"><span class='ocrx_word' id='word_1_676' title='bbox 2080 2597 2397 2668; x_wconf 81' lang='lat' dir='ltr'><strong>perjurabis.</strong></span> <span class='ocrx_word' id='word_1_677' title='bbox 2430 2595 2550 2652; x_wconf 87' lang='lat' dir='ltr'><strong>Non</strong></span> <span class='ocrx_word' id='word_1_678' title='bbox 2579 2594 2812 2652; x_wconf 78' lang='lat' dir='ltr'><strong>facimus</strong></span> <span class='ocrx_word' id='word_1_679' title='bbox 2842 2594 2992 2660; x_wconf 87' lang='lat' dir='ltr'><strong>talia,</strong></span> <span class='ocrx_word' id='word_1_680' title='bbox 3020 2609 3142 2664; x_wconf 70' lang='lat' dir='ltr'><strong>qua:</strong></span> <span class='ocrx_word' id='word_1_681' title='bbox 3188 2593 3454 2651; x_wconf 89' lang='lat' dir='ltr'><strong>Dominus</strong></span> <span class='ocrx_word' id='word_1_682' title='bbox 3491 2595 3683 2664; x_wconf 86' lang='lat' dir='ltr'><strong>prohi-</strong></span> 
     </span>
    </p>
   </div>
   <div class='ocr_carea' id='block_1_85' title="bbox 2081 2687 3680 2756">
    <p class='ocr_par' dir='ltr' id='par_1_85' title="bbox 2081 2687 3680 2756">
     <span class='ocr_line' id='line_1_85' title="bbox 2081 2687 3680 2756; baseline -0.001 -14"><span class='ocrx_word' id='word_1_683' title='bbox 2081 2687 2197 2743; x_wconf 92' lang='lat' dir='ltr'><strong>buit</strong></span> <span class='ocrx_word' id='word_1_684' title='bbox 2226 2687 2381 2743; x_wconf 87' lang='lat' dir='ltr'><strong>ﬁeri?</strong></span> <span class='ocrx_word' id='word_1_685' title='bbox 2405 2687 2694 2744; x_wconf 88' lang='lat' dir='ltr'><strong>Debitores</strong></span> <span class='ocrx_word' id='word_1_686' title='bbox 2733 2702 2940 2753; x_wconf 85' lang='lat' dir='ltr'><strong>sumus,</strong></span> <span class='ocrx_word' id='word_1_687' title='bbox 2987 2687 3040 2742; x_wconf 92' lang='lat' dir='ltr'><strong>id</strong></span> <span class='ocrx_word' id='word_1_688' title='bbox 3072 2693 3178 2751; x_wconf 88' lang='lat' dir='ltr'><strong>est,</strong></span> <span class='ocrx_word' id='word_1_689' title='bbox 3227 2701 3547 2755; x_wconf 86' lang='lat' dir='ltr'><strong>peccamus,</strong></span> <span class='ocrx_word' id='word_1_690' title='bbox 3583 2687 3680 2756; x_wconf 86' lang='lat' dir='ltr'><strong>qui</strong></span> 
     </span>
    </p>
   </div>
   <div class='ocr_carea' id='block_1_86' title="bbox 2085 2776 3679 2848">
    <p class='ocr_par' dir='ltr' id='par_1_86' title="bbox 2085 2776 3679 2848">
     <span class='ocr_line' id='line_1_86' title="bbox 2085 2776 3679 2848; baseline 0 -16"><span class='ocrx_word' id='word_1_691' title='bbox 2085 2785 2235 2834; x_wconf 85' lang='lat' dir='ltr'><strong>tanta</strong></span> <span class='ocrx_word' id='word_1_692' title='bbox 2286 2777 2488 2846; x_wconf 72' lang='lat' dir='ltr'><strong>ﬂagitia</strong></span> <span class='ocrx_word' id='word_1_693' title='bbox 2551 2786 2742 2836; x_wconf 89' lang='lat' dir='ltr'><strong>contra</strong></span> <span class='ocrx_word' id='word_1_694' title='bbox 2789 2785 3059 2848; x_wconf 77' lang='lat' dir='ltr'><strong>praecepta</strong></span> <span class='ocrx_word' id='word_1_695' title='bbox 3104 2776 3201 2832; x_wconf 90' lang='lat' dir='ltr'><strong>Dei</strong></span> <span class='ocrx_word' id='word_1_696' title='bbox 3252 2777 3679 2834; x_wconf 88' lang='lat' dir='ltr'><strong>committimus.</strong></span> 
     </span>
    </p>
   </div>
   <div class='ocr_carea' id='block_1_87' title="bbox 2087 2870 3683 2942">
    <p class='ocr_par' dir='ltr' id='par_1_87' title="bbox 2087 2870 3683 2942">
     <span class='ocr_line' id='line_1_87' title="bbox 2087 2870 3683 2942; baseline -0.001 -14"><span class='ocrx_word' id='word_1_697' title='bbox 2087 2873 2468 2931; x_wconf 86' lang='lat' dir='ltr'><strong>Necessarium</strong></span> <span class='ocrx_word' id='word_1_698' title='bbox 2509 2881 2593 2929; x_wconf 90' lang='lat' dir='ltr'><strong>est</strong></span> <span class='ocrx_word' id='word_1_699' title='bbox 2635 2888 2767 2942; x_wconf 86' lang='lat' dir='ltr'><strong>ergo</strong></span> <span class='ocrx_word' id='word_1_700' title='bbox 2803 2879 2886 2937; x_wconf 87' lang='lat' dir='ltr'><strong>ut,</strong></span> <span class='ocrx_word' id='word_1_701' title='bbox 2935 2872 2982 2928; x_wconf 90' lang='lat' dir='ltr'><strong>si</strong></span> <span class='ocrx_word' id='word_1_702' title='bbox 3030 2870 3282 2930; x_wconf 86' lang='lat' dir='ltr'><strong>volumus</strong></span> <span class='ocrx_word' id='word_1_703' title='bbox 3335 2885 3399 2928; x_wconf 85' lang='lat' dir='ltr'><strong>ea</strong></span> <span class='ocrx_word' id='word_1_704' title='bbox 3434 2870 3599 2927; x_wconf 89' lang='lat' dir='ltr'><strong>nobis</strong></span> <span class='ocrx_word' id='word_1_705' title='bbox 3652 2887 3683 2926; x_wconf 88' lang='lat' dir='ltr'><strong>a</strong></span> 
     </span>
    </p>
   </div>
   <div class='ocr_carea' id='block_1_88' title="bbox 2080 2963 3685 3035">
    <p class='ocr_par' dir='ltr' id='par_1_88' title="bbox 2080 2963 3685 3035">
     <span class='ocr_line' id='line_1_88' title="bbox 2080 2963 3685 3035; baseline -0.003 -9"><span class='ocrx_word' id='word_1_706' title='bbox 2080 2971 2312 3026; x_wconf 90' lang='lat' dir='ltr'><strong>Domino</strong></span> <span class='ocrx_word' id='word_1_707' title='bbox 2345 2969 2564 3035; x_wconf 86' lang='lat' dir='ltr'><strong>dimitti,</strong></span> <span class='ocrx_word' id='word_1_708' title='bbox 2595 2967 2936 3022; x_wconf 88' lang='lat' dir='ltr'><strong>dimittamus</strong></span> <span class='ocrx_word' id='word_1_709' title='bbox 2963 2981 3033 3022; x_wconf 74' lang='lat' dir='ltr'><strong>ex</strong></span> <span class='ocrx_word' id='word_1_710' title='bbox 3073 2965 3243 3024; x_wconf 86' lang='lat' dir='ltr'><strong>corde</strong></span> <span class='ocrx_word' id='word_1_711' title='bbox 3287 2963 3447 3024; x_wconf 84' lang='lat' dir='ltr'><strong>fratri</strong></span> <span class='ocrx_word' id='word_1_712' title='bbox 3487 2965 3546 3021; x_wconf 93' lang='lat' dir='ltr'><strong>in</strong></span> <span class='ocrx_word' id='word_1_713' title='bbox 3580 2983 3685 3024; x_wconf 88' lang='lat' dir='ltr'><strong>no-</strong></span> 
     </span>
    </p>
   </div>
   <div class='ocr_carea' id='block_1_89' title="bbox 2075 3059 3687 3134">
    <p class='ocr_par' dir='ltr' id='par_1_89' title="bbox 2075 3059 3687 3134">
     <span class='ocr_line' id='line_1_89' title="bbox 2075 3059 3687 3134; baseline -0.006 -12"><span class='ocrx_word' id='word_1_714' title='bbox 2075 3066 2163 3122; x_wconf 90' lang='lat' dir='ltr'><strong>bis</strong></span> <span class='ocrx_word' id='word_1_715' title='bbox 2189 3063 2457 3134; x_wconf 88' lang='lat' dir='ltr'><strong>peccanti,</strong></span> <span class='ocrx_word' id='word_1_716' title='bbox 2487 3070 2581 3116; x_wconf 88' lang='lat' dir='ltr'><strong>aut</strong></span> <span class='ocrx_word' id='word_1_717' title='bbox 2611 3061 2753 3115; x_wconf 88' lang='lat' dir='ltr'><strong>mala</strong></span> <span class='ocrx_word' id='word_1_718' title='bbox 2775 3060 3026 3130; x_wconf 82' lang='lat' dir='ltr'><strong>aperanti</strong></span> <span class='ocrx_word' id='word_1_719' title='bbox 3061 3076 3075 3112; x_wconf 89' lang='lat'><strong>:</strong></span> <span class='ocrx_word' id='word_1_720' title='bbox 3103 3066 3293 3114; x_wconf 84' lang='lat' dir='ltr'><strong>contra</strong></span> <span class='ocrx_word' id='word_1_721' title='bbox 3324 3074 3487 3129; x_wconf 86' lang='lat' dir='ltr'><strong>quem</strong></span> <span class='ocrx_word' id='word_1_722' title='bbox 3509 3059 3687 3114; x_wconf 84' lang='lat' dir='ltr'><strong>etiam</strong></span> 
     </span>
    </p>
   </div>
   <div class='ocr_carea' id='block_1_90' title="bbox 2078 3144 3689 3227">
    <p class='ocr_par' dir='ltr' id='par_1_90' title="bbox 2078 3144 3689 3227">
     <span class='ocr_line' id='line_1_90' title="bbox 2078 3144 3689 3227; baseline -0.005 -16"><span class='ocrx_word' id='word_1_723' title='bbox 2078 3157 2366 3227; x_wconf 89' lang='lat' dir='ltr'><strong>dupliciter</strong></span> <span class='ocrx_word' id='word_1_724' title='bbox 2405 3144 2591 3210; x_wconf 88' lang='lat' dir='ltr'><strong>sumus</strong></span> <span class='ocrx_word' id='word_1_725' title='bbox 2628 3159 2968 3222; x_wconf 89' lang='lat' dir='ltr'><strong>peccatores,</strong></span> <span class='ocrx_word' id='word_1_726' title='bbox 2999 3159 3092 3208; x_wconf 90' lang='lat' dir='ltr'><strong>aut</strong></span> <span class='ocrx_word' id='word_1_727' title='bbox 3134 3149 3390 3207; x_wconf 85' lang='lat' dir='ltr'><strong>faciendo</strong></span> <span class='ocrx_word' id='word_1_728' title='bbox 3428 3165 3553 3219; x_wconf 61' lang='lat' dir='ltr'><strong>qua:</strong></span> <span class='ocrx_word' id='word_1_729' title='bbox 3581 3151 3689 3204; x_wconf 77' lang='lat' dir='ltr'><strong>Do-</strong></span> 
     </span>
    </p>
   </div>
   <div class='ocr_carea' id='block_1_91' title="bbox 2081 3240 3688 3317">
    <p class='ocr_par' dir='ltr' id='par_1_91' title="bbox 2081 3240 3688 3317">
     <span class='ocr_line' id='line_1_91' title="bbox 2081 3240 3688 3317; baseline -0.004 -15"><span class='ocrx_word' id='word_1_730' title='bbox 2081 3248 2262 3302; x_wconf 87' lang='lat' dir='ltr'><strong>minus</strong></span> <span class='ocrx_word' id='word_1_731' title='bbox 2298 3245 2576 3317; x_wconf 87' lang='lat' dir='ltr'><strong>prohibuit</strong></span> <span class='ocrx_word' id='word_1_732' title='bbox 2625 3243 2762 3305; x_wconf 88' lang='lat' dir='ltr'><strong>ﬁeri,</strong></span> <span class='ocrx_word' id='word_1_733' title='bbox 2821 3242 3076 3299; x_wconf 86' lang='lat' dir='ltr'><strong>videlicet</strong></span> <span class='ocrx_word' id='word_1_734' title='bbox 3121 3242 3167 3297; x_wconf 91' lang='lat' dir='ltr'><strong>si</strong></span> <span class='ocrx_word' id='word_1_735' title='bbox 3221 3240 3688 3310; x_wconf 81' lang='lat' dir='ltr'><strong>ﬁagellaverimns</strong></span> 
     </span>
    </p>
   </div>
   <div class='ocr_carea' id='block_1_92' title="bbox 2079 3331 3684 3407">
    <p class='ocr_par' dir='ltr' id='par_1_92' title="bbox 2079 3331 3684 3407">
     <span class='ocr_line' id='line_1_92' title="bbox 2079 3331 3684 3407; baseline -0.004 -14"><span class='ocrx_word' id='word_1_736' title='bbox 2079 3353 2204 3393; x_wconf 90' lang='lat' dir='ltr'><strong>eum</strong></span> <span class='ocrx_word' id='word_1_737' title='bbox 2249 3337 2468 3407; x_wconf 86' lang='lat' dir='ltr'><strong>injuste,</strong></span> <span class='ocrx_word' id='word_1_738' title='bbox 2501 3343 2596 3391; x_wconf 88' lang='lat' dir='ltr'><strong>aut</strong></span> <span class='ocrx_word' id='word_1_739' title='bbox 2632 3335 2679 3390; x_wconf 90' lang='lat' dir='ltr'><strong>si</strong></span> <span class='ocrx_word' id='word_1_740' title='bbox 2709 3349 2808 3390; x_wconf 88' lang='lat' dir='ltr'><strong>sua</strong></span> <span class='ocrx_word' id='word_1_741' title='bbox 2849 3333 3270 3396; x_wconf 86' lang='lat' dir='ltr'><strong>abstulerimus;</strong></span> <span class='ocrx_word' id='word_1_742' title='bbox 3303 3339 3396 3385; x_wconf 88' lang='lat' dir='ltr'><strong>aut</strong></span> <span class='ocrx_word' id='word_1_743' title='bbox 3448 3347 3570 3386; x_wconf 87' lang='lat' dir='ltr'><strong>non</strong></span> <span class='ocrx_word' id='word_1_744' title='bbox 3599 3331 3684 3386; x_wconf 79' lang='lat' dir='ltr'><strong>fa-</strong></span> 
     </span>
    </p>
   </div>
   <div class='ocr_carea' id='block_1_93' title="bbox 2077 3420 3682 3496">
    <p class='ocr_par' dir='ltr' id='par_1_93' title="bbox 2077 3420 3682 3496">
     <span class='ocr_line' id='line_1_93' title="bbox 2077 3420 3682 3496; baseline -0.006 -10"><span class='ocrx_word' id='word_1_745' title='bbox 2077 3430 2273 3486; x_wconf 91' lang='lat' dir='ltr'><strong>ciendo</strong></span> <span class='ocrx_word' id='word_1_746' title='bbox 2317 3443 2379 3482; x_wconf 88' lang='lat' dir='ltr'><strong>ea</strong></span> <span class='ocrx_word' id='word_1_747' title='bbox 2423 3442 2544 3496; x_wconf 73' lang='lat' dir='ltr'><strong>qum</strong></span> <span class='ocrx_word' id='word_1_748' title='bbox 2580 3426 2842 3483; x_wconf 90' lang='lat' dir='ltr'><strong>Dominus</strong></span> <span class='ocrx_word' id='word_1_749' title='bbox 2893 3423 3172 3480; x_wconf 86' lang='lat' dir='ltr'><strong>mandavit</strong></span> <span class='ocrx_word' id='word_1_750' title='bbox 3214 3421 3348 3486; x_wconf 89' lang='lat' dir='ltr'><strong>ﬁeri,</strong></span> <span class='ocrx_word' id='word_1_751' title='bbox 3400 3420 3460 3478; x_wconf 88' lang='lat' dir='ltr'><strong>id</strong></span> <span class='ocrx_word' id='word_1_752' title='bbox 3487 3429 3606 3486; x_wconf 85' lang='lat' dir='ltr'><strong>est,</strong></span> <span class='ocrx_word' id='word_1_753' title='bbox 3639 3420 3682 3476; x_wconf 86' lang='lat' dir='ltr'><strong>si</strong></span> 
     </span>
    </p>
   </div>
   <div class='ocr_carea' id='block_1_94' title="bbox 2078 3512 3682 3584">
    <p class='ocr_par' dir='ltr' id='par_1_94' title="bbox 2078 3512 3682 3584">
     <span class='ocr_line' id='line_1_94' title="bbox 2078 3512 3682 3584; baseline -0.008 -8"><span class='ocrx_word' id='word_1_754' title='bbox 2078 3536 2186 3576; x_wconf 89' lang='lat' dir='ltr'><strong>non</strong></span> <span class='ocrx_word' id='word_1_755' title='bbox 2234 3518 2588 3576; x_wconf 77' lang='lat' dir='ltr'><strong>dilexerimus</strong></span> <span class='ocrx_word' id='word_1_756' title='bbox 2614 3531 2760 3579; x_wconf 88' lang='lat' dir='ltr'><strong>eum,</strong></span> <span class='ocrx_word' id='word_1_757' title='bbox 2789 3522 2846 3570; x_wconf 91' lang='lat' dir='ltr'><strong>et</strong></span> <span class='ocrx_word' id='word_1_758' title='bbox 2875 3513 3006 3572; x_wconf 90' lang='lat' dir='ltr'><strong>illud</strong></span> <span class='ocrx_word' id='word_1_759' title='bbox 3035 3514 3178 3584; x_wconf 89' lang='lat' dir='ltr'><strong>quod</strong></span> <span class='ocrx_word' id='word_1_760' title='bbox 3209 3512 3262 3568; x_wconf 91' lang='lat' dir='ltr'><strong>in</strong></span> <span class='ocrx_word' id='word_1_761' title='bbox 3291 3525 3392 3565; x_wconf 88' lang='lat' dir='ltr'><strong>nos</strong></span> <span class='ocrx_word' id='word_1_762' title='bbox 3418 3512 3682 3566; x_wconf 87' lang='lat' dir='ltr'><strong>commit-</strong></span> 
     </span>
    </p>
   </div>
   <div class='ocr_carea' id='block_1_95' title="bbox 2077 3599 3682 3676">
    <p class='ocr_par' dir='ltr' id='par_1_95' title="bbox 2077 3599 3682 3676">
     <span class='ocr_line' id='line_1_95' title="bbox 2077 3599 3682 3676; baseline -0.004 -12"><span class='ocrx_word' id='word_1_763' title='bbox 2077 3611 2164 3675; x_wconf 90' lang='lat' dir='ltr'><strong>tit,</strong></span> <span class='ocrx_word' id='word_1_764' title='bbox 2198 3625 2307 3666; x_wconf 89' lang='lat' dir='ltr'><strong>non</strong></span> <span class='ocrx_word' id='word_1_765' title='bbox 2327 3607 2716 3666; x_wconf 88' lang='lat' dir='ltr'><strong>dimiserimus.</strong></span> <span class='ocrx_word' id='word_1_766' title='bbox 2752 3599 2820 3660; x_wconf 85' lang='lat' dir='ltr'><strong>Si</strong></span> <span class='ocrx_word' id='word_1_767' title='bbox 2846 3621 2978 3676; x_wconf 82' lang='lat' dir='ltr'><strong>ergo</strong></span> <span class='ocrx_word' id='word_1_768' title='bbox 3027 3603 3415 3664; x_wconf 88' lang='lat' dir='ltr'><strong>indulserimus</strong></span> <span class='ocrx_word' id='word_1_769' title='bbox 3439 3603 3518 3666; x_wconf 88' lang='lat' dir='ltr'><strong>ei,</strong></span> <span class='ocrx_word' id='word_1_770' title='bbox 3550 3612 3682 3658; x_wconf 87' lang='lat' dir='ltr'><strong>tunc</strong></span> 
     </span>
    </p>
   </div>
   <div class='ocr_carea' id='block_1_96' title="bbox 2076 3695 3683 3769">
    <p class='ocr_par' dir='ltr' id='par_1_96' title="bbox 2076 3695 3683 3769">
     <span class='ocr_line' id='line_1_96' title="bbox 2076 3695 3683 3769; baseline -0.006 -11"><span class='ocrx_word' id='word_1_771' title='bbox 2076 3703 2344 3760; x_wconf 78' lang='lat' dir='ltr'><strong>veraciter</strong></span> <span class='ocrx_word' id='word_1_772' title='bbox 2368 3702 2548 3758; x_wconf 88' lang='lat' dir='ltr'><strong>dicere</strong></span> <span class='ocrx_word' id='word_1_773' title='bbox 2577 3698 2876 3769; x_wconf 89' lang='lat' dir='ltr'><strong>poterimus</strong></span> <span class='ocrx_word' id='word_1_774' title='bbox 2896 3697 3010 3754; x_wconf 88' lang='lat' dir='ltr'><strong>Deo</strong></span> <span class='ocrx_word' id='word_1_775' title='bbox 3043 3716 3055 3750; x_wconf 91' lang='lat'><strong>:</strong></span> <span class='ocrx_word' id='word_1_776' title='bbox 3086 3697 3304 3754; x_wconf 83' lang='lat' dir='ltr'><strong>Dimitte</strong></span> <span class='ocrx_word' id='word_1_777' title='bbox 3328 3695 3480 3750; x_wconf 78' lang='lat' dir='ltr'><strong>nobis</strong></span> <span class='ocrx_word' id='word_1_778' title='bbox 3500 3696 3683 3750; x_wconf 82' lang='lat' dir='ltr'><strong>debita</strong></span> 
     </span>
    </p>
   </div>
   <div class='ocr_carea' id='block_1_97' title="bbox 2079 3786 3682 3855">
    <p class='ocr_par' dir='ltr' id='par_1_97' title="bbox 2079 3786 3682 3855">
     <span class='ocr_line' id='line_1_97' title="bbox 2079 3786 3682 3855; baseline -0.004 -9"><span class='ocrx_word' id='word_1_779' title='bbox 2079 3801 2276 3853; x_wconf 80' lang='lat' dir='ltr'><strong>nostra.</strong></span> <span class='ocrx_word' id='word_1_780' title='bbox 2329 3790 2397 3848; x_wconf 89' lang='lat' dir='ltr'><strong>Et</strong></span> <span class='ocrx_word' id='word_1_781' title='bbox 2437 3796 2521 3849; x_wconf 83' lang='lat' dir='ltr'><strong>est</strong></span> <span class='ocrx_word' id='word_1_782' title='bbox 2565 3803 2760 3844; x_wconf 87' lang='lat' dir='ltr'><strong>sensus</strong></span> <span class='ocrx_word' id='word_1_783' title='bbox 2813 3802 2827 3842; x_wconf 88' lang='lat'><strong>:</strong></span> <span class='ocrx_word' id='word_1_784' title='bbox 2877 3786 2922 3842; x_wconf 90' lang='grc' dir='ltr'>Ο</span> <span class='ocrx_word' id='word_1_785' title='bbox 2948 3786 3094 3846; x_wconf 87' lang='lat' dir='ltr'><strong>Deus</strong></span> <span class='ocrx_word' id='word_1_786' title='bbox 3131 3786 3502 3855; x_wconf 83' lang='lat' dir='ltr'><strong>omnipotens,</strong></span> <span class='ocrx_word' id='word_1_787' title='bbox 3534 3787 3682 3842; x_wconf 87' lang='lat' dir='ltr'><strong>sicut</strong></span> 
     </span>
    </p>
   </div>
   <div class='ocr_carea' id='block_1_98' title="bbox 2076 3878 3679 3948">
    <p class='ocr_par' dir='ltr' id='par_1_98' title="bbox 2076 3878 3679 3948">
     <span class='ocr_line' id='line_1_98' title="bbox 2076 3878 3679 3948; baseline -0.004 -10"><span class='ocrx_word' id='word_1_788' title='bbox 2076 3899 2177 3940; x_wconf 88' lang='lat' dir='ltr'><strong>uos</strong></span> <span class='ocrx_word' id='word_1_789' title='bbox 2223 3881 2550 3938; x_wconf 88' lang='lat' dir='ltr'><strong>dimittimus</strong></span> <span class='ocrx_word' id='word_1_790' title='bbox 2589 3879 2678 3936; x_wconf 89' lang='lat' dir='ltr'><strong>his</strong></span> <span class='ocrx_word' id='word_1_791' title='bbox 2719 3879 2813 3948; x_wconf 86' lang='lat' dir='ltr'><strong>qui</strong></span> <span class='ocrx_word' id='word_1_792' title='bbox 2854 3878 2907 3935; x_wconf 91' lang='lat' dir='ltr'><strong>in</strong></span> <span class='ocrx_word' id='word_1_793' title='bbox 2954 3878 3112 3934; x_wconf 88' lang='lat' dir='ltr'><strong>nobis</strong></span> <span class='ocrx_word' id='word_1_794' title='bbox 3167 3886 3556 3947; x_wconf 85' lang='lat' dir='ltr'><strong>peccaverunt,</strong></span> <span class='ocrx_word' id='word_1_795' title='bbox 3607 3878 3679 3932; x_wconf 77' lang='lat' dir='ltr'><strong>ita</strong></span> 
     </span>
    </p>
   </div>
   <div class='ocr_carea' id='block_1_99' title="bbox 2076 3968 3680 4032">
    <p class='ocr_par' dir='ltr' id='par_1_99' title="bbox 2076 3968 3680 4032">
     <span class='ocr_line' id='line_1_99' title="bbox 2076 3968 3680 4032; baseline -0.004 -3"><span class='ocrx_word' id='word_1_796' title='bbox 2076 3975 2306 4032; x_wconf 89' lang='lat' dir='ltr'><strong>dimitte.</strong></span> <span class='ocrx_word' id='word_1_797' title='bbox 2358 3972 2416 4030; x_wconf 89' lang='lat' dir='ltr'><strong>Si</strong></span> <span class='ocrx_word' id='word_1_798' title='bbox 2445 3979 2627 4031; x_wconf 88' lang='lat' dir='ltr'><strong>autem</strong></span> <span class='ocrx_word' id='word_1_799' title='bbox 2677 3985 2777 4028; x_wconf 91' lang='lat' dir='ltr'><strong>nos</strong></span> <span class='ocrx_word' id='word_1_800' title='bbox 2803 3985 2912 4025; x_wconf 87' lang='lat' dir='ltr'><strong>non</strong></span> <span class='ocrx_word' id='word_1_801' title='bbox 2943 3969 3270 4028; x_wconf 87' lang='lat' dir='ltr'><strong>dimittimus</strong></span> <span class='ocrx_word' id='word_1_802' title='bbox 3313 3968 3420 4031; x_wconf 91' lang='lat' dir='ltr'><strong>eis,</strong></span> <span class='ocrx_word' id='word_1_803' title='bbox 3453 3984 3559 4025; x_wconf 89' lang='lat' dir='ltr'><strong>nec</strong></span> <span class='ocrx_word' id='word_1_804' title='bbox 3589 3969 3680 4025; x_wconf 88' lang='lat' dir='ltr'><strong>ille</strong></span> 
     </span>
    </p>
   </div>
   <div class='ocr_carea' id='block_1_100' title="bbox 2076 4061 3670 4134">
    <p class='ocr_par' dir='ltr' id='par_1_100' title="bbox 2076 4061 3670 4134">
     <span class='ocr_line' id='line_1_100' title="bbox 2076 4061 3670 4134; baseline -0.004 -11"><span class='ocrx_word' id='word_1_805' title='bbox 2076 4067 2313 4124; x_wconf 89' lang='lat' dir='ltr'><strong>dimittet</strong></span> <span class='ocrx_word' id='word_1_806' title='bbox 2357 4065 2516 4121; x_wconf 73' lang='lat' dir='ltr'><strong>nobis</strong></span> <span class='ocrx_word' id='word_1_807' title='bbox 2542 4072 2787 4134; x_wconf 83' lang='lat' dir='ltr'><strong>peccata,</strong></span> <span class='ocrx_word' id='word_1_808' title='bbox 2818 4078 2940 4132; x_wconf 73' lang='lat' dir='ltr'><strong>quae</strong></span> <span class='ocrx_word' id='word_1_809' title='bbox 2991 4070 3183 4118; x_wconf 87' lang='lat' dir='ltr'><strong>contra</strong></span> <span class='ocrx_word' id='word_1_810' title='bbox 3213 4061 3358 4117; x_wconf 89' lang='lat' dir='ltr'><strong>illius</strong></span> <span class='ocrx_word' id='word_1_811' title='bbox 3388 4072 3670 4132; x_wconf 63' lang='lat' dir='ltr'><strong>praseepta</strong></span> 
     </span>
    </p>
   </div>
   <div class='ocr_carea' id='block_1_101' title="bbox 2076 4151 3670 4228">
    <p class='ocr_par' dir='ltr' id='par_1_101' title="bbox 2076 4151 3670 4228">
     <span class='ocr_line' id='line_1_101' title="bbox 2076 4151 3670 4228; baseline -0.009 -10"><span class='ocrx_word' id='word_1_812' title='bbox 2076 4158 2360 4228; x_wconf 82' lang='lat' dir='ltr'><strong>gessimus,</strong></span> <span class='ocrx_word' id='word_1_813' title='bbox 2410 4155 2536 4226; x_wconf 86' lang='lat' dir='ltr'><strong>quia</strong></span> <span class='ocrx_word' id='word_1_814' title='bbox 2566 4156 2682 4224; x_wconf 89' lang='lat' dir='ltr'><strong>ipse</strong></span> <span class='ocrx_word' id='word_1_815' title='bbox 2731 4154 2904 4210; x_wconf 77' lang='lat' dir='ltr'><strong>dixit:</strong></span> <span class='ocrx_word' id='word_1_816' title='bbox 2943 4152 3003 4208; x_wconf 86' lang='lat' dir='ltr'><strong>Si</strong></span> <span class='ocrx_word' id='word_1_817' title='bbox 3057 4169 3146 4207; x_wconf 84' lang='lat' dir='ltr'><strong>vos</strong></span> <span class='ocrx_word' id='word_1_818' title='bbox 3176 4169 3280 4208; x_wconf 87' lang='lat' dir='ltr'><strong>non</strong></span> <span class='ocrx_word' id='word_1_819' title='bbox 3331 4151 3670 4216; x_wconf 70' lang='lat' dir='ltr'><strong>dimiseritis,</strong></span> 
     </span>
    </p>
   </div>
   <div class='ocr_carea' id='block_1_102' title="bbox 2075 4243 3676 4315">
    <p class='ocr_par' dir='ltr' id='par_1_102' title="bbox 2075 4243 3676 4315">
     <span class='ocr_line' id='line_1_102' title="bbox 2075 4243 3676 4315; baseline -0.006 -10"><span class='ocrx_word' id='word_1_820' title='bbox 2075 4267 2167 4311; x_wconf 85' lang='lat' dir='ltr'><strong>nec</strong></span> <span class='ocrx_word' id='word_1_821' title='bbox 2193 4250 2355 4308; x_wconf 85' lang='lat' dir='ltr'><strong>Pater</strong></span> <span class='ocrx_word' id='word_1_822' title='bbox 2377 4259 2541 4307; x_wconf 79' lang='lat' dir='ltr'><strong>vester</strong></span> <span class='ocrx_word' id='word_1_823' title='bbox 2566 4247 2789 4302; x_wconf 87' lang='lat' dir='ltr'><strong>dimittet</strong></span> <span class='ocrx_word' id='word_1_824' title='bbox 2818 4245 2958 4301; x_wconf 73' lang='lat' dir='ltr'><strong>vobis</strong></span> <span class='ocrx_word' id='word_1_825' title='bbox 2995 4254 3210 4315; x_wconf 82' lang='lat' dir='ltr'><strong>peccata</strong></span> <span class='ocrx_word' id='word_1_826' title='bbox 3252 4253 3426 4299; x_wconf 77' lang='lat' dir='ltr'><strong>vestra</strong></span> <span class='ocrx_word' id='word_1_827' title='bbox 3455 4243 3676 4315; x_wconf 76' lang='lat' dir='ltr'><strong>(Matth.</strong></span> 
     </span>
    </p>
   </div>
   <div class='ocr_carea' id='block_1_103' title="bbox 2075 4341 2289 4412">
    <p class='ocr_par' dir='ltr' id='par_1_103' title="bbox 2075 4341 2289 4412">
     <span class='ocr_line' id='line_1_103' title="bbox 2075 4341 2289 4412; baseline -0.014 -14"><span class='ocrx_word' id='word_1_828' title='bbox 2075 4341 2289 4412; x_wconf 71' lang='lat' dir='ltr'><strong>v1.15).</strong></span> 
     </span>
    </p>
   </div>
   <div class='ocr_carea' id='block_1_104' title="bbox 2146 4428 3678 4490">
    <p class='ocr_par' dir='ltr' id='par_1_104' title="bbox 2146 4428 3678 4490">
     <span class='ocr_line' id='line_1_104' title="bbox 2146 4428 3678 4490; baseline -0.003 -3"><span class='ocrx_word' id='word_1_829' title='bbox 2146 4433 2213 4490; x_wconf 86' lang='lat' dir='ltr'><strong>Et</strong></span> <span class='ocrx_word' id='word_1_830' title='bbox 2239 4449 2301 4488; x_wconf 84' lang='lat' dir='ltr'><strong>ne</strong></span> <span class='ocrx_word' id='word_1_831' title='bbox 2326 4449 2418 4487; x_wconf 85' lang='lat' dir='ltr'><strong>nos</strong></span> <span class='ocrx_word' id='word_1_832' title='bbox 2441 4432 2664 4488; x_wconf 83' lang='lat' dir='ltr'><strong>inducas</strong></span> <span class='ocrx_word' id='word_1_833' title='bbox 2692 4431 2747 4485; x_wconf 90' lang='lat' dir='ltr'><strong>in</strong></span> <span class='ocrx_word' id='word_1_834' title='bbox 2790 4431 3152 4488; x_wconf 80' lang='lat' dir='ltr'><strong>tentationem.</strong></span> <span class='ocrx_word' id='word_1_835' title='bbox 3202 4428 3324 4489; x_wconf 85' lang='lat' dir='ltr'><strong>Una</strong></span> <span class='ocrx_word' id='word_1_836' title='bbox 3353 4436 3444 4486; x_wconf 83' lang='lat' dir='ltr'><strong>est</strong></span> <span class='ocrx_word' id='word_1_837' title='bbox 3497 4437 3678 4486; x_wconf 81' lang='lat' dir='ltr'><strong>tenta-</strong></span> 
     </span>
    </p>
   </div>
   <div class='ocr_carea' id='block_1_105' title="bbox 2080 4519 3678 4594">
    <p class='ocr_par' dir='ltr' id='par_1_105' title="bbox 2080 4519 3678 4594">
     <span class='ocr_line' id='line_1_105' title="bbox 2080 4519 3678 4594; baseline -0.004 -14"><span class='ocrx_word' id='word_1_838' title='bbox 2080 4526 2169 4590; x_wconf 91' lang='lat' dir='ltr'><strong>tio,</strong></span> <span class='ocrx_word' id='word_1_839' title='bbox 2226 4540 2348 4594; x_wconf 69' lang='lat' dir='ltr'><strong>qua:</strong></span> <span class='ocrx_word' id='word_1_840' title='bbox 2415 4523 2651 4594; x_wconf 84' lang='lat' dir='ltr'><strong>pertinet</strong></span> <span class='ocrx_word' id='word_1_841' title='bbox 2707 4522 2776 4580; x_wconf 88' lang='lat' dir='ltr'><strong>ad</strong></span> <span class='ocrx_word' id='word_1_842' title='bbox 2824 4521 3223 4592; x_wconf 85' lang='lat' dir='ltr'><strong>probationem,</strong></span> <span class='ocrx_word' id='word_1_843' title='bbox 3269 4519 3340 4576; x_wconf 86' lang='lat' dir='ltr'><strong>de</strong></span> <span class='ocrx_word' id='word_1_844' title='bbox 3391 4534 3503 4590; x_wconf 84' lang='lat' dir='ltr'><strong>qua</strong></span> <span class='ocrx_word' id='word_1_845' title='bbox 3546 4520 3678 4574; x_wconf 84' lang='lat' dir='ltr'><strong>dicit</strong></span> 
     </span>
    </p>
   </div>
   <div class='ocr_carea' id='block_1_106' title="bbox 2079 4615 3668 4692">
    <p class='ocr_par' dir='ltr' id='par_1_106' title="bbox 2079 4615 3668 4692">
     <span class='ocr_line' id='line_1_106' title="bbox 2079 4615 3668 4692; baseline -0.006 -16"><span class='ocrx_word' id='word_1_846' title='bbox 2079 4619 2292 4690; x_wconf 79' lang='lat' dir='ltr'><strong>Moyses</strong></span> <span class='ocrx_word' id='word_1_847' title='bbox 2344 4618 2412 4674; x_wconf 87' lang='lat' dir='ltr'><strong>ad</strong></span> <span class='ocrx_word' id='word_1_848' title='bbox 2450 4617 2710 4692; x_wconf 84' lang='lat' dir='ltr'><strong>populum</strong></span> <span class='ocrx_word' id='word_1_849' title='bbox 2753 4615 3111 4672; x_wconf 84' lang='lat' dir='ltr'><strong>lsraeliticum</strong></span> <span class='ocrx_word' id='word_1_850' title='bbox 3145 4633 3157 4668; x_wconf 95' lang='lat'><strong>:</strong></span> <span class='ocrx_word' id='word_1_851' title='bbox 3192 4615 3402 4681; x_wconf 80' lang='lat' dir='ltr'><strong>Tentat,</strong></span> <span class='ocrx_word' id='word_1_852' title='bbox 3458 4616 3512 4671; x_wconf 87' lang='lat' dir='ltr'><strong>id</strong></span> <span class='ocrx_word' id='word_1_853' title='bbox 3567 4625 3668 4678; x_wconf 86' lang='lat' dir='ltr'><strong>est,</strong></span> 
     </span>
    </p>
   </div>
   <div class='ocr_carea' id='block_1_107' title="bbox 2075 4708 3669 4783">
    <p class='ocr_par' dir='ltr' id='par_1_107' title="bbox 2075 4708 3669 4783">
     <span class='ocr_line' id='line_1_107' title="bbox 2075 4708 3669 4783; baseline -0.004 -16"><span class='ocrx_word' id='word_1_854' title='bbox 2075 4713 2288 4783; x_wconf 87' lang='lat' dir='ltr'><strong>probat,</strong></span> <span class='ocrx_word' id='word_1_855' title='bbox 2319 4728 2409 4767; x_wconf 80' lang='lat' dir='ltr'><strong>nos</strong></span> <span class='ocrx_word' id='word_1_856' title='bbox 2457 4710 2717 4766; x_wconf 81' lang='lat' dir='ltr'><strong>Dominus</strong></span> <span class='ocrx_word' id='word_1_857' title='bbox 2745 4708 2886 4764; x_wconf 85' lang='lat' dir='ltr'><strong>Deus</strong></span> <span class='ocrx_word' id='word_1_858' title='bbox 2911 4718 3096 4773; x_wconf 75' lang='lat' dir='ltr'><strong>uester,</strong></span> <span class='ocrx_word' id='word_1_859' title='bbox 3125 4715 3182 4762; x_wconf 87' lang='lat' dir='ltr'><strong>ut</strong></span> <span class='ocrx_word' id='word_1_860' title='bbox 3210 4708 3344 4766; x_wconf 80' lang='lat' dir='ltr'><strong>sciat</strong></span> <span class='ocrx_word' id='word_1_861' title='bbox 3374 4709 3426 4764; x_wconf 81' lang='lat' dir='ltr'><strong>si</strong></span> <span class='ocrx_word' id='word_1_862' title='bbox 3451 4708 3669 4778; x_wconf 80' lang='lat' dir='ltr'><strong>diligitis</strong></span> 
     </span>
    </p>
   </div>
   <div class='ocr_carea' id='block_1_108' title="bbox 2073 4795 3668 4874">
    <p class='ocr_par' dir='ltr' id='par_1_108' title="bbox 2073 4795 3668 4874">
     <span class='ocr_line' id='line_1_108' title="bbox 2073 4795 3668 4874; baseline -0.003 -16"><span class='ocrx_word' id='word_1_863' title='bbox 2073 4820 2191 4858; x_wconf 87' lang='lat' dir='ltr'><strong>eum</strong></span> <span class='ocrx_word' id='word_1_864' title='bbox 2241 4801 2420 4874; x_wconf 79' lang='lat' dir='ltr'><strong>(Deut.</strong></span> <span class='ocrx_word' id='word_1_865' title='bbox 2457 4817 2580 4864; x_wconf 85' lang='lat' dir='ltr'><strong>xm,</strong></span> <span class='ocrx_word' id='word_1_866' title='bbox 2617 4800 2696 4870; x_wconf 75' lang='grc'><strong>5).</strong></span> <span class='ocrx_word' id='word_1_867' title='bbox 2753 4799 2821 4858; x_wconf 84' lang='lat' dir='ltr'><strong>Et</strong></span> <span class='ocrx_word' id='word_1_868' title='bbox 2847 4797 3137 4856; x_wconf 84' lang='lat' dir='ltr'><strong>Psalmista</strong></span> <span class='ocrx_word' id='word_1_869' title='bbox 3169 4817 3182 4852; x_wconf 90' lang='lat'><strong>:</strong></span> <span class='ocrx_word' id='word_1_870' title='bbox 3218 4795 3401 4852; x_wconf 89' lang='lat' dir='ltr'><strong>Proba</strong></span> <span class='ocrx_word' id='word_1_871' title='bbox 3433 4816 3536 4862; x_wconf 79' lang='lat' dir='ltr'><strong>me,</strong></span> <span class='ocrx_word' id='word_1_872' title='bbox 3565 4798 3668 4853; x_wconf 85' lang='lat' dir='ltr'><strong>Do-</strong></span> 
     </span>
    </p>
   </div>
   <div class='ocr_carea' id='block_1_109' title="bbox 2072 4887 3666 4964">
    <p class='ocr_par' dir='ltr' id='par_1_109' title="bbox 2072 4887 3666 4964">
     <span class='ocr_line' id='line_1_109' title="bbox 2072 4887 3666 4964; baseline -0.003 -17"><span class='ocrx_word' id='word_1_873' title='bbox 2072 4895 2232 4959; x_wconf 81' lang='lat' dir='ltr'><strong>mine,</strong></span> <span class='ocrx_word' id='word_1_874' title='bbox 2251 4903 2298 4950; x_wconf 85' lang='lat' dir='ltr'><strong>et</strong></span> <span class='ocrx_word' id='word_1_875' title='bbox 2321 4902 2464 4948; x_wconf 88' lang='lat' dir='ltr'><strong>tenta</strong></span> <span class='ocrx_word' id='word_1_876' title='bbox 2485 4909 2567 4948; x_wconf 81' lang='lat' dir='ltr'><strong>me</strong></span> <span class='ocrx_word' id='word_1_877' title='bbox 2592 4889 2764 4964; x_wconf 87' lang='lat' dir='ltr'><strong>(Psal.</strong></span> <span class='ocrx_word' id='word_1_878' title='bbox 2796 4905 2905 4946; x_wconf 76' lang='lat' dir='ltr'><strong>xxv</strong></span> <span class='ocrx_word' id='word_1_879' title='bbox 2927 4931 2941 4953; x_wconf 95' lang='lat'><strong>,</strong></span> <span class='ocrx_word' id='word_1_880' title='bbox 2977 4887 3056 4962; x_wconf 71' lang='lat'><strong>9).</strong></span> <span class='ocrx_word' id='word_1_881' title='bbox 3089 4888 3204 4944; x_wconf 85' lang='lat' dir='ltr'><strong>Hac</strong></span> <span class='ocrx_word' id='word_1_882' title='bbox 3227 4889 3535 4944; x_wconf 87' lang='lat' dir='ltr'><strong>tentatione</strong></span> <span class='ocrx_word' id='word_1_883' title='bbox 3559 4899 3666 4942; x_wconf 60' lang='lat' dir='ltr'><strong>tono</strong></span> 
     </span>
    </p>
   </div>
   <div class='ocr_carea' id='block_1_110' title="bbox 2074 4979 3663 5050">
    <p class='ocr_par' dir='ltr' id='par_1_110' title="bbox 2074 4979 3663 5050">
     <span class='ocr_line' id='line_1_110' title="bbox 2074 4979 3663 5050; baseline -0.008 -6"><span class='ocrx_word' id='word_1_884' title='bbox 2074 4987 2209 5044; x_wconf 83' lang='lat' dir='ltr'><strong>tavit</strong></span> <span class='ocrx_word' id='word_1_885' title='bbox 2235 4986 2378 5043; x_wconf 90' lang='lat' dir='ltr'><strong>Deus</strong></span> <span class='ocrx_word' id='word_1_886' title='bbox 2404 4984 2702 5050; x_wconf 82' lang='lat' dir='ltr'><strong>Abraham,</strong></span> <span class='ocrx_word' id='word_1_887' title='bbox 2733 4991 2790 5044; x_wconf 87' lang='lat' dir='ltr'><strong>et</strong></span> <span class='ocrx_word' id='word_1_888' title='bbox 2818 4983 3072 5041; x_wconf 88' lang='lat' dir='ltr'><strong>inventus</strong></span> <span class='ocrx_word' id='word_1_889' title='bbox 3099 4989 3188 5039; x_wconf 82' lang='lat' dir='ltr'><strong>est</strong></span> <span class='ocrx_word' id='word_1_890' title='bbox 3232 4979 3434 5036; x_wconf 89' lang='lat' dir='ltr'><strong>ﬁdelis.</strong></span> <span class='ocrx_word' id='word_1_891' title='bbox 3484 4980 3663 5038; x_wconf 74' lang='lat' dir='ltr'><strong>Altera</strong></span> 
     </span>
    </p>
   </div>
   <div class='ocr_carea' id='block_1_111' title="bbox 2072 5071 3664 5148">
    <p class='ocr_par' dir='ltr' id='par_1_111' title="bbox 2072 5071 3664 5148">
     <span class='ocr_line' id='line_1_111' title="bbox 2072 5071 3664 5148; baseline -0.008 -14"><span class='ocrx_word' id='word_1_892' title='bbox 2072 5084 2173 5140; x_wconf 84' lang='lat' dir='ltr'><strong>est,</strong></span> <span class='ocrx_word' id='word_1_893' title='bbox 2200 5091 2322 5146; x_wconf 68' lang='lat' dir='ltr'><strong>quas</strong></span> <span class='ocrx_word' id='word_1_894' title='bbox 2342 5077 2578 5148; x_wconf 88' lang='lat' dir='ltr'><strong>pertinet</strong></span> <span class='ocrx_word' id='word_1_895' title='bbox 2604 5074 2674 5134; x_wconf 88' lang='lat' dir='ltr'><strong>ad</strong></span> <span class='ocrx_word' id='word_1_896' title='bbox 2697 5074 3075 5145; x_wconf 83' lang='lat' dir='ltr'><strong>deceptionem</strong></span> <span class='ocrx_word' id='word_1_897' title='bbox 3100 5081 3157 5128; x_wconf 87' lang='lat' dir='ltr'><strong>et</strong></span> <span class='ocrx_word' id='word_1_898' title='bbox 3181 5073 3575 5143; x_wconf 83' lang='lat' dir='ltr'><strong>perditionem,</strong></span> <span class='ocrx_word' id='word_1_899' title='bbox 3598 5071 3664 5123; x_wconf 86' lang='lat' dir='ltr'><strong>de</strong></span> 
     </span>
    </p>
   </div>
   <div class='ocr_carea' id='block_1_112' title="bbox 2068 5159 3660 5237">
    <p class='ocr_par' dir='ltr' id='par_1_112' title="bbox 2068 5159 3660 5237">
     <span class='ocr_line' id='line_1_112' title="bbox 2068 5159 3660 5237; baseline -0.007 -14"><span class='ocrx_word' id='word_1_900' title='bbox 2068 5183 2176 5237; x_wconf 88' lang='lat' dir='ltr'><strong>qua</strong></span> <span class='ocrx_word' id='word_1_901' title='bbox 2211 5165 2448 5224; x_wconf 84' lang='lat' dir='ltr'><strong>Jacobus</strong></span> <span class='ocrx_word' id='word_1_902' title='bbox 2475 5165 2750 5230; x_wconf 77' lang='lat' dir='ltr'><strong>apostolus</strong></span> <span class='ocrx_word' id='word_1_903' title='bbox 2778 5182 2792 5220; x_wconf 89' lang='lat'><strong>:</strong></span> <span class='ocrx_word' id='word_1_904' title='bbox 2828 5163 2970 5220; x_wconf 86' lang='lat' dir='ltr'><strong>Deus</strong></span> <span class='ocrx_word' id='word_1_905' title='bbox 3000 5163 3262 5221; x_wconf 79' lang='lat' dir='ltr'><strong>neminem</strong></span> <span class='ocrx_word' id='word_1_906' title='bbox 3293 5170 3468 5217; x_wconf 80' lang='lat' dir='ltr'><strong>tentet</strong></span> <span class='ocrx_word' id='word_1_907' title='bbox 3520 5159 3660 5230; x_wconf 78' lang='lat' dir='ltr'><strong>(Jac.</strong></span> 
     </span>
    </p>
   </div>
   <div class='ocr_carea' id='block_1_113' title="bbox 2068 5253 3665 5328">
    <p class='ocr_par' dir='ltr' id='par_1_113' title="bbox 2068 5253 3665 5328">
     <span class='ocr_line' id='line_1_113' title="bbox 2068 5253 3665 5328; baseline -0.006 -14"><span class='ocrx_word' id='word_1_908' title='bbox 2068 5277 2112 5326; x_wconf 84' lang='grc' dir='ltr'><strong>ι,</strong></span> <span class='ocrx_word' id='word_1_909' title='bbox 2163 5257 2278 5328; x_wconf 79' lang='grc'><strong>15),</strong></span> <span class='ocrx_word' id='word_1_910' title='bbox 2318 5258 2384 5314; x_wconf 89' lang='lat' dir='ltr'><strong>ad</strong></span> <span class='ocrx_word' id='word_1_911' title='bbox 2412 5258 2519 5316; x_wconf 91' lang='lat' dir='ltr'><strong>hoc</strong></span> <span class='ocrx_word' id='word_1_912' title='bbox 2544 5257 2774 5322; x_wconf 89' lang='lat' dir='ltr'><strong>scilicet,</strong></span> <span class='ocrx_word' id='word_1_913' title='bbox 2817 5264 2879 5313; x_wconf 89' lang='lat' dir='ltr'><strong>ut</strong></span> <span class='ocrx_word' id='word_1_914' title='bbox 2925 5256 3140 5326; x_wconf 83' lang='lat' dir='ltr'><strong>perdat.</strong></span> <span class='ocrx_word' id='word_1_915' title='bbox 3189 5253 3306 5310; x_wconf 85' lang='lat' dir='ltr'><strong>Hac</strong></span> <span class='ocrx_word' id='word_1_916' title='bbox 3361 5253 3665 5310; x_wconf 84' lang='lat' dir='ltr'><strong>tentatione</strong></span> 
     </span>
    </p>
   </div>
   <div class='ocr_carea' id='block_1_114' title="bbox 2069 5344 3666 5420">
    <p class='ocr_par' dir='ltr' id='par_1_114' title="bbox 2069 5344 3666 5420">
     <span class='ocr_line' id='line_1_114' title="bbox 2069 5344 3666 5420; baseline -0.011 -9"><span class='ocrx_word' id='word_1_917' title='bbox 2069 5358 2242 5411; x_wconf 83' lang='lat' dir='ltr'><strong>tentat</strong></span> <span class='ocrx_word' id='word_1_918' title='bbox 2269 5351 2538 5412; x_wconf 89' lang='lat' dir='ltr'><strong>diabolus.</strong></span> <span class='ocrx_word' id='word_1_919' title='bbox 2561 5358 2623 5406; x_wconf 89' lang='lat' dir='ltr'><strong>ut</strong></span> <span class='ocrx_word' id='word_1_920' title='bbox 2651 5349 2886 5420; x_wconf 86' lang='lat' dir='ltr'><strong>decipiat</strong></span> <span class='ocrx_word' id='word_1_921' title='bbox 2909 5358 2966 5405; x_wconf 85' lang='lat' dir='ltr'><strong>et</strong></span> <span class='ocrx_word' id='word_1_922' title='bbox 2998 5346 3214 5418; x_wconf 83' lang='lat' dir='ltr'><strong>perdat,</strong></span> <span class='ocrx_word' id='word_1_923' title='bbox 3240 5353 3300 5402; x_wconf 88' lang='lat' dir='ltr'><strong>et</strong></span> <span class='ocrx_word' id='word_1_924' title='bbox 3332 5359 3434 5402; x_wconf 89' lang='lat' dir='ltr'><strong>nos</strong></span> <span class='ocrx_word' id='word_1_925' title='bbox 3467 5345 3536 5404; x_wconf 84' lang='lat' dir='ltr'><strong>de</strong></span> <span class='ocrx_word' id='word_1_926' title='bbox 3566 5344 3666 5397; x_wconf 86' lang='lat' dir='ltr'><strong>hac</strong></span> 
     </span>
    </p>
   </div>
   <div class='ocr_carea' id='block_1_115' title="bbox 2070 5432 3665 5514">
    <p class='ocr_par' dir='ltr' id='par_1_115' title="bbox 2070 5432 3665 5514">
     <span class='ocr_line' id='line_1_115' title="bbox 2070 5432 3665 5514; baseline -0.007 -17"><span class='ocrx_word' id='word_1_927' title='bbox 2070 5445 2370 5502; x_wconf 85' lang='lat' dir='ltr'><strong>tentatioue</strong></span> <span class='ocrx_word' id='word_1_928' title='bbox 2413 5457 2728 5514; x_wconf 83' lang='lat' dir='ltr'><strong>precamur,</strong></span> <span class='ocrx_word' id='word_1_929' title='bbox 2770 5448 2832 5498; x_wconf 89' lang='lat' dir='ltr'><strong>ut</strong></span> <span class='ocrx_word' id='word_1_930' title='bbox 2883 5455 2992 5497; x_wconf 88' lang='lat' dir='ltr'><strong>non</strong></span> <span class='ocrx_word' id='word_1_931' title='bbox 3033 5439 3274 5498; x_wconf 84' lang='lat' dir='ltr'><strong>dimittat</strong></span> <span class='ocrx_word' id='word_1_932' title='bbox 3316 5452 3419 5493; x_wconf 91' lang='lat' dir='ltr'><strong>nos</strong></span> <span class='ocrx_word' id='word_1_933' title='bbox 3467 5432 3665 5493; x_wconf 80' lang='lat' dir='ltr'><strong>tentari</strong></span> 
     </span>
    </p>
   </div>
   <div class='ocr_carea' id='block_1_116' title="bbox 2073 5529 3662 5609">
    <p class='ocr_par' dir='ltr' id='par_1_116' title="bbox 2073 5529 3662 5609">
     <span class='ocr_line' id='line_1_116' title="bbox 2073 5529 3662 5609; baseline -0.008 -15"><span class='ocrx_word' id='word_1_934' title='bbox 2073 5553 2235 5609; x_wconf 83' lang='lat' dir='ltr'><strong>supra</strong></span> <span class='ocrx_word' id='word_1_935' title='bbox 2255 5553 2419 5608; x_wconf 86' lang='lat' dir='ltr'><strong>quam</strong></span> <span class='ocrx_word' id='word_1_936' title='bbox 2443 5545 2629 5594; x_wconf 86' lang='lat' dir='ltr'><strong>nostra</strong></span> <span class='ocrx_word' id='word_1_937' title='bbox 2661 5535 2923 5606; x_wconf 85' lang='lat' dir='ltr'><strong>fragilitas</strong></span> <span class='ocrx_word' id='word_1_938' title='bbox 2945 5534 3120 5605; x_wconf 88' lang='lat' dir='ltr'><strong>possit</strong></span> <span class='ocrx_word' id='word_1_939' title='bbox 3154 5531 3420 5589; x_wconf 83' lang='lat' dir='ltr'><strong>sutlieere.</strong></span> <span class='ocrx_word' id='word_1_940' title='bbox 3457 5529 3520 5584; x_wconf 83' lang='lat' dir='ltr'><strong>lu</strong></span> <span class='ocrx_word' id='word_1_941' title='bbox 3546 5536 3662 5583; x_wconf 81' lang='lat' dir='ltr'><strong>ten-</strong></span> 
     </span>
    </p>
   </div>
   <div class='ocr_carea' id='block_1_117' title="bbox 2074 5621 3666 5694">
    <p class='ocr_par' dir='ltr' id='par_1_117' title="bbox 2074 5621 3666 5694">
     <span class='ocr_line' id='line_1_117' title="bbox 2074 5621 3666 5694; baseline -0.007 -10"><span class='ocrx_word' id='word_1_942' title='bbox 2074 5630 2334 5690; x_wconf 77' lang='lat' dir='ltr'><strong>tationem</strong></span> <span class='ocrx_word' id='word_1_943' title='bbox 2351 5629 2497 5688; x_wconf 84' lang='lat' dir='ltr'><strong>enim</strong></span> <span class='ocrx_word' id='word_1_944' title='bbox 2523 5630 2665 5688; x_wconf 77' lang='lat' dir='ltr'><strong>Deus</strong></span> <span class='ocrx_word' id='word_1_945' title='bbox 2687 5629 2947 5687; x_wconf 87' lang='lat' dir='ltr'><strong>inducere</strong></span> <span class='ocrx_word' id='word_1_946' title='bbox 2975 5626 3199 5689; x_wconf 89' lang='lat' dir='ltr'><strong>dicitur,</strong></span> <span class='ocrx_word' id='word_1_947' title='bbox 3231 5621 3454 5694; x_wconf 78' lang='lat' dir='ltr'><strong>quando</strong></span> <span class='ocrx_word' id='word_1_948' title='bbox 3483 5637 3514 5678; x_wconf 85' lang='lat' dir='ltr'><strong>a</strong></span> <span class='ocrx_word' id='word_1_949' title='bbox 3547 5630 3666 5675; x_wconf 83' lang='lat' dir='ltr'><strong>ten-</strong></span> 
     </span>
    </p>
   </div>
   <div class='ocr_carea' id='block_1_118' title="bbox 2072 5706 3664 5786">
    <p class='ocr_par' dir='ltr' id='par_1_118' title="bbox 2072 5706 3664 5786">
     <span class='ocr_line' id='line_1_118' title="bbox 2072 5706 3664 5786; baseline -0.006 -13"><span class='ocrx_word' id='word_1_950' title='bbox 2072 5720 2274 5778; x_wconf 85' lang='lat' dir='ltr'><strong>tatiouc</strong></span> <span class='ocrx_word' id='word_1_951' title='bbox 2303 5735 2409 5776; x_wconf 87' lang='lat' dir='ltr'><strong>non</strong></span> <span class='ocrx_word' id='word_1_952' title='bbox 2459 5718 2678 5776; x_wconf 71' lang='lat' dir='ltr'><strong>liberat.</strong></span> <span class='ocrx_word' id='word_1_953' title='bbox 2701 5717 2829 5772; x_wconf 87' lang='lat' dir='ltr'><strong>Tale</strong></span> <span class='ocrx_word' id='word_1_954' title='bbox 2852 5724 2956 5782; x_wconf 86' lang='lat' dir='ltr'><strong>est,</strong></span> <span class='ocrx_word' id='word_1_955' title='bbox 2991 5715 3134 5786; x_wconf 86' lang='lat' dir='ltr'><strong>quod</strong></span> <span class='ocrx_word' id='word_1_956' title='bbox 3158 5715 3225 5771; x_wconf 91' lang='lat' dir='ltr'><strong>de</strong></span> <span class='ocrx_word' id='word_1_957' title='bbox 3271 5712 3558 5768; x_wconf 74' lang='lat' dir='ltr'><strong>Pharaone</strong></span> <span class='ocrx_word' id='word_1_958' title='bbox 3582 5706 3664 5763; x_wconf 73' lang='lat' dir='ltr'><strong>ls-</strong></span> 
     </span>
    </p>
   </div>
  </div>
