3914 6178
323 290 340 345 Ι
353 290 459 350 269

1109 293 1290 374 ore.
1333 291 1736 358 SUPPOSITA.
1779 324 1847 333 -
1890 293 2014 347 un.
2061 293 2148 346 DE
2186 281 2438 349 DlV'lNlS
2475 291 2779 349 omcus.

3459 293 3593 349 4‘27!)

316 407 494 478 gimus
544 426 556 461 :
604 406 881 464 Induruvit
932 407 1190 462 Dominus
1234 423 1326 460 cor
1361 405 1662 461 Pharaonis
1701 405 1898 478 (Exod.
1931 412 1980 466 Α
2007 406 2154 470 trice,
2180 420 2277 475 per
2291 420 2455 476 quam
2487 405 2642 462 nobis
2669 405 2814 461 salus
2836 415 3026 461 exorta
3050 416 3165 473 est,
3195 418 3240 460 et
3279 408 3439 461 beatis
3457 426 3597 479 apo-

317 514 395 563 ix,
422 497 533 570 12),
568 500 712 568 quod
761 497 894 552 nihil
923 507 1006 552 est
1034 497 1180 552 aliud
1211 495 1315 550 nisi
1343 536 1358 561 ,
1393 510 1497 550 non
1523 493 1785 550 cmollivit
1814 510 1910 550 cor

316 590 452 660 ejus,
483 591 626 660 quod
662 591 972 645 induratum
1002 598 1144 644 erat.

388 680 494 736 Sed
538 681 700 737 libera
729 700 821 739 nos
864 701 897 737 a
927 681 1088 746 malo,
1121 683 1176 736 id
1218 691 1322 746 est,
1350 697 1379 735 a
1411 679 1624 736 diabolo
1651 687 1709 734 et
1729 678 1910 752 pcenis

317 770 536 838 inferni,
567 782 622 828 et
662 775 730 829 ab
754 774 900 828 omni
931 773 1264 830 adversitate
1299 773 1460 843 hujus
1487 771 1688 828 saeculi.
1719 770 1904 835 Amen,

308 866 654 942 Isignaculum
694 875 778 922 est
825 866 984 921 istius
1011 865 1298 930 orationis,
1333 864 1478 920 sicut
1501 863 1737 936 sigillum
1779 879 1907 918 con-

317 955 552 1010 ﬁrmatio
595 955 936 1026 estalicujus
966 955 1218 1012 codiculi.
1264 955 1427 1023 Quasi
1460 955 1606 1012 dicat
1649 953 1762 1010 Deo
1791 954 1903 1020 ille,

314 1046 409 1117 qui
456 1048 596 1103 hanc
641 1047 948 1104 orationem
979 1047 1234 1104 decantat
1277 1065 1291 1098 :
1355 1045 1518 1103 Certe
1573 1062 1764 1102 verum
1820 1057 1904 1103 est

314 1135 459 1208 quod
482 1137 747 1193 hactenus
767 1137 898 1194 dixi.
924 1136 984 1193 Si
1005 1152 1136 1212 ergo
1155 1137 1411 1194 dimisero
1433 1139 1682 1210 peccanti
1709 1139 1764 1192 in
1790 1153 1902 1204 me,

314 1240 444 1286 tunc
463 1230 706 1286 dimittes
734 1246 800 1286 ea
851 1245 972 1302 quae
995 1240 1188 1287 contra
1216 1239 1548 1302 praeceptum
1579 1240 1732 1286 tuum
1769 1231 1854 1302 egi
1885 1249 1898 1283 :

312 1322 368 1377 Si
391 1337 497 1376 non
526 1321 806 1387 dimisero,
846 1337 947 1378 nec
975 1330 1033 1378 tu
1061 1322 1301 1378 dimittes
1331 1323 1484 1378 mihi.

383 1413 602 1485 Septem
660 1422 787 1470 sunt
835 1413 1126 1484 petitiones
1173 1413 1228 1468 in
1271 1413 1378 1469 hac
1426 1414 1698 1468 oratione.
1765 1412 1901 1468 Tres

309 1507 520 1576 priores
562 1505 836 1576 pertinent
883 1506 952 1560 ad
1000 1504 1237 1561 animam
1283 1512 1340 1560 et
1379 1505 1546 1560 vitam
1589 1511 1894 1560 aeternam:

311 1598 478 1670 508
521 1606 756 1669 quatuor
803 1598 1156 1668 posteriores,
1199 1597 1266 1652 ad
1305 1612 1504 1669 corpus
1548 1605 1604 1653 et
1654 1612 1897 1668 praesens

310 1699 541 1760 tempus.
586 1688 954 1746 Sanctiﬁcatio
997 1686 1232 1744 nominis
1285 1688 1403 1753 Dei,
1441 1696 1494 1744 et
1536 1703 1786 1760 regnum,
1838 1697 1896 1744 et

307 1757 558 1836 voluntas
579 1779 696 1850 ejus
717 1779 880 1845 bona,
910 1779 965 1835 in
1000 1778 1187 1834 electis
1217 1777 1273 1834 in
1301 1778 1480 1833 futura
1508 1757 1625 1850 vita
1648 1777 1897 1850 perficie—
1926 1757 1972 1819 Β

309 1879 417 1926 tur.
450 1869 612 1926 Panis
648 1878 829 1926 autem
869 1879 924 1925 et
965 1871 1213 1926 remissio
1263 1842 1633 1941 peccatoru'm,
1684 1879 1740 1926 et
1787 1884 1896 1926 non

309 1963 489 2018 induci
534 1962 588 2016 in
620 1962 994 2027 tentationem,
1026 1973 1083 2016 et
1106 1961 1358 2017 liberatio
1383 1978 1414 2016 a
1463 1961 1680 2016 diabolo
1729 1969 1786 2016 et
1823 1961 1893 2015 ab

307 2055 453 2110 omni
481 2054 814 2110 adversitate
844 2052 1005 2122 hujus
1031 2053 1237 2118 saeculi,
1277 2053 1330 2108 in
1357 2053 1614 2122 przesenti
1646 2062 1772 2108 sunt
1797 2067 1897 2108 no-

307 2146 391 2202 bis
405 2146 738 2211 necessaria,
763 2146 890 2218 quia
916 2146 971 2201 in
996 2145 1180 2200 futura
1190 2144 1304 2198 vita
1318 2160 1425 2199 non
1442 2143 1546 2199 erit
1569 2143 1677 2197 ulla
1699 2141 1892 2208 fames,

307 2239 402 2293 sed
445 2238 670 2293 satietas
717 2246 922 2292 aeterna
977 2235 1273 2292 electorum
1320 2234 1387 2289 de
1440 2233 1897 2304 contemplatione

307 2329 403 2401 Dei
433 2329 850 2400 omnipotentis;
889 2328 944 2382 in
989 2328 1092 2383 hac
1121 2333 1306 2382 autem
1358 2326 1516 2396 panis
1557 2326 1896 2382 necessarius

307 2428 411 2485 est,
441 2428 496 2475 et
523 2419 795 2485 remissio,
841 2419 967 2490 quia
1015 2419 1106 2474 hic
1133 2433 1440 2488 peccamus,
1472 2426 1530 2472 et
1551 2418 1641 2474 hic
1674 2433 1896 2474 necesse

309 2520 415 2576 cst,
483 2517 543 2566 ut
588 2511 885 2567 liberemur
945 2526 974 2565 a
1026 2510 1225 2566 diaboli
1274 2510 1578 2566 tentatione
1629 2517 1683 2566 et
1736 2509 1897 2586 hujus

307 2601 488 2657 saeculi
519 2601 886 2658 tribulatione.

378 2694 510 2750 Post
528 2696 830 2752 orationem
857 2709 989 2751 vero
1019 2694 1355 2770 Dominicam
1381 2695 1449 2750 ad
1477 2693 1893 2765 completionem

311 2783 445 2839 tanti
477 2785 720 2856 mysterii
750 2791 862 2840 tota
899 2786 966 2841 ad
997 2785 1167 2841 Deum
1210 2785 1388 2841 fundit
1413 2801 1606 2857 preces
1629 2785 1892 2851 Ecclesia,

307 2888 364 2934 et
392 2878 636 2948 sequitur
684 2878 740 2934 in
771 2879 1117 2935 conclusione
1146 2878 1389 2948 ejusdem
1418 2879 1696 2943 sacerdos,
1725 2886 1782 2934 et
1807 2878 1894 2934 di-

306 2970 383 3023 cit
407 2987 418 3023 :
445 2967 632 3023 Libera
656 2985 770 3035 nos,
792 2985 1114 3041 quaesumus,
1141 2968 1384 3034 Domine,
1413 2977 1469 3024 et
1494 2969 1720 3039 reliqua.
1750 2967 1896 3023 Mala

305 3061 598 3130 prwterita,
647 3070 870 3132 peccata
918 3070 1192 3118 transacta
1240 3062 1633 3133 intelliguntur,
1663 3077 1891 3132 quorum

305 3151 351 3205 si
374 3151 514 3206 actio
533 3152 650 3228 jam
678 3153 912 3208 cessavit
938 3152 992 3208 in
1021 3153 1196 3218 nobis,
1237 3161 1418 3206 tamen
1463 3160 1645 3207 reatus
1686 3159 1889 3218 manet,

306 3242 410 3298 nisi
437 3243 533 3298 Dei
565 3243 896 3316 indulgentia
941 3243 1204 3299 deleatur.
1259 3242 1405 3297 Mala
1432 3259 1561 3298 vero
1590 3244 1892 3314 prrcsentia,

306 3335 620 3406 quotidiana
656 3343 876 3406 peccata
922 3335 1296 3405 intelliguntur
1327 3335 1380 3389 in
1413 3335 1612 3400 animo,
1642 3343 1697 3391 et
1740 3350 1896 3390 acce-

307 3429 499 3484 dentes
520 3441 661 3501 saepe
704 3428 902 3484 diversi
927 3427 1247 3500 languores,
1271 3435 1326 3483 et
1351 3428 1670 3483 amictiones
1699 3427 1751 3482 in
1774 3442 1896 3481 cor-

305 3536 460 3590 pore,
491 3529 546 3576 et
593 3521 933 3576 extrinsecus
959 3521 1232 3576 irruentes
1287 3521 1586 3576 innumerae
1617 3518 1894 3576 calamita-

307 3621 412 3678 tes,
443 3626 562 3682 quae
609 3613 822 3681 quoties
850 3612 1106 3681 patimur,
1159 3611 1276 3680 ejus
1311 3610 1570 3666 debemus
1600 3610 1895 3681 implorare

306 3702 589 3768 auxilium,
636 3703 730 3776 qui
769 3702 917 3757 solus
943 3718 1041 3756 sua
1074 3700 1278 3772 pietate
1319 3709 1374 3756 et
1421 3702 1632 3758 animas
1661 3710 1809 3758 creat
1838 3708 1894 3757 et

308 3809 558 3865 corpora.
614 3792 824 3848 Futura
869 3793 1036 3858 mala,
1080 3808 1415 3863 quaecunque
1461 3795 1616 3848 nobis
1647 3796 1894 3850 accidere

308 3893 554 3957 possunt,
587 3886 701 3942 sive
725 3901 824 3955 per
851 3885 1180 3940 tentationes
1202 3885 1426 3952 diaboli,
1475 3886 1588 3942 sive
1614 3901 1713 3955 per
1734 3887 1895 3942 mise-

308 3981 420 4036 rias
443 3980 645 4036 saeculi.
670 3978 804 4035 Orat
829 3994 960 4050 ergo
1000 3979 1264 4045 Ecclesia,
1293 3987 1352 4034 ut
1377 3978 1521 4050 quod
1548 3980 1602 4034 in
1627 3978 1734 4034 line
1771 3995 1895 4035 ora-

307 4074 471 4130 tionis
499 4073 700 4129 dictum
729 4081 832 4139 est,
859 4072 1025 4128 libera
1074 4090 1168 4128 nos
1195 4091 1229 4127 a
1254 4071 1394 4128 malo
1426 4087 1443 4124 :
1488 4073 1561 4126 ita
1610 4072 1768 4127 nobis
1798 4087 1896 4142 per

311 4167 408 4223 Dei
436 4165 864 4223 misericordiam
893 4174 1206 4237 praestetur,
1229 4175 1288 4220 ut
1311 4166 1604 4220 liberemur
1624 4165 1692 4220 ab
1714 4165 1894 4221 omni—

309 4258 410 4314 bus
442 4258 620 4324 malis,
646 4274 769 4328 qua:
813 4258 972 4314 nobis
1010 4258 1096 4314 vel
1146 4257 1203 4312 in
1229 4257 1506 4327 prteterito
1553 4257 1891 4323 acciderunt,

308 4352 394 4407 vel
416 4352 471 4406 in
531 4351 787 4422 praesenti
839 4351 1113 4416 accidunt,
1167 4350 1251 4406 vel
1297 4350 1350 4404 in
1402 4348 1588 4404 futuro
1646 4349 1895 4405 accidere

2010 495 2159 549 stolis
2184 495 2342 550 Petro
2364 505 2410 550 et
2431 493 2623 562 Paulo,
2649 505 2804 567 atque
2829 497 3041 551 Andrea
3070 499 3361 567 impetrare
3386 512 3596 552 merea-

2012 601 2151 639 mur.
2186 584 2241 639 ln
2267 601 2372 655 qua
2398 586 2764 656 postulatione
2791 602 2896 642 non
2925 594 3243 643 cmtemrum
3283 595 3595 642 sanctorum

2007 676 2464 746 praetermittitur,
2520 679 2614 732 sed
2673 677 2725 730 in
2783 677 3014 732 istorum
3073 677 3592 733 commemoratione

2008 769 2189 823 omnia
2233 767 2486 840 suffragia
2531 777 2876 840 expetuntur.
2910 769 3048 838 Quia
3083 770 3159 826 ita
3187 787 3376 826 omnes
3403 770 3504 827 sibi
3537 771 3601 825 in.

2009 854 2120 911 Deo
2143 857 2280 912 uniti
2305 866 2449 924 sunt,
2478 857 2553 913 ita
2579 875 2746 912 unum
2765 860 3076 915 desiderant
3097 869 3152 917 et
3170 870 3363 932 rogant
3379 876 3479 931 pro
3504 877 3593 917 sa-

2007 944 2119 1001 lute
2150 947 2450 1014 hominum,
2484 956 2540 1004 ut
2569 949 2622 1004 in
2662 965 2770 1005 uno
2797 965 2988 1007 omnes
3028 953 3333 1008 habeantur
3363 953 3590 1024 pariter,

2006 1047 2061 1092 et
2115 1038 2169 1092 in
2199 1055 2308 1094 uno
2336 1055 2527 1096 omnes
2559 1041 2766 1112 pariter
2796 1043 3159 1115 negligantur.
3201 1044 3355 1113 Quod
3411 1053 3593 1100 autem

2005 1130 2136 1185 dicit
2180 1145 2194 1184 :
2236 1131 2321 1185 Da
2353 1135 2612 1204 propitius
2651 1151 2830 1207 pacem
2859 1136 2915 1190 in
2943 1135 3123 1191 diebus
3171 1135 3384 1192 nostris.
3429 1134 3589 1192 Juxta

2003 1221 2308 1292 exemplum
2351 1223 2620 1292 Ezechiae,
2653 1227 2745 1298 qui
2793 1243 2915 1282 cum
2965 1227 3208 1284 audisset
3255 1245 3284 1282 a
3324 1227 3593 1298 Propheta

2003 1311 2142 1368 mala
2195 1320 2438 1370 venturae
2478 1316 2827 1387 captivitatis,
2861 1317 3138 1390 respondit
3181 1336 3193 1372 :
3227 1315 3353 1372 Fiat
3408 1335 3513 1390 pax
3542 1329 3591 1372 et

2002 1402 2189 1458 veritas
2215 1404 2271 1460 in
2297 1403 2479 1460 diebus
2514 1408 2644 1462 meis
2685 1405 2790 1480 (IV
2821 1407 2946 1481 Reg.
3001 1425 3094 1476 xx,
3144 1407 3256 1480 l9),
3283 1408 3465 1462 futura
3495 1408 3586 1462 Dei

1994 1492 2200 1563 judicio
2236 1509 2546 1563 reservans,
2578 1496 2648 1553 de
2688 1501 2966 1569 praesenti,
2992 1501 3135 1570 quod
3161 1500 3230 1556 ad
3257 1516 3411 1556 suam
3438 1508 3494 1554 et
3521 1500 3591 1554 ad

1998 1588 2179 1658 populi
2204 1588 2432 1645 salutem
2454 1590 2781 1660 pertinebat,
2814 1577 3133 1662 deprecans.
3161 1592 3241 1647 lta
3265 1601 3321 1649 et
3346 1593 3589 1649 Ecclesia

1999 1681 2323 1752 deprecatur
2370 1699 2560 1754 pacem
2609 1684 2665 1738 in
2713 1684 2906 1740 diebus
2935 1686 3156 1750 nostris,
3187 1687 3331 1757 quod
3365 1694 3421 1741 et
3467 1694 3592 1756 post

2002 1794 2101 1833 nos
2123 1777 2233 1846 alii,
2267 1787 2320 1835 et
2345 1788 2469 1850 post
2490 1780 2638 1852 ipsos
2669 1779 2783 1847 alii,
2819 1796 2990 1851 usque
3027 1781 3094 1834 ad
3120 1778 3284 1837 ﬁnem
3313 1781 3494 1836 s'eculi
3521 1781 3591 1836 si-

2000 1870 2201 1924 militer
2223 1870 2476 1927 orabunt.
2519 1870 2629 1926 Cur
2656 1879 2837 1927 autem
2876 1871 3048 1944 ipsam
3087 1885 3280 1942 pacem
3327 1871 3588 1942 postulet,

1999 1959 2296 2032 subjungit,
2347 1962 2557 2018 scilicet
2593 1979 2607 2015 :
2643 1971 2697 2016 ut
2747 1981 2860 2034 ope,
2890 1963 2943 2018 id
2967 1970 3068 2030 cst,
3104 1963 3328 2030 auxilio,
3374 1971 3431 2018 et
3458 1979 3585 2034 pro-

1999 2054 2234 2108 tectione
2263 2054 2643 2110 misericordia:
2674 2053 2770 2109 Dei
2810 2055 3004 2126 adjuti,
3041 2063 3304 2126 quantum
3347 2055 3415 2111 ad
3451 2056 3590 2113 inte-

1997 2144 2195 2199 riorem
2238 2143 2512 2216 religionis
2538 2146 2877 2201 devotionem
2905 2147 3158 2217 pertinet,
3185 2147 3354 2202 simus
3383 2166 3586 2220 semper

1997 2255 2029 2290 a
2065 2246 2277 2308 peccato
2304 2235 2472 2302 liberi,
2516 2246 2776 2308 quantum
2806 2238 2873 2294 ad
2900 2240 3226 2295 exteriorem
3243 2234 3462 2310 pacem,
3502 2242 3580 2296 si-

1997 2347 2118 2386 mus
2141 2341 2190 2386 et
2210 2330 2276 2386 ab
2303 2333 2446 2387 omni
2486 2332 2876 2404 perturbatione
2904 2331 3094 2387 securi.
3152 2331 3410 2402 Sequitur
3442 2335 3586 2404 quod

1997 2432 2052 2478 et
2099 2423 2153 2480 in
2197 2423 2449 2480 omnibus
2489 2423 2877 2480 ecclesiasticis
2936 2424 3279 2480 orationibus
3332 2423 3584 2496 subiungi

1997 2514 2153 2578 solet,
2181 2512 2287 2568 Per
2307 2515 2590 2570 Dominum
2616 2524 2852 2570 nostrum
2879 2514 3062 2572 Jesum
3089 2513 3382 2583 Christum,
3411 2526 3466 2573 et
3497 2532 3585 2571 rc-

1997 2604 2164 2676 liqua.
2198 2604 2267 2661 Ut
2292 2620 2454 2676 supra
2471 2606 2586 2678 jam
2618 2606 2874 2662 diximus.

2069 2695 2182 2750 llac
2219 2697 2466 2752 oratione
2517 2695 2750 2768 expleta,
2784 2697 3144 2752 eommiscens
3187 2699 3443 2753 sacerdos
3485 2699 3590 2754 Do-

1998 2788 2250 2845 minicam
2291 2788 2644 2855 oblationem,
2676 2797 2737 2843 ut
2769 2789 2912 2844 calix
2957 2789 3171 2843 Domini
3203 2796 3371 2844 totam
3415 2788 3588 2860 pleni-

1999 2878 2241 2934 tudinem
2295 2878 2576 2934 contineat
2623 2880 2979 2944 sacramenti,
3013 2887 3272 2950 tanquam
3297 2895 3396 2950 per
3443 2877 3590 2949 ejus-

1997 2969 2120 3024 dem
2175 2969 2420 3044 mysterii
2486 2969 2887 3042 copulationem
2940 2971 3276 3042 imprecatur
3328 2967 3590 3029 EccleSiae

1996 3078 2208 3134 pacem,
2259 3061 2635 3125 dicenszPaa:
2665 3063 2880 3118 Domini
2925 3065 2991 3118 sit
3043 3081 3246 3135 semper
3298 3065 3585 3120 vobiscum.

1996 3153 2094 3209 Cui
2139 3161 2346 3208 tantum
2384 3153 2587 3211 bonum
2612 3153 2777 3208 etiam
2809 3151 3051 3208 Ecclesia
3090 3153 3443 3224 imprecatur,
3474 3170 3589 3209 res—

1993 3245 2237 3317 pondens
2277 3245 2353 3300 illi
2383 3263 2395 3299 :
2431 3245 2498 3299 Et
2528 3262 2647 3300 cum
2680 3245 2869 3317 spiritu
2900 3256 3013 3300 tuo.
3049 3245 3161 3300 Pax
3190 3245 3424 3313 Domini,
3473 3247 3584 3316 ipsa

1993 3347 2078 3394 est
2104 3353 2211 3410 pax
2257 3337 2484 3404 Christi,
2511 3355 2632 3409 quae
2659 3339 2823 3394 tinem
2866 3355 2975 3395 non
3000 3340 3182 3403 habet,
3217 3348 3272 3395 et
3300 3350 3383 3396 est
3408 3342 3588 3398 omnis

1991 3431 2095 3501 pize
2117 3430 2349 3486 actionis
2373 3430 2653 3501 perfectio.
2687 3432 2825 3488 Vera
2871 3443 3054 3488 autem
3081 3448 3188 3504 pax
3212 3433 3477 3489 unitatem
3506 3433 3587 3488 fa-

1991 3526 2086 3589 cit,
2133 3525 2404 3596 quomodo
2431 3525 2522 3596 qui
2567 3525 2798 3579 adliceret
2825 3524 3073 3591 Domino,
3106 3542 3243 3580 unus
3272 3526 3488 3597 spiritus
3511 3537 3585 3580 est

1995 3615 2047 3688 (1
2090 3616 2214 3671 Cor.
2261 3633 2338 3683 vi,
2368 3615 2478 3689 l7).
2518 3615 2820 3686 lmprecata
2868 3617 3034 3688 igitur
3063 3632 3219 3686 pace,
3254 3618 3522 3688 incipiens
3555 3636 3585 3673 ει

1992 3709 2296 3774 sacerdote,
2333 3709 2428 3762 dat
2458 3708 2560 3763 sibi
2592 3716 2779 3763 mutuo
2831 3709 3009 3763 omnis
3063 3709 3308 3765 Ecclesia
3338 3711 3585 3766 osculum
3654 3770 3663 3776 ,

1993 3796 2166 3865 pacis,
2206 3804 2266 3849 ut
2290 3796 2542 3849 omnibus
2573 3811 2700 3850 vera
2730 3811 2862 3864 pace
2893 3797 3061 3851 unitis
3093 3797 3188 3850 ﬁat
3211 3798 3266 3850 in
3314 3799 3394 3852 eis
3431 3799 3586 3855 locus

1995 3885 2114 3949 Dei,
2141 3885 2282 3939 sicut
2302 3885 2500 3938 dicitur
2526 3902 2538 3937 :
2570 3883 2712 3937 Deus
2739 3885 2791 3937 in
2814 3884 2930 3940 loco
2955 3896 3136 3940 sancto
3166 3903 3287 3952 suo,
3315 3885 3457 3942 Deus
3494 3892 3584 3960 qui

1993 3974 2287 4028 inhabitare
2328 3973 2456 4043 facit
2502 3974 2777 4028 unanimes
2801 3975 2854 4026 in
2901 3974 3056 4028 domo
3098 3973 3271 4047 (Psal.
3297 3993 3467 4044 van,
3504 3978 3579 4050 7).

1995 4065 2061 4120 Et
2076 4065 2181 4119 hoc
2202 4080 2268 4118 ex
2292 4064 2586 4119 traditione
2609 4063 2978 4135 apostolorum
3009 4074 3192 4120 servat
3214 4065 3471 4131 Ecclesia,
3494 4071 3582 4125 cui

1995 4156 2308 4228 frequenter
2335 4157 2402 4210 ab
2424 4157 2504 4212 eis
2530 4155 2732 4211 dicitur
2761 4175 2771 4208 :
2806 4153 3048 4212 Salutate
3070 4157 3288 4215 invicem
3315 4161 3370 4216 in
3401 4162 3582 4217 osculo

1993 4261 2173 4306 sancto
2191 4249 2242 4322 (I
2257 4249 2378 4305 Cor.
2408 4265 2520 4316 xvi,
2542 4247 2633 4321 20)
2663 4289 2677 4314 ,
2708 4247 2761 4304 id
2787 4256 2895 4315 est,
2916 4247 3166 4320 paciﬁco,
3195 4267 3343 4318 vero,
3373 4253 3580 4310 colum-

1994 4344 2145 4410 bino,
2186 4360 2293 4399 non
2322 4342 2471 4409 ﬁcto,
2504 4357 2610 4397 non
2638 4340 2885 4409 subdolo,
2919 4341 3063 4414 quali
3094 4352 3340 4413 utuntur,
3377 4349 3467 4419 qui
3497 4349 3578 4404 lo-

307 4459 466 4515 posse
487 4444 869 4501 formidantur.
903 4445 1162 4513 Sequitur
1186 4463 1198 4498 :
1227 4453 1275 4498 et
1303 4441 1650 4497 intercedente
1675 4458 1769 4512 pro
1792 4458 1890 4496 no-
1921 4460 1973 4522 Β
1993 4445 2227 4508 quuntur
2249 4451 2432 4506 pacem
2456 4450 2575 4488 cum
2604 4432 2844 4505 proximo
2870 4449 2988 4499 suo,
3015 4432 3158 4488 mala
3188 4445 3362 4490 autem
3384 4449 3504 4490 sunt
3527 4439 3582 4493 in

308 4539 406 4603 bis,
437 4546 570 4603 etc.,
621 4553 813 4608 usque,
867 4539 1060 4593 securi.
1096 4537 1358 4608 Przeeepit
1390 4537 1652 4592 Dominus
1696 4537 1894 4608 populo

2001 4527 2240 4582 cordibus
2281 4526 2494 4582 illorum
2548 4523 2720 4598 (Psal.
2773 4541 2948 4590 xxvii,
2977 4523 3055 4597 ὅ).
3109 4524 3189 4580 Illi
3237 4541 3366 4598 ergo
3395 4529 3581 4582 osculo

308 4627 494 4694 Israel,
536 4645 659 4685 cum
689 4637 963 4686 teneretur
997 4629 1322 4700 Babylonica
1351 4629 1636 4693 servitute,
1673 4637 1732 4682 ut
1763 4644 1890 4686 ora-

309 4727 432 4774 rent
455 4735 555 4790 pro
582 4736 718 4790 pace
765 4720 937 4790 ipsius
963 4720 1221 4786 civitatis,
1247 4719 1392 4790 quod
1428 4720 1483 4774 in
1511 4734 1664 4788 pace,
1697 4719 1891 4788 inquit,

308 4811 450 4880 ejus,
471 4812 578 4866 erit
603 4822 724 4883 pax‘
739 4819 920 4867 vestra
942 4827 957 4876 ;
979 4819 1036 4866 et
1055 4809 1347 4882 Apostolus
1366 4810 1617 4864 hortatur
1642 4809 1759 4864 ﬁeri
1777 4825 1895 4865 ora-

310 4905 484 4958 tiones
513 4917 612 4974 pro
639 4902 890 4958 omnibus
920 4902 1254 4969 horninibus,
1294 4916 1392 4971 pro
1432 4900 1651 4972 regibus
1696 4908 1750 4956 et
1805 4902 1890 4957 his

307 4993 402 5064 qui
433 4993 486 5048 in
515 4992 846 5048 sublimitate
871 5001 1018 5056 sunt,
1051 5001 1113 5047 ut
1149 4992 1389 5062 quietam
1441 4997 1498 5045 et
1544 4991 1888 5061 tranquillam

298 5086 475 5141 vitam
505 5099 748 5156 agamus.
776 5083 940 5140 Juxta
965 5085 1112 5140 hanc
1136 5083 1367 5139 formam
1394 5083 1625 5153 populus
1654 5083 1889 5140 ﬁdelium

310 5178 365 5233 in
386 5177 550 5248 hujus
566 5177 748 5234 saeculi
774 5178 1233 5249 peregrinatione,
1253 5185 1506 5247 tanquam
1538 5177 1592 5231 in
1619 5175 1891 5248 Babylone

309 5273 576 5342 captivus,
601 5280 658 5328 et
703 5287 952 5343 superna:
997 5272 1192 5342 patria:
1238 5271 1536 5340 inspirans,
1562 5278 1686 5325 orat
1729 5269 1892 5324 etiam

313 5377 408 5433 pro
435 5378 566 5434 pace
605 5363 889 5433 temporali
933 5381 948 5416 :
981 5378 1051 5418 ne
1077 5361 1406 5431 impediatur
1432 5377 1464 5417 a
1518 5360 1806 5432 spirituali,
1838 5369 1897 5416 ut

315 5455 535 5510 remotis
576 5469 675 5527 per
718 5455 812 5510 Dei
840 5455 1100 5526 pietatem
1147 5453 1400 5509 omnibus
1457 5452 1893 5519 adversitatibus,

316 5543 550 5613 quietam
599 5553 655 5600 et
693 5545 1039 5615 tranquillam
1080 5544 1246 5598 vitam
1305 5551 1432 5614 agat
1472 5541 1733 5598 Ecclesia.
1782 5541 1896 5598 Hoc

314 5641 494 5690 autem
538 5633 906 5707 paucissimis,
949 5637 1042 5690 sed
1072 5633 1520 5690 eminentissimis
1561 5632 1768 5688 sanctis
1798 5646 1895 5686 no-

317 5726 538 5782 minatis
564 5736 785 5794 exorat,
841 5739 893 5782 nt
928 5726 1276 5782 intercedente
1327 5725 1380 5780 in
1413 5724 1602 5797 primis
1631 5722 1728 5778 Dci
1753 5723 1898 5794 geni-

1996 4628 2183 4676 sancto
2229 4619 2470 4675 salutant
2515 4617 2769 4683 invicem,
2813 4619 2902 4688 qui
2928 4633 3032 4671 non
3059 4616 3286 4688 diligunt
3307 4618 3458 4673 verbo
3489 4636 3581 4673 nec
3653 4691 3657 4696 ί

1993 4711 2198 4784 lingua,
2225 4714 2316 4768 sed
2343 4727 2494 4783 opere
2530 4719 2578 4765 et
2605 4711 2818 4764 veritate
2848 4707 2900 4781 (1
2922 4709 3082 4764 Joan.
3110 4727 3190 4776 ιιι,
3220 4709 3330 4782 18).
3637 4695 3652 4707 ”

2067 4806 2212 4862 Inter
2235 4807 2352 4861 haec
2389 4811 2644 4860 cantatur
2664 4803 2733 4858 ab
2765 4802 3038 4868 omnibus,
3068 4811 3126 4858 et
3151 4804 3424 4858 cantando
3461 4819 3580 4858 ora-

1997 4905 2105 4964 tur,
2137 4896 2439 4952 dicentibus
2469 4913 2482 4948 :
2506 4893 2685 4965 Agnus
2708 4893 2830 4960 Dei,
2857 4894 2946 4962 qui
2971 4893 3111 4948 tollis
3134 4905 3346 4965 peccata
3370 4895 3578 4961 mundi,

1996 4998 2053 5045 et
2097 4989 2323 5060 reliqua.
2356 4985 2546 5043 Nullus
2574 4987 2720 5043 enim
2771 4987 2910 5042 tollit
2933 4995 3176 5058 peccata,
3229 4988 3334 5043 nisi
3375 4988 3462 5042 ille
3493 5004 3580 5044 so—

1998 5081 2102 5146 lus,
2131 5080 2217 5136 cui
2239 5079 2445 5134 nullum
2473 5080 2675 5134 bonum
2702 5077 2938 5133 hominis
2969 5078 3300 5149 impossibile
3321 5086 3426 5146 est,
3457 5079 3578 5134 nul-

1999 5173 2110 5227 lum
2156 5171 2356 5227 malum
2415 5169 2733 5226 insanabile.
2788 5166 3070 5236 Quomodo
3114 5176 3294 5224 autem
3349 5181 3577 5240 peccata

2001 5259 2185 5318 mundi
2232 5261 2404 5327 tollat,
2454 5257 2693 5321 Joannes
2740 5260 2794 5314 in
2841 5258 3165 5330 Apocalypsi
3205 5261 3574 5328 demonstrat,

1999 5353 2103 5420 Qui
2125 5351 2307 5407 dilexit
2342 5369 2460 5418 nos,
2486 5352 2753 5422 inquiens,
2778 5360 2826 5405 et
2855 5348 2979 5405 lavit
3018 5368 3111 5405 nos
3157 5369 3188 5404 a
3226 5351 3450 5423 peccatis
3479 5370 3576 5406 no-

1997 5446 2121 5500 stris
2145 5445 2200 5500 in
2221 5445 2476 5514 sanguine
2497 5461 2593 5497 suo
2623 5441 2806 5514 (Apoc.
2835 5458 2872 5507 ι,
2897 5440 2972 5512 5),
3001 5442 3217 5511 quando
3249 5443 3424 5512 ipsum
3446 5459 3575 5499 sau-

1996 5538 2214 5609 guinem
2241 5537 2388 5592 dedit
2414 5553 2512 5606 pro
2533 5535 2688 5591 nobis
2711 5535 2766 5589 in
2793 5549 2974 5598 cruce,
3003 5531 3088 5589 vel
3111 5535 3326 5605 quando
3347 5538 3576 5607 quisque

1997 5639 2243 5684 nostrum
2277 5629 2330 5682 in
2359 5628 2616 5699 mysterio
2643 5640 2814 5682 sacrae
2839 5625 3106 5698 passionis
3149 5626 3291 5683 illius
3319 5628 3573 5699 baptismi

2000 5720 2156 5791 aquis
2199 5719 2413 5776 ablutus
2447 5729 2528 5776 est
2558 5737 2568 5774 :
2605 5735 2792 5777 verum
2824 5720 2987 5776 etiam
3014 5720 3252 5806 quotidie
3282 5720 3418 5778 tollit
3442 5738 3571 5792 pec—
