3914 6178
373 317 506 378 1271

1231 321 1293 378 Β.
1336 323 1400 379 ι’.
1441 323 1671 378 ΑιΒιΝι
1711 321 1844 380 SEU
1883 323 2162 380 ALCUIM
2203 323 2488 384 OPERUM
2527 327 2708 383 PARS
2749 327 2840 383 IX.

3531 333 3684 387 12ῒῖ

371 449 493 492 cata
532 437 739 503 mundi,
787 437 1040 508 lavatque
1092 452 1244 492 uosa
1270 436 1512 507 peccatis
1558 435 1759 491 nostris
1787 435 1966 505 quoti-
1994 440 2042 497 Λ
2070 435 2345 508 Virginem
2390 437 2567 503 venit,
2610 437 2836 492 dicens:
2893 436 3029 492 Ecce
3073 440 3352 509 coucipies.
3404 451 3453 495 et
3494 445 3682 513 paries

373 531 552 586 dianis
580 531 634 586 in
659 532 922 602 sanguine
945 548 1062 598 suo,
1081 548 1204 589 eum
1219 532 1373 602 cujus
1392 531 1635 600 ejusdem
1655 531 1828 588 beata:
1848 548 1969 603 pas-

371 622 542 680 sionis
569 623 636 679 ad
669 624 841 680 altare
873 625 1136 679 memoria
1166 624 1476 694 replicatur.

442 714 571 770 Post
595 715 712 770 haec
739 725 957 787 sumpta
999 717 1352 782 eucharistia,
1386 716 1439 771 id
1466 725 1570 783 est,
1595 717 1736 772 bona
1768 717 1965 787 gratia,
2000 709 2001 712 “

371 806 569 876 (gratia
596 806 745 861 enim
791 806 889 862 Dei
915 822 1014 877 pro
1042 806 1298 862 omnibus
1347 807 1587 877 gustavit
1632 805 1883 879 mortem)
1915 814 1968 861 et

368 895 648 951 celebrata
699 897 1000 966 gratiarum
1047 897 1281 962 actione,
1313 897 1672 968 respondetur
1697 897 1764 951 ab
1791 896 1965 952 omni-

367 989 493 1054 bus,
519 988 704 1046 Amen.
754 986 889 1045 Haec
927 990 1074 1044 enim
1103 989 1251 1044 clara
1282 1004 1385 1044 vox
1418 989 1700 1061 sanguinis
1731 988 1963 1054 Christi,

367 1097 533 1152 quam
558 1083 779 1154 sanguis
808 1083 912 1138 iste
943 1081 1199 1152 exprimit
1221 1096 1289 1136 ex
1319 1096 1416 1138 ore
1458 1081 1718 1148 ﬁdelium,
1772 1083 1962 1137 eodem

367 1175 630 1245 sanguine
679 1173 1102 1244 redemptorum.
1149 1171 1343 1228 Finitis
1411 1171 1701 1239 omnibus,
1759 1175 1961 1228 astanti

365 1275 423 1319 et
472 1265 780 1321 observanti
825 1265 1024 1336 populo
1074 1265 1345 1321 absolutio
1399 1266 1580 1332 datur,
1633 1266 1962 1323 inclamante

366 1356 606 1412 Diacono
635 1374 648 1412 :
680 1355 787 1424 Ite,
819 1357 984 1412 missa
1026 1367 1123 1412 est.
1161 1357 1327 1413 Missa
1372 1372 1503 1429 ergo
1531 1357 1666 1414 nihil
1702 1358 1848 1414 aliud
1878 1360 1960 1414 in-

369 1445 650 1519 telligitur,
679 1463 842 1519 quam
893 1447 1160 1516 dimissio,
1206 1449 1261 1506 id
1307 1458 1411 1515 est,
1459 1449 1747 1516 absolutio,
1795 1467 1958 1522 quam

365 1539 659 1596 celebratis
700 1541 974 1608 omnibus,
1000 1549 1128 1597 tunc
1155 1541 1416 1597 diaconus
1445 1557 1568 1598 esse
1618 1544 1953 1614 pronuntiat,

363 1649 488 1689 cum
509 1633 740 1704 populus
767 1651 799 1690 a
829 1634 1057 1691 solemni
1086 1636 1469 1693 observatione
1492 1637 1804 1693 dimittitur.
1840 1637 1953 1695 Un-

363 1725 431 1780 de
460 1725 516 1779 et
546 1723 767 1779 Missam
795 1726 1283 1780 catechumenorum
1307 1743 1544 1783 canones
1575 1728 1782 1794 dicunt,
1815 1744 1952 1798 quo-

2067 528 2258 596 ﬁlium,
2292 545 2486 600 usque,
2524 531 2634 602 ipse
2657 533 2794 586 enim
2818 530 3023 586 salvum
3056 532 3211 601 faciet
3235 534 3491 604 populant
3514 553 3684 590 suum

2067 639 2099 674 a
2121 623 2346 692 peccatis
2368 638 2552 676 eorum
2575 621 2728 694 (Luc.
2759 640 2800 688 ι,
2827 622 2941 693 5i).
2972 623 3131 678 Jesus
3159 623 3449 689 llebraioe,
3481 625 3684 684 Grece

2068 709 2246 778 Soter,
2276 711 2470 768 Latine
2503 711 2751 768 Salvator
2779 714 3000 770 dicitur.
3035 712 3278 770 Christus
3307 716 3521 782 Graece,
3559 719 3684 775 He-

2065 801 2249 858 braice
2286 802 2528 869 Messias,
2569 804 2762 859 Latine
2801 804 3024 860 Unctus.
3069 804 3186 861 Non
3217 805 3320 861 fuit
3345 817 3531 863 autem
3564 825 3678 866 un—

2064 903 2184 949 ctus
2209 894 2328 950 oleo
2354 896 2574 963 visibili,
2620 896 2762 952 sicut
2793 899 3119 970 patriarcha:
3147 907 3203 955 et
3231 901 3540 972 prophetae,
3568 905 3674 975 qui

2064 986 2305 1055 antiquis
2332 989 2669 1058 temporibus
2689 990 2809 1045 oleo
2833 991 3191 1062 ungebantur.
3217 992 3294 1048 De
3324 995 3526 1064 quibus
3550 996 3675 1067 ipse

2063 1073 2325 1131 Dominus
2365 1078 2535 1133 dicit:
2573 1079 2754 1135 Nolite
2799 1091 3013 1152 tangere
3057 1081 3296 1138 Christos
3337 1102 3503 1152 meos,
3555 1097 3671 1144 etc.

2065 1163 2241 1234 (Psal.
2268 1182 2379 1231 ειν,
2406 1167 2516 1238 15),
2549 1168 2642 1224 sed
2663 1170 2786 1226 oleo
2809 1171 3086 1239 invisibili,
3112 1173 3166 1229 id
3189 1183 3294 1240 est,
3327 1175 3673 1246 plenitudine

2063 1255 2299 1326 Spiritus
2351 1260 2546 1315 sancti.
2604 1260 2758 1318 Unde
2811 1261 3100 1319 Psalmista
3131 1283 3144 1319 :
3177 1263 3339 1320 Unxit
3381 1277 3431 1322 te
3480 1268 3664 1335 Deus,

2061 1346 2202 1404 Deus
2240 1360 2361 1404 tuus
2404 1351 2518 1406 oleo
2561 1352 2761 1408 thitite
2797 1371 2907 1425 pra:
2949 1356 3295 1427 participibus
3337 1361 3443 1413 tuis
3483 1359 3663 1431 (Psal.

2058 1454 2205 1506 xuv,
2238 1439 2315 1513 8).
2351 1439 2596 1498 Unicum.
2647 1443 2853 1500 Unicus
2899 1445 3117 1513 dicitur,
3157 1449 3285 1518 quia
3333 1449 3535 1506 unicus
3577 1462 3664 1507 est

2057 1525 2169 1583 Deo
2209 1528 2381 1585 Patri.
2415 1531 2482 1586 Et
2513 1533 2706 1589 unicus
2743 1545 2827 1590 est
2852 1534 2961 1592 Deo
2991 1535 3160 1604 Patri,
3188 1538 3316 1610 quia
3342 1555 3446 1597 nec
3470 1542 3666 1598 habuit

2056 1619 2221 1676 Pater
2267 1621 2465 1679 Filium
2505 1633 2632 1681 ante
2679 1620 2854 1694 illum,
2909 1644 3012 1685 nec
3058 1640 3217 1700 post;
3265 1648 3446 1704 neque
3487 1643 3667 1691 mater

2052 1713 2321 1770 similiter.
2363 1717 2642 1774 Dominum
2680 1731 2946 1777 nostrum.
3008 1722 3268 1781 Dominus
3317 1736 3514 1784 noster
3557 1738 3665 1796 est,

361 1819 510 1874 niam
557 1827 682 1890 post
726 1820 994 1891 evangelii
1035 1820 1324 1876 lectionem
1379 1821 1646 1892 incipiunt
1689 1821 1954 1878 celebrari
1991 1797 2034 1856 Β
2060 1809 2151 1876 qui
2199 1809 2513 1866 dominatur
2554 1814 2729 1868 nostri
2766 1813 2819 1868 in
2849 1815 3104 1872 omnibus
3132 1819 3404 1875 creaturis
3432 1820 3664 1876 visibili-

361 1927 518 1968 sacra
547 1912 830 1982 mysteria,
862 1912 1058 1982 quibus
1112 1911 1320 1966 nullum
1352 1913 1455 1968 nisi
1504 1912 1838 1982 baptizatum
1869 1912 1954 1967 in-

362 2013 573 2059 teresse
623 2002 751 2057 licet
783 2022 795 2056 :
830 2009 958 2058 tunc
993 2003 1138 2057 enim
1173 2002 1446 2058 clamante
1492 2002 1744 2066 diacono,
1786 2002 1952 2057 iidem

357 2097 735 2152 catechumeui
783 2095 1140 2150 mittebantur
1185 2094 1350 2150 foras.
1411 2095 1571 2148 Missa
1626 2110 1757 2166 ergo
1812 2106 1957 2149 cate-

359 2185 754 2241 chumenorum
790 2183 951 2240 ﬁebat
984 2195 1112 2240 ante
1139 2184 1410 2240 actionem
1446 2194 1952 2252 sacramentorum;

359 2277 524 2332 Missa
554 2275 792 2331 ﬁdelium
825 2285 946 2346 post
975 2274 1370 2332 confectiouem
1397 2284 1453 2331 et
1481 2275 1953 2346 participationem

355 2367 674 2424 eorumdem
718 2376 1209 2424 sacramentorum.
1257 2367 1354 2422 Vel
1401 2367 1568 2422 missa
1611 2376 1718 2433 est,
1750 2366 1802 2422 id
1848 2377 1950 2433 est,

354 2457 596 2525 directa;
630 2459 746 2514 sive
790 2459 954 2514 missa
985 2467 1088 2526 cst,
1122 2459 1176 2513 id
1202 2466 1300 2520 est,
1335 2457 1576 2527 perfecta
1613 2465 1698 2512 est
1732 2472 1830 2528 pro
1857 2473 1952 2512 no-

355 2551 442 2607 bis
471 2551 675 2607 oblatio
709 2559 766 2606 et
791 2551 966 2606 oratio

845 2661 1008 2732 509
1038 2660 1267 2717 CAPUT
1321 2659 1455 2714 xu.

944 2746 968 2771 “
1007 2747 1070 2786 υε
1107 2746 1363 2787 διηεοιο.

430 2823 747 2897 Symbolum
791 2823 998 2889 Graece,
1051 2823 1241 2878 Latine
1274 2821 1513 2887 collatio,
1561 2822 1675 2877 sive
1711 2822 1945 2893 signum,

355 2915 439 2971 vel
497 2913 773 2969 indicium.
823 2912 1126 2979 Indicium,
1181 2909 1306 2983 quia
1356 2912 1430 2966 ibi
1481 2910 1754 2967 indicatur
1814 2909 1950 2967 ﬁdes

355 3015 560 3062 sancta:
603 3004 912 3070 Trinitatis,
939 3004 1174 3076 qualiter
1208 3005 1400 3060 debeat
1425 3003 1573 3059 credi
1604 3003 1768 3059 Pater
1793 3003 1945 3074 inge-

354 3097 523 3163 nitus,
573 3095 744 3151 Filius
783 3096 1017 3168 genitus,
1069 3094 1305 3167 Spiritus
1348 3103 1571 3149 sanctus
1614 3095 1682 3150 ab
1713 3102 1945 3166 utroque

353 3187 670 3257 procedens.
711 3184 956 3256 Signum,
992 3185 1119 3256 quia
1145 3185 1456 3256 quicunque
1485 3185 1600 3240 haec
1627 3183 1790 3240 verba
1819 3198 1946 3253 pro-

351 3277 480 3346 fert,
507 3281 745 3336 ostendit
775 3295 833 3335 se
862 3280 928 3335 ad
959 3279 1130 3335 Deum
1177 3279 1263 3334 vel
1305 3279 1374 3334 ad
1407 3294 1693 3334 numerum
1723 3278 1947 3334 creden-

352 3370 489 3424 tium
520 3372 814 3441 pertinere.
856 3369 1083 3425 Collatio
1110 3369 1310 3424 dicitur
1338 3369 1675 3426 conferentia
1702 3371 1785 3426 vel
1812 3386 1943 3426 con-

352 3461 536 3516 ductio
555 3461 848 3516 verborum
879 3462 932 3515 in
963 3475 1128 3514 unum
1156 3459 1318 3515 facta.
1340 3459 1545 3516 Beatus
1563 3461 1902 3530 Augustinus
1917 3461 1944 3502 1»

351 3563 409 3608 et
449 3551 685 3621 majores
727 3553 898 3606 nostri
942 3552 1182 3618 tradunt,
1227 3553 1354 3623 quia
1393 3561 1681 3623 postquam
1715 3553 1945 3623 apostoli

353 3654 683 3718 acceperunt
723 3644 986 3716 Spiritum
1019 3654 1288 3711 sanctum,
1318 3644 1614 3716 profecturi
1643 3645 1698 3700 in
1726 3661 1944 3701 omnem

354 3749 560 3793 terram
586 3735 844 3791 dixerunt
877 3736 1078 3790 bonum
1103 3749 1240 3800 esse,
1271 3733 1400 3808 [ut,J
1430 3735 1556 3805 quia
1584 3751 1749 3790 unum
1773 3735 1944 3791 Deum

353 3828 668 3894 credebant,
703 3843 867 3883 unam
896 3826 1055 3882 ﬁdem
1081 3827 1462 3899 praedicarent.
1498 3827 1792 3884 Duodecim
1817 3843 1946 3900 apo-

354 3921 480 3978 stoli
524 3921 778 3987 fuerunt,
825 3919 1111 3975 duodecim
1160 3919 1326 3975 verba
1373 3929 1834 3990 composuerunt,
1891 3929 1946 3976 et

356 4014 815 4071 denuntiaverunt
845 4029 953 4069 non
977 4028 1042 4069 ea
1071 4013 1270 4085 scripta
1294 4012 1497 4070 habere
1521 4014 1575 4068 in
1602 4013 1946 4070 membranu-

347 4107 450 4174 lis,
491 4108 587 4164 scd
623 4106 679 4163 in
718 4107 921 4162 tabulis
957 4107 1138 4162 cordis
1175 4107 1452 4163 retinere:
1486 4105 1625 4172 Quia
1657 4107 1812 4161 corde
1833 4121 1944 4162 cre-

345 4199 498 4254 ditur
525 4199 595 4252 ad
609 4199 900 4270 justitiam,
925 4215 1013 4252 ore
1031 4208 1207 4252 autem
1230 4197 1488 4268 confessio
1515 4197 1580 4268 ﬁt
1607 4197 1678 4252 ad
1697 4197 1941 4252 salutent.

419 4287 590 4345 Credo
630 4291 686 4344 in
729 4288 919 4343 Deum.
956 4287 1139 4353 Aliud,
1178 4288 1343 4344 credo
1383 4288 1514 4353 Deo,
1567 4287 1711 4343 aliud
1746 4287 1940 4353 Deum,

349 4391 404 4438 et
433 4382 582 4438 aliud
615 4382 668 4437 in
708 4381 899 4436 Deum.
931 4380 1107 4436 Credo
1146 4379 1258 4435 Deo
1302 4380 1486 4435 omnia
1527 4379 1725 4445 inesse,
1778 4380 1942 4436 credo

345 4472 516 4528 Deum
545 4488 672 4528 vera
698 4470 904 4536 dicere,
940 4471 1102 4526 credo
1127 4470 1183 4525 in
1212 4469 1406 4537 Deum,
1457 4470 1512 4525 id
1554 4479 1636 4526 est
1669 4472 1940 4528 credendo

346 4562 496 4618 illum
529 4563 712 4636 diligo.
757 4559 973 4617 Patrem
1009 4560 1432 4632 omnipotentem.
1463 4561 1628 4616 Pater
1651 4560 1938 4616 relativum

347 4672 541 4712 nomen
591 4664 677 4712 est
720 4671 751 4710 a
797 4654 927 4710 ﬁlio.
1006 4655 1172 4711 Pater
1214 4655 1414 4711 dicitur
1455 4669 1521 4711 eo
1556 4655 1702 4724 quod
1743 4655 1942 4711 haheat

344 4746 536 4802 tilium.
576 4745 693 4802 Non
737 4747 883 4802 enim
925 4755 1104 4819 potest
1138 4747 1243 4804 dici
1283 4746 1466 4814 Pater,
1505 4746 1610 4802 nisi
1644 4747 1844 4802 habeat
1872 4746 1937 4802 ﬁ-

344 4835 509 4901 lium,
567 4850 743 4906 neque
791 4835 967 4901 ﬁlius,
1037 4836 1140 4892 nisi
1199 4837 1397 4892 habeat
1454 4845 1684 4909 patrem.
1755 4835 1938 4891 Omni-

340 4940 618 5001 potentem.
669 4916 1022 4999 Omnipotens
1071 4929 1274 4984 dicitur
1314 4943 1380 4984 eo
1428 4930 1572 4999 quod
1612 4927 1795 4983 omnia
1843 4943 1941 4998 po-

343 5030 469 5078 test.
496 5021 565 5076 Et
599 5036 770 5092 quare
800 5021 1002 5078 dicitur
1027 5023 1401 5093 omnipotens,
1446 5039 1569 5078 cum
1618 5022 1799 5078 omnia
1831 5036 1937 5078 non

340 5115 553 5193 possit?
596 5114 810 5171 Mentiri
861 5130 969 5170 non
1017 5123 1220 5186 potest,
1273 5116 1401 5186 quia
1441 5115 1800 5171 immutabilis
1829 5122 1933 5170 est.

343 5207 450 5263 Sed
497 5208 774 5265 sciendum
824 5209 950 5280 quia
998 5207 1261 5280 quidquid
1303 5207 1454 5264 illum
1489 5209 1682 5274 decet,
1732 5216 1932 5280 potest.

341 5297 410 5355 In
451 5298 637 5356 Iesum
680 5296 950 5356 Christum
994 5297 1200 5354 Filium
1248 5298 1389 5371 ejus,
1436 5299 1683 5363 subaudi,
1733 5300 1928 5354 credo.

339 5386 495 5445 Jesus
518 5404 713 5447 nomen
739 5397 821 5446 est
847 5389 1202 5446 humanitatis
1227 5398 1520 5461 assumpta:
1541 5405 1572 5444 a
1595 5389 1795 5445 Verbo.
1822 5389 1930 5445 An-

341 5478 492 5548 gelus
535 5479 793 5552 imposuit
834 5481 884 5539 ei
911 5483 1016 5538 hoc
1057 5497 1277 5546 nomen,
1327 5481 1544 5554 quando
1593 5481 1660 5536 ad
1704 5480 1928 5537 Mariam

414 5625 438 5653 ι
469 5613 798 5696 Capita‘sex
841 5617 1123 5686 sequentia
1156 5617 1392 5688 primum
1421 5631 1451 5670 a
1482 5614 1825 5682 Quercetano
1862 5631 1926 5670 ex

343 5697 442 5737 IIIS.
478 5691 730 5738 restituta
761 5697 905 5740 sunt.

417 5753 441 5792 δ
476 5745 600 5806 Haec
635 5761 852 5821 accepta
894 5756 1144 5811 vi-Jentur
1172 5769 1238 5811 ex
1273 5772 1436 5812 serm.
1473 5759 1536 5814 de
1569 5756 1814 5827 symbolo
1842 5757 1926 5811 in-

2057 1901 2158 1954 bus
2201 1911 2256 1955 et
2305 1901 2687 1979 invisibilibus.
2743 1903 2848 1970 Qui
2891 1918 3167 1978 conceptus
3214 1918 3290 1963 est
3339 1910 3406 1964 de
3448 1909 3665 1983 Spiritu

2056 2003 2257 2058 sancto,
2307 1993 2360 2048 id
2385 2003 2488 2059 est,
2518 2008 2684 2065 Opere
2736 2005 2791 2051 et
2836 1998 3143 2054 ministerio
3179 1998 3416 2070 Spiritus
3458 2006 3662 2058 sancti.

2057 2082 2124 2136 Et
2155 2083 2200 2138 si
2231 2093 2528 2154 conceptus
2566 2095 2651 2140 est
2683 2101 2713 2140 a
2745 2085 2972 2157 Spiritu,
3007 2103 3177 2158 quare
3203 2106 3310 2146 non
3337 2092 3548 2146 dicitur
3574 2093 3664 2147 Fi-

2057 2173 2161 2230 lius
2201 2173 2436 2245 Spiritus
2467 2177 2676 2231 sancti?
2745 2177 2852 2233 Sed
2882 2179 3162 2235 sciendum
3191 2183 3320 2253 quia
3348 2199 3457 2237 non
3485 2200 3657 2239 omne

2055 2267 2200 2338 quod
2225 2267 2293 2323 ab
2313 2267 2497 2338 aliquo
2525 2269 2791 2335 nascitur,
2824 2270 2941 2342 ejus
2969 2269 3112 2327 ﬁlius
3133 2273 3469 2345 appellatur;
3503 2276 3656 2329 verbi

2054 2358 2250 2428 gratia,
2306 2359 2551 2414 nascitur
2588 2360 2818 2430 capillus
2846 2377 2912 2416 ex
2955 2363 3160 2433 capite,
3193 2365 3286 2419 sed
3317 2380 3427 2420 non
3453 2364 3662 2421 dicitur

2055 2446 2199 2502 illius
2244 2449 2462 2520 capitis.
2514 2448 2778 2505 Similiter
2825 2453 3071 2508 nascitur
3114 2455 3308 2526 unguis
3348 2470 3417 2510 ex
3467 2471 3656 2522 manu,

2057 2542 2150 2596 sed
2189 2557 2296 2597 non
2339 2541 2541 2599 dicitur
2583 2543 2725 2600 filius
2754 2561 2966 2600 manus.
3005 2543 3180 2601 Natus
3209 2564 3272 2602 ex
3309 2547 3490 2602 Maria
3534 2548 3656 2602 ιἐν-

2051 2635 2190 2703 giae,
2215 2634 2511 2688 secundum
2541 2650 2785 2702 carnem,
2821 2637 2947 2707 quia
2975 2637 3134 2692 beata
3163 2638 3335 2694 Maria
3364 2639 3522 2710 virgo
3552 2639 3655 2696 fuit

2052 2733 2180 2780 ante
2227 2735 2463 2796 partum,
2507 2737 2563 2782 et
2608 2727 2661 2781 in
2709 2737 2891 2798 partu,
2938 2737 2993 2783 et
3019 2738 3140 2800 post
3166 2740 3409 2801 partum.
3449 2730 3651 2788 Beatus

2049 2817 2384 2889 Augustinus
2412 2819 2544 2874 dicit
2573 2817 2645 2874 ibi
2677 2835 2839 2875 unam
2875 2822 3362 2890 comparationem.
3394 2821 3490 2877 Est
3523 2839 3647 2893 spe-

2052 2909 2235 2966 culum
2273 2911 2327 2967 in
2366 2911 2545 2983 aliqua
2585 2898 2766 2981 domo,
2802 2915 2969 2969 intrat
2999 2914 3196 2984 aliquis
3225 2917 3280 2972 in
3315 2915 3483 2981 illam,
3526 2931 3648 2971 um-

2049 3004 2148 3059 bra
2189 3003 2306 3073 ejus
2349 3021 2620 3076 apparens
2649 3006 2702 3061 in
2733 3007 2974 3078 speculo,
3015 3009 3236 3079 quando
3265 3009 3572 3078 ingreditur
3597 3020 3653 3064 et

2048 3098 2346 3168 egreditur,
2387 3115 2493 3154 non
2533 3098 2736 3171 frangit
2777 3101 2906 3156 illud
2956 3103 3236 3174 speculum
3261 3119 3277 3158 :
3302 3105 3553 3160 similiter
3595 3105 3650 3160 in

2055 3190 2302 3256 Domino,
2337 3190 2391 3246 in
2423 3193 2601 3249 eundo
2635 3202 2690 3248 et
2717 3194 2995 3250 redeundo
3017 3204 3206 3251 uterus
3249 3197 3532 3269 virginalis
3571 3199 3651 3254 in-

2051 3290 2203 3353 teger
2243 3285 2566 3354 permansit.
2618 3281 2823 3340 Passus
2854 3286 2949 3341 sub
2987 3285 3182 3342 Pontio
3218 3283 3418 3354 Pilato,
3451 3304 3648 3344 secun-

2049 3371 2179 3427 dum
2205 3372 2621 3440 humanitatem,
2651 3375 2778 3446 quia
2809 3373 3084 3447 lapidatus
3121 3383 3230 3444 est,
3271 3378 3437 3448 virgis
3465 3392 3650 3434 exesus

2048 3471 2154 3530 est,
2185 3473 2376 3536 sputus
2405 3474 2511 3532 est,
2542 3475 2600 3522 et
2628 3466 2845 3534 irrisus,
2885 3468 3179 3538 multisque
3210 3470 3525 3526 verberibus
3569 3471 3650 3524 af-

2047 3550 2248 3619 flictus,
2287 3553 2382 3608 sed
2423 3553 2678 3612 divinitas
2708 3555 2855 3613 illius
2890 3557 3246 3628 impassibilis
3279 3560 3503 3614 mansit.
3538 3560 3644 3616 De-

2049 3658 2170 3698 mus
2201 3642 2324 3698 inde
2352 3640 2834 3715 comparationem.
2875 3647 3068 3703 Incidit
3108 3650 3230 3719 quis
3275 3649 3551 3716 arborem,
3594 3651 3646 3705 in

2047 3751 2154 3806 qua
2178 3734 2366 3791 radius
2395 3736 2525 3792 solis
2561 3746 2669 3792 stat
2696 3757 2709 3792 :
2742 3740 2903 3795 arbor
2932 3739 3213 3807 inciditur,
3244 3749 3424 3796 tamen
3457 3743 3646 3798 radius

2048 3826 2179 3882 solis
2220 3827 2354 3882 nihil
2384 3827 2511 3882 mali
2539 3831 2762 3900 patitur.
2807 3828 2900 3887 Sic
2945 3830 3208 3888 Dominus
3249 3833 3407 3889 Jesus
3447 3850 3644 3890 secun-

2047 3916 2174 3971 dum
2197 3917 2591 3973 humanitatem
2617 3935 2813 3989 passus
2843 3928 2943 3984 est,
2973 3923 3271 3978 secundum
3301 3924 3640 3980 divinitatem

2047 4008 2396 4078 impassibilis
2443 4011 2662 4066 mansit.
2711 4011 2932 4068 Pontius
2975 4012 3184 4069 Pilatus
3219 4017 3503 4085 proprium
3545 4033 3642 4072 no-

2047 4115 2169 4155 men
2196 4109 2280 4156 est
2297 4100 2478 4156 Pilati.
2508 4101 2566 4156 In
2603 4101 2789 4157 Judzea
2821 4111 2942 4158 erat
2970 4104 3225 4176 princeps
3259 4104 3467 4178 [Forte,
3502 4121 3641 4178 pra:-

2046 4191 2156 4266 ses]
2188 4193 2290 4249 sub
2320 4193 2537 4251 Tiberio
2568 4195 2916 4266 imperatore.
2950 4197 3052 4266 Qui
3083 4199 3308 4255 Pontius
3341 4199 3521 4255 dictus
3555 4209 3638 4256 est

2044 4287 2130 4343 vel
2155 4303 2185 4342 a
2210 4287 2380 4343 Ponto
2410 4289 2649 4360 regione,
2678 4288 2762 4344 vel
2788 4305 2819 4345 a
2847 4289 3022 4346 Ponto
3050 4291 3224 4347 insula
3255 4293 3308 4348 in
3333 4308 3442 4363 qua
3473 4303 3637 4348 natus

2043 4388 2148 4445 cst,
2179 4379 2262 4436 vel
2291 4396 2322 4434 a
2351 4378 2574 4446 familia,
2621 4389 2682 4436 ut
2705 4382 3028 4452 quibusdam
3068 4382 3266 4452 placet.
3311 4380 3636 4452 Cruciﬁns,

2046 4469 2098 4524 id
2123 4477 2224 4534 est,
2257 4470 2406 4525 cruci
2437 4469 2630 4525 afﬁxus
2655 4487 2777 4526 cum
2810 4471 2997 4527 clavis.
3048 4471 3201 4527 Multi
3242 4473 3451 4537 dicunt,
3493 4473 3634 4542 quod

2047 4558 2246 4614 nullam
2291 4558 2542 4628 injuriam
2592 4561 2666 4616 ibi
2716 4561 3074 4618 .sustinuerit
3127 4563 3409 4618 Dominus.
3475 4564 3631 4619 Sicut

2042 4653 2188 4708 enim
2216 4651 2442 4723 quilibet
2479 4653 2642 4708 homo
2685 4669 2860 4709 χχχιιι
2901 4665 2958 4708 ει
3001 4653 3166 4710 semis
3211 4669 3384 4709 annos
3427 4655 3635 4709 habens

2043 4743 2297 4814 injuriam
2327 4747 2638 4811 sustineret,
2671 4747 2718 4802 si
2748 4747 3162 4818 cruciﬁgeretur
3187 4765 3199 4801 :
3231 4748 3305 4801 ita
3336 4747 3512 4802 Filius
3538 4748 3631 4803 Dei

2043 4849 2258 4906 poenam
2283 4837 2559 4902 sustinuit,
2590 4837 2716 4908 quia
2766 4838 2815 4893 si
2858 4855 2965 4894 non
3009 4831 3249 4905 fecisset,
3285 4856 3418 4896 vera
3449 4842 3633 4912 passio

2041 4942 2150 4982 non
2191 4935 2356 4983 esset.
2407 4927 2676 4995 Mortuus,
2723 4930 3020 4986 secundum
3071 4947 3314 4987 carnem.
3369 4931 3528 4988 Unde
3580 4933 3633 4987 in

2041 5019 2331 5091 Evangelio
2380 5019 2581 5075 dicitur
2622 5039 2636 5075 :
2681 5019 2945 5076 Inclinato
2973 5025 3142 5096 capite
3175 5025 3351 5078 emisit
3386 5025 3633 5095 spiritum

2039 5111 2222 5184 (Joan.
2259 5129 2377 5179 xu,
2423 5112 2536 5184 50).
2581 5113 2736 5170 Unde
2769 5122 2825 5170 et
2848 5114 3109 5170 Dominus
3138 5131 3280 5171 nona
3307 5116 3496 5171 emisit
3523 5115 3633 5186 spi-

2037 5206 2225 5273 ritum,
2249 5207 2378 5278 quia
2401 5215 2556 5263 sexta
2577 5207 2713 5262 hora
2738 5206 2913 5262 fuerat
2933 5207 3248 5265 cruciﬁxus.
3272 5209 3340 5264 Et
3363 5217 3518 5265 recto
3541 5225 3630 5264 or-

2035 5297 2161 5353 dine
2197 5297 2399 5354 factum
2428 5309 2536 5365 est,
2565 5306 2626 5354 ut
2649 5314 2756 5370 qua
2786 5298 2922 5354 hora
2948 5299 3110 5354 homo
3137 5299 3205 5355 de
3237 5300 3497 5371 paradiso
3522 5300 3635 5370 eje-

2034 5396 2154 5444 ctus
2179 5397 2285 5455 est,
2315 5389 2504 5445 eadem
2529 5389 2640 5445 illic
2669 5389 3069 5445 restitueretur.
3117 5388 3187 5443 Et
3233 5388 3491 5460 sepultus.
3531 5392 3633 5445 Str

2035 5481 2215 5550 pullus
2238 5497 2267 5537 a
2297 5481 2497 5554 Ioseph
2536 5489 2591 5539 et
2625 5498 2656 5536 a
2687 5481 3002 5548 Nicodemo,
3035 5482 3176 5537 sicut
3201 5481 3453 5554 legimus,
3499 5483 3628 5553 quia

2037 5615 2169 5690 certi
2195 5615 2455 5690 auctoris,
2489 5617 2578 5686 qui
2601 5617 2778 5673 editus
2810 5624 2985 5674 exstat
3010 5616 3063 5673 in
3095 5617 3338 5690 Append.
3373 5628 3506 5675 tom.
3561 5617 3630 5674 ιι

2036 5685 2197 5758 Oper.
2224 5685 2279 5742 S.
2313 5685 2446 5758 Aug.
2509 5685 2520 5686 ί
2753 5699 2770 5726 ι
