3914 6178
275 335 412 400 i273

271 471 324 526 In
356 465 602 539 sepulcro
632 482 771 522 novo
799 465 1048 538 sepelivit
1083 481 1230 532 eum,
1270 463 1414 534 quod
1457 461 1737 519 exciderat
1783 461 1842 515 in
1872 457 1916 512 Δ

268 571 440 631 petra.
482 558 762 614 Descendit
790 557 860 612 ad
894 558 1128 628 inferna,
1165 558 1218 612 in
1248 557 1428 611 anima
1459 554 1594 611 sola.
1626 545 1850 621 Quare?

273 652 339 709 Ut
365 652 588 716 electos,
623 651 716 721 qui
753 650 824 705 ibi
853 649 1240 704 detinebantur
1267 646 1466 716 injuste
1494 657 1716 718 propter
1733 645 1848 700 ori-

266 742 442 815 ginale
478 751 780 812 peccatum,
827 739 1085 796 liberaret
1113 747 1168 794 et
1215 737 1283 793 ad
1326 738 1495 794 caelos
1541 737 1846 793 reduceret.

271 834 420 890 Unde
446 834 644 890 dicitur
671 850 768 906 per
797 833 1124 904 Prophetam
1151 850 1166 886 :
1201 831 1310 886 Ero
1340 848 1481 886 mors
1517 841 1632 897 tua,
1657 847 1686 885 ο
1709 846 1851 885 mors

265 923 411 996 (Ose.
439 941 557 991 xm,
584 926 693 995 l5).
737 924 1026 980 Memordit
1070 923 1333 979 Dominus
1377 920 1671 988 infernum,
1722 922 1848 991 quia

262 1017 385 1072 inde
409 1025 619 1088 partem
647 1015 888 1082 abstulit,
928 1024 984 1072 et
1018 1025 1228 1088 partem
1275 1015 1512 1085 reliquit.
1558 1012 1736 1070 Tertia
1765 1013 1852 1068 die

267 1111 572 1165 resurrexit.
617 1109 786 1164 Sexta
822 1111 967 1166 enim
1003 1109 1140 1166 feria
1169 1107 1463 1166 cruciﬁxus
1491 1117 1594 1173 est,
1624 1105 1851 1162 sabbato

262 1202 469 1271 quievit
497 1203 552 1256 in
584 1200 858 1271 sepulcro,
889 1201 976 1257 die
1005 1199 1289 1256 Dominico
1315 1199 1618 1255 resurrexit
1647 1214 1679 1254 a
1705 1213 1851 1253 mor-

261 1297 395 1361 tuis,
425 1295 566 1351 sicut
593 1294 941 1365 prmdixerat.
986 1293 1140 1350 Unde
1174 1293 1306 1349 dicit
1344 1292 1413 1347 ad
1450 1298 1662 1362 patrem
1691 1309 1705 1345 :
1738 1289 1852 1347 Ex-

261 1404 478 1458 surgam
521 1384 756 1440 diluculo
793 1383 966 1456 (Psal.
1005 1400 1115 1450 LVI,
1156 1383 1233 1455 9).
1275 1383 1523 1438 Ascendit
1564 1382 1634 1438 ad
1673 1381 1846 1448 celos,

261 1477 678 1550 quadragesimo
703 1477 791 1533 die
823 1476 1244 1533 resurrectionis
1289 1490 1421 1530 suae.
1470 1472 1607 1529 Nam
1647 1488 1748 1544 per
1779 1489 1848 1528 xx.

262 1569 380 1626 dies
421 1577 777 1625 conversatus
805 1579 890 1624 est
918 1583 1041 1624 cum
1065 1564 1343 1636 discipulis
1364 1565 1500 1631 suis,
1538 1573 1594 1619 et
1623 1564 1850 1632 mandu-

257 1659 404 1715 cavit
441 1675 566 1715 cum
592 1658 722 1725 illis,
750 1660 891 1715 sicut
915 1657 1162 1728 legimus,
1189 1662 1402 1727 partem
1428 1655 1595 1726 piscis
1631 1655 1759 1718 assi,
1791 1661 1849 1710 et

256 1749 440 1806 favum
487 1751 682 1807 mellis.
725 1750 871 1806 Bibit
912 1750 1076 1805 etiam
1118 1763 1242 1803 cum
1285 1747 1414 1812 illis,
1456 1747 1599 1803 sicut
1647 1745 1845 1802 Petrus

256 1843 392 1900 dixit
421 1859 436 1898 :
474 1842 641 1898 Nobis
681 1845 769 1916 qui
810 1841 1240 1896 manducacimus
1270 1851 1320 1896 et
1354 1840 1575 1896 bibimus
1599 1858 1718 1896 cum
1747 1841 1841 1897 illo

252 1948 527 2009 postquam
579 1937 864 1992 resurrexit
896 1954 928 1993 a
957 1937 1182 1991 mortuis
1231 1934 1369 2006 (Act.
1402 1951 1456 2002 x,
1507 1935 1620 2009 i4).
1664 1934 1842 2003 Quare

254 2029 603 2084 manducavit
630 2045 753 2084 cum
797 2029 906 2084 illis
940 2035 1063 2100 post
1103 2026 1600 2083 resurrectionem?
1637 2025 1754 2082 Non
1783 2035 1843 2082 ut

252 2119 374 2173 cibo
401 2118 673 2188 corporali
703 2119 988 2189 indigeret,
1021 2120 1116 2174 sed
1143 2127 1205 2174 ut
1231 2119 1632 2174 demonstraret
1651 2135 1842 2174 verum

251 2225 450 2280 corpus
494 2227 552 2267 se
582 2211 880 2282 sumpsisse
928 2212 993 2267 de
1038 2210 1325 2282 sepulcro,
1386 2227 1495 2266 non
1550 2210 1838 2267 factitium.

249 2304 416 2362 Cibus
454 2315 637 2362 autem
680 2307 770 2364 ille
818 2308 890 2362 ita
938 2306 1223 2363 deﬁciebat
1251 2321 1282 2361 a
1315 2306 1516 2362 virtute
1549 2305 1845 2361 divinitatis

251 2395 413 2461 illius,
451 2405 512 2452 ut
547 2398 890 2467 postmodum
933 2410 1042 2452 non
1069 2405 1244 2463 esset;
1278 2396 1436 2460 sicut,
1465 2396 1616 2452 verbi
1643 2396 1837 2468 gratia,

251 2500 400 2562 gutta
444 2506 598 2562 aqua:
641 2491 826 2547 deficit
865 2506 895 2546 a
938 2489 1108 2546 nimio
1132 2490 1313 2546 calore
1355 2489 1516 2562 ignis.
1571 2487 1731 2545 Sedet
1772 2489 1842 2543 ad

249 2583 520 2638 dexteram
553 2582 648 2637 Dei
678 2582 857 2636 Patris
884 2582 1271 2653 omnipotentis.
1323 2579 1506 2646 Sedet,
1537 2582 1666 2652 quia
1689 2579 1843 2637 habi-

250 2683 331 2728 tat
356 2673 412 2728 in
428 2672 797 2744 magnitudine
816 2680 1056 2742 paternae
1075 2672 1381 2741 maiestatis
1402 2670 1654 2727 feliciter.
1680 2669 1839 2736 Inde,

248 2765 303 2819 id
331 2773 436 2830 est,
469 2765 534 2820 de
563 2764 737 2829 cmlis,
778 2775 1027 2819 venturus
1048 2765 1296 2835 judicare
1345 2766 1482 2820 vivos
1507 2773 1555 2820 et
1579 2775 1837 2820 mortuos.

249 2855 437 2921 Vivos,
485 2857 576 2923 qui
613 2866 739 2913 tunc
762 2857 869 2912 vivi
905 2857 1261 2927 reperientur,
1303 2857 1429 2927 quia
1461 2857 1564 2912 iste
1603 2856 1838 2911 mundus

245 2947 439 3017 plenus
467 2948 573 3003 erit
601 2947 762 3018 510
802 2946 1130 3002 hominibus.
1165 2947 1425 3012 MortuOs,
1467 2948 1561 3018 qui
1613 2962 1842 3017 corpore

248 3036 448 3090 mortui
485 3044 664 3092 erunt.
707 3037 802 3093 Vel
829 3036 1003 3102 vivos,
1038 3037 1249 3108 justos;
1297 3044 1842 3106 mortuos,peccato-

1087 339 1236 403 OPP.
1281 335 1683 394 SUI’POSI'I'A.
1724 365 1794 374 -—
1829 333 1958 388 LIB.
1999 334 2088 390 DE
2125 333 2378 391 DIVINIS
2409 335 2717 393 OFFICIIS.

3403 341 3542 397 I275

2517 455 2746 512 CAPUT
2803 456 2960 512 XLII.

2048 559 2161 602 ὀε
2203 561 2443 614 τειιτιε,
2484 563 2672 604 8133⁸1³3
2711 564 2969 612 κοκεοωῑ
3008 565 3162 606 ιιοιλε
3201 567 3449 607 οιιτιειιε.

2023 639 2228 696 Horam
2273 641 2513 706 tertiam,
2557 650 2768 697 sextam
2799 651 2854 698 et
2890 658 3091 697 nonam
3126 641 3315 698 Daniel
3344 653 3400 700 et
3426 654 3542 701 tres

1952 733 2104 803 pueri
2151 718 2638 802 supplicationibus
2690 733 3064 800 devoverunt;
3113 734 3326 790 scilicet
3369 745 3432 791 ut
3471 738 3541 792 ab

1952 835 2076 882 ortu
2106 825 2212 881 diei
2234 826 2286 880 in
2321 835 2534 897 tempus
2557 826 2888 898 precationis
2925 834 3040 883 tres
3079 827 3228 882 horae
3275 837 3542 899 porrecta:

1953 917 2236 972 Trinitatis
2275 918 2432 974 nobis
2461 920 2825 975 reverentiam
2858 920 3200 977 declararent
3228 939 3242 976 :
3274 923 3483 992 pariter
3507 940 3540 978 a

1953 1012 2113 1068 tertia
2156 1013 2224 1068 ad
2265 1021 2497 1080 sextam,
2531 1013 2611 1088 [et
2658 1015 2805 1088 inde]
2861 1031 3034 1086 usque
3079 1017 3145 1073 ad
3195 1033 3394 1074 nonam
3442 1033 3543 1088 per

1953 1101 2154 1176 [paria]
2192 1103 2330 1159 lucis
2369 1104 2654 1160 intervalla
2701 1107 2836 1162 ratis
2879 1107 3305 1163 dimensionibus
3351 1111 3544 1164 termi-

1951 1203 2100 1262 nata,
2142 1194 2382 1253 Trinitas
2423 1205 2508 1253 ter
2531 1197 2619 1254 die
2652 1208 2841 1271 rogata
2881 1200 3171 1256 coleretur.
3209 1201 3346 1258 Illud
3373 1203 3538 1258 etiam

1949 1290 2192 1345 occurrit
2209 1289 2277 1344 ad
2300 1290 2676 1361 probationem
2702 1293 3028 1350 venerabilis
3055 1294 3363 1362 Trinitatis,
3393 1299 3545 1367 quod

1951 1380 2190 1452 Spiritus
2233 1389 2457 1438 sanctus
2498 1382 2633 1440 hora
2681 1385 2865 1454 tertia,
2900 1386 3003 1441 hoc
3041 1394 3141 1450 est,
3175 1402 3275 1442 suo
3318 1387 3438 1444 loco
3483 1398 3542 1445 et

1948 1489 2179 1530 numero
2205 1483 2260 1530 et
2284 1483 2526 1546 tempore
2554 1475 2836 1533 descendit
2875 1479 2944 1535 ad
2983 1489 3161 1536 terras
3214 1482 3536 1553 impleturus

1949 1564 2202 1636 gratiam,
2226 1581 2393 1636 quam
2415 1567 2666 1624 Christus
2691 1570 2962 1639 promisit.
2986 1570 3122 1627 Nam
3144 1583 3199 1627 et
3227 1583 3381 1629 sexta
3401 1576 3534 1630 hora

1926 1655 2200 1712 "Christus
2226 1672 2420 1728 passus
2445 1659 2501 1714 in
2528 1675 2728 1715 nonum
2757 1661 2984 1732 patibuli
3016 1661 3383 1718 cruciamenta
3410 1681 3538 1735 por-

1948 1748 2108 1803 rexit.
2158 1748 2275 1803 Tali
2321 1749 2466 1804 enim
2509 1760 2853 1807 sacramento
2900 1749 3156 1822 legitimis
3204 1753 3273 1808 ad
3317 1767 3534 1824 precem

1951 1839 2286 1911 temporibus
2310 1855 2410 1910 per
2437 1848 2622 1896 ternas
2649 1841 2816 1897 horas
2841 1841 3127 1898 Trinitatis
3160 1841 3422 1914 perfectio
3443 1853 3538 1899 aut

1941 1934 2196 1990 laudatur
2223 1935 2656 2002 celebritatihus,
2683 1945 2779 1990 aut
2800 1936 3055 2006 precibus
3081 1937 3423 2008 impetratur.
3451 1938 3540 1993 Li-

1942 2036 2030 2084 cet
2052 2037 2109 2084 et
2137 2028 2186 2083 si
2212 2036 2560 2098 computetur
2584 2029 2778 2084 diurna
2806 2028 3096 2085 celebritas
3119 2044 3217 2100 per
3244 2038 3540 2100 quaterna-

1942 2125 2084 2179 rium
2125 2137 2300 2192 usque
2341 2122 2397 2176 in
2437 2123 2808 2193 vespertinum
2834 2121 3093 2187 ofﬁcium,
3138 2123 3241 2178 hoc
3269 2133 3374 2189 est,
3404 2139 3540 2195 qua-

1944 2213 2086 2269 terni
2118 2211 2500 2284 signiﬁcantur
2530 2211 2770 2273 numeri.
2795 2212 2921 2281 quia
2944 2213 3181 2268 mundus
3205 2213 3539 2282 quadrifarie

1942 2301 2149 2360 divisus
2191 2303 2247 2358 in
2287 2300 2558 2357 Trinitate
2595 2301 2867 2357 salvator.
2899 2301 3179 2373 Siquidem
3207 2311 3263 2358 et
3292 2304 3346 2358 in
3377 2313 3536 2360 nocte

1941 2396 2223 2462 stationes,
2238 2403 2295 2452 et
2311 2395 2509 2466 vigilia:
2529 2395 2796 2450 militares
2816 2395 2869 2450 in
2893 2404 3126 2466 quatuor
3141 2405 3326 2465 partes
3345 2397 3534 2453 divisas

1942 2486 2114 2542 ternis
2156 2486 2415 2542 horarum
2450 2486 2642 2556 spatiis
2679 2496 3082 2542 secernuntur:
3112 2496 3173 2543 ut
3208 2495 3264 2544 et
3303 2491 3358 2545 in
3400 2489 3534 2561 ipsis

1942 2579 2223 2634 nocturnis
2252 2577 2726 2648 mundialibusque
2763 2577 2963 2634 ofﬁciis
3003 2576 3292 2637 Trinitatis
3332 2589 3535 2654 mystc«

1943 2671 2084 2724 rium
2110 2679 2420 2726 veneretur.

2496 2763 2728 2822 CAPUT
2777 2763 2959 2820 XLIII.

2365 2854 2394 2894 ιι
2414 2857 2416 2859 ’
2435 2870 2501 2909 ns
2540 2871 2889 2911 vssrenrtms
2919 2871 3097 2914 nonis.

2013 2963 2392 3035 Vespertinum
2415 2953 2598 3019 diurni
2627 2964 2752 3020 ﬁnis
2781 2963 3022 3021 ofﬁcium
3056 2973 3113 3022 et
3140 2966 3362 3024 alternae
3394 2968 3532 3024 lucis

1940 3074 2170 3114 occasus
2211 3065 2321 3124 est.
2363 3055 2530 3124 Cujus
2571 3071 2638 3110 ex
2678 3056 2865 3112 Veteri
2892 3055 3244 3114 Testamento
3273 3060 3535 3116 solemnis

246 3142 356 3182 res.
413 3125 582 3184 Credo
617 3129 672 3183 in
709 3127 964 3201 Spiritum
999 3140 1261 3184 sanctum.
1311 3127 1573 3184 Sanctum
1602 3129 1736 3185 dicit
1764 3129 1832 3185 ad
1857 3161 1904 3226 ε
1935 3161 2021 3212 εει
2049 3151 2363 3208 celebratio.
2405 3149 2648 3219 Denique
2676 3150 2781 3204 hoc
2807 3158 3056 3221 tempore
3090 3159 3340 3208 veterum
3363 3155 3532 3208 sacri;

246 3219 652 3276 distinctionem
689 3220 932 3292 maligni,
979 3221 1032 3276 in
1078 3235 1241 3292 quem
1285 3221 1466 3276 nullus
1515 3220 1678 3277 debet
1712 3237 1833 3278 cre-

247 3307 397 3364 dere.
476 3307 729 3365 Sanctam
780 3307 1073 3370 Ecclesiam
1124 3311 1436 3366 catholicam
1460 3352 1475 3377 ,
1538 3311 1798 3367 subaudis
1821 3352 1836 3378 ,

247 3401 422 3455 credo.
472 3400 713 3457 Ecclesia
741 3400 953 3468 Graece,
983 3401 1174 3458 Latine
1197 3403 1548 3474 congregatio
1575 3403 1834 3459 ﬁdelium.

247 3492 362 3547 Hoc
393 3492 559 3547 distat
587 3492 734 3547 inter
774 3492 1252 3564 congregationem
1281 3502 1339 3548 et
1367 3495 1836 3560 convocationem,

245 3581 373 3650 quia
422 3582 740 3637 convocatio
790 3580 850 3636 ﬁt
885 3583 951 3637 de
991 3582 1260 3647 fidelibus,
1314 3584 1662 3655 congregatio
1708 3599 1838 3641 vero

247 3687 355 3728 non
386 3671 582 3736 solum,
629 3671 723 3726 scd
759 3672 924 3725 etiam
952 3671 1018 3725 de
1049 3671 1378 3736 infidelibus,
1411 3679 1466 3726 et
1496 3674 1562 3728 de
1588 3674 1836 3729 animali-

245 3761 373 3825 bus,
419 3767 475 3814 ct
501 3761 567 3814 de
606 3759 895 3830 lapidibus.
944 3761 1204 3825 meatui,-
1255 3761 1467 3827 Graece,
1513 3763 1839 3820 universalis

245 3851 462 3919 Latine,
490 3851 618 3923 quia
641 3861 828 3908 sancta
857 3853 1098 3909 Ecclesia
1121 3870 1217 3925 per
1240 3854 1553 3910 universum
1579 3857 1838 3911 mundum

246 3944 465 4001 dilatata
498 3954 599 4000 cst.
629 3943 946 4000 Sanctorum
977 3945 1414 4013 communionem,
1449 3945 1503 4000 id
1528 3953 1634 4012 est,
1665 3948 1841 4003 socie-

247 4043 437 4100 tatem,
481 4035 609 4106 quia
647 4050 816 4090 unum
858 4035 1026 4090 Deum
1065 4035 1312 4101 credunt,
1365 4052 1473 4091 uno
1497 4037 1839 4109 baptismate

257 4135 383 4183 sunt
422 4127 620 4193 renati,
674 4143 785 4182 uno
832 4125 1040 4199 Spiritu
1085 4138 1275 4185 sancto
1322 4128 1646 4197 confirmati,
1678 4140 1733 4187 et
1770 4131 1840 4188 ad

247 4233 408 4273 unam
439 4219 603 4273 vitam
627 4225 886 4274 aeternam
927 4220 1162 4275 transire
1210 4221 1582 4278 merebuntur.
1632 4221 1839 4279 Remis-

245 4311 445 4365 sionem
480 4320 815 4382 peccatorum
843 4313 1007 4368 credo
1037 4328 1158 4367 esse
1197 4311 1252 4367 in
1295 4311 1559 4378 Ecclesia,
1603 4314 1839 4384 primum

248 4419 349 4475 per
387 4403 740 4475 baptismum,
771 4402 965 4459 deinde
991 4419 1091 4476 per
1120 4404 1464 4477 martyrium,
1498 4405 1714 4462 demum
1740 4421 1841 4478 per

1939 3247 2063 3303 ﬁcia
2086 3242 2271 3300 oﬁerri
2295 3240 2610 3310 adolerique
2635 3240 2832 3295 altario
2858 3250 3108 3297 aromata
3139 3250 3194 3297 et
3217 3241 3376 3298 thura
3415 3260 3535 3299 mos

1939 3349 2076 3398 erat.
2103 3336 2282 3392 Testis
2307 3343 2392 3392 est
2419 3333 2765 3408 hymnidicus
2793 3334 2904 3400 ille,
2938 3335 3088 3406 regio
3119 3351 3184 3391 ac
3208 3337 3531 3392 sacerdotali

1938 3430 2258 3505 perfunctus
2304 3427 2505 3493 ofﬁcio,
2560 3427 2787 3483 dicens:
2823 3424 3104 3498 Dirigatur
3159 3429 3332 3483 oratio
3391 3447 3529 3496 mea,

1937 3524 2072 3580 sicut
2120 3523 2394 3577 incensum
2426 3521 2485 3575 in
2526 3529 2807 3592 conspectu
2849 3527 2940 3574 tuo
2967 3533 2985 3572 :
3010 3517 3227 3576 elevatio
3278 3539 3534 3578 manuum

1939 3633 2175 3673 mearum
2217 3611 2542 3682 sacriﬁcium
2583 3614 2931 3685 vespertinum
2975 3610 3150 3685 (Psal.
3196 3601 3318 3678 ext.
3349 3613 3426 3687 2).
3470 3615 3528 3670 In

1938 3707 2089 3764 Novo
2117 3722 2333 3778 quoque
2363 3704 2714 3761 Testamento
2743 3705 2934 3760 eodem
2981 3710 3224 3775 tempore
3266 3705 3529 3761 Dominus

1939 3807 1995 3852 et
2025 3797 2277 3852 Salvator
2315 3802 2503 3850 noster
2542 3795 2884 3848 coenantibus
2912 3795 3172 3863 apostolis
3211 3797 3530 3866 mysterium

1940 3890 2023 3945 sui
2052 3889 2298 3960 corporis
2322 3898 2378 3944 et
2414 3888 2697 3957 sanguinis
2727 3889 2781 3942 in
2816 3888 2972 3943 initio
3009 3890 3233 3945 tradidit
3264 3909 3276 3945 :
3306 3901 3365 3946 ut
3393 3900 3530 3946 tem-

1940 3995 2042 4053 pus
2072 3981 2203 4036 illud
2239 3979 2494 4036 sacriﬁcii
2524 3994 2809 4049 vesperum
2839 3980 3019 4035 saeculi
3049 3983 3378 4040 ostenderet.
3410 3983 3524 4041 Sci-

1939 4073 2068 4129 licet
2092 4071 2321 4144 proinde
2344 4072 2398 4126 in
2427 4071 2634 4126 honore
2659 4085 2724 4126 ac
2750 4072 3014 4128 memoria
3040 4081 3317 4133 tantorum
3347 4093 3531 4133 sacra-

1941 4175 2248 4222 mentorum
2297 4163 2383 4220 his
2437 4162 2771 4234 temporibus
2822 4163 3016 4221 adesse
3067 4181 3168 4222 nos
3217 4164 3374 4224 decet
3431 4168 3528 4227 Dei

1940 4255 2344 4326 conspectibus,
2390 4263 2448 4310 et
2485 4269 2781 4325 personare
2808 4254 2862 4310 in
2889 4254 3008 4326 ejus
3034 4257 3290 4326 cultibus,
3323 4261 3518 4318 oratio

1942 4365 2071 4405 num
2106 4356 2416 4404 nostrarum
2453 4347 2530 4404 illi
2570 4348 2900 4406 sacriﬁcium
2937 4347 3247 4418 offerentes,
3279 4359 3442 4424 atque
3471 4355 3527 4410 in

1943 4439 2060 4509 ejus
2106 4438 2354 4496 laudibus
2398 4437 2606 4511 pariter
2640 4439 2993 4498 exsultantes.
3019 4443 3314 4513 Vesperum
3343 4455 3524 4503 autem

246 4493 1045 4605 ξιξθΨΫξξίξξδωλνθδξωθάυω
1069 4511 1167 4605 per
1193 4496 1521 4605 ονθίίοηθπξν
1557 4505 1612 4552 et
1636 4506 1832 4604 αἶείθῗθ
1865 4519 1915 4581 D
1938 4493 2190 4586 vocatum
2226 4541 2334 4598 est,
2372 4493 2635 4598 atsidere,
2666 4533 2810 4602 quod
2839 4533 3048 4605 VeSpcr
3071 4493 3316 4603 vereatur,
3346 4546 3404 4594 et
3429 4539 3524 4598 de-

245 4587 387 4643 bona
417 4601 604 4658 opera.
651 4585 842 4642 Carnis
887 4590 1320 4645 resurrectionem
1367 4591 1553 4657 crcdo,
1602 4591 1729 4662 quia
1777 4592 1831 4647 in

245 4681 348 4737 hac
373 4695 556 4747 carne,
585 4681 642 4736 in
669 4696 775 4751 qua
805 4697 949 4738 nunc
991 4699 1200 4745 sumus,
1248 4684 1302 4739 in
1339 4685 1426 4740 die
1465 4700 1832 4758 resurgemus.

181 4810 187 4816 -
245 4776 352 4842 Sed
371 4775 501 4847 quid
521 4776 726 4831 restat?
751 4775 873 4832 Vita
894 4787 1107 4841 retenta,
1133 4778 1188 4832 id
1207 4787 1290 4834 est
1310 4779 1421 4834 vita
1438 4767 1556 4835 sine
1578 4780 1830 4835 termino.

242 4866 359 4923 Hoc
397 4867 563 4924 distat
607 4867 749 4924 inter
769 4877 1052 4935 aeternum,
1087 4877 1144 4923 et
1169 4877 1514 4940 perpetuum,
1544 4876 1601 4924 et
1628 4878 1836 4941 tempo-

243 4965 358 5021 rale
386 4983 399 5020 :
431 4965 536 5020 hoc
569 4975 854 5032 aeternum,
903 4969 1048 5040 quod
1079 4985 1182 5024 non
1228 4967 1415 5025 habuit
1444 4968 1656 5025 initium
1677 5011 1692 5037 ,
1732 4987 1832 5029 nec

243 5057 403 5114 ﬁnem
428 5057 670 5125 habebit,
688 5067 748 5115 ut
765 5060 926 5124 Deus;
949 5071 1290 5134 perpetuum,
1309 5063 1451 5132 quod
1475 5064 1715 5130 initium,
1737 5063 1831 5120 sed

243 5149 407 5202 finem
459 5163 566 5204 non
619 5150 862 5216 habebit,
913 5160 973 5206 ut
1016 5162 1142 5208 sunt
1191 5154 1462 5220 homines,
1510 5163 1567 5209 et
1611 5155 1826 5227 angeli:

243 5239 336 5308 qui
380 5241 651 5306 homines,
701 5240 828 5316 licet
871 5244 1174 5299 moriantur
1202 5245 1256 5299 in
1285 5261 1533 5316 corpore,
1567 5247 1620 5301 in
1648 5247 1829 5302 anima

246 5332 583 5389 immortales
628 5343 820 5400 erunt;
869 5337 1160 5408 temporale
1201 5347 1304 5402 est,
1351 5339 1495 5410 quod
1542 5347 1831 5410 utrumque

241 5421 432 5487 habet,
471 5430 530 5479 ct
572 5424 820 5492 initium,
869 5435 925 5480 et
950 5427 1146 5493 ﬁnem,
1195 5437 1256 5483 ut
1301 5437 1428 5485 sunt
1473 5430 1728 5487 animalia
1778 5441 1834 5488 ct

243 5513 452 5571 bestiae.

317 5721 340 5794 ξ
486 5715 714 5794 isidoro,
747 5717 870 5794 libr.
904 5735 918 5773 ι
951 5717 1016 5773 de
1045 5716 1198 5794 O‘fﬁc.
1230 5720 1582 5794 Ecclescap.
1617 5721 1697 5777 I9.

319 5785 346 5827 ³ο
378 5786 456 5842 Ex
487 5786 634 5857 cod.,
668 5788 770 5844 Ioc.
809 5790 899 5845 cit.
931 5804 1046 5861 cap.
1075 5785 1164 5845 20.

1936 4623 2164 4679 cedente
2207 4623 2321 4680 sole
2369 4624 2636 4681 exoritur.
2688 4621 2764 4680 De
2809 4639 2918 4694 quo
2961 4623 3228 4696 Propheta
3255 4627 3424 4684 dicit:
3455 4628 3524 4684 Et

1936 4729 2206 4783 uesperum
2236 4732 2392 4784 super
2422 4715 2564 4785 filios
2600 4715 2871 4769 hominum
2903 4716 3191 4788 producere
3217 4717 3344 4787 facit
3377 4717 3521 4792 (Job.

1938 4819 2168 4870 xxxviii,
2196 4803 2310 4876 5‘2).

2513 4895 2744 4953 CAPUT
2784 4896 2966 4954 XLIV.
3522 4913 3532 4948 ι

2497 5001 2520 5030 ⁸
2551 5006 2618 5046 DE
2655 5006 2972 5048 COIPLBTIS.

2011 5102 2086 5158 De
2130 5103 2414 5173 completis
2456 5113 2639 5160 autem
2667 5105 3024 5174 celebrandis,
3057 5108 3112 5164 id
3147 5110 3309 5166 etiam
3341 5112 3395 5166 in
3422 5113 3524 5169 Pa-

1939 5200 2084 5247 trum
2127 5193 2404 5248 invenitur
2445 5197 2726 5267 exemplis,
2765 5196 2934 5253 David
2971 5199 3229 5270 propheta
3268 5203 3518 5260 dicente:

1939 5282 1997 5338 Si
2019 5284 2304 5346 ascendere
2332 5285 2387 5339 in
2415 5284 2604 5341 lectum
2639 5290 2792 5344 strati
2830 5291 2955 5356 mei,
2986 5291 3032 5346 si
3060 5292 3251 5348 dedero
3281 5313 3524 5353 somnum

1938 5375 2123 5438 oculis,
2150 5385 2198 5428 et
2229 5373 2488 5446 palpebris
2526 5378 2970 5448 dormitationem,
3012 5395 3103 5439 aut
3137 5387 3365 5456 requiem
3396 5399 3526 5444 tem-

1939 5468 2152 5541 poribus
2189 5467 2352 5534 meis;
2381 5469 2544 5524 donec
2578 5470 2837 5526 inveniam
2869 5473 3040 5529 locum
3072 5476 3320 5546 Domino,
3353 5481 3524 5536 taber-

1943 5558 2189 5613 naculum
2230 5558 2340 5613 Deo
2382 5558 2549 5615 Iacob
2583 5558 2755 5632 (Psal.
2782 5579 2966 5632 cxxxr,
2989 5568 3022 5624 3
3043 5569 3228 5641 δίνη).
3259 5571 3389 5638 Quis
3416 5587 3524 5628 non

2020 5746 2037 5767 '
2069 5735 2142 5790 Ex
2179 5736 2324 5804 cod,
2348 5735 2447 5792 loc.
2482 5738 2572 5793 cit.
2603 5754 2720 5811 cap.
2746 5740 2836 5795 ~ll.
