3914 6178
372 264 515 321 1275

1215 265 1280 320 Β.
1319 263 1382 319 F.
1420 261 1648 320 ALBINI
1688 261 1821 318 εει)
1861 260 2139 318 ALCUINI
2174 258 2461 318 OPERUM
2499 257 2680 314 PARS
2716 257 2812 314 IX.

3523 251 3666 308 I276

370 385 589 450 stupent
631 386 838 433 tantam
867 377 922 433 in
953 378 1048 434 Dei
1072 392 1262 434 amore
1292 377 1461 433 animi
1491 375 1858 436 devotionem.
1897 384 1959 430 ut
1986 383 2035 442 Α
2059 375 2286 445 proinde
2328 384 2536 442 oratur,
2567 383 2628 430 ut
2678 375 3009 431 resurrectio
3054 373 3256 431 Christi
3322 373 3665 429 celebretur.

371 486 624 528 somnum
649 471 778 537 sibi,
805 471 924 526 sine
951 487 1062 542 quo
1087 471 1278 542 utique
1301 486 1533 542 corpora
1556 470 1797 525 humana
1822 468 1960 526 defi-

370 566 546 630 ciunt,
569 563 788 634 penitus
810 563 1175 628 interdixerit,
1203 563 1378 618 donec
1401 561 1580 618 locum
1609 562 1677 617 ad
1704 561 1963 632 templum

372 653 606 709 Domino
634 651 1012 708 fabricandum
1039 651 1096 706 in
1120 663 1340 721 pectore
1365 666 1464 706 suo
1491 666 1586 706 rex
1615 659 1669 708 et
1696 652 1963 723 propheta

371 745 673 816 reperiret?
700 744 835 812 Quae
864 761 950 801 res
977 744 1191 800 fortiter
1217 759 1320 799 nos
1356 743 1520 800 debet
1558 745 1874 810 admonere,
1906 753 1967 800 ut

379 838 426 894 si
457 837 560 908 ipsi
589 838 742 894 locus
783 838 996 893 Domini
1021 853 1143 894 esse
1171 837 1442 899 volumus,
1473 846 1530 892 et
1555 837 1961 894 tabernaculum

373 934 512 1004 ejus,
541 943 637 988 aut
660 933 920 1004 templum
942 933 1194 1003 cupimus
1214 932 1402 988 haberi
1423 933 1597 988 sancti
1623 930 1880 1002 Spiritus,
1905 933 1962 988 in

373 1037 640 1097 quantum
657 1043 964 1097 possumus,
977 1028 1227 1096 exempla
1246 1037 1556 1082 sanctorum
1577 1029 1874 1092 imitemur,
1894 1044 1964 1083 ne

373 1123 440 1172 de
461 1119 618 1174 nobis
645 1119 885 1184 dicatur,
918 1118 1063 1189 quod
1092 1117 1290 1191 legitur
1311 1134 1327 1174 :
1349 1118 1689 1174 Dormierunt
1717 1136 1965 1178 somnum

369 1225 544 1274 suum,
595 1219 646 1264 et
676 1208 810 1264 nihil
844 1211 1150 1264 invenerunt
1183 1227 1362 1265 omnes
1406 1209 1509 1266 viri
1554 1209 1865 1264 divitian
1907 1211 1965 1264 iis

371 1300 613 1355 manibus
644 1301 756 1355 suis
789 1298 906 1371 (Ps.
937 1315 1103 1366 Lxxv,
1129 1300 1206 1371 6).

844 1411 1000 1482 511
1044 1411 1271 1469 CAPUT
1305 1413 1468 1468 XLV.

958 1495 984 1524 ⁸
1025 1497 1092 1538 ΒΕ
1129 1499 1367 1541 νιςιωιε.

441 1572 678 1643 Antiqua
703 1573 1028 1644 vigiliarum
1063 1574 1278 1630 devotio
1315 1573 1582 1633 familiare
1618 1576 1820 1634 bo:ium
1847 1594 1966 1634 om-

371 1665 534 1718 nibus
557 1663 762 1719 sanctis
786 1662 907 1718 fuit.
935 1662 1029 1720 Sic
1054 1663 1224 1720 Isaias
1246 1665 1476 1735 denique
1501 1666 1762 1738 propheta
1783 1667 1964 1724 excla-

2063 463 2323 520 llatutina
2348 466 2496 521 enim
2542 465 2662 521 luce
2687 465 2949 520 Dominus
2975 475 3031 522 et
3061 465 3317 521 Salvator
3350 474 3539 522 noster
3587 467 3670 522 ab

2063 555 2252 612 inferis
2277 556 2599 620 resurrexit,
2627 556 2843 626 quando
2889 557 3056 626 caepit
3094 557 3229 612 oriri
3261 555 3510 611 fidelibus
3539 556 3668 622 lux,

2061 664 2183 720 quae
2220 649 2486 705 moriente
2514 648 2732 705 Christo
2765 648 3043 704 occiderat
3084 647 3516 719 pecccatoribus.
3565 645 3668 701 Si-

2061 739 2279 810 quidem
2321 749 2378 794 et
2404 739 2595 795 eodem
2624 747 2869 810 tempore
2897 738 3113 794 cunctis
3144 751 3268 809 spes
3320 737 3518 793 futurae
3565 752 3669 792 re—

2061 828 2420 884 surrectionis
2456 828 2720 895 creditur,
2749 843 2874 884 cum
2912 827 3045 900 justi
3094 837 3150 883 et
3195 841 3386 882 omnes
3438 827 3508 882 ab
3553 828 3670 883 hac

2039 920 2347 990 temporali
2376 929 2574 987 morte,
2601 921 2758 994 quasi
2786 937 2818 976 a
2844 936 3039 992 sopore
3067 920 3246 977 somni
3287 931 3665 994 resurgentes,

2061 1013 2414 1085 evigilabunt.

2583 1103 2812 1161 CAPUT
2851 1103 3055 1160 XLVII.

2063 1205 2088 1234 θ
2121 1211 2187 1250 DE
2214 1211 2409 1250 ORDINB
2439 1212 2506 1251 AD
2544 1213 2870 1252 VISITANDUI
2909 1213 3171 1253 lNI-‘IIIIUI
3210 1214 3307 1254 δευ
3346 1213 3664 1267 υκοειωσυ,

2548 1283 2618 1322 EX
2657 1283 2866 1323 ΒΕΑ-ΞΝο
2901 1283 3166 1324 CONCILIO.

2137 1401 2157 1434 ε
2191 1381 2428 1440 Iacobus
2468 1383 2746 1456 apostolus
2775 1385 2911 1441 dixit
2943 1403 2958 1441 :
2997 1385 3316 1456 Infirmatur
3339 1387 3460 1458 quis
3488 1388 3543 1442 in
3570 1405 3660 1442 uo-

2065 1473 2191 1530 bis?
2225 1474 2456 1528 lnducat
2505 1474 2832 1546 presbyteros
2889 1475 3247 1543 Ecclesiw,et
3295 1488 3447 1533 orent
3504 1496 3662 1549 super

2063 1582 2205 1632 eum,
2235 1574 2485 1636 ungentes
2512 1582 2633 1621 eum
2657 1563 2770 1620 oleo
2802 1567 2858 1622 in
2883 1567 3090 1622 nomine
3124 1567 3364 1635 Domini,
3402 1579 3452 1623 et
3489 1570 3661 1624 oratio

2063 1657 2190 1726 ﬁdei
2222 1656 2443 1712 salvabit
2477 1657 2750 1727 inﬁrmum
2783 1673 2802 1714 :
2842 1667 2890 1712 et
2936 1658 2982 1712 si
3016 1657 3071 1713 in
3099 1659 3326 1730 peccatis
3357 1660 3448 1724 sit,
3483 1663 3662 1714 remit-

371 1763 486 1814 mat
514 1753 581 1809 ad
621 1753 928 1819 Dominum,
963 1753 1148 1810 dicens
1186 1773 1201 1808 :
1238 1754 1316 1810 De
1345 1767 1495 1810 nocte
1522 1755 1704 1827 vigilat
1743 1757 1961 1829 spiritus

2070 1758 2242 1803 tentur
2274 1749 2322 1802 ei
2359 1746 2520 1820 (Jac.
2549 1747 2758 1818 ν,14).
2798 1746 2954 1815 Quod
2997 1763 3105 1802 non
3161 1757 3246 1804 est
3306 1749 3540 1804 dubium
3594 1749 3663 1804 de

370 1860 518 1900 meus
545 1844 616 1898 ad
647 1855 717 1910 te,
749 1844 922 1910 Deus,
955 1845 1079 1916 quia
1108 1844 1203 1900 lux
1229 1855 1488 1917 pracepta
1509 1857 1602 1901 tua
1644 1858 1766 1903 sunt
1805 1865 1964 1920 super

369 1947 568 1992 terram
595 1936 753 2009 (lsai.
780 1952 928 2002 xxvr,
955 1935 1031 2008 9).
1061 1935 1196 1992 Item
1223 1936 1395 1993 David
1421 1952 1439 1992 :
1470 1937 1651 1993 Media
1673 1949 1821 1995 nocte
1844 1958 1963 1996 sur-

369 2029 554 2099 gebam
578 2029 649 2084 ad
684 2028 1038 2098 conﬁtendum
1065 2028 1179 2094 tibi,
1211 2045 1370 2100 super
1385 2029 1594 2100 judicia
1612 2031 1963 2102 justiﬁcatio-

371 2122 454 2176 nis
481 2129 588 2176 tua:
619 2117 793 2192 (Psal.
825 2135 1009 2183 smn,
1043 2118 1156 2192 62).
1188 2119 1302 2175 Hoc
1320 2135 1558 2190 namque
1592 2130 1838 2194 tempore
1864 2140 1962 2179 va-

372 2219 547 2267 stator
590 2209 816 2281 angelus
865 2209 1160 2275 transiens,
1189 2210 1548 2282 primogenita
1583 2211 1964 2286 Egyptiorum

369 2300 662 2371 percussit.
713 2299 866 2357 Unde
916 2316 1016 2356 nos
1057 2300 1285 2373 vigilare
1333 2312 1580 2374 oportet,
1608 2321 1676 2360 ne
1722 2307 1963 2378 periculo

372 2391 754 2465 Egyptiorum
777 2391 1195 2449 admisceamur.
1217 2392 1416 2449 Iisdem
1435 2398 1602 2452 etiam
1643 2397 1793 2454 horis
1827 2413 1963 2454 ven-

371 2495 555 2540 turum
591 2500 650 2541 se
676 2501 800 2542 esse
823 2485 1085 2542 Dominus
1106 2488 1160 2542 in
1188 2488 1483 2559 Evangelia
1508 2487 1758 2544 Salvator
1780 2497 1961 2545 astru-

367 2577 470 2632 xit.
503 2576 658 2633 Unde
691 2585 745 2630 et
773 2575 840 2630 ad
869 2577 1197 2647 vigilandum
1222 2579 1500 2634 auditores
1545 2593 1674 2634 suos
1719 2580 1964 2637 excitans

369 2667 504 2723 dicit
535 2683 549 2721 :
579 2667 733 2720 Beati
755 2677 876 2720 sunt
902 2669 1036 2723 servi
1057 2667 1157 2729 illi,
1175 2686 1306 2740 quos
1325 2687 1443 2724 cum
1464 2671 1655 2724 venerit
1679 2671 1960 2739 Dominus,

369 2759 625 2812 invenerit
657 2756 932 2828 vigilantes
981 2757 1134 2831 (Luc.
1168 2776 1270 2827 xu,
1301 2759 1414 2832 57).
1451 2759 1524 2816 Et
1565 2762 1612 2815 si
1647 2763 1962 2834 vespertina,

370 2849 570 2920 inquit,
602 2848 734 2904 hora
766 2850 997 2917 venerit,
1029 2859 1080 2906 et
1113 2851 1160 2906 si
1192 2852 1368 2907 media
1417 2863 1598 2920 nocte,
1646 2864 1695 2910 et
1739 2855 1786 2910 si
1835 2855 1966 2928 galli

375 2952 560 3008 cantu,
587 2954 636 2998 et
671 2943 896 2999 inveniat
929 2942 1049 2999 illos
1086 2943 1394 3016 vigilantes,
1429 2946 1564 3001 beati
1599 2956 1741 3002 sunt.
1776 2946 1964 3020 Itaque

370 3043 421 3089 et
472 3051 558 3090 vos
611 3044 772 3090 estote
826 3035 1022 3106 parati,
1047 3036 1171 3107 quia
1219 3037 1429 3092 nescitis
1465 3054 1569 3108 qua
1619 3037 1750 3092 liora
1790 3036 1964 3093 Filius

372 3124 600 3180 hominis
630 3135 877 3180 venturus
907 3133 983 3180 est
1014 3123 1208 3199 (Marc.
1242 3141 1359 3193 ml,
1385 3127 1498 3199 55).
1538 3126 1596 3184 Si
1620 3130 1838 3200 quidem
1863 3146 1964 3186 nec

370 3218 553 3274 verbis
575 3217 750 3274 solum
781 3219 968 3275 docuit
1002 3220 1234 3292 vigilias,
1264 3221 1356 3277 sed
1403 3222 1568 3278 etiam
1621 3224 1965 3280 confirmavit

370 3309 650 3378 exemplis.
685 3309 820 3365 Nam
849 3320 1081 3366 testatur
1103 3312 1472 3384 Evangelium,
1503 3315 1630 3386 quia
1661 3327 1772 3370 erat
1805 3315 1962 3371 Jesus

375 3409 688 3469 pernoctans
716 3401 770 3454 in
795 3401 1123 3456 orationibus
1161 3404 1260 3458 Dei
1306 3404 1472 3477 (Luc.
1504 3422 1591 3471 γι,
1622 3407 1733 3478 12).
1765 3407 1964 3464 Paulus

371 3499 428 3544 et
466 3487 607 3543 Silas
644 3489 698 3543 in
746 3490 989 3545 custodia
1043 3491 1255 3562 publica
1307 3495 1452 3549 circa
1504 3496 1740 3551 medium
1785 3499 1964 3554 noctis

369 3589 596 3637 orantes
621 3580 884 3653 hymnum
909 3585 1123 3641 cunctis
1169 3585 1512 3644 audientibus
1557 3588 1758 3645 dixisse
1791 3591 1962 3648 vincti

373 3684 751 3731 memorantur
796 3673 934 3747 (Act.
960 3693 1074 3742 xvx,
1101 3676 1189 3741 25,
1219 3676 1333 3748 26).
1391 3677 1494 3734 Ubi
1541 3689 1763 3750 repente
1808 3690 1964 3738 terrae

373 3775 524 3822 motu
581 3765 748 3833 facto,
779 3776 836 3823 et
879 3767 1162 3823 concussis
1211 3767 1449 3824 Carceris
1496 3767 1883 3836 fundamentis,
1910 3780 1966 3827 et

365 3857 550 3928 januis
597 3860 823 3930 apertis,
857 3860 1098 3914 omnium
1134 3858 1348 3914 vincula
1393 3870 1519 3916 sunt
1567 3861 1761 3917 soluta.
1811 3862 1964 3920 Unde

373 3959 589 4022 oportet
621 3952 708 4007 his
751 3952 901 4008 horis
942 3952 1202 4023 psallendi
1252 3953 1550 4023 orandique
1598 3952 1962 4026 frequentiam

373 4033 476 4098 nos
506 4043 707 4099 habere
736 4043 790 4098 in
818 4044 1022 4100 sanctis
1049 4042 1259 4112 ofiiciis,
1293 4043 1562 4116 finemque
1593 4056 1862 4117 nostrum,
1880 4050 1960 4106 vel

377 4133 423 4189 si
445 4133 745 4199 advenerit,
777 4133 878 4189 sub
901 4133 994 4188 tali
1026 4143 1148 4190 actu
1179 4143 1497 4206 exspectare
1519 4139 1784 4194 securius.

943 4242 1171 4299 CAPUT
1211 4243 1395 4299 XLVI.

940 4313 968 4356 ι)
988 4329 1054 4368 ns
1080 4330 1390 4372 IA'I‘U'I'INIS.

445 4404 521 4460 De
547 4403 935 4459 Matutinarum
974 4403 1293 4473 antiquitate
1333 4413 1388 4460 et
1430 4407 1753 4462 auctoritate
1805 4411 1961 4465 testis

2064 1841 2313 1897 fidelibus
2336 1841 2721 1914 aegrotantibus
2749 1842 2923 1913 accipi
2951 1842 3036 1898 vel
3065 1842 3290 1914 intelligi
3320 1843 3546 1909 debere,
3571 1844 3662 1915 qui

2063 1943 2255 1990 sancto
2281 1933 2401 1990 oleo
2428 1933 2654 2006 perungi
2687 1943 2930 2006 possunt,
2958 1934 3102 2004 quod
3139 1934 3209 1989 ab
3235 1933 3497 2007 episcopo
3527 1951 3659 1991 con-

2063 2023 2265 2080 fectum
2304 2032 2409 2092 est,
2458 2041 2565 2082 non
2611 2025 2787 2082 solum
2832 2025 3236 2091 sacerdotibus,
3269 2026 3366 2082 sed
3402 2026 3662 2083 omnibus

2063 2117 2144 2171 uti
2170 2115 2494 2172 Christianis
2524 2117 2580 2172 in
2606 2133 2704 2171 sua
2728 2125 2823 2172 aut
2849 2133 3072 2173 suorum
3106 2117 3435 2174 necessitate
3459 2119 3535 2174 ad
3563 2134 3662 2173 un-

2064 2207 2316 2278 gendum.
2368 2204 2504 2262 Nam
2547 2205 2752 2264 idcirco
2807 2209 3139 2280 presbyteris
3193 2224 3519 2264 concessum
3557 2219 3659 2276 est,

2063 2299 2191 2369 quia
2217 2300 2454 2371 episcopi
2479 2302 2924 2372 occupationibus
2953 2302 3073 2357 aliis
3094 2301 3359 2374 impediti,
3382 2303 3452 2358 ad
3472 2318 3661 2360 omnes

2064 2390 2347 2462 languidos
2395 2393 2475 2448 ire
2524 2408 2634 2448 non
2680 2403 2928 2464 possunt.
2979 2394 3250 2450 Caeterum
3299 2396 3345 2451 si
3374 2397 3661 2468 episcopus

2062 2490 2264 2554 potest,
2293 2493 2386 2539 aut
2432 2483 2653 2558 dignum
2709 2487 2857 2543 ducit
2907 2487 3181 2544 infirmum
3231 2489 3568 2546 visitandum
3602 2501 3657 2547 et

2063 2577 2512 2645 benedicendum,
2539 2587 2596 2635 et
2639 2581 2965 2653 tangendum
3011 2582 3327 2649 chrismate,
3358 2585 3482 2640 sine
3525 2600 3657 2640 eun-

2065 2667 2303 2724 ctatione
2328 2676 2530 2738 potest,
2568 2668 2723 2740 cujus
2751 2678 2834 2726 est
2876 2671 3050 2742 ipsum
3077 2673 3319 2728 chrisma
3367 2673 3657 2730 conﬁcere.

2066 2757 2202 2812 Nam
2227 2759 2618 2830 ptenitentibus
2645 2761 2789 2816 istud
2815 2759 2966 2818 fundi
2997 2778 3103 2818 non
3122 2772 3324 2833 potest,
3341 2766 3468 2834 quia
3495 2781 3662 2836 genus

2065 2859 2150 2905 est
2179 2852 2507 2907 sacramenti
2540 2870 2554 2906 :
2585 2851 2784 2922 quibus
2830 2860 3012 2907 autem
3056 2853 3265 2924 reliqua
3321 2865 3658 2911 sacramenta

2066 2950 2354 3016 negantur,
2385 2944 2653 3014 quomodo
2679 2960 2845 2999 unum
2876 2960 3047 3016 genus
3090 2953 3315 3016 putatur
3362 2962 3485 3004 esse
3531 2964 3658 3004 con-

2067 3037 2404 3093 cedendum?
2462 3056 2480 3088 ι
2518 3035 2634 3092 Hac
2679 3037 3007 3092 auctoritate
3035 3037 3394 3110 promulgata,
3422 3041 3658 3110 quoties-

1988 3097 2039 3162 Ο
2067 3143 2282 3198 cunque
2319 3126 2496 3183 fidelis
2542 3126 2887 3194 infirmatur,
2915 3097 3297 3200 ingrediuntur
3342 3097 3549 3187 fralres
3591 3131 3656 3186 ad

2063 3226 2326 3290 aegrotum
2352 3234 2478 3274 cum
2515 3233 2654 3290 aqua
2693 3219 3000 3287 benedicta,
3033 3229 3088 3276 et
3147 3235 3273 3276 cum
3321 3223 3499 3277 cereis
3547 3223 3655 3280 sive

2064 3310 2286 3365 incenso
2333 3317 2460 3365 ante
2507 3309 2686 3366 oleum
2731 3319 3085 3379 sanctum,ct
3139 3322 3407 3385 peragunt
3446 3317 3653 3382 omnia,

2063 3402 2205 3456 sicut
2229 3402 2285 3455 in
2312 3411 2780 3457 sacramentorum
2807 3403 2970 3458 Libro
2993 3404 3320 3460 continetur.

2608 3513 2837 3570 CAPUT
2876 3514 3102 3570 XLVIII.

2062 3582 2088 3622 δ
2113 3599 2179 3639 DE
2207 3599 2308 3639 HOC
2336 3599 2475 3648 QUOD
2515 3601 2616 3640 NON
2643 3601 2726 3640 ξιτ
2769 3602 3123 3642 PlENITENTIA
3176 3603 3422 3644 NEGANDA
3469 3604 3524 3644 IN
3563 3607 3656 3646 EX’

2347 3670 2561 3722 TREMIS,
2590 3673 2659 3710 EX
2687 3671 2931 3712 DECRETO
2971 3673 3158 3712 LEONIS
3195 3674 3362 3713 PAP£.

2132 3743 2209 3798 Ita
2237 3758 2366 3815 ergo
2393 3744 2582 3800 talium
2609 3746 2920 3800 necessitati
2959 3746 3331 3803 auxiliandum
3352 3758 3458 3814 est,
3475 3757 3540 3803 ut
3563 3765 3657 3805 nec

2062 3833 2203 3889 ratio
2232 3833 2337 3889 illis
2360 3834 2713 3905 poenitentiae,
2737 3851 2837 3891 nec
2865 3838 3268 3893 communionis
3291 3840 3469 3909 gratia
3495 3840 3655 3894 dene-

2062 3935 2242 3998 getur,
2271 3925 2317 3982 si
2340 3925 2528 3992 etiam,
2547 3925 2658 3995 jam
2685 3927 2885 3982 amisso
2910 3929 3061 3984 vocis
3087 3928 3282 3996 oﬂicio,
3311 3946 3412 4001 per
3457 3931 3653 3986 indicia

2063 4016 2492 4088 integrisensus
2528 4033 2773 4088 quaerere
2809 4021 3250 4090 comprobentur.
3293 4021 3449 4090 Quod
3493 4026 3540 4080 si
3587 4026 3656 4079 ita

2060 4105 2382 4177 aegritudine
2430 4106 2636 4162 fuerint
2680 4111 2985 4179 aggravati,
3015 4119 3074 4166 ut
3121 4113 3266 4182 quod
3316 4114 3479 4184 paulo
3534 4124 3656 4170 ante

2061 4196 2386 4268 poscebant,
2438 4197 2538 4252 sub
2586 4200 2874 4270 praesentia
2931 4201 3100 4274 [Edit.
3149 4204 3278 4258 add.
3334 4205 3654 4280 sacerdotis]

2061 4287 2368 4358 significare
2397 4292 2756 4359 nonpossint,
2786 4292 3098 4349 testimonia
3134 4295 3216 4350 eis
3254 4294 3498 4352 fidelium
3533 4315 3656 4369 pro-

2063 4380 2217 4435 desse
2243 4380 2534 4446 debebunt,
2563 4383 2723 4438 simul
2755 4391 2937 4440 tamen
2981 4395 3037 4442 et
3080 4389 3419 4458 pmnitentire
3467 4401 3527 4448 et
3571 4409 3656 4448 re—

446 4451 520 4460 _-
550 4451 935 4459 --.ηπ-..ωηη
974 4451 1292 4473 ηυγ-η--
1336 4451 1387 4460 ν-
1430 4451 1753 4462 μανψ-...ην
1808 4451 1961 4465 .w...
2203 4473 2255 4486 η
2321 4474 2332 4487 _
2414 4474 2427 4486 O
2701 4477 2713 4489 ι
3081 4451 3097 4458 -

371 4503 458 4551 est
487 4493 627 4549 idem
651 4493 818 4549 David
851 4493 1134 4565 propheta,
1163 4493 1349 4550 dicens
1382 4512 1395 4548 :
1427 4494 1494 4549 In
1536 4500 1807 4554 matutinis
1861 4518 1962 4555 me-
1992 4451 2038 4514 Β
2063 4473 2458 4529 ⁰⁰¹¹⁰¹¹¹³ί¹⁰¹¹¹⁵
2487 4473 2812 4532 beneﬁcum
2837 4488 3263 4550 εοηεείιυεηιιιτ-

365 4584 587 4640 Δῑιαὸον
619 4586 673 4640 in
699 4595 769 4651 te,
795 4585 918 4656 quia
940 4585 1091 4655 fuisti
1115 4584 1334 4656 adjutor
1361 4601 1508 4640 meus
1537 4583 1707 4658 (Psal.
1735 4591 1956 4664 an,7).

369 4677 445 4734 Et
480 4676 607 4732 alibi
640 4694 652 4730 :
689 4673 1064 4731 Prwvenerunt
1089 4675 1226 4730 oculi
1265 4677 1367 4732 mei
1409 4678 1478 4732 ad
1523 4687 1571 4732 te
1614 4679 1868 4747 diluculo,
1905 4693 1958 4736 ut

366 4770 661 4825 meditarer
695 4767 904 4840 eloquia
934 4778 1025 4822 tua
1051 4767 1237 4838 (Ibid.,
1269 4784 1464 4834 cxvm,
1496 4769 1640 4843 148).
1669 4771 1962 4829 Cassianus

366 4873 559 4918 .autem
607 4862 758 4926 dicit,
799 4862 1074 4916 matutiuze
1121 4861 1481 4918 solemnitatis
1537 4863 1769 4920 oflicium
1818 4882 1960 4922 novo

365 4956 552 5012 adhuc
578 4964 821 5024 tempore
851 4952 1157 5007 instittttum
1183 4967 1301 5007 esse
1330 4954 1580 5023 primitus
1609 4955 1662 5009 in
1688 4955 1959 5011 Bethleem

368 5046 729 5111 monasterio,
751 5044 842 5099 ubi
874 5044 1134 5098 Dominus
1159 5052 1346 5098 noster
1371 5042 1530 5099 Jesus
1569 5044 1821 5101 Christus
1864 5061 1963 5116 pro

374 5139 748 5210 redemptione
773 5137 1026 5191 humanae
1047 5133 1238 5190 salutis
1260 5148 1326 5190 ex
1357 5135 1563 5207 virgine
1593 5136 1740 5190 nasci
1777 5136 1965 5206 digna-

369 5240 463 5287 tus
492 5240 608 5297 est;
641 5230 828 5299 sicque
850 5243 915 5283 ex
947 5227 1038 5283 illo
1065 5243 1163 5298 per
1187 5228 1500 5284 universum
1530 5229 1788 5283 mundum
1813 5231 1960 5300 ejus-

369 5324 495 5378 dem
518 5321 900 5380 celebrationis
923 5319 1112 5375 inoluit
1132 5321 1486 5378 consuetudo.
1507 5320 1750 5377 Diluculo
1779 5330 1959 5377 autem

445 5497 471 5524 ³
499 5485 581 5540 Ex
607 5483 735 5540 Isid.
769 5483 872 5541 Ioc.
905 5483 999 5538 cit.
1025 5497 1147 5552 cap.
1177 5483 1271 5538 22.

447 5555 474 5593 ι’
506 5555 581 5633 ξι
614 5554 734 5633 eod.
760 5555 864 5633 Ioc.
898 5553 992 5608 cit.
1022 5569 1142 5633 cap.
1169 5553 1257 5608 25.

448 5636 470 5661 ε
506 5624 582 5747 Egi
635 5623 794 5692 epist.
827 5623 1121 5678 Innocentii
1172 5639 1321 5693 papa:
1365 5625 1430 5679 ad
1479 5624 1798 5680 Decentium
1849 5642 1958 5696 cp.,

374 5708 497 5767 cap.
571 5731 584 5744 .

2531 4589 2691 4662 512
2718 4590 2944 4651 CAPUT
2976 4593 3160 4650 XLIX.

2390 4693 2412 4721 ε
2440 4697 2506 4736 ΒΕ
2542 4698 2885 4740 COIIUNIONE
2923 4701 3026 4742 NON
3064 4703 3332 4744 NEGANDA.

2136 4771 2211 4827 De
2235 4772 2322 4827 bis
2346 4774 2440 4843 qui
2465 4774 2518 4828 in
2547 4775 2750 4830 exitum
2783 4777 3030 4844 veniunt,
3059 4779 3227 4835 etiam
3250 4796 3403 4836 nunc
3430 4782 3519 4838 lex
3563 4781 3654 4836 a'n-

2065 4862 2213 4932 tiqua
2239 4861 2609 4934 regularisque
2635 4866 2962 4934 servabitur,
2997 4869 3072 4924 ita
3108 4878 3169 4924 ut
3200 4870 3244 4926 si
3284 4874 3412 4941 quis
3449 4875 3653 4945 εει-εἰὶ-

2065 4963 2155 5007 tur
2178 4951 2245 5008 de
2269 4969 2527 5025 corpore,
2553 4955 2745 5012 ultimo
2774 4967 2835 5012 et.
2861 4962 3173 5018 necessario
3197 4963 3401 5019 viatico
3433 4967 3651 5021 minime

2064 5045 2328 5115 privetur.
2361 5044 2515 5113 Quod
2540 5047 2585 5102 si
2613 5046 2933 5119 desperatus
2958 5062 3014 5108 et
3049 5066 3376 5111 consecutus
3412 5073 3654 5112 commeo

2064 5137 2281 5192 nionem
2325 5139 2719 5211 oblationisque
2765 5142 2940 5200 factus
2965 5148 3254 5220 particeps,
3289 5150 3492 5206 iterum
3520 5168 3647 5208 cou-

2064 5230 2314 5306 valuerit,
2344 5232 2414 5287 sit
2444 5233 2586 5288 inter
2615 5249 2709 5290 eos
2741 5235 2834 5306 qui
2875 5242 3423 5300 communicationem
3458 5249 3656 5302 oratio-

2063 5321 2149 5377 nis
2181 5322 2554 5379 tantummodo
2608 5337 3030 5396 consequuntur.
3081 5329 3425 5389 Generaliter
3471 5345 3654 5392 autem

2101 5483 2170 5624 ac;
2192 5483 2302 5609 Lgo
2325 5499 2485 5554 papa,
2514 5485 2670 5556 epist.
2721 5486 2785 5542 18
2817 5485 2923 5559 [ΑΙ.
2951 5486 3043 5562 85]
3074 5490 3141 5545 ad
3169 5491 3519 5548 Theodorum
3545 5508 3658 5563 ep.,

2067 5572 2189 5609 ειη).
2223 5572 2278 5609 0.

2141 5639 2163 5663 θ
2193 5625 2365 5680 Antea
2392 5634 2510 5682 erat
2540 5645 2550 5680 :
2577 5625 2654 5682 De
2681 5626 2762 5683 Itis
2807 5629 2897 5700 qui
2937 5629 2989 5685 in
3021 5633 3263 5688 extremis
3295 5642 3439 5690 sunt.
3473 5633 3659 5701 Ques-

2066 5711 2190 5751 CET.
