3914 6178
299 393 432 448 1277

1111 393 1262 453 OPP.
1303 389 1707 452 SUPPOSITA.
1749 421 1822 432 --
1859 392 1986 448 LIB.
2029 391 2118 448 DE
2156 389 2408 446 DlV'lNlS
2447 390 2756 448 OFFICIIS.

3434 393 3580 448 £9.78

291 511 440 569 omni
473 512 526 568 in
551 514 700 570 exitu
726 513 902 582 posito
935 519 990 568 et
1033 510 1276 582 poscenti
1326 509 1430 566 sibi
1482 505 1879 565 communionis
1910 504 2116 578 Adicit
2160 504 2582 574 pradicandum,
2615 515 2670 559 et
2711 503 2937 575 Ioseph,
2980 505 3072 576 qui
3115 521 3246 563 eum
3301 507 3570 576 sepelivit,

293 605 522 678 gratiam
567 604 764 667 tribui,
795 604 1092 674 episcopus.
1113 599 1466 672 probabiliter
1504 613 1571 654 ex
1609 596 1882 653 oblatione

291 697 423 752 dare
448 695 684 751 debebit.
715 696 920 750 Horum
964 710 1096 750 vero
1122 709 1309 757 causa,
1335 693 1428 762 qui
1479 691 1597 746 sine
1639 705 1883 746 commu—

293 788 454 849 nione
497 794 625 842 sunt
669 785 926 850 defuncti,
958 785 1056 840 Dei
1095 784 1302 854 judicio
1337 782 1665 840 reservanda
1696 788 1800 844 est,
1826 780 1881 834 in

291 877 445 945 cujus
470 893 637 931 manu
666 875 788 941 fuit,
819 885 878 929 ut
904 875 1092 930 talium
1115 875 1296 930 obitus
1323 888 1353 927 a
1381 871 1779 928 communionis
1802 885 1886 925 re-

293 970 470 1024 medio
497 967 824 1043 differretur.
853 965 963 1020 Nos
989 965 1186 1035 quibus
1224 962 1532 1018 viventibus
1576 977 1683 1016 non
1728 977 1880 1016 eom-

292 1061 706 1124 municavimus,
739 1059 967 1114 mortuis
990 1056 1397 1116 communicare
1423 1069 1530 1109 non
1571 1067 1878 1123 possumus.

437 1169 462 1196 ι
514 1155 788 1221 Quomodo
838 1155 1131 1210 moriturus
1175 1151 1302 1208 olim
1345 1150 1736 1224 providebatur.

315 1299 317 1301 .
365 1247 503 1303 Vera
533 1262 662 1318 ergo
691 1248 759 1302 ad
787 1247 1076 1305 Dominum
1098 1245 1383 1304 conversio
1410 1243 1464 1301 in
1499 1243 1708 1300 ultimis
1728 1242 1880 1312 posi-

297 1348 472 1394 torum
521 1346 704 1396 mente
730 1339 912 1410 potius
937 1346 1024 1396 est
1041 1337 1383 1402 aestimanda,
1413 1352 1578 1407 quam
1600 1345 1839 1406 tempore
1863 1353 1878 1388 :

294 1438 516 1500 propter
536 1431 638 1486 hoc
673 1430 900 1487 Domino
933 1430 1117 1485 taliter
1154 1437 1432 1486 asserente
1464 1447 1478 1482 :
1511 1427 1644 1483 Cum
1669 1443 1882 1481 conuer—

293 1537 382 1577 sus
414 1521 749 1592 ingemueris,
772 1529 894 1576 tunc
927 1519 1105 1576 salvus
1139 1521 1243 1575 eris
1295 1518 1312 1588 (
1342 1517 1532 1572 Ezech.
1559 1531 1719 1581 xvm,
1743 1515 1813 1572 53
1833 1513 1876 1585 ).

293 1611 430 1672 Cum
460 1627 592 1682 ergo
614 1613 874 1669 Dominus
901 1613 972 1667 sit
993 1612 1176 1668 cordis
1200 1612 1496 1680 inspector,
1519 1607 1716 1679 quovis
1745 1615 1882 1664 tem-

294 1718 427 1772 pore
453 1717 558 1756 non
599 1711 682 1758 est
707 1703 1017 1773 deneganda
1039 1701 1360 1770 paenitentia
1407 1697 1726 1769 postulanti,
1752 1711 1878 1752 cum

293 1794 370 1848 illi
397 1810 457 1850 se
487 1793 681 1868 obliget
712 1792 912 1859 Iudici,
940 1793 1027 1848 cui
1059 1791 1272 1848 occulta
1296 1790 1480 1847 omnia
1511 1789 1761 1845 noverint
1786 1803 1878 1842 re-

1983 596 2122 653 mire
2170 595 2530 654 collaudatur.
2567 617 2586 650 δ
2615 595 2694 652 Ac
2729 596 2851 653 ideo
2899 613 2998 667 pro
3043 600 3251 655 nostris
3300 599 3573 657 defunctis

1981 695 2196 743 certare
2248 687 2540 754 debemus,
2567 697 2835 758 quatenus
2867 690 3077 760 possint
3112 691 3406 761 participes
3453 691 3573 747 ﬁeri

1981 797 2347 852 eorum,un
2372 781 2622 838 Christus
2658 798 2690 836 a
2730 782 2982 838 claustris
3028 785 3304 839 revocavit
3349 783 3569 840 inferni.

1983 872 2160 930 Simili
2183 875 2349 930 etiam
2379 875 2539 931 modo
2575 873 2915 932 celebramus
2945 874 3116 933 cilicia
3144 893 3244 948 pro
3265 875 3413 947 ipsis,
3440 892 3575 946 quo-

1980 967 2142 1022 modo
2195 966 2539 1024 celebrantur
2595 967 2651 1024 in
2693 967 2800 1024 illis
2829 967 3040 1034 diebus,
3068 969 3284 1041 quando
3322 968 3573 1024 Christus

1981 1057 2262 1114 descendit
2286 1058 2352 1114 ad
2383 1057 2616 1124 inferna,
2649 1060 2704 1116 in
2731 1059 2928 1128 quibus
2949 1069 3006 1116 et
3031 1061 3272 1118 creditur
3297 1069 3567 1116 mortuus.

1981 1147 2227 1218 Denique
2253 1149 2308 1204 in
2336 1148 2606 1220 aliquibus
2644 1150 2780 1208 locis
2824 1151 3154 1222 generaliter
3192 1167 3292 1222 pro
3319 1152 3574 1210 omnibus

1980 1239 2252 1296 defunctis
2305 1241 2454 1296 omni
2510 1249 2783 1312 tempore,
2829 1243 3072 1313 exceptis
3124 1243 3475 1301 Pentecostes
3518 1253 3572 1299 et

1983 1329 2134 1388 festis
2155 1333 2365 1399 diebus.
2388 1343 2581 1390 oratur
2626 1336 2680 1391 in
2725 1334 2903 1391 ofﬁcio
2959 1335 3333 1406 vespertinali,
3362 1337 3417 1391 in
3467 1337 3570 1391 ali-

1981 1422 2179 1494 quibus
2205 1424 2449 1494 quotidie
2490 1440 2590 1495 pro
2618 1426 2700 1482 eis
2727 1426 2894 1482 missa
2925 1427 3252 1484 celebratur.
3289 1427 3345 1482 lu
3378 1427 3576 1482 Kalen-

1980 1515 2065 1571 dis
2092 1515 2257 1570 etiam
2286 1531 2381 1573 seu
2417 1516 2608 1572 diebus
2633 1517 3024 1573 anniversariis
3049 1533 3150 1588 per
3191 1533 3385 1574 novem
3429 1516 3577 1589 psal-

1982 1620 2119 1672 mos,
2149 1615 2206 1662 et
2236 1608 2602 1678 responsoria,
2639 1623 2734 1664 seu
2758 1607 3040 1674 lectiones,
3071 1609 3233 1665 simili
3259 1610 3420 1664 modo
3452 1608 3570 1665 olli—

1980 1699 2065 1754 cia
2104 1700 2488 1770 persolvuntur
2519 1719 2533 1756 :
2565 1710 2622 1758 et
2645 1702 2766 1758 ideo
2790 1701 2946 1771 juxta
2974 1703 3386 1774 Augustinumd
3415 1724 3432 1757 ι
3462 1721 3571 1761 non

1979 1793 2459 1861 praetermittenda:
2494 1793 2920 1864 supplicationes
2955 1809 3055 1864 pro
3096 1795 3379 1865 spiritibus
3425 1812 3573 1852 mor-

293 1885 482 1942 velari.
518 1865 648 1940 Post
671 1885 804 1941 istas
831 1884 1230 1942 sacratissimas
1268 1883 1632 1948 deﬁnitiones,
1658 1877 1876 1952 quando
1906 1865 1955 1925 Β
1984 1893 2372 1952 tuorum,quas
2389 1882 2673 1940 faciendas
2696 1900 2796 1954 pro
2820 1885 3073 1942 omnibus
3095 1886 3418 1944 Christianis
3442 1887 3573 1945 ﬁde-

293 1978 488 2048 aliquis
507 1977 852 2036 Christianus
880 1976 1168 2033 articulum
1193 1977 1385 2032 mortis
1409 1973 1744 2047 perseuserit
1778 1972 1879 2044 im-

293 2068 522 2136 minere,
549 2069 804 2141 primitus
847 2074 1072 2124 renovet
1109 2067 1508 2123 confessionem
1551 2080 1704 2123 suam
1753 2078 1876 2119 cum

291 2163 528 2232 puritate
565 2177 630 2216 ae
675 2161 823 2216 omni
873 2159 1092 2222 ﬁducia,
1121 2159 1317 2215 deinde
1362 2157 1652 2214 distribuat
1695 2154 1876 2210 omnia

291 2269 412 2326 quae
438 2251 702 2320 possidet,
739 2259 861 2322 post
886 2251 1004 2306 hmo
1023 2250 1261 2306 dimittat
1291 2249 1564 2313 omnibus,
1593 2247 1685 2317 qui
1713 2246 1768 2303 in
1819 2262 1880 2302 se

289 2353 676 2417 peccaverunt,
710 2351 766 2400 et
787 2343 1191 2399 reconcilietur.
1224 2341 1378 2396 Tunc
1403 2340 1640 2411 pestulet
1681 2340 1879 2396 missas

291 2448 346 2496 et
369 2438 669 2496 oblationes
693 2453 790 2495 seu
813 2435 1250 2496 communionem
1291 2441 1557 2490 sanetam.
1586 2432 1706 2500 Qua
1753 2448 1879 2503 per-

291 2536 468 2601 cepta,
492 2529 656 2585 etiam
687 2527 733 2582 si
764 2527 884 2598 ipso
920 2526 1009 2582 die
1049 2524 1308 2590 comedit,
1333 2531 1506 2580 mutet
1540 2523 1784 2579 habitum
1821 2523 1880 2577 in

293 2619 471 2674 cilicio
498 2627 554 2673 et
584 2619 768 2673 cinere
811 2633 908 2674 seu
950 2616 1128 2671 vilinri
1168 2615 1506 2670 indumento.
1533 2613 1603 2670 Et
1637 2623 1766 2669 tunc
1793 2615 1878 2668 in-

290 2711 608 2784 grediantur
634 2709 832 2765 fratres
856 2725 980 2766 cum
1029 2708 1176 2764 omni
1225 2707 1511 2779 gravitate,
1561 2706 1650 2762 vel
1693 2706 1877 2762 eteteri

291 2801 479 2858 ﬁdeles
511 2816 634 2856 cum
663 2815 804 2870 aqua
837 2798 1119 2856 benedicta
1160 2807 1216 2853 et
1259 2813 1444 2864 cruce,
1469 2805 1526 2852 et
1550 2813 1673 2854 cum
1703 2796 1878 2852 cereis

291 2908 389 2952 seu
421 2895 660 2958 incensp,
689 2891 954 2959 dicentes,
985 2891 1152 2962 Kyrie
1180 2891 1396 2956 eteison,
1423 2887 1630 2946 Christe
1657 2889 1875 2957 eleison,

294 2995 378 3042 tcr
420 2985 729 3058 repetendo.
762 2985 893 3040 Post
936 2983 1054 3038 haec
1087 2983 1232 3038 dicat
1257 2982 1514 3038 sacerdos
1546 2999 1560 3038 :
1596 2980 1680 3036 Ad
1720 2983 1875 3037 vitam

291 3088 542 3134 trternam
596 3076 866 3131 resuscitet
922 3091 1042 3129 eum
1100 3073 1383 3140 Dominus,
1423 3082 1471 3127 et
1521 3071 1764 3128 misertus
1809 3072 1876 3125 sit

292 3168 477 3224 nostri.
521 3166 673 3222 Tune
700 3165 930 3222 canendi
958 3172 1082 3220 sunt
1109 3171 1314 3235 septem
1359 3163 1562 3221 Psalmi
1605 3163 1878 3218 Paeniten-

1979 1971 2144 2040 libus,
2170 1973 2336 2029 etiam
2371 1975 2556 2032 tacitis
2587 1975 2896 2032 nominibus
2943 1989 3152 2041 eorum,
3181 1980 3284 2034 sub
3331 1979 3573 2051 generali

1977 2065 2499 2121 commemoratione
2530 2065 2773 2135 suscepit
2823 2065 3089 2132 Ecclesia,
3127 2075 3188 2122 ut
3224 2069 3420 2138 quibus
3467 2069 3568 2125 ista

1977 2154 2198 2219 desunt,
2213 2163 2488 2222 parentes,
2509 2164 2605 2210 aut
2632 2155 2750 2219 ﬁlii,
2784 2163 2877 2210 aut
2904 2157 3310 2228 qualescunque
3336 2159 3570 2230 cognati,

1977 2242 2064 2298 vel
2087 2243 2268 2307 amici,
2291 2243 2361 2298 ab
2381 2259 2488 2299 una
2512 2245 2593 2300 eis
2627 2245 2952 2302 exhibeatur
2972 2254 3147 2303 matre
3178 2249 3474 2304 communi.
3511 2247 3572 2305 Si

1977 2340 2160 2390 autem
2190 2333 2441 2390 deessent
2465 2333 2584 2388 ista:
2610 2331 3057 2405 supplicationes,
3091 2351 3211 2405 qua:
3243 2336 3379 2392 ﬁunt
3419 2345 3571 2411 recta

1977 2430 2033 2476 et
2060 2421 2149 2492 pia
2176 2420 2283 2477 ﬁde
2309 2436 2410 2493 pro
2452 2422 2704 2488 mortuis,
2731 2434 2862 2492 puto
2903 2426 3048 2494 quod
3103 2424 3236 2481 nihil
3289 2425 3574 2497 prodesset

1977 2513 2261 2584 spiritibus
2290 2528 2500 2578 eorum,
2527 2514 2574 2570 si
2604 2513 2905 2586 quamlibet
2933 2515 3068 2571 locis
3096 2518 3301 2573 sanctis
3321 2518 3574 2573 exanima

1976 2619 2205 2677 corpora
2226 2613 2579 2675 ponerentur.
2617 2625 2636 2659 Ι

2049 2697 2389 2770 Quapropter
2417 2699 2522 2753 rite
2549 2698 2894 2755 celebrantur
2932 2699 3008 2754 illi
3041 2709 3154 2757 tres
3188 2701 3302 2757 dies
3339 2719 3570 2776 genera-

1977 2792 2102 2850 liter
2139 2791 2208 2847 ab
2237 2793 2488 2849 omnibus
2528 2793 2668 2849 infra
2728 2795 3092 2867 trigesimum,
3134 2797 3227 2864 qui
3285 2807 3568 2864 vocantur.

1977 2888 2184 2955 tertius,
2207 2888 2482 2958 septimus,
2506 2897 2670 2961 atque
2689 2890 3004 2946 tricesimus.
3035 2891 3111 2947 De
3134 2893 3296 2948 tertio
3315 2893 3460 2950 enim
3487 2895 3576 2950 die

1978 2995 2074 3036 seu
2106 2983 2337 3054 septimo
2365 2985 2441 3040 ita
2477 2983 2712 3040 habetur
2738 2985 2796 3040 in
2833 2985 2974 3041 libro
3019 2984 3385 3044 Numerorum
3419 3005 3432 3043 :
3468 2985 3574 3054 Qui

1978 3072 2202 3145 tetigerit
2224 3073 2451 3129 cadauer
2470 3072 2784 3140 hominis,et
2809 3085 3018 3147 propter
3044 3077 3142 3131 hoc
3167 3077 3325 3146 fuerit
3348 3079 3576 3132 immun-

1978 3161 2099 3229 dus,
2127 3174 2322 3236 septem
2366 3165 2550 3222 diebus
2587 3176 2900 3237 aspergatur
2943 3184 3083 3238 aqua
3109 3166 3459 3233 lustrationis,
3490 3169 3576 3224 die

291 3262 452 3319 tiales
477 3276 601 3318 cum
626 3259 850 3326 litaniis,
876 3266 1039 3329 prout
1089 3231 1302 3327 tempus
1358 3257 1689 3328 permiserit.
1734 3255 1877 3312 lnte-
1903 3231 1950 3295 (ἶ
1981 3253 2138 3307 tertia
2159 3231 2207 3308 et
2230 3255 2474 3325 septima,
2499 3265 2548 3312 et
2571 3231 2660 3310 sic
2683 3231 3028 3311 mandabitur
3080 3257 3271 3329 (Num.
3303 3274 3418 3326 xix,
3445 3231 3570 3332 Cll).

291 3355 394 3409 rim
425 3369 554 3408 vero
583 3352 835 3424 legantur
881 3350 1171 3407 Passiones
1217 3348 1514 3406 Dominicis
1557 3358 1685 3405 ante
1726 3365 1874 3415 eum,

291 3461 386 3500 seu
415 3443 534 3500 alize
559 3442 854 3514 Scriptura:
879 3457 1068 3498 sacrae.
1094 3441 1190 3497 His
1231 3439 1400 3496 ﬁnitis
1418 3481 1433 3507 ,
1459 3441 1703 3512 sequitur
1731 3442 1876 3496 anti-

290 3537 489 3607 pbona,
536 3535 829 3606 Antequam
883 3550 1144 3590 nascerer.
1198 3531 1447 3589 Psalmus
1489 3552 1502 3589 :
1539 3532 1749 3588 Domini
1800 3539 1876 3586 est

289 3639 455 3694 terra,
485 3641 608 3682 cum
645 3625 988 3697 repetitione,
1012 3632 1070 3679 et
1090 3625 1290 3682 dicitur
1325 3634 1410 3682 ter
1451 3623 1618 3694 Hyrie
1655 3622 1875 3688 eleison,

289 3727 351 3775 ut
384 3718 806 3790 supra.,Deinde
833 3718 1090 3775 sacerdos
1121 3735 1134 3770 :
1169 3715 1238 3771 In
1268 3717 1390 3770 sinu
1433 3715 1660 3772 Abralua
1713 3715 1877 3770 collo-

289 3818 368 3864 εει
416 3825 534 3863 eum
574 3806 853 3872 Dominus,
883 3817 932 3862 et
965 3808 1281 3864 misereatur
1307 3804 1496 3862 nostri.
1559 3803 1878 3874 Sequuntur

288 3901 565 3958 orationes
593 3900 662 3955 ad
685 3897 1169 3956 commendandam
1199 3897 1456 3952 animam.

915 4008 1146 4064 CAPUT
1185 4009 1246 4063 L.

290 4083 320 4124 δ
362 4099 429 4138 οε
474 4097 748 4148 exacuens
792 4097 1151 4146 uoaruoauu,
1189 4097 1258 4140 ετ
1302 4097 1482 4140 εοιωι
1523 4095 1879 4140 consueuit-

991 4169 1172 4208 TIONE.

363 4245 439 4300 De
465 4245 551 4301 his
581 4245 652 4300 ita
682 4243 1019 4316 Augustinus
1048 4246 1102 4299 in
1131 4244 1272 4301 libro
1295 4245 1360 4302 de
1386 4261 1518 4301 cura
1542 4247 1748 4318 agenda
1776 4263 1877 4319 pro

290 4339 544 4403 mortuis,
567 4347 623 4396 et
654 4338 707 4392 in
736 4338 873 4392 libro
903 4337 1152 4394 Civitatis
1175 4337 1271 4393 Dei
1303 4350 1350 4394 ο.
1383 4339 1485 4406 Qui
1516 4339 1876 4413 facit,inquit,

291 4429 578 4497 exsequias
630 4437 993 4494 mortuorum,
1032 4429 1102 4483 ob
1150 4445 1390 4485 amorem
1432 4431 1575 4487 illius
1605 4431 1755 4500 facit,
1782 4435 1877 4506 qui

289 4518 540 4588 promisit
565 4533 790 4588 corpora
820 4527 1194 4574 resurrectura
1227 4535 1241 4573 :
1289 4538 1307 4570 ι
1350 4519 1536 4592 Neque
1569 4523 1713 4578 enim
1744 4539 1874 4578 con-

291 4609 579 4664 temnenda
605 4617 731 4664 sunt
767 4618 822 4665 et
850 4610 1147 4679 abiicienda
1196 4629 1425 4682 corpora
1449 4588 1873 4683 idefunctorum,
1905 4588 1953 4646 υ

293 4701 527 4754 maxime
551 4699 808 4766 ﬁdelium,
841 4703 1040 4773 quibus
1082 4712 1337 4774 tanquam
1368 4707 1587 4776 organis
1632 4716 1687 4763 et
1734 4709 1879 4764 vasis

291 4792 360 4848 ad
394 4792 574 4847 omnia
604 4807 768 4862 opera
790 4793 928 4848 bona
949 4811 1081 4851 usus
1104 4804 1188 4850 cst
1210 4796 1445 4866 Spiritus
1466 4808 1706 4857 sanctus.
1724 4799 1878 4858 Unde

289 4895 345 4942 et
374 4890 716 4958 antiquorum
759 4886 999 4942 ﬁdelium
1029 4887 1216 4944 funera
1254 4888 1492 4948 olliciosa
1535 4893 1735 4962 pietate
1783 4911 1876 4952 cu-

292 4987 408 5034 rata
439 4989 586 5044 sunt,
615 4989 668 5033 et
694 4978 965 5049 exsequize
1004 4979 1310 5047 celebratrc,
1340 4996 1403 5035 ac
1436 4982 1726 5052 sepultura:
1753 5000 1876 5054 pro-

289 5070 448 5127 visa:
468 5071 678 5141 ipsique
705 5086 826 5126 cum
850 5069 1112 5136 viverent,
1131 5073 1196 5126 de
1224 5071 1544 5141 sepeliendis
1574 5089 1670 5130 seu
1699 5083 1876 5131 trans-

290 5161 528 5219 ferendis
589 5165 702 5219 suis
731 5164 1049 5236 corporibus
1080 5164 1204 5221 ﬁliis
1238 5166 1664 5234 mandaverunt,
1688 5177 1744 5224 et
1772 5169 1878 5224 To-

290 5255 408 5310 bias
437 5254 588 5327 (Tob.
621 5257 750 5320 ",9,
776 5267 823 5310 et
853 5273 952 5321 xu,
980 5256 1066 5329 12)
1098 5258 1421 5328 sepeliendis
1446 5261 1678 5318 mortuis
1704 5261 1874 5318 Deum

289 5346 658 5415 promeruisse
685 5348 1113 5402 commendatur.
1141 5348 1259 5420 Ipse
1289 5351 1550 5408 Dominus
1588 5353 1674 5410 die
1716 5355 1876 5410 tertia

290 5447 724 5504 resurrecturus,
755 5437 1003 5510 gloriosae
1047 5440 1292 5496 mulieris
1318 5441 1517 5496 bonum
1547 5459 1685 5514 opus
1728 5462 1872 5517 pra:-

361 5605 388 5632 ι
415 5591 680 5670 Excpist.
713 5593 992 5670 Caelestini
1021 5610 1174 5666 papa:
1196 5597 1264 5651 ad
1291 5599 1573 5670 episcopos
1605 5602 1875 5660 Viennen-

289 5676 378 5735 ses
401 5673 456 5735 et
482 5661 718 5735 Narbon.
745 5680 865 5735 cap.
893 5667 948 5721 5.

363 5732 389 5772 δ
416 5732 473 5789 In
502 5734 623 5792 cod.
655 5751 755 5792 ms.
811 5732 890 5791 iit.
929 5736 1004 5792 De
1033 5735 1216 5792 ordine
1246 5739 1630 5810 defunctorum.
1690 5746 1871 5813 Qum-

289 5814 384 5864 εει
397 5841 414 5858 .

1976 3343 2324 3402 lmmunditia
2355 3347 2472 3404 haec
2499 3364 2600 3420 pro
2622 3357 2771 3404 tactu
2798 3348 3081 3405 cadaveris
3122 3349 3358 3405 animam
3406 3351 3578 3422 pollu-

1979 3444 2089 3490 tam
2111 3437 2382 3509 signiﬁcat
2404 3440 2662 3510 operibus
2689 3440 2924 3496 mortuis
2951 3459 2964 3493 :
2998 3448 3053 3495 et
3091 3441 3218 3510 quia
3266 3441 3568 3513 neglexerit

1978 3529 2184 3586 cultum
2210 3531 2328 3598 Dei,
2357 3533 2411 3588 in
2437 3533 2792 3605 cogitatione,
2836 3533 2892 3589 in
2935 3533 3069 3598 vita,
3098 3543 3155 3589 et
3195 3534 3248 3589 in
3299 3534 3574 3591 intellectu

1978 3621 2256 3679 humiliter
2279 3623 2610 3691 conﬁtendo,
2632 3623 2914 3682 oﬁ‘erimus
2937 3625 3271 3682 sacrificium
3318 3623 3430 3680 Deo
3465 3635 3575 3682 ter-

1930 3746 1944 3759 .
1979 3713 2054 3768 tia
2079 3713 2187 3780 die,
2219 3723 2489 3784 quatenus
2517 3714 2586 3768 ab
2611 3715 2696 3772 his
2715 3716 2958 3786 peccatis
2979 3725 3262 3786 purgetur.
3300 3715 3359 3770 ln
3395 3717 3578 3786 expia—

1978 3805 2125 3861 tione
2152 3821 2282 3860 vero
2310 3805 2416 3860 diei
2444 3805 2592 3859 tertii
2615 3805 2982 3860 commendati
3007 3804 3269 3869 defuncti,
3287 3818 3574 3874 possumus

1978 3895 2048 3949 ad
2073 3896 2393 3950 memoriam
2429 3895 2690 3949 reducere
2720 3895 2936 3949 tertiam
2979 3895 3122 3949 diem
3151 3895 3572 3953 resurrectionis

1979 3989 2211 4054 Domini,
2241 3987 2400 4060 513
2432 3989 2486 4044 in
2514 4004 2620 4058 qua
2651 3988 2898 4044 devotius
2941 3996 3028 4045 est
3073 3988 3403 4060 generaliter
3446 4007 3572 4060 sup-

1977 4079 2308 4149 plicandum.
2350 4079 2426 4135 De
2463 4080 2695 4150 septimo
2729 4095 2862 4146 vero
2892 4080 2980 4136 die
3027 4081 3291 4138 habemus
3338 4085 3576 4140 auctori-

1978 4178 2146 4228 tatem
2183 4171 2238 4226 in
2264 4171 2400 4226 libro
2433 4171 2727 4227 Geneseos.
2780 4171 2992 4228 Mortuo
3040 4172 3242 4228 etenim
3293 4171 3464 4230 Jacob
3511 4175 3568 4231 in

1977 4261 2235 4334 Egypto,
2257 4271 2315 4318 et
2339 4262 2607 4320 translato
2634 4281 2664 4319 a
2692 4263 2894 4334 Ioseph
2925 4273 3078 4322 trans
3105 4265 3398 4323 Jordanem
3443 4283 3568 4324 cum

1977 4354 2239 4409 comitatu
2277 4354 2540 4422 maxime,
2591 4355 3006 4412 celebraverunt
3049 4357 3250 4412 ibidem
3284 4359 3572 4430 exsequias

1976 4462 2102 4501 cum
2122 4447 2340 4516 planctu
2369 4463 2590 4519 magno,
2608 4456 2664 4505 et
2687 4448 2937 4506 fecerunt
2958 4458 3166 4519 septem
3187 4451 3305 4511 dies
3323 4449 3474 4524 (Gen.
3491 4453 3568 4527 ι).

1978 4537 2045 4591 Et
2067 4537 2195 4593 alibi
2230 4557 2243 4592 :
2284 4537 2485 4595 Luctus
2521 4541 2714 4595 mortui
2749 4550 2942 4612 septem
2972 4541 3198 4605 dierum,
3228 4541 3364 4611 fatui
3393 4553 3569 4599 autem

1979 4647 2156 4687 omnes
2183 4631 2292 4686 dies
2323 4633 2441 4687 vita:
2485 4632 2600 4702 ejus
2657 4632 2848 4704 (Eccli.
2879 4649 3016 4699 χχιι,
3043 4633 3153 4705 15).
3186 4634 3339 4702 Quod
3387 4647 3570 4694 autem

1980 4719 2122 4792 apud
2149 4719 2361 4790 aliquos
2388 4737 2563 4776 nonus
2588 4721 2702 4776 dies
2718 4721 3044 4790 celebratur,
3067 4733 3124 4780 et
3147 4726 3444 4782 vocabatur
3473 4745 3573 4784 no-

1981 4812 2274 4878 vendialis,
2305 4812 2637 4882 Augustinus
2667 4813 2722 4866 in
2757 4812 2897 4869 libro
2931 4813 3300 4881 Qutestionum
3330 4829 3354 4856 ο
3386 4819 3572 4874 redar-

1979 4903 2118 4974 guit,
2147 4903 2383 4958 maxime
2411 4918 2535 4957 eum
2563 4902 2744 4958 nullus
2775 4913 3086 4961 sanctorum
3110 4908 3213 4964 hoc
3240 4907 3434 4965 fecisse
3453 4923 3571 4979 pro-

1979 4992 2162 5058 batur,
2190 5008 2315 5047 cum
2343 4991 2416 5046 sit
2440 4993 2776 5048 consuetudo
2801 4994 3104 5064 gentilium.
3135 4995 3280 5053 Sane
3304 5000 3568 5068 septimus

1980 5083 2100 5140 dies
2128 5084 2184 5138 in
2209 5083 2508 5155 Scripturis
2531 5086 2910 5141 auctoritatem
2939 5087 3124 5154 habet,
3153 5091 3280 5160 quia
3314 5101 3568 5163 septena-

1978 5180 2093 5236 rius
2121 5197 2381 5236 numerus
2409 5189 2629 5252 propter
2651 5181 2862 5236 sabbati
2883 5191 3283 5236 sacramentum
3300 5185 3568 5254 praecipue

1980 5275 2180 5344 quietis
2201 5275 2459 5329 indicium
2497 5284 2600 5329 est.
2630 5273 2783 5330 Unde
2811 5275 3010 5330 merito
3036 5277 3269 5332 mortuis
3311 5285 3567 5346 tanquam

1979 5365 2382 5434 quiescentibus
2407 5365 2712 5420 exhibetur.
2747 5365 2824 5420 De
2864 5365 3140 5421 tricesima
3176 5367 3264 5422 die
3306 5366 3568 5438 scriptum

1977 5466 2063 5514 est
2089 5457 2144 5512 in
2170 5457 2308 5514 libro
2333 5457 2692 5516 Numerorum
2721 5457 2910 5530 (Num.
2928 5475 3022 5526 xx,
3049 5459 3162 5531 50),
3186 5459 3370 5516 Omnis
3391 5471 3572 5518 autem

2051 5620 2072 5647 ο
2107 5607 2163 5664 S.
2188 5609 2576 5694 Augustslibr.‘
2599 5614 2666 5685 de,
2693 5629 2950 5694 cura_pro
2989 5617 3242 5687 mortuis,
3271 5637 3390 5694 cap.
3421 5623 3483 5680 5:
3511 5630 3580 5681 et

1977 5678 2101 5755 libr.
2123 5696 2172 5755 _t.
2203 5678 2456 5755 defCivit.
2483 5683 2600 5755 Dei,
2629 5680 2748 5755 cap.
2783 5678 2864 5742 l5:

2048 5749 2074 5788 ά
2107 5749 2243 5829 Aug.
2279 5752 2408 5829 ibid.
2443 5749 2811 5829 De_Cura'pro
2845 5758 3092 5824 mortuis,
3126 5776 3242 5829 cap.
3279 5763 3331 5820 4.

2055 5832 2078 5859 ο
2116 5819 2252 5896 Aug.
2286 5824 2485 5894 Quzcst.
2525 5825 2580 5881 in
2610 5819 2868 5896 chcsin,
2899 5819 3091 5898 qua-st.
3121 5819 3239 5890 179..
