3914 6178
333 382 472 438 1279

1190 383 1251 438 Β.
1294 384 1354 439 F.
1398 384 1621 438 ALBlNl
1665 383 1796 442 Sl-Zl':
1837 385 2115 441 ALCUINI
2153 385 2439 442 OPERUM
2478 386 2660 443 PARS
2696 387 2791 442 1X.

3479 393 3495 443 l
3508 392 3620 449 280

326 500 610 573 multitudo
659 498 836 555 videns
892 500 1193 554 occubuisse
1227 501 1435 565 Aaron,
1470 502 1613 569 ﬂevit
1660 517 1818 567 super
1854 520 1915 556 eo
1936 511 1986 565 Α
2019 502 2141 557 ideo
2166 504 2427 574 repetitur
2447 503 2753 570 defunctis,
2793 505 3050 574 quoniam
3080 508 3353 564 nescimus
3376 511 3626 581 qualiter

333 594 546 663 triginta
569 591 773 655 diebus,
795 602 843 646 et
870 590 1087 662 Moysen
1108 593 1360 659 ﬂeverunt
1384 591 1484 660 ﬁlii
1510 590 1682 647 Israel
1702 594 1756 647 in
1779 611 1922 648 cant-

325 685 585 749 pestribus
621 682 777 738 Moab
802 685 1021 755 triginta
1039 686 1220 738 diebus
1243 684 1422 756 (Deut.
1440 700 1627 749 xxxxv,
1650 686 1725 757 8).
1752 686 1919 742 David

333 787 390 832 et
412 776 506 831 ﬁlii
544 775 711 832 Israel
750 777 1133 847 jejunaverunt
1176 791 1275 846 pro
1317 775 1465 841 Saul,
1497 786 1552 831 et
1596 778 1921 847 planxerunt

333 884 454 924 eum
482 868 702 940 planetu
735 870 991 924 maximo.
1025 868 1090 921 Et
1120 868 1173 921 in
1202 866 1365 921 Libro
1406 865 1695 937 Sapientia:
1722 869 1788 924 de
1815 878 1921 924 ter-

333 966 428 1029 tio,
464 963 695 1035 septimo
735 972 897 1033 atque
918 962 1198 1033 trigesimo
1217 960 1306 1016 die
1345 978 1361 1016 :
1402 959 1534 1015 Filii
1560 963 1617 1016 in
1654 972 1920 1017 mortuum

333 1058 530 1125 produc
558 1057 841 1128 lacrymas.
873 1056 939 1110 Et
962 1063 1084 1125 post
1121 1071 1293 1124 pauca
1320 1072 1334 1109 :
1369 1054 1596 1126 Propter
1623 1055 1920 1110 delaturum

332 1160 507 1204 autem
538 1166 719 1204 amare
750 1150 832 1218 fer
856 1148 1054 1202 luctum
1082 1146 1248 1202 illius.
1282 1147 1349 1200 Et
1375 1147 1572 1202 iterum
1617 1165 1631 1201 :
1683 1143 1798 1201 Fac
1836 1148 1921 1200 lu-

332 1254 473 1298 ctum
520 1243 807 1297 secuudum
854 1243 1100 1297 meritum
1139 1242 1255 1313 ejus
1300 1259 1405 1296 uno
1447 1242 1554 1307 die,
1598 1241 1676 1295 vel
1713 1240 1918 1294 duobus

331 1346 541 1405 propter
585 1335 960 1388 detractionem
1013 1334 1223 1406 (Eccli.
1267 1333 1769 1405 xxxvaﬁ-IS).
1816 1332 1919 1387 Ubi

331 1425 506 1496 primo
525 1424 678 1488 dixit,
702 1434 926 1495 propter
957 1424 1262 1480 delaturum
1286 1440 1393 1479 uno
1420 1424 1509 1479 die
1536 1424 1654 1479 ﬁeri
1670 1424 1918 1488 'luctum,

330 1527 383 1573 et
414 1528 601 1588 postea
624 1526 846 1589 propter
866 1518 1280 1584 detractionem,
1307 1536 1411 1573 uno
1450 1518 1527 1573 vel
1552 1517 1776 1583 duobus,
1807 1525 1922 1574 tres

329 1612 445 1666 dies
475 1610 777 1666 introduxit
828 1612 883 1665 in
925 1592 1149 1666 luctum.
1195 1610 1536 1681 Quapropter
1578 1618 1636 1665 et
1682 1625 1784 1665 nos
1821 1625 1922 1680 pro

331 1702 483 1757 valde
523 1702 862 1757 charissimis
881 1701 1131 1771 jcjunare
1156 1716 1252 1756 seu
1294 1702 1670 1772 eleemosynas
1716 1700 1919 1766 facere,

329 1803 494 1863 atque
526 1793 754 1847 interius
779 1808 878 1862 pro
902 1808 1091 1848 eorum
1122 1793 1363 1847 rentibus
1390 1791 1520 1847 ﬁere
1557 1791 1834 1855 debemus,
1862 1799 1922 1844 ut

2019 606 2207 648 eorum
2232 609 2400 650 causa
2426 596 2693 650 habeatur
2720 596 2772 650 in
2806 596 2913 650 alia
2941 595 3075 652 vita.

2628 735 2857 791 CAPUT
2916 736 3001 791 ιι.

2132 864 2154 892 c
2185 870 2250 908 DE
2287 868 2522 918 TERTIA,
2562 867 2790 907 SEPTIIA
2840 867 2908 907 ET
2950 870 3239 911 TRIGESIIA
3280 874 3367 911 Dll'l
3406 875 3510 915 uno

2655 960 2966 1001 DEFUNCTIS.

2096 1058 2272 1113 Tertia
2327 1057 2440 1111 dies
2490 1056 2804 1126 specialiter
2856 1073 2956 1128 pro
3011 1059 3207 1115 animm
3272 1062 3621 1118 absolutione

2021 1149 2347 1213 celebratur,
2386 1149 2513 1219 quia
2542 1148 2795 1205 videlicet
2834 1150 3061 1221 triplicis
3108 1162 3194 1207 est
3239 1164 3473 1220 naturae,
3509 1157 3620 1211 ira-

2020 1242 2246 1307 scibilis,
2275 1242 2735 1313 coneupiscibilis,
2762 1250 2820 1298 et
2849 1245 3133 1300 rationalis
3165 1263 3177 1299 :
3213 1256 3269 1302 et
3297 1250 3426 1319 quia
3459 1251 3617 1322 inge-

2021 1335 2113 1389 nio
2142 1336 2310 1405 viget,
2338 1335 2638 1403 intellectu,
2667 1344 2719 1392 et
2749 1339 3032 1394 memoria.
3065 1339 3295 1411 Propter
3320 1343 3428 1398 hoc
3453 1343 3622 1415 igitur

2022 1428 2351 1483 sacriﬁcium
2382 1428 2469 1484 die
2497 1430 2657 1484 tertia
2683 1431 2982 1502 peragitur,
3016 1441 3077 1487 ut
3112 1420 3160 1488 si
3188 1434 3319 1504 quid
3350 1437 3621 1492 temulen-

2023 1528 2137 1575 tum
2168 1519 2322 1592 [Cod.
2347 1519 2492 1586 Vat.,
2514 1521 2879 1595 cenulentum]
2902 1539 2971 1580 ex
2996 1526 3180 1582 carnis
3208 1527 3620 1584 cobabitatione

2022 1612 2314 1678 contraxit,
2339 1612 2679 1681 obliteretur,
2706 1622 2761 1669 ct
2787 1623 2989 1671 sanctae
3010 1616 3297 1674 Trinitatis
3317 1619 3618 1676 similitulo

2028 1719 2155 1774 repa
2161 1712 2333 1758 retur.

2095 1794 2221 1849 Dies
2260 1796 2510 1865 septimus
2557 1798 2911 1855 nihilominus
2938 1800 3130 1858 ciliciis
3171 1804 3470 1875 deputatur
3514 1808 3622 1863 eis-

332 1884 477 1956 quod
513 1885 587 1940 illi
617 1887 671 1940 in
702 1886 811 1939 vita
839 1886 1145 1939 debuerunt
1177 1883 1375 1947 facere,
1402 1892 1457 1938 et
1497 1899 1604 1938 non
1650 1881 1916 1945 fecerunt,
1956 1865 1997 1923 η
2028 1888 2175 1955 dem,
2201 1898 2262 1943 ut
2292 1888 2474 1944 anima
2502 1905 2599 1945 suo
2626 1894 2844 1963 corpori
2892 1865 3279 1952 reconcilietur
3309 1916 3322 1951 :
3354 1908 3620 1970 septena-

332 1977 523 2031 saltem
550 1992 649 2032 nos
675 1993 773 2047 pro
799 1976 904 2031 illis
943 1992 1067 2031 cum
1106 1975 1202 2031 Dei
1255 1975 1457 2030 auxilio
1506 1975 1917 2044 adimpleamus.

400 2068 610 2123 interea
640 2068 828 2123 dicunt
871 2068 1069 2138 aliqui,
1114 2075 1297 2122 utrum
1345 2083 1445 2138 pro
1484 2065 1737 2121 omnibus
1765 2065 1921 2120 Chri-

331 2160 522 2216 stianis
562 2158 769 2214 licitum
809 2160 880 2214 sit
916 2159 1112 2214 missas
1151 2157 1465 2213 celebrare?
1495 2157 1633 2212 Hine
1660 2156 1920 2227 Augusti-

332 2270 436 2309 nus
466 2265 515 2307 ι.
569 2252 754 2325 Neque
791 2253 1098 2323 negandum
1145 2261 1231 2307 est
1278 2250 1656 2306 defunctorum
1708 2250 1923 2305 animas

334 2350 535 2419 pietate
584 2363 807 2403 suorum
850 2347 1146 2403 viventium
1193 2344 1446 2411 revelari,
1501 2358 1625 2400 cum
1669 2358 1770 2415 pro
1818 2342 1923 2397 illis

333 2438 665 2496 sacriﬁcium
713 2440 1031 2496 mediatoris
1073 2437 1319 2504 offertur,
1350 2437 1434 2493 vel
1476 2436 1832 2507 eleemosyna:
1867 2436 1921 2491 in

336 2531 575 2587 Ecclesia
607 2530 762 2586 ﬁunt.
810 2530 918 2585 Sed
953 2530 1034 2585 eis
1061 2531 1177 2586 hate
1213 2538 1461 2599 prosunt,
1501 2529 1593 2600 qui
1626 2543 1749 2583 cum
1777 2527 1923 2583 vive-

334 2635 477 2690 rent,
518 2624 635 2680 hacc
671 2623 775 2679 sibi
821 2631 879 2677 ut
917 2632 1106 2693 postea
1136 2623 1393 2693 prodesse
1427 2630 1669 2691 possent,
1711 2634 1921 2675 merue-

332 2724 479 2773 runt.
515 2716 615 2772 Est
640 2716 785 2772 enim
808 2717 1030 2787 quidam
1059 2715 1272 2783 vivendi
1303 2714 1517 2779 modus,
1554 2730 1657 2770 nec
1684 2721 1796 2769 tam
1824 2713 1921 2769 bo-

337 2824 443 2863 nus
492 2816 555 2862 ut
595 2823 703 2863 non
758 2807 1004 2878 requirat
1054 2806 1157 2861 ista
1206 2816 1329 2876 post
1370 2813 1621 2872 mortem,
1664 2820 1768 2861 nec
1808 2813 1921 2860 tam

332 2899 509 2955 malus
543 2907 605 2953 ut
627 2898 678 2955 ei
714 2915 821 2955 non
849 2900 1061 2971 prosint
1091 2899 1193 2954 ista
1219 2907 1342 2970 post
1365 2906 1619 2954 mortem.
1662 2898 1758 2954 Est
1789 2914 1922 2954 vero

332 2990 460 3047 talis
487 2991 540 3045 in
568 2992 734 3057 bono,
756 2999 816 3045 ut
844 2993 958 3047 htec
980 3008 1084 3046 non
1106 2991 1378 3061 requirat;
1408 3000 1463 3047 et
1482 3000 1567 3047 est
1582 3008 1771 3048 rursus
1795 2992 1923 3049 talis

331 3082 387 3135 in
414 3080 579 3148 malo,
599 3089 776 3137 utnec
794 3082 881 3137 his
898 3081 1096 3147 valeat,
1120 3099 1244 3138 eum
1267 3083 1337 3139 ab
1365 3084 1467 3140 bac
1490 3084 1601 3139 vita
1622 3084 1918 3150 transierit,

329 3171 595 3241 adjuvari.
670 3171 1012 3244 Quapropter
1055 3182 1271 3244 Oportet
1318 3190 1420 3244 pro
1458 3173 1711 3229 omnibus
1764 3190 1919 3245 rege-

2026 1982 2140 2036 rius
2164 1997 2401 2055 namque
2430 2001 2692 2041 numerus
2717 2001 2784 2040 ex
2811 1988 3052 2043 ternario
3074 1998 3289 2045 constat
3316 2000 3370 2047 et
3392 2004 3622 2063 quater-

2024 2071 2204 2135 nario,
2241 2079 2297 2125 et
2325 2072 2601 2127 ternarius
2646 2073 2841 2128 anima:
2897 2074 3180 2142 tribuitur,
3230 2082 3627 2148 quaternarius

2023 2161 2237 2230 corpori
2268 2160 2581 2230 deputatur,
2616 2172 2839 2233 propter
2866 2173 3103 2234 quatuor
3127 2167 3468 2236 notissimos,
3501 2172 3627 2242 quia

2024 2253 2124 2310 bus
2151 2261 2389 2318 constat,
2416 2254 2694 2309 humores.
2726 2254 2823 2309 Est
2851 2270 2982 2327 ergo
3024 2258 3179 2327 quasi
3218 2261 3469 2329 quaedam
3502 2262 3615 2316 rixa

2024 2346 2273 2417 corporis
2319 2354 2375 2403 et
2422 2347 2653 2411 animae,
2703 2363 2824 2417 qum
2862 2363 3027 2405 carne
3066 2351 3342 2418 illiciente,
3387 2370 3621 2427 eamque

2025 2438 2140 2494 suis
2170 2438 2442 2494 illecebris
2484 2439 2814 2504 attrahente,
2843 2441 3109 2510 peccavit.
3170 2441 3239 2499 Ut
3271 2458 3407 2516 ergo
3436 2446 3612 2501 anima

2025 2546 2125 2584 suo
2176 2532 2389 2599 corpori
2438 2529 2784 2601 paciﬁeetur,
2833 2532 3207 2590 holocaustum
3256 2537 3487 2608 septima
3531 2539 3617 2593 die

2027 2619 2183 2692 [Ms.,
2209 2622 2423 2693 septimi
2448 2621 2579 2695 diei]
2606 2625 2906 2694 peragitur.
2941 2624 3021 2681 Ad
3050 2626 3155 2682 hoc
3187 2625 3326 2683 forte
3354 2630 3612 2699 pertinet,

2024 2713 2169 2783 quod
2210 2713 2265 2767 in
2300 2712 2443 2768 libro
2469 2713 2839 2769 Ecelesiastici
2882 2715 3082 2770 dicitur
3110 2734 3123 2770 :
3157 2716 3357 2772 Luctus
3398 2722 3611 2785 mortui,

2023 2812 2214 2872 septem
2256 2804 2367 2859 dies
2397 2817 2415 2856 :
2441 2802 2614 2858 luctus
2636 2814 2811 2859 autem
2836 2804 2994 2872 fatui,
3022 2824 3198 2862 omnes
3227 2809 3339 2864 dies
3361 2811 3477 2881 ejus
3502 2812 3615 2867 ritis

2025 2892 2217 2966 (Eecli.
2261 2910 2397 2959 xm,
2428 2895 2538 2967 15).
2582 2895 2710 2952 Haec
2739 2897 2807 2953 de
2838 2898 2998 2953 tertia
3028 2908 3083 2954 et
3110 2902 3347 2971 septima
3374 2905 3479 2968 die,
3518 2923 3615 2961 au-

2022 2984 2333 3039 ctoritative
2359 2986 2580 3055 quidem
2610 2985 2765 3059 [Ms.,
2783 2991 3164 3046 auctoritativa
3186 2995 3459 3069 quadam]
3486 2998 3609 3054 bre-

2023 3073 2168 3128 viter
2210 3074 2468 3130 diximus.

2093 3164 2363 3222 Czeterum
2412 3168 2480 3224 de
2520 3170 2793 3240 trigesima
2843 3173 2929 3228 die
2974 3174 3028 3229 in
3076 3174 3425 3249 Dialogorum
3462 3178 3611 3236 libris

331 3265 535 3321 neratis
568 3264 672 3319 ista
702 3264 900 3329 facere,
933 3274 993 3320 ut
1022 3265 1199 3321 nullus
1224 3280 1414 3321 eorum
1442 3266 1913 3337 praetermittatur,
1946 3246 1991 3307 Ο
2023 3260 2251 3330 legimus
2295 3261 2347 3327 ά,
2397 3264 2616 3319 beatum
2667 3265 2990 3337 Gregorium
3012 3246 3373 3343 'praecepisse
3421 3274 3609 3331 diebus

330 3354 398 3409 ad
426 3368 563 3424 quos
588 3354 704 3409 haec
742 3356 1002 3410 beneﬁcia
1042 3356 1244 3424 possint
1274 3364 1331 3411 et
1354 3356 1591 3412 debeant
1608 3357 1914 3426 pervenire.

404 3440 713 3497 Praesertim
761 3461 883 3498 cum
914 3444 1133 3512 quidam
1165 3445 1234 3499 ab
1265 3446 1512 3501 hostibus
1556 3455 1771 3515 captus,
1800 3447 1919 3500 vin-

331 3533 579 3602 culisque
628 3532 821 3587 ferreis
865 3534 1224 3604 mancipatus,
1267 3552 1297 3589 a
1329 3537 1563 3606 quodam
1610 3552 1769 3593 servo
1796 3538 1914 3602 Dei,

333 3621 545 3677 scilicet
572 3637 831 3692 germano
877 3637 994 3688 suo,
1036 3632 1096 3678 ut.
1130 3626 1425 3694 putabatur
1455 3634 1726 3691 mortuus,
1776 3628 1918 3684 cele-

329 3712 501 3768 bratis
526 3728 624 3787 pro
652 3728 718 3768 eo
742 3713 985 3783 quotidie
1012 3715 1195 3770 missis
1225 3730 1379 3771 more
1418 3726 1779 3784 mortuorum,
1816 3735 1917 3775 ate-

329 3804 551 3876 pissime
576 3806 787 3861 vincula
814 3805 1171 3874 solverentur,
1204 3824 1234 3863 a
1257 3809 1454 3879 quibus
1480 3819 1667 3881 postea
1700 3812 1915 3868 absolu-

330 3908 416 3953 1υῦ
446 3906 548 3953 εει.

400 3988 511 4045 Sed
538 3998 595 4045 et
633 3988 737 4046 hoc
766 3992 1083 4058 notandum,
1111 3993 1237 4063 quia
1271 3996 1415 4066 quod
1448 3997 1628 4054 missae
1672 4008 1915 4056 mortuo-

327 4097 448 4137 rum
470 4081 678 4152 absque
701 4078 883 4137 Gloria
909 4091 966 4138 et
984 4083 1233 4151 Alleluia,
1261 4102 1357 4142 seu
1382 4090 1534 4159 pacis
1558 4091 1744 4146 osculo
1772 4092 1915 4148 cele-

332 4171 579 4235 brantur,
612 4171 759 4241 quod
793 4180 876 4227 est
915 4172 1172 4229 indicium
1197 4175 1416 4243 laetitiae,
1451 4180 1517 4234 ad
1550 4181 1913 4240 imitationem

333 4262 514 4334 agitur
561 4262 884 4329 oﬁiciorum,
930 4280 1053 4334 quae
1095 4278 1326 4339 aguntur
1367 4270 1421 4324 in
1470 4282 1644 4328 morte
1674 4274 1908 4331 Domini.

328 4352 511 4410 Potest
548 4355 655 4411 hoc
698 4355 903 4411 addisci
938 4356 991 4410 in
1015 4357 1236 4413 homilia
1268 4360 1519 4432 Origenis
1557 4366 1745 4433 quinta
1786 4367 1910 4423 libri

326 4444 573 4513 Levitici,
599 4447 692 4502 ubi
735 4447 866 4502 dicit
895 4446 923 4487 δ
950 4466 963 4502 :
995 4467 1015 4499 ‹
1052 4448 1391 4507 Sacriﬁcium
1414 4468 1514 4524 pro
1538 4466 1761 4524 peccato
1804 4474 1911 4515 non

326 4538 385 4593 ﬁt
420 4539 476 4595 in
503 4539 645 4606 oleo,
696 4540 828 4595 dicit
877 4541 1021 4596 enim
1066 4560 1079 4596 :
1124 4542 1248 4599 Non
1282 4558 1593 4617 superponet
1627 4551 1675 4603 ei
1714 4550 1908 4620 oleum,

323 4647 441 4685 cum
458 4631 577 4702 jam
606 4649 702 4705 pro
720 4645 933 4704 peccato
959 4644 1056 4690 est.
1088 4634 1239 4703 Quod
1265 4652 1396 4709 ergo
1425 4654 1524 4709 pro
1552 4650 1779 4710 peccato
1801 4652 1906 4711 est,

324 4738 425 4779 nee
453 4724 631 4780 oleum
660 4726 884 4793 laetitia,
930 4742 1028 4783 nec
1054 4729 1180 4783 thus
1214 4729 1499 4786 suavitatis
1527 4730 1842 4801 imponitur.
1882 4754 1902 4788 ι

322 4816 401 4871 Ac
450 4816 572 4871 ideo
614 4816 821 4888 absque
845 4818 1029 4875 Gloria
1066 4829 1123 4876 et
1142 4820 1371 4877 Alleluia
1404 4823 1733 4891 celebratur,
1779 4828 1906 4897 quia

323 4912 440 4961 stne
461 4906 582 4963 oleo
606 4914 663 4963 et
687 4909 845 4963 thure
876 4908 1104 4965 Romani
1152 4912 1207 4966 in
1238 4913 1563 4985 vespertinis
1589 4931 1685 4971 seu
1708 4917 1910 4987 vigiliis

322 5011 485 5072 atque
514 5003 793 5059 matutinis
817 5003 1195 5061 defunctorum
1227 5015 1339 5063 tres
1364 5012 1740 5066 tantummodo
1763 5012 1908 5081 psal-

323 5108 440 5148 mos
467 5093 714 5159 recitant,
760 5094 968 5150 scilicet
994 5095 1063 5151 ob
1093 5096 1426 5166 sepulturam
1460 5098 1771 5155 triduanam
1804 5100 1908 5155 Do-

324 5185 475 5239 mini.
507 5184 579 5240 At
606 5186 681 5252 hi,
711 5188 802 5257 qui
828 5204 925 5257 per
966 5190 1356 5244 novennarium
1403 5208 1714 5259 numerum,
1745 5193 1908 5250 sicuti

320 5284 404 5329 est
433 5275 487 5331 in
514 5275 876 5332 Kalendarum
904 5278 1093 5334 diebus
1131 5294 1225 5336 seu
1255 5278 1789 5348 Anuiversariorum,
1825 5300 1909 5339 re-

320 5367 525 5433 colunt,
552 5368 788 5437 ﬁgurant
821 5370 909 5426 illa
948 5370 1121 5427 oﬁicia
1156 5373 1520 5440 nocturnalia,
1547 5390 1668 5445 qua:
1698 5376 1753 5429 in
1784 5393 1911 5448 pas-

320 5456 472 5513 sione
511 5458 723 5514 Domini
778 5460 882 5515 rite
936 5462 1301 5518 celebrantur.
1354 5462 1741 5521 Auniversaria
1778 5468 1899 5524 dies

392 5583 419 5614 ι
460 5574 516 5651 ln_
549 5574 883 5651 Enebiridio,
924 5591 1041 5646 cap.
1076 5575 1202 5643 llO;
1253 5585 1307 5633 et
1354 5577 1477 5635 libr.
1531 5578 1598 5634 dc
1635 5578 1776 5635 Cura
1808 5596 1908 5651 pro

320 5646 552 5720 mortuis
579 5648 813 5720 cap.l8_.
1113 5715 1129 5720 _
1226 5719 1231 5720 ί
1808 5646 1825 5651 -
1913 5714 1919 5720 .

396 5714 421 5753 b
462 5714 938 5790 Qt'igencs,_hom.
1110 5715 1305 5782 chit.,
1339 5735 1486 5773 num.
1538 5720 1590 5783 6,
1621 5735 1742 5790 pag.
1778 5720 1903 5782 209,

322 5790 454 5837 tom.
492 5784 529 5838 Il
561 5777 720 5848 Oper.
754 5783 926 5836 Paris.
961 5785 1107 5838 I735.
1293 5777 1304 5782 ⁷
1578 5777 1588 5783 ’
1621 5777 1634 5788 ’
1693 5777 1720 5790 υ
1836 5832 1846 5841 .

395 5869 416 5894 ε
461 5855 647 5911 Distat
705 5853 807 5907 hoc
859 5854 1152 5922 capitulum
1200 5868 1489 5924 separatim
1547 5859 1598 5913 in
1647 5861 1761 5916 cod.
1800 5878 1900 5917 ms.

2021 3354 2242 3424 triginta
2301 3356 2577 3412 continuis
2636 3373 2738 3428 pro
2789 3360 3023 3428 quodam
3082 3365 3348 3420 monacho
3388 3367 3611 3423 nomine

2018 3443 2172 3499 Justo
2222 3443 2377 3517 [Cod.
2416 3444 2535 3501 Vat.
2570 3449 2763 3515 omitt.,
2792 3448 2994 3525 Justo],
3039 3453 3254 3525 sibique
3296 3457 3613 3515 necessario

2018 3536 2248 3599 medico,
2273 3551 2435 3607 quem
2469 3537 2607 3609 ipse,
2635 3540 2705 3596 ob
2728 3542 2907 3599 scelus
2937 3544 3015 3599 rei
3044 3546 3350 3615 peculiaris,
3380 3548 3611 3605 damna-

2018 3636 2192 3692 verat,
2227 3628 2423 3683 missas
2450 3638 2507 3685 et
2530 3632 2809 3688 orationes
2837 3636 3226 3704 percelebrari.
3266 3639 3475 3707 Quibus
3518 3659 3610 3698 ex-

2016 3717 2193 3789 pletis,
2222 3719 2402 3774 divina
2437 3720 2843 3779 manifestatum
2868 3734 2953 3782 est
2984 3729 3338 3796 revelatione,
3366 3749 3611 3790 commu—

2018 3810 2236 3866 nionem
2286 3823 2710 3885 sanctorumque
2756 3818 3076 3875 societatem
3132 3823 3404 3892 recepisse
3452 3824 3609 3899 [Hs.,

2017 3903 2332 3959 societatem
2384 3907 2695 3979 redditam].
2747 3907 2874 3964 Haec
2907 3926 3039 3982 ergo
3062 3912 3341 3969 salutifera
3388 3915 3613 3972 inolevit

2017 3996 2369 4059 consuetudo,
2405 4005 2464 4050 ut
2508 3998 2787 4069 trigesima
2815 3999 2934 4055 dies
2976 4000 3354 4059 defunctorum
3402 4006 3612 4065 devotis

2016 4085 2432 4157 frequententur
2486 4089 2697 4146 ciliciis.
2757 4102 2780 4130 ο
2831 4091 3151 4164 [Possumus
3203 4096 3368 4151 etiam
3423 4107 3481 4154 et
3524 4101 3613 4156 hic

2016 4180 2357 4236 auctoritatis
2394 4180 2597 4251 aliquid
2625 4182 2906 4250 adhibere,
2944 4201 3069 4240 nam
3102 4186 3265 4259 515.
3286 4187 3473 4245 Aaron
3501 4192 3609 4262 pri-

2016 4287 2164 4326 mum
2216 4273 2562 4328 sacerdotum
2618 4274 2841 4345 triginta
2891 4276 3082 4333 diebus
3152 4278 3349 4351 legitur
3395 4281 3611 4339 flevisse

2015 4364 2244 4434 populus
2292 4364 2483 4437 (Nam.
2510 4382 2602 4433 xx,
2629 4366 2769 4442 50).]
2830 4367 2971 4425 Sunt
3015 4371 3109 4443 qui
3156 4372 3345 4429 dicunt
3385 4375 3494 4432 hoc
3523 4378 3610 4450 agi

2014 4472 2115 4527 pro
2158 4456 2492 4527 perfectione
2540 4460 2817 4516 tricenarii
2870 4465 3082 4519 numeri
3128 4482 3296 4522 :nam
3342 4467 3609 4525 Dominus

2015 4547 2239 4620 triginta
2284 4564 2551 4605 annorum
2602 4559 2765 4607 astate
2816 4553 3124 4624 baptizatus
3166 4567 3268 4613 est.
3323 4560 3393 4616 Et
3433 4560 3609 4618 David

2016 4640 2238 4711 triginta
2292 4656 2559 4697 annorum
2587 4684 2603 4710 ,
2661 4645 2815 4717 regni
2869 4650 3106 4718 suscepit
3155 4652 3603 4723 gubernaculum.

2011 4732 2254 4789 Primum
2279 4734 2446 4790 etiam
2472 4735 2780 4805 hominem,
2812 4738 2867 4793 in
2895 4740 3116 4811 triginta
3144 4758 3411 4801 annorum
3443 4756 3605 4803 aetate

2012 4834 2255 4882 creatum
2305 4826 2560 4883 doctores
2609 4838 2881 4896 asserunt,
2932 4840 2989 4887 et
3032 4840 3220 4889 nostra
3271 4849 3507 4908 corpora
3552 4840 3607 4893 in

2012 4933 2325 4974 mensuram
2368 4920 2549 4975 aetatis
2579 4919 2933 4990 plenitudinis
2977 4920 3205 4992 Christi,
3242 4928 3521 4985 credimus
3553 4939 3608 4986 et

2013 5027 2296 5083 speramus
2330 5022 2739 5069 resurrectura:
2766 5015 3040 5088 multaque
3068 5027 3286 5075 exstant
3306 5021 3411 5077 alia
3447 5022 3608 5094 hujus

2013 5102 2091 5157 rei
2122 5102 2399 5174 mysteria.
2441 5102 2763 5160 Celebratur
2798 5121 2930 5178 ergo
2973 5107 3091 5165 dies
3119 5111 3420 5182 tricesima,
3456 5126 3518 5170 ut
3551 5119 3605 5172 in

2011 5194 2192 5248 anima
2232 5194 2655 5265 incorruptionis
2699 5197 3288 5269 renoveturjuventus,
3321 5216 3378 5261 et
3406 5222 3606 5279 corpus

2011 5287 2155 5357 quod
2201 5286 2256 5341 in
2302 5286 2605 5342 humilitate
2648 5288 2918 5359 sepultum
2968 5289 3184 5359 fuerat,
3240 5309 3493 5369 resurgat
3548 5303 3604 5356 in

2012 5378 2205 5448 gloria,
2244 5378 2635 5451 conﬁguratum
2682 5382 2895 5453 corpori
2928 5382 3192 5442 claritatis
3221 5386 3425 5446 Christi
3449 5390 3605 5463 (Phi—

2015 5470 2105 5542 lip.
2133 5487 2214 5536 ιιι,
2238 5470 2352 5543 21).

2018 5584 2277 5640 Vaticano
2323 5584 2486 5647 5850.
2531 5596 2653 5655 post
2683 5583 2968 5642 Orationes
3010 5587 3187 5645 Albini
3240 5594 3307 5646 ad
3339 5593 3509 5650 Deum
3548 5608 3606 5652 ct

2016 5655 2308 5723 apostolos,
2325 5670 2459 5724 quas
2481 5655 2730 5736 dedimus
2756 5672 2917 5738 supra
2941 5657 3045 5711 col.
3079 5660 3215 5714 1027
3242 5664 3388 5719 inter
3415 5666 3599 5723 dubia.

2083 5724 2107 5762 ἀ
2151 5726 2207 5780 S.
2236 5723 2396 5785 Grca.
2443 5726 2507 5779 Μ.
2538 5726 2662 5780 libr.
2694 5742 2745 5781 Iv
2778 5726 2916 5782 Dial.
2957 5744 3075 5785 can.

2196 5766 2207 5777 .
2236 5743 2396 5797 ιιι-(ξε.
2443 5743 2507 5779 Μ.
2539 5743 2665 5798 nur.
2694 5743 2745 5798 tv
2778 5743 2916 5782 mal.
2957 5744 3075 5798 cap.
3101 5743 3189 5785 35.

2020 5865 2055 5919 γ
2092 5806 2113 5831 ο
2154 5798 2282 5863 Qua‘
2321 5796 2529 5851 uncinis
2568 5796 2935 5863 includuntur,
2974 5796 3170 5857 cutissa
3216 5815 3337 5862 sunt
3386 5808 3439 5863 in
3475 5809 3599 5865 cod.

2064 5874 2137 5919 at.

2064 5874 2137 5921 at.
