  <div class='ocr_page' id='page_1' title='image "/cluster/home/n/w/nwhite01/storage/ocr_20150623/101/hvd.32044054759683/646.png"; bbox 0 0 3914 6178; ppageno 0'>
   <div class='ocr_carea' id='block_1_1' title="bbox 285 249 410 304">
    <p class='ocr_par' dir='ltr' id='par_1_1' title="bbox 285 249 410 304">
     <span class='ocr_line' id='line_1_1' title="bbox 285 249 410 304; baseline 0.008 -2"><span class='ocrx_word' id='word_1_1' title='bbox 285 249 410 304; x_wconf 70' lang='grc'><strong>1281</strong></span> 
     </span>
    </p>
   </div>
   <div class='ocr_carea' id='block_1_2' title="bbox 889 363 1260 419">
    <p class='ocr_par' dir='ltr' id='par_1_2' title="bbox 889 363 1260 419">
     <span class='ocr_line' id='line_1_2' title="bbox 889 363 1260 419; baseline -0.003 -1"><span class='ocrx_word' id='word_1_2' title='bbox 889 363 1114 419; x_wconf 81' lang='lat' dir='ltr'><strong>CAPUT</strong></span> <span class='ocrx_word' id='word_1_3' title='bbox 1152 363 1260 418; x_wconf 71' lang='grc' dir='ltr'><strong>ιιι.</strong></span> 
     </span>
    </p>
   </div>
   <div class='ocr_carea' id='block_1_3' title="bbox 708 465 1436 510">
    <p class='ocr_par' dir='ltr' id='par_1_3' title="bbox 708 465 1436 510">
     <span class='ocr_line' id='line_1_3' title="bbox 708 465 1436 510; baseline 0.001 -3"><span class='ocrx_word' id='word_1_4' title='bbox 708 465 730 492; x_wconf 76' lang='grc'><strong><em>⁸</em></strong></span> <span class='ocrx_word' id='word_1_5' title='bbox 763 469 827 507; x_wconf 77' lang='lat' dir='ltr'><strong>DE</strong></span> <span class='ocrx_word' id='word_1_6' title='bbox 864 469 1012 510; x_wconf 65' lang='lat' dir='ltr'><strong>IISSA</strong></span> <span class='ocrx_word' id='word_1_7' title='bbox 1052 469 1436 510; x_wconf 68' lang='lat' dir='ltr'><strong>INKOCENTIUI.</strong></span> 
     </span>
    </p>
   </div>
   <div class='ocr_carea' id='block_1_4' title="bbox 354 543 1860 616">
    <p class='ocr_par' dir='ltr' id='par_1_4' title="bbox 354 543 1860 616">
     <span class='ocr_line' id='line_1_4' title="bbox 354 543 1860 616; baseline 0.001 -18"><span class='ocrx_word' id='word_1_8' title='bbox 354 544 429 599; x_wconf 91' lang='lat' dir='ltr'><strong>Dc</strong></span> <span class='ocrx_word' id='word_1_9' title='bbox 459 544 620 599; x_wconf 78' lang='lat' dir='ltr'><strong>missa</strong></span> <span class='ocrx_word' id='word_1_10' title='bbox 655 543 1026 600; x_wconf 84' lang='lat' dir='ltr'><strong>Innocentium</strong></span> <span class='ocrx_word' id='word_1_11' title='bbox 1055 545 1458 616; x_wconf 87' lang='lat' dir='ltr'><strong>particulariter</strong></span> <span class='ocrx_word' id='word_1_12' title='bbox 1508 545 1562 599; x_wconf 90' lang='lat' dir='ltr'><strong>in</strong></span> <span class='ocrx_word' id='word_1_13' title='bbox 1593 545 1860 614; x_wconf 87' lang='lat' dir='ltr'><strong>Antipho-</strong></span> 
     </span>
    </p>
   </div>
   <div class='ocr_carea' id='block_1_5' title="bbox 282 632 1861 699">
    <p class='ocr_par' dir='ltr' id='par_1_5' title="bbox 282 632 1861 699">
     <span class='ocr_line' id='line_1_5' title="bbox 282 632 1861 699; baseline 0 -11"><span class='ocrx_word' id='word_1_14' title='bbox 282 634 437 689; x_wconf 85' lang='lat' dir='ltr'><strong>nario</strong></span> <span class='ocrx_word' id='word_1_15' title='bbox 463 635 581 690; x_wconf 87' lang='lat' dir='ltr'><strong>sic:</strong></span> <span class='ocrx_word' id='word_1_16' title='bbox 615 632 798 689; x_wconf 77' lang='lat' dir='ltr'><strong>Gloria</strong></span> <span class='ocrx_word' id='word_1_17' title='bbox 837 636 892 689; x_wconf 88' lang='lat' dir='ltr'><strong>in</strong></span> <span class='ocrx_word' id='word_1_18' title='bbox 925 634 1142 689; x_wconf 74' lang='lat' dir='ltr'><strong>excelsis</strong></span> <span class='ocrx_word' id='word_1_19' title='bbox 1173 635 1284 689; x_wconf 87' lang='lat' dir='ltr'><strong>Deo</strong></span> <span class='ocrx_word' id='word_1_20' title='bbox 1312 651 1420 690; x_wconf 88' lang='lat' dir='ltr'><strong>non</strong></span> <span class='ocrx_word' id='word_1_21' title='bbox 1454 643 1729 699; x_wconf 87' lang='lat' dir='ltr'><strong>cantatur,</strong></span> <span class='ocrx_word' id='word_1_22' title='bbox 1760 649 1861 688; x_wconf 63' lang='lat' dir='ltr'><strong>nec</strong></span> 
     </span>
    </p>
   </div>
   <div class='ocr_carea' id='block_1_6' title="bbox 282 727 1855 800">
    <p class='ocr_par' dir='ltr' id='par_1_6' title="bbox 282 727 1855 800">
     <span class='ocr_line' id='line_1_6' title="bbox 282 727 1855 800; baseline -0.001 -17"><span class='ocrx_word' id='word_1_23' title='bbox 282 728 532 793; x_wconf 80' lang='lat' dir='ltr'><strong>Alleluia,</strong></span> <span class='ocrx_word' id='word_1_24' title='bbox 563 729 658 784; x_wconf 92' lang='lat' dir='ltr'><strong>sed</strong></span> <span class='ocrx_word' id='word_1_25' title='bbox 685 729 840 800; x_wconf 87' lang='lat' dir='ltr'><strong>quasi</strong></span> <span class='ocrx_word' id='word_1_26' title='bbox 889 730 946 783; x_wconf 91' lang='lat' dir='ltr'><strong>in</strong></span> <span class='ocrx_word' id='word_1_27' title='bbox 990 729 1209 784; x_wconf 71' lang='lat' dir='ltr'><strong>tristitia</strong></span> <span class='ocrx_word' id='word_1_28' title='bbox 1253 728 1541 784; x_wconf 85' lang='lat' dir='ltr'><strong>deducitur</strong></span> <span class='ocrx_word' id='word_1_29' title='bbox 1586 729 1703 783; x_wconf 90' lang='lat' dir='ltr'><strong>dies</strong></span> <span class='ocrx_word' id='word_1_30' title='bbox 1748 727 1855 782; x_wconf 88' lang='lat' dir='ltr'><strong>ille.</strong></span> 
     </span>
    </p>
   </div>
   <div class='ocr_carea' id='block_1_7' title="bbox 280 816 1858 889">
    <p class='ocr_par' dir='ltr' id='par_1_7' title="bbox 280 816 1858 889">
     <span class='ocr_line' id='line_1_7' title="bbox 280 816 1858 889; baseline -0.002 -15"><span class='ocrx_word' id='word_1_31' title='bbox 280 820 620 889; x_wconf 82' lang='lat' dir='ltr'><strong>Compositor</strong></span> <span class='ocrx_word' id='word_1_32' title='bbox 643 819 803 875; x_wconf 76' lang='lat' dir='ltr'><strong>cilicii</strong></span> <span class='ocrx_word' id='word_1_33' title='bbox 823 820 1108 889; x_wconf 65' lang='lat' dir='ltr'><strong>praesentis</strong></span> <span class='ocrx_word' id='word_1_34' title='bbox 1137 819 1542 875; x_wconf 86' lang='lat' dir='ltr'><strong>Innocentium:</strong></span> <span class='ocrx_word' id='word_1_35' title='bbox 1573 816 1858 872; x_wconf 77' lang='lat' dir='ltr'><strong>Voluerunt</strong></span> 
     </span>
    </p>
   </div>
   <div class='ocr_carea' id='block_1_8' title="bbox 280 910 1858 982">
    <p class='ocr_par' dir='ltr' id='par_1_8' title="bbox 280 910 1858 982">
     <span class='ocr_line' id='line_1_8' title="bbox 280 910 1858 982; baseline -0.001 -16"><span class='ocrx_word' id='word_1_36' title='bbox 280 922 335 966; x_wconf 91' lang='lat' dir='ltr'><strong>ct</strong></span> <span class='ocrx_word' id='word_1_37' title='bbox 359 911 876 982; x_wconf 58' lang='lat' dir='ltr'><strong>planxeruntmicut</strong></span> <span class='ocrx_word' id='word_1_38' title='bbox 919 919 1136 980; x_wconf 80' lang='lat' dir='ltr'><strong>separat</strong></span> <span class='ocrx_word' id='word_1_39' title='bbox 1181 927 1280 967; x_wconf 90' lang='lat' dir='ltr'><strong>nos</strong></span> <span class='ocrx_word' id='word_1_40' title='bbox 1318 912 1389 966; x_wconf 90' lang='lat' dir='ltr'><strong>ab</strong></span> <span class='ocrx_word' id='word_1_41' title='bbox 1422 919 1548 967; x_wconf 86' lang='lat' dir='ltr'><strong>actu</strong></span> <span class='ocrx_word' id='word_1_42' title='bbox 1591 910 1858 965; x_wconf 89' lang='lat' dir='ltr'><strong>malorum</strong></span> 
     </span>
    </p>
   </div>
   <div class='ocr_carea' id='block_1_9' title="bbox 279 992 1859 1071">
    <p class='ocr_par' dir='ltr' id='par_1_9' title="bbox 279 992 1859 1071">
     <span class='ocr_line' id='line_1_9' title="bbox 279 992 1859 1071; baseline 0.001 -13"><span class='ocrx_word' id='word_1_43' title='bbox 279 1002 586 1060; x_wconf 74' lang='lat' dir='ltr'><strong>Judznorum</strong></span> <span class='ocrx_word' id='word_1_44' title='bbox 637 1004 692 1059; x_wconf 91' lang='lat' dir='ltr'><strong>in</strong></span> <span class='ocrx_word' id='word_1_45' title='bbox 715 1002 880 1060; x_wconf 85' lang='lat' dir='ltr'><strong>Coena</strong></span> <span class='ocrx_word' id='word_1_46' title='bbox 911 992 1298 1071; x_wconf 47' lang='lat' dir='ltr'><strong>Domini,&#39;sive</strong></span> <span class='ocrx_word' id='word_1_47' title='bbox 1332 1006 1388 1061; x_wconf 93' lang='lat' dir='ltr'><strong>in</strong></span> <span class='ocrx_word' id='word_1_48' title='bbox 1412 1005 1732 1071; x_wconf 80' lang='lat' dir='ltr'><strong>Parasceve,</strong></span> <span class='ocrx_word' id='word_1_49' title='bbox 1764 1019 1859 1060; x_wconf 89' lang='lat' dir='ltr'><strong>seu</strong></span> 
     </span>
    </p>
   </div>
   <div class='ocr_carea' id='block_1_10' title="bbox 282 1096 1859 1164">
    <p class='ocr_par' dir='ltr' id='par_1_10' title="bbox 282 1096 1859 1164">
     <span class='ocr_line' id='line_1_10' title="bbox 282 1096 1859 1164; baseline 0.002 -14"><span class='ocrx_word' id='word_1_50' title='bbox 282 1098 334 1151; x_wconf 89' lang='lat' dir='ltr'><strong>in</strong></span> <span class='ocrx_word' id='word_1_51' title='bbox 383 1096 620 1152; x_wconf 89' lang='lat' dir='ltr'><strong>Sabbato</strong></span> <span class='ocrx_word' id='word_1_52' title='bbox 673 1105 883 1164; x_wconf 90' lang='lat' dir='ltr'><strong>sancto,</strong></span> <span class='ocrx_word' id='word_1_53' title='bbox 925 1098 1226 1154; x_wconf 87' lang='lat' dir='ltr'><strong>omittendo</strong></span> <span class='ocrx_word' id='word_1_54' title='bbox 1269 1099 1454 1155; x_wconf 87' lang='lat' dir='ltr'><strong>oscula</strong></span> <span class='ocrx_word' id='word_1_55' title='bbox 1505 1098 1622 1154; x_wconf 93' lang='lat' dir='ltr'><strong>sive</strong></span> <span class='ocrx_word' id='word_1_56' title='bbox 1661 1107 1859 1155; x_wconf 62' lang='lat' dir='ltr'><strong>cetera</strong></span> 
     </span>
    </p>
   </div>
   <div class='ocr_carea' id='block_1_11' title="bbox 281 1191 1858 1263">
    <p class='ocr_par' dir='ltr' id='par_1_11' title="bbox 281 1191 1858 1263">
     <span class='ocr_line' id='line_1_11' title="bbox 281 1191 1858 1263; baseline 0.004 -19"><span class='ocrx_word' id='word_1_57' title='bbox 281 1198 559 1256; x_wconf 89' lang='lat' dir='ltr'><strong>consueta,</strong></span> <span class='ocrx_word' id='word_1_58' title='bbox 590 1191 668 1246; x_wconf 89' lang='lat' dir='ltr'><strong>sic</strong></span> <span class='ocrx_word' id='word_1_59' title='bbox 691 1191 971 1262; x_wconf 71' lang='lat' dir='ltr'><strong>coniungit</strong></span> <span class='ocrx_word' id='word_1_60' title='bbox 998 1193 1051 1248; x_wconf 92' lang='lat' dir='ltr'><strong>in</strong></span> <span class='ocrx_word' id='word_1_61' title='bbox 1077 1195 1332 1263; x_wconf 69' lang='lat' dir='ltr'><strong>prmsenti</strong></span> <span class='ocrx_word' id='word_1_62' title='bbox 1362 1194 1660 1251; x_wconf 78' lang='lat' dir='ltr'><strong>festivitate</strong></span> <span class='ocrx_word' id='word_1_63' title='bbox 1685 1195 1858 1250; x_wconf 89' lang='lat' dir='ltr'><strong>dolori</strong></span> 
     </span>
    </p>
   </div>
   <div class='ocr_carea' id='block_1_12' title="bbox 281 1279 1862 1341">
    <p class='ocr_par' dir='ltr' id='par_1_12' title="bbox 281 1279 1862 1341">
     <span class='ocr_line' id='line_1_12' title="bbox 281 1279 1862 1341; baseline 0.004 -8"><span class='ocrx_word' id='word_1_64' title='bbox 281 1279 594 1335; x_wconf 89' lang='lat' dir='ltr'><strong>devotarum</strong></span> <span class='ocrx_word' id='word_1_65' title='bbox 621 1279 965 1336; x_wconf 82' lang='lat' dir='ltr'><strong>feminarum.</strong></span> <span class='ocrx_word' id='word_1_66' title='bbox 995 1281 1168 1339; x_wconf 85' lang='lat' dir='ltr'><strong>Causa</strong></span> <span class='ocrx_word' id='word_1_67' title='bbox 1201 1298 1392 1339; x_wconf 89' lang='lat' dir='ltr'><strong>earum</strong></span> <span class='ocrx_word' id='word_1_68' title='bbox 1431 1284 1666 1340; x_wconf 72' lang='lat' dir='ltr'><strong>tristitie</strong></span> <span class='ocrx_word' id='word_1_69' title='bbox 1701 1285 1862 1341; x_wconf 88' lang='lat' dir='ltr'><strong>omit-</strong></span> 
     </span>
    </p>
   </div>
   <div class='ocr_carea' id='block_1_13' title="bbox 283 1370 1503 1440">
    <p class='ocr_par' dir='ltr' id='par_1_13' title="bbox 283 1370 1503 1440">
     <span class='ocr_line' id='line_1_13' title="bbox 283 1370 1503 1440; baseline 0.004 -16"><span class='ocrx_word' id='word_1_70' title='bbox 283 1371 464 1437; x_wconf 87' lang='lat' dir='ltr'><strong>timus,</strong></span> <span class='ocrx_word' id='word_1_71' title='bbox 496 1370 680 1426; x_wconf 83' lang='lat' dir='ltr'><strong>Cloria</strong></span> <span class='ocrx_word' id='word_1_72' title='bbox 709 1373 763 1426; x_wconf 88' lang='lat' dir='ltr'><strong>in</strong></span> <span class='ocrx_word' id='word_1_73' title='bbox 785 1372 1002 1429; x_wconf 74' lang='lat' dir='ltr'><strong>excelsis</strong></span> <span class='ocrx_word' id='word_1_74' title='bbox 1021 1373 1152 1440; x_wconf 89' lang='lat' dir='ltr'><strong>Deo,</strong></span> <span class='ocrx_word' id='word_1_75' title='bbox 1175 1383 1232 1431; x_wconf 88' lang='lat' dir='ltr'><strong>et</strong></span> <span class='ocrx_word' id='word_1_76' title='bbox 1255 1374 1503 1430; x_wconf 82' lang='lat' dir='ltr'><strong><em>Alleluia.</em></strong></span> 
     </span>
    </p>
   </div>
   <div class='ocr_carea' id='block_1_14' title="bbox 876 1487 1271 1544">
    <p class='ocr_par' dir='ltr' id='par_1_14' title="bbox 876 1487 1271 1544">
     <span class='ocr_line' id='line_1_14' title="bbox 876 1487 1271 1544; baseline 0 -1"><span class='ocrx_word' id='word_1_77' title='bbox 876 1487 1106 1544; x_wconf 81' lang='lat' dir='ltr'><strong>CAPUT</strong></span> <span class='ocrx_word' id='word_1_78' title='bbox 1141 1487 1271 1543; x_wconf 91' lang='lat' dir='ltr'><strong>Llll.</strong></span> 
     </span>
    </p>
   </div>
   <div class='ocr_carea' id='block_1_15' title="bbox 281 1571 1860 1624">
    <p class='ocr_par' dir='ltr' id='par_1_15' title="bbox 281 1571 1860 1624">
     <span class='ocr_line' id='line_1_15' title="bbox 281 1571 1860 1624; baseline 0.003 -16"><span class='ocrx_word' id='word_1_79' title='bbox 281 1571 344 1609; x_wconf 82' lang='lat' dir='ltr'><strong>DE</strong></span> <span class='ocrx_word' id='word_1_80' title='bbox 384 1571 485 1612; x_wconf 76' lang='grc' dir='ltr'><strong>ιιοε</strong></span> <span class='ocrx_word' id='word_1_81' title='bbox 521 1571 626 1612; x_wconf 75' lang='grc' dir='ltr'><strong>ουιι</strong></span> <span class='ocrx_word' id='word_1_82' title='bbox 665 1572 916 1613; x_wconf 71' lang='lat' dir='ltr'><strong>IAGISTRI</strong></span> <span class='ocrx_word' id='word_1_83' title='bbox 954 1573 1219 1614; x_wconf 65' lang='grc' dir='ltr'><strong>εεοιεειε</strong></span> <span class='ocrx_word' id='word_1_84' title='bbox 1266 1575 1686 1624; x_wconf 59' lang='grc' dir='ltr'><strong>ρυλιιιιλοεδιιιλε</strong></span> <span class='ocrx_word' id='word_1_85' title='bbox 1727 1575 1860 1614; x_wconf 74' lang='grc' dir='ltr'><strong>τειι-</strong></span> 
     </span>
    </p>
   </div>
   <div class='ocr_carea' id='block_1_16' title="bbox 353 1661 1860 1706">
    <p class='ocr_par' dir='ltr' id='par_1_16' title="bbox 353 1661 1860 1706">
     <span class='ocr_line' id='line_1_16' title="bbox 353 1661 1860 1706; baseline 0.003 -7"><span class='ocrx_word' id='word_1_86' title='bbox 353 1661 447 1700; x_wconf 72' lang='grc' dir='ltr'><strong>ιιυε</strong></span> <span class='ocrx_word' id='word_1_87' title='bbox 482 1661 622 1701; x_wconf 74' lang='lat' dir='ltr'><strong>ANTE</strong></span> <span class='ocrx_word' id='word_1_88' title='bbox 659 1662 846 1704; x_wconf 63' lang='lat' dir='ltr'><strong>DOIINI</strong></span> <span class='ocrx_word' id='word_1_89' title='bbox 884 1664 1167 1704; x_wconf 69' lang='lat' dir='ltr'><strong>PASSIONEI</strong></span> <span class='ocrx_word' id='word_1_90' title='bbox 1201 1665 1580 1706; x_wconf 68' lang='grc' dir='ltr'><strong>οιιειῑιινικιιυιι</strong></span> <span class='ocrx_word' id='word_1_91' title='bbox 1619 1666 1860 1706; x_wconf 73' lang='grc' dir='ltr'><strong>δτΑτιιε-</strong></span> 
     </span>
    </p>
   </div>
   <div class='ocr_carea' id='block_1_17' title="bbox 353 1751 518 1790">
    <p class='ocr_par' dir='ltr' id='par_1_17' title="bbox 353 1751 518 1790">
     <span class='ocr_line' id='line_1_17' title="bbox 353 1751 518 1790; baseline 0.012 -2"><span class='ocrx_word' id='word_1_92' title='bbox 353 1751 518 1790; x_wconf 74' lang='lat' dir='ltr'><strong>RUN&#39;I‘.</strong></span> 
     </span>
    </p>
   </div>
   <div class='ocr_carea' id='block_1_18' title="bbox 350 1827 1858 1901">
    <p class='ocr_par' dir='ltr' id='par_1_18' title="bbox 350 1827 1858 1901">
     <span class='ocr_line' id='line_1_18' title="bbox 350 1827 1858 1901; baseline 0.001 -19"><span class='ocrx_word' id='word_1_93' title='bbox 350 1827 597 1899; x_wconf 88' lang='lat' dir='ltr'><strong>Congrua</strong></span> <span class='ocrx_word' id='word_1_94' title='bbox 635 1837 818 1885; x_wconf 88' lang='lat' dir='ltr'><strong>autem</strong></span> <span class='ocrx_word' id='word_1_95' title='bbox 871 1831 1079 1886; x_wconf 84' lang='lat' dir='ltr'><strong>ratione</strong></span> <span class='ocrx_word' id='word_1_96' title='bbox 1127 1831 1372 1901; x_wconf 75' lang='lat' dir='ltr'><strong>magistri</strong></span> <span class='ocrx_word' id='word_1_97' title='bbox 1417 1829 1674 1886; x_wconf 72' lang='lat' dir='ltr'><strong>Ecclesiae</strong></span> <span class='ocrx_word' id='word_1_98' title='bbox 1708 1828 1858 1896; x_wconf 84' lang='lat' dir='ltr'><strong>Qua-</strong></span> 
     </span>
    </p>
   </div>
   <div class='ocr_carea' id='block_1_19' title="bbox 280 1920 1861 1994">
    <p class='ocr_par' dir='ltr' id='par_1_19' title="bbox 280 1920 1861 1994">
     <span class='ocr_line' id='line_1_19' title="bbox 280 1920 1861 1994; baseline 0.001 -19"><span class='ocrx_word' id='word_1_99' title='bbox 280 1920 598 1992; x_wconf 73' lang='lat' dir='ltr'><strong>dragesima:</strong></span> <span class='ocrx_word' id='word_1_100' title='bbox 627 1931 838 1994; x_wconf 82' lang='lat' dir='ltr'><strong>tempus</strong></span> <span class='ocrx_word' id='word_1_101' title='bbox 858 1930 984 1978; x_wconf 85' lang='lat' dir='ltr'><strong>ante</strong></span> <span class='ocrx_word' id='word_1_102' title='bbox 1009 1923 1220 1978; x_wconf 85' lang='lat' dir='ltr'><strong>Domini</strong></span> <span class='ocrx_word' id='word_1_103' title='bbox 1241 1924 1550 1994; x_wconf 85' lang='lat' dir='ltr'><strong>passionem</strong></span> <span class='ocrx_word' id='word_1_104' title='bbox 1568 1923 1861 1978; x_wconf 83' lang='lat' dir='ltr'><strong>observan-</strong></span> 
     </span>
    </p>
   </div>
   <div class='ocr_carea' id='block_1_20' title="bbox 281 2013 1862 2089">
    <p class='ocr_par' dir='ltr' id='par_1_20' title="bbox 281 2013 1862 2089">
     <span class='ocr_line' id='line_1_20' title="bbox 281 2013 1862 2089; baseline 0.001 -22"><span class='ocrx_word' id='word_1_105' title='bbox 281 2013 407 2068; x_wconf 89' lang='lat' dir='ltr'><strong>dum</strong></span> <span class='ocrx_word' id='word_1_106' title='bbox 437 2028 557 2069; x_wconf 91' lang='lat' dir='ltr'><strong>esse</strong></span> <span class='ocrx_word' id='word_1_107' title='bbox 585 2022 911 2081; x_wconf 90' lang='lat' dir='ltr'><strong>statuerunt,</strong></span> <span class='ocrx_word' id='word_1_108' title='bbox 958 2024 1021 2070; x_wconf 89' lang='lat' dir='ltr'><strong>ut</strong></span> <span class='ocrx_word' id='word_1_109' title='bbox 1058 2016 1421 2089; x_wconf 78' lang='lat' dir='ltr'><strong>intelligamus</strong></span> <span class='ocrx_word' id='word_1_110' title='bbox 1453 2017 1580 2086; x_wconf 89' lang='lat' dir='ltr'><strong>quia</strong></span> <span class='ocrx_word' id='word_1_111' title='bbox 1625 2029 1862 2085; x_wconf 60' lang='lat' dir='ltr'><strong>praisen-</strong></span> 
     </span>
    </p>
   </div>
   <div class='ocr_carea' id='block_1_21' title="bbox 281 2105 1860 2177">
    <p class='ocr_par' dir='ltr' id='par_1_21' title="bbox 281 2105 1860 2177">
     <span class='ocr_line' id='line_1_21' title="bbox 281 2105 1860 2177; baseline -0.001 -15"><span class='ocrx_word' id='word_1_112' title='bbox 281 2107 352 2163; x_wconf 89' lang='lat' dir='ltr'><strong>tis</strong></span> <span class='ocrx_word' id='word_1_113' title='bbox 382 2107 506 2163; x_wconf 78' lang='lat' dir='ltr'><strong>vitae</strong></span> <span class='ocrx_word' id='word_1_114' title='bbox 529 2107 748 2164; x_wconf 83' lang='lat' dir='ltr'><strong>atllictio</strong></span> <span class='ocrx_word' id='word_1_115' title='bbox 786 2108 1250 2165; x_wconf 87' lang='lat' dir='ltr'><strong>immortalitatem</strong></span> <span class='ocrx_word' id='word_1_116' title='bbox 1294 2107 1530 2164; x_wconf 88' lang='lat' dir='ltr'><strong>futuram</strong></span> <span class='ocrx_word' id='word_1_117' title='bbox 1563 2107 1730 2177; x_wconf 88' lang='lat' dir='ltr'><strong>parit.</strong></span> <span class='ocrx_word' id='word_1_118' title='bbox 1776 2105 1860 2161; x_wconf 78' lang='lat' dir='ltr'><strong>Ad</strong></span> 
     </span>
    </p>
   </div>
   <div class='ocr_carea' id='block_1_22' title="bbox 280 2200 1862 2271">
    <p class='ocr_par' dir='ltr' id='par_1_22' title="bbox 280 2200 1862 2271">
     <span class='ocr_line' id='line_1_22' title="bbox 280 2200 1862 2271; baseline 0 -18"><span class='ocrx_word' id='word_1_119' title='bbox 280 2215 442 2270; x_wconf 90' lang='lat' dir='ltr'><strong>quam</strong></span> <span class='ocrx_word' id='word_1_120' title='bbox 493 2215 606 2256; x_wconf 90' lang='lat' dir='ltr'><strong>rem</strong></span> <span class='ocrx_word' id='word_1_121' title='bbox 639 2200 1070 2256; x_wconf 90' lang='lat' dir='ltr'><strong>conﬁrmandum</strong></span> <span class='ocrx_word' id='word_1_122' title='bbox 1116 2202 1232 2270; x_wconf 88' lang='lat' dir='ltr'><strong>ipse</strong></span> <span class='ocrx_word' id='word_1_123' title='bbox 1260 2201 1558 2266; x_wconf 87' lang='lat' dir='ltr'><strong>Dominus,</strong></span> <span class='ocrx_word' id='word_1_124' title='bbox 1588 2201 1682 2271; x_wconf 89' lang='lat' dir='ltr'><strong>qui</strong></span> <span class='ocrx_word' id='word_1_125' title='bbox 1727 2215 1862 2270; x_wconf 89' lang='lat' dir='ltr'><strong>qua—</strong></span> 
     </span>
    </p>
   </div>
   <div class='ocr_carea' id='block_1_23' title="bbox 281 2288 1862 2362">
    <p class='ocr_par' dir='ltr' id='par_1_23' title="bbox 281 2288 1862 2362">
     <span class='ocr_line' id='line_1_23' title="bbox 281 2288 1862 2362; baseline 0.003 -20"><span class='ocrx_word' id='word_1_126' title='bbox 281 2288 527 2360; x_wconf 88' lang='lat' dir='ltr'><strong>draginta</strong></span> <span class='ocrx_word' id='word_1_127' title='bbox 557 2289 746 2344; x_wconf 91' lang='lat' dir='ltr'><strong>diebus</strong></span> <span class='ocrx_word' id='word_1_128' title='bbox 787 2298 913 2344; x_wconf 85' lang='lat' dir='ltr'><strong>ante</strong></span> <span class='ocrx_word' id='word_1_129' title='bbox 937 2291 1242 2361; x_wconf 88' lang='lat' dir='ltr'><strong>passionem</strong></span> <span class='ocrx_word' id='word_1_130' title='bbox 1283 2289 1580 2360; x_wconf 81' lang='lat' dir='ltr'><strong>jejunavit,</strong></span> <span class='ocrx_word' id='word_1_131' title='bbox 1625 2291 1862 2362; x_wconf 79' lang='lat' dir='ltr'><strong>quadra-</strong></span> 
     </span>
    </p>
   </div>
   <div class='ocr_carea' id='block_1_24' title="bbox 281 2379 1862 2452">
    <p class='ocr_par' dir='ltr' id='par_1_24' title="bbox 281 2379 1862 2452">
     <span class='ocr_line' id='line_1_24' title="bbox 281 2379 1862 2452; baseline 0.002 -19"><span class='ocrx_word' id='word_1_132' title='bbox 281 2379 426 2447; x_wconf 78' lang='lat' dir='ltr'><strong>ginta</strong></span> <span class='ocrx_word' id='word_1_133' title='bbox 458 2380 618 2434; x_wconf 88' lang='lat' dir='ltr'><strong>etiam</strong></span> <span class='ocrx_word' id='word_1_134' title='bbox 646 2388 769 2449; x_wconf 88' lang='lat' dir='ltr'><strong>post</strong></span> <span class='ocrx_word' id='word_1_135' title='bbox 796 2381 1251 2436; x_wconf 75' lang='lat' dir='ltr'><strong>resurrectionem</strong></span> <span class='ocrx_word' id='word_1_136' title='bbox 1276 2397 1400 2438; x_wconf 91' lang='lat' dir='ltr'><strong>cum</strong></span> <span class='ocrx_word' id='word_1_137' title='bbox 1424 2381 1703 2452; x_wconf 87' lang='lat' dir='ltr'><strong>discipulis</strong></span> <span class='ocrx_word' id='word_1_138' title='bbox 1733 2397 1862 2437; x_wconf 81' lang='lat' dir='ltr'><strong>con-</strong></span> 
     </span>
    </p>
   </div>
   <div class='ocr_carea' id='block_1_25' title="bbox 282 2472 1860 2544">
    <p class='ocr_par' dir='ltr' id='par_1_25' title="bbox 282 2472 1860 2544">
     <span class='ocr_line' id='line_1_25' title="bbox 282 2472 1860 2544; baseline 0.003 -22"><span class='ocrx_word' id='word_1_139' title='bbox 282 2477 527 2526; x_wconf 84' lang='lat' dir='ltr'><strong>versatus</strong></span> <span class='ocrx_word' id='word_1_140' title='bbox 547 2478 630 2524; x_wconf 89' lang='lat' dir='ltr'><strong>est</strong></span> <span class='ocrx_word' id='word_1_141' title='bbox 647 2511 664 2537; x_wconf 92' lang='lat'><strong>,</strong></span> <span class='ocrx_word' id='word_1_142' title='bbox 709 2481 1000 2543; x_wconf 89' lang='lat' dir='ltr'><strong>utrumque</strong></span> <span class='ocrx_word' id='word_1_143' title='bbox 1029 2481 1242 2544; x_wconf 86' lang='lat' dir='ltr'><strong>tempus</strong></span> <span class='ocrx_word' id='word_1_144' title='bbox 1263 2472 1622 2543; x_wconf 75' lang='lat' dir='ltr'><strong>quadraginta</strong></span> <span class='ocrx_word' id='word_1_145' title='bbox 1650 2473 1860 2528; x_wconf 87' lang='lat' dir='ltr'><strong>dierum</strong></span> 
     </span>
    </p>
   </div>
   <div class='ocr_carea' id='block_1_26' title="bbox 284 2561 1860 2635">
    <p class='ocr_par' dir='ltr' id='par_1_26' title="bbox 284 2561 1860 2635">
     <span class='ocr_line' id='line_1_26' title="bbox 284 2561 1860 2635; baseline 0.005 -21"><span class='ocrx_word' id='word_1_146' title='bbox 284 2575 510 2616; x_wconf 91' lang='lat' dir='ltr'><strong>numero</strong></span> <span class='ocrx_word' id='word_1_147' title='bbox 553 2561 847 2632; x_wconf 91' lang='lat' dir='ltr'><strong>complens,</strong></span> <span class='ocrx_word' id='word_1_148' title='bbox 896 2571 958 2618; x_wconf 94' lang='lat' dir='ltr'><strong>ut</strong></span> <span class='ocrx_word' id='word_1_149' title='bbox 999 2565 1314 2621; x_wconf 87' lang='lat' dir='ltr'><strong>ostenderet</strong></span> <span class='ocrx_word' id='word_1_150' title='bbox 1356 2564 1411 2620; x_wconf 91' lang='lat' dir='ltr'><strong>in</strong></span> <span class='ocrx_word' id='word_1_151' title='bbox 1450 2566 1706 2635; x_wconf 70' lang='lat' dir='ltr'><strong>praesenti</strong></span> <span class='ocrx_word' id='word_1_152' title='bbox 1751 2566 1860 2622; x_wconf 90' lang='lat' dir='ltr'><strong>vita</strong></span> 
     </span>
    </p>
   </div>
   <div class='ocr_carea' id='block_1_27' title="bbox 284 2651 1860 2727">
    <p class='ocr_par' dir='ltr' id='par_1_27' title="bbox 284 2651 1860 2727">
     <span class='ocr_line' id='line_1_27' title="bbox 284 2651 1860 2727; baseline 0.004 -21"><span class='ocrx_word' id='word_1_153' title='bbox 284 2661 495 2722; x_wconf 89' lang='lat' dir='ltr'><strong>tempus</strong></span> <span class='ocrx_word' id='word_1_154' title='bbox 524 2666 645 2707; x_wconf 89' lang='lat' dir='ltr'><strong>esse</strong></span> <span class='ocrx_word' id='word_1_155' title='bbox 686 2651 1009 2719; x_wconf 88' lang='lat' dir='ltr'><strong>alllictionis,</strong></span> <span class='ocrx_word' id='word_1_156' title='bbox 1040 2662 1096 2709; x_wconf 92' lang='lat' dir='ltr'><strong>et</strong></span> <span class='ocrx_word' id='word_1_157' title='bbox 1140 2654 1196 2710; x_wconf 91' lang='lat' dir='ltr'><strong>in</strong></span> <span class='ocrx_word' id='word_1_158' title='bbox 1243 2653 1424 2710; x_wconf 86' lang='lat' dir='ltr'><strong>futura</strong></span> <span class='ocrx_word' id='word_1_159' title='bbox 1472 2656 1676 2727; x_wconf 85' lang='lat' dir='ltr'><strong>gaudii.</strong></span> <span class='ocrx_word' id='word_1_160' title='bbox 1724 2655 1860 2713; x_wconf 90' lang='lat' dir='ltr'><strong>Cum</strong></span> 
     </span>
    </p>
   </div>
   <div class='ocr_carea' id='block_1_28' title="bbox 281 2745 1860 2819">
    <p class='ocr_par' dir='ltr' id='par_1_28' title="bbox 281 2745 1860 2819">
     <span class='ocr_line' id='line_1_28' title="bbox 281 2745 1860 2819; baseline 0.003 -19"><span class='ocrx_word' id='word_1_161' title='bbox 281 2745 425 2800; x_wconf 86' lang='lat' dir='ltr'><strong>enim</strong></span> <span class='ocrx_word' id='word_1_162' title='bbox 457 2745 814 2816; x_wconf 84' lang='lat' dir='ltr'><strong>quadraginta</strong></span> <span class='ocrx_word' id='word_1_163' title='bbox 844 2746 1033 2802; x_wconf 89' lang='lat' dir='ltr'><strong>diebus</strong></span> <span class='ocrx_word' id='word_1_164' title='bbox 1067 2755 1193 2802; x_wconf 87' lang='lat' dir='ltr'><strong>ante</strong></span> <span class='ocrx_word' id='word_1_165' title='bbox 1221 2748 1530 2817; x_wconf 84' lang='lat' dir='ltr'><strong>passionem</strong></span> <span class='ocrx_word' id='word_1_166' title='bbox 1565 2747 1860 2819; x_wconf 82' lang='lat' dir='ltr'><strong>jejunaret,</strong></span> 
     </span>
    </p>
   </div>
   <div class='ocr_carea' id='block_1_29' title="bbox 282 2836 1865 2910">
    <p class='ocr_par' dir='ltr' id='par_1_29' title="bbox 282 2836 1865 2910">
     <span class='ocr_line' id='line_1_29' title="bbox 282 2836 1865 2910; baseline 0.003 -18"><span class='ocrx_word' id='word_1_167' title='bbox 282 2837 439 2908; x_wconf 90' lang='lat' dir='ltr'><strong>quasi</strong></span> <span class='ocrx_word' id='word_1_168' title='bbox 486 2836 760 2893; x_wconf 87' lang='lat' dir='ltr'><strong>clamabat</strong></span> <span class='ocrx_word' id='word_1_169' title='bbox 795 2854 809 2890; x_wconf 89' lang='lat'><strong>:</strong></span> <span class='ocrx_word' id='word_1_170' title='bbox 860 2838 981 2893; x_wconf 86' lang='lat' dir='ltr'><strong>Nisi</strong></span> <span class='ocrx_word' id='word_1_171' title='bbox 1011 2839 1368 2909; x_wconf 72' lang='lat' dir='ltr'><strong>pwnitentiarn</strong></span> <span class='ocrx_word' id='word_1_172' title='bbox 1415 2841 1643 2910; x_wconf 82' lang='lat' dir='ltr'><strong>egeritis,</strong></span> <span class='ocrx_word' id='word_1_173' title='bbox 1672 2842 1865 2896; x_wconf 81' lang='lat' dir='ltr'><strong>morie-</strong></span> 
     </span>
    </p>
   </div>
   <div class='ocr_carea' id='block_1_30' title="bbox 282 2930 1860 3002">
    <p class='ocr_par' dir='ltr' id='par_1_30' title="bbox 282 2930 1860 3002">
     <span class='ocr_line' id='line_1_30' title="bbox 282 2930 1860 3002; baseline 0.003 -19"><span class='ocrx_word' id='word_1_174' title='bbox 282 2931 414 2984; x_wconf 81' lang='lat' dir='ltr'><strong>mini</strong></span> <span class='ocrx_word' id='word_1_175' title='bbox 441 2931 498 2983; x_wconf 90' lang='lat' dir='ltr'><strong>in</strong></span> <span class='ocrx_word' id='word_1_176' title='bbox 525 2930 752 3000; x_wconf 78' lang='lat' dir='ltr'><strong>peccatis</strong></span> <span class='ocrx_word' id='word_1_177' title='bbox 798 2931 980 2984; x_wconf 79' lang='lat' dir='ltr'><strong>vestris</strong></span> <span class='ocrx_word' id='word_1_178' title='bbox 1009 2930 1193 3000; x_wconf 81' lang='lat' dir='ltr'><strong>(Joan.</strong></span> <span class='ocrx_word' id='word_1_179' title='bbox 1223 2944 1345 2996; x_wconf 87' lang='lat' dir='ltr'><strong>vm,</strong></span> <span class='ocrx_word' id='word_1_180' title='bbox 1370 2930 1484 3002; x_wconf 65' lang='grc'><strong>24).</strong></span> <span class='ocrx_word' id='word_1_181' title='bbox 1542 2931 1613 2987; x_wconf 82' lang='grc' dir='ltr'><strong>Ει</strong></span> <span class='ocrx_word' id='word_1_182' title='bbox 1636 2931 1860 2988; x_wconf 87' lang='lat' dir='ltr'><strong>Petrus:</strong></span> 
     </span>
    </p>
   </div>
   <div class='ocr_carea' id='block_1_31' title="bbox 284 3020 1862 3094">
    <p class='ocr_par' dir='ltr' id='par_1_31' title="bbox 284 3020 1862 3094">
     <span class='ocr_line' id='line_1_31' title="bbox 284 3020 1862 3094; baseline 0.002 -21"><span class='ocrx_word' id='word_1_183' title='bbox 284 3020 545 3074; x_wconf 80' lang='lat' dir='ltr'><strong>Abstinete</strong></span> <span class='ocrx_word' id='word_1_184' title='bbox 586 3037 673 3076; x_wconf 81' lang='lat' dir='ltr'><strong>vos</strong></span> <span class='ocrx_word' id='word_1_185' title='bbox 721 3038 754 3074; x_wconf 90' lang='lat' dir='ltr'><strong>a</strong></span> <span class='ocrx_word' id='word_1_186' title='bbox 779 3021 1100 3076; x_wconf 76' lang='lat' dir='ltr'><strong>carnalibus</strong></span> <span class='ocrx_word' id='word_1_187' title='bbox 1139 3021 1432 3087; x_wconf 74' lang='lat' dir='ltr'><strong>desideriis,</strong></span> <span class='ocrx_word' id='word_1_188' title='bbox 1479 3039 1599 3094; x_wconf 66' lang='lat' dir='ltr'><strong>quia</strong></span> <span class='ocrx_word' id='word_1_189' title='bbox 1629 3023 1862 3078; x_wconf 82' lang='lat' dir='ltr'><strong>militant</strong></span> 
     </span>
    </p>
   </div>
   <div class='ocr_carea' id='block_1_32' title="bbox 284 3111 1866 3186">
    <p class='ocr_par' dir='ltr' id='par_1_32' title="bbox 284 3111 1866 3186">
     <span class='ocr_line' id='line_1_32' title="bbox 284 3111 1866 3186; baseline 0.003 -20"><span class='ocrx_word' id='word_1_190' title='bbox 284 3113 533 3168; x_wconf 81' lang='lat' dir='ltr'><strong>adversus</strong></span> <span class='ocrx_word' id='word_1_191' title='bbox 563 3113 795 3168; x_wconf 83' lang='lat' dir='ltr'><strong>animam</strong></span> <span class='ocrx_word' id='word_1_192' title='bbox 819 3111 872 3184; x_wconf 93' lang='lat' dir='ltr'><strong>(I</strong></span> <span class='ocrx_word' id='word_1_193' title='bbox 897 3111 1044 3167; x_wconf 87' lang='lat' dir='ltr'><strong>Petr.</strong></span> <span class='ocrx_word' id='word_1_194' title='bbox 1076 3128 1136 3176; x_wconf 87' lang='grc' dir='ltr'><strong>ιι,</strong></span> <span class='ocrx_word' id='word_1_195' title='bbox 1161 3112 1270 3185; x_wconf 83' lang='lat' dir='ltr'><strong>ll).</strong></span> <span class='ocrx_word' id='word_1_196' title='bbox 1310 3111 1446 3169; x_wconf 90' lang='lat' dir='ltr'><strong>Cum</strong></span> <span class='ocrx_word' id='word_1_197' title='bbox 1474 3128 1604 3170; x_wconf 87' lang='lat' dir='ltr'><strong>vero</strong></span> <span class='ocrx_word' id='word_1_198' title='bbox 1627 3123 1750 3186; x_wconf 86' lang='lat' dir='ltr'><strong>post</strong></span> <span class='ocrx_word' id='word_1_199' title='bbox 1779 3129 1866 3169; x_wconf 87' lang='lat' dir='ltr'><strong>re-</strong></span> 
     </span>
    </p>
   </div>
   <div class='ocr_carea' id='block_1_33' title="bbox 285 3203 1865 3274">
    <p class='ocr_par' dir='ltr' id='par_1_33' title="bbox 285 3203 1865 3274">
     <span class='ocr_line' id='line_1_33' title="bbox 285 3203 1865 3274; baseline 0.001 -15"><span class='ocrx_word' id='word_1_200' title='bbox 285 3205 676 3259; x_wconf 88' lang='lat' dir='ltr'><strong>surrectionem</strong></span> <span class='ocrx_word' id='word_1_201' title='bbox 721 3219 843 3258; x_wconf 88' lang='lat' dir='ltr'><strong>cum</strong></span> <span class='ocrx_word' id='word_1_202' title='bbox 889 3203 1168 3274; x_wconf 86' lang='lat' dir='ltr'><strong>discipulis</strong></span> <span class='ocrx_word' id='word_1_203' title='bbox 1203 3215 1644 3270; x_wconf 87' lang='lat' dir='ltr'><strong>conversaretur,</strong></span> <span class='ocrx_word' id='word_1_204' title='bbox 1677 3219 1865 3260; x_wconf 91' lang='lat' dir='ltr'><strong>eorum</strong></span> 
     </span>
    </p>
   </div>
   <div class='ocr_carea' id='block_1_34' title="bbox 283 3293 1866 3367">
    <p class='ocr_par' dir='ltr' id='par_1_34' title="bbox 283 3293 1866 3367">
     <span class='ocr_line' id='line_1_34' title="bbox 283 3293 1866 3367; baseline 0.001 -18"><span class='ocrx_word' id='word_1_205' title='bbox 283 3293 448 3349; x_wconf 90' lang='lat' dir='ltr'><strong>corda</strong></span> <span class='ocrx_word' id='word_1_206' title='bbox 479 3293 781 3359; x_wconf 78' lang='lat' dir='ltr'><strong>laetiﬁcans,</strong></span> <span class='ocrx_word' id='word_1_207' title='bbox 809 3294 964 3363; x_wconf 88' lang='lat' dir='ltr'><strong>quasi</strong></span> <span class='ocrx_word' id='word_1_208' title='bbox 1001 3294 1131 3349; x_wconf 90' lang='lat' dir='ltr'><strong>illud</strong></span> <span class='ocrx_word' id='word_1_209' title='bbox 1154 3294 1409 3365; x_wconf 87' lang='lat' dir='ltr'><strong>gaudium</strong></span> <span class='ocrx_word' id='word_1_210' title='bbox 1446 3294 1714 3352; x_wconf 76' lang='lat' dir='ltr'><strong>ineffabile</strong></span> <span class='ocrx_word' id='word_1_211' title='bbox 1736 3310 1866 3367; x_wconf 89' lang='lat' dir='ltr'><strong>pro-</strong></span> 
     </span>
    </p>
   </div>
   <div class='ocr_carea' id='block_1_35' title="bbox 289 3383 1867 3454">
    <p class='ocr_par' dir='ltr' id='par_1_35' title="bbox 289 3383 1867 3454">
     <span class='ocr_line' id='line_1_35' title="bbox 289 3383 1867 3454; baseline 0.003 -17"><span class='ocrx_word' id='word_1_212' title='bbox 289 3383 570 3449; x_wconf 87' lang='lat' dir='ltr'><strong>mittebat,</strong></span> <span class='ocrx_word' id='word_1_213' title='bbox 624 3383 691 3439; x_wconf 88' lang='lat' dir='ltr'><strong>de</strong></span> <span class='ocrx_word' id='word_1_214' title='bbox 724 3398 832 3454; x_wconf 90' lang='lat' dir='ltr'><strong>quo</strong></span> <span class='ocrx_word' id='word_1_215' title='bbox 873 3383 1002 3439; x_wconf 81' lang='lat' dir='ltr'><strong>alibi</strong></span> <span class='ocrx_word' id='word_1_216' title='bbox 1037 3384 1152 3440; x_wconf 88' lang='lat' dir='ltr'><strong>ait:</strong></span> <span class='ocrx_word' id='word_1_217' title='bbox 1192 3384 1397 3439; x_wconf 70' lang='lat' dir='ltr'><strong>Iterum</strong></span> <span class='ocrx_word' id='word_1_218' title='bbox 1440 3385 1622 3441; x_wconf 77' lang='lat' dir='ltr'><strong>videbo</strong></span> <span class='ocrx_word' id='word_1_219' title='bbox 1667 3401 1778 3452; x_wconf 80' lang='lat' dir='ltr'><strong>vos,</strong></span> <span class='ocrx_word' id='word_1_220' title='bbox 1817 3395 1867 3441; x_wconf 87' lang='lat' dir='ltr'><strong>et</strong></span> 
     </span>
    </p>
   </div>
   <div class='ocr_carea' id='block_1_36' title="bbox 285 3474 1866 3546">
    <p class='ocr_par' dir='ltr' id='par_1_36' title="bbox 285 3474 1866 3546">
     <span class='ocr_line' id='line_1_36' title="bbox 285 3474 1866 3546; baseline 0.003 -19"><span class='ocrx_word' id='word_1_221' title='bbox 285 3474 530 3544; x_wconf 84' lang='lat' dir='ltr'><strong>gaudebit</strong></span> <span class='ocrx_word' id='word_1_222' title='bbox 552 3490 643 3528; x_wconf 88' lang='lat' dir='ltr'><strong>cor</strong></span> <span class='ocrx_word' id='word_1_223' title='bbox 662 3484 913 3539; x_wconf 82' lang='lat' dir='ltr'><strong>vestrum,</strong></span> <span class='ocrx_word' id='word_1_224' title='bbox 942 3484 989 3530; x_wconf 91' lang='lat' dir='ltr'><strong>et</strong></span> <span class='ocrx_word' id='word_1_225' title='bbox 1011 3475 1264 3546; x_wconf 81' lang='lat' dir='ltr'><strong>gaudium</strong></span> <span class='ocrx_word' id='word_1_226' title='bbox 1289 3484 1514 3532; x_wconf 76' lang='lat' dir='ltr'><strong>vestrum</strong></span> <span class='ocrx_word' id='word_1_227' title='bbox 1544 3493 1694 3532; x_wconf 81' lang='lat' dir='ltr'><strong>nemo</strong></span> <span class='ocrx_word' id='word_1_228' title='bbox 1721 3476 1866 3533; x_wconf 84' lang='lat' dir='ltr'><strong>tollet</strong></span> 
     </span>
    </p>
   </div>
   <div class='ocr_carea' id='block_1_37' title="bbox 285 3563 1869 3640">
    <p class='ocr_par' dir='ltr' id='par_1_37' title="bbox 285 3563 1869 3640">
     <span class='ocr_line' id='line_1_37' title="bbox 285 3563 1869 3640; baseline 0.004 -22"><span class='ocrx_word' id='word_1_229' title='bbox 285 3582 318 3618; x_wconf 92' lang='lat' dir='ltr'><strong>a</strong></span> <span class='ocrx_word' id='word_1_230' title='bbox 340 3565 480 3618; x_wconf 82' lang='lat' dir='ltr'><strong>vobis</strong></span> <span class='ocrx_word' id='word_1_231' title='bbox 512 3563 692 3636; x_wconf 83' lang='lat' dir='ltr'><strong>(Joan.</strong></span> <span class='ocrx_word' id='word_1_232' title='bbox 719 3581 832 3631; x_wconf 74' lang='lat' dir='ltr'><strong>xvi,</strong></span> <span class='ocrx_word' id='word_1_233' title='bbox 854 3564 968 3638; x_wconf 62' lang='grc' dir='ltr'><strong>ἥ).</strong></span> <span class='ocrx_word' id='word_1_234' title='bbox 1018 3567 1088 3620; x_wconf 91' lang='lat' dir='ltr'><strong>Et</strong></span> <span class='ocrx_word' id='word_1_235' title='bbox 1135 3567 1331 3622; x_wconf 90' lang='lat' dir='ltr'><strong>iterum</strong></span> <span class='ocrx_word' id='word_1_236' title='bbox 1364 3586 1376 3622; x_wconf 92' lang='lat'><strong>:</strong></span> <span class='ocrx_word' id='word_1_237' title='bbox 1405 3566 1542 3622; x_wconf 83' lang='lat' dir='ltr'><strong>Ecce</strong></span> <span class='ocrx_word' id='word_1_238' title='bbox 1573 3584 1667 3640; x_wconf 85' lang='lat' dir='ltr'><strong>ego</strong></span> <span class='ocrx_word' id='word_1_239' title='bbox 1699 3569 1869 3624; x_wconf 80' lang='lat' dir='ltr'><strong>vobis-</strong></span> 
     </span>
    </p>
   </div>
   <div class='ocr_carea' id='block_1_38' title="bbox 286 3655 1866 3729">
    <p class='ocr_par' dir='ltr' id='par_1_38' title="bbox 286 3655 1866 3729">
     <span class='ocr_line' id='line_1_38' title="bbox 286 3655 1866 3729; baseline 0.004 -18"><span class='ocrx_word' id='word_1_240' title='bbox 286 3673 406 3711; x_wconf 85' lang='lat' dir='ltr'><strong>cum</strong></span> <span class='ocrx_word' id='word_1_241' title='bbox 435 3672 548 3709; x_wconf 85' lang='lat' dir='ltr'><strong>sum</strong></span> <span class='ocrx_word' id='word_1_242' title='bbox 581 3655 817 3709; x_wconf 87' lang='lat' dir='ltr'><strong>omnibus</strong></span> <span class='ocrx_word' id='word_1_243' title='bbox 843 3657 1023 3711; x_wconf 85' lang='lat' dir='ltr'><strong>diebus</strong></span> <span class='ocrx_word' id='word_1_244' title='bbox 1066 3674 1228 3729; x_wconf 82' lang='lat' dir='ltr'><strong>usque</strong></span> <span class='ocrx_word' id='word_1_245' title='bbox 1274 3659 1344 3712; x_wconf 86' lang='lat' dir='ltr'><strong>ad</strong></span> <span class='ocrx_word' id='word_1_246' title='bbox 1367 3662 1866 3716; x_wconf 79' lang='lat' dir='ltr'><strong>consummationem</strong></span> 
     </span>
    </p>
   </div>
   <div class='ocr_carea' id='block_1_39' title="bbox 286 3747 1870 3822">
    <p class='ocr_par' dir='ltr' id='par_1_39' title="bbox 286 3747 1870 3822">
     <span class='ocr_line' id='line_1_39' title="bbox 286 3747 1870 3822; baseline 0.002 -18"><span class='ocrx_word' id='word_1_247' title='bbox 286 3747 468 3804; x_wconf 75' lang='lat' dir='ltr'><strong>swculi</strong></span> <span class='ocrx_word' id='word_1_248' title='bbox 497 3747 711 3821; x_wconf 80' lang='lat' dir='ltr'><strong>(Matth.</strong></span> <span class='ocrx_word' id='word_1_249' title='bbox 736 3764 926 3816; x_wconf 82' lang='lat' dir='ltr'><strong>xxvul,</strong></span> <span class='ocrx_word' id='word_1_250' title='bbox 951 3747 1066 3822; x_wconf 72' lang='grc'><strong>20).</strong></span> <span class='ocrx_word' id='word_1_251' title='bbox 1102 3748 1377 3819; x_wconf 83' lang='lat' dir='ltr'><strong>Jejunavit</strong></span> <span class='ocrx_word' id='word_1_252' title='bbox 1421 3761 1606 3806; x_wconf 88' lang='lat' dir='ltr'><strong>autem</strong></span> <span class='ocrx_word' id='word_1_253' title='bbox 1640 3767 1750 3807; x_wconf 91' lang='lat' dir='ltr'><strong>non</strong></span> <span class='ocrx_word' id='word_1_254' title='bbox 1778 3767 1870 3806; x_wconf 83' lang='lat' dir='ltr'><strong>so-</strong></span> 
     </span>
    </p>
   </div>
   <div class='ocr_carea' id='block_1_40' title="bbox 287 3839 1868 3910">
    <p class='ocr_par' dir='ltr' id='par_1_40' title="bbox 287 3839 1868 3910">
     <span class='ocr_line' id='line_1_40' title="bbox 287 3839 1868 3910; baseline 0.001 -16"><span class='ocrx_word' id='word_1_255' title='bbox 287 3840 399 3897; x_wconf 88' lang='lat' dir='ltr'><strong>lum</strong></span> <span class='ocrx_word' id='word_1_256' title='bbox 441 3839 796 3910; x_wconf 88' lang='lat' dir='ltr'><strong>quadraginta</strong></span> <span class='ocrx_word' id='word_1_257' title='bbox 843 3841 1054 3906; x_wconf 84' lang='lat' dir='ltr'><strong>diebus,</strong></span> <span class='ocrx_word' id='word_1_258' title='bbox 1090 3842 1184 3896; x_wconf 89' lang='lat' dir='ltr'><strong>sed</strong></span> <span class='ocrx_word' id='word_1_259' title='bbox 1229 3841 1396 3896; x_wconf 88' lang='lat' dir='ltr'><strong>etiam</strong></span> <span class='ocrx_word' id='word_1_260' title='bbox 1429 3843 1706 3908; x_wconf 90' lang='lat' dir='ltr'><strong>noctibus,</strong></span> <span class='ocrx_word' id='word_1_261' title='bbox 1730 3850 1792 3896; x_wconf 92' lang='lat' dir='ltr'><strong>ut</strong></span> <span class='ocrx_word' id='word_1_262' title='bbox 1821 3842 1868 3896; x_wconf 89' lang='lat' dir='ltr'><strong>si</strong></span> 
     </span>
    </p>
   </div>
   <div class='ocr_carea' id='block_1_41' title="bbox 287 3929 1868 4003">
    <p class='ocr_par' dir='ltr' id='par_1_41' title="bbox 287 3929 1868 4003">
     <span class='ocr_line' id='line_1_41' title="bbox 287 3929 1868 4003; baseline 0.002 -19"><span class='ocrx_word' id='word_1_263' title='bbox 287 3945 548 4002; x_wconf 86' lang='lat' dir='ltr'><strong>prospera</strong></span> <span class='ocrx_word' id='word_1_264' title='bbox 597 3929 962 3997; x_wconf 83' lang='lat' dir='ltr'><strong>blandiantur,</strong></span> <span class='ocrx_word' id='word_1_265' title='bbox 1009 3945 1131 4003; x_wconf 65' lang='lat' dir='ltr'><strong>qua:</strong></span> <span class='ocrx_word' id='word_1_266' title='bbox 1174 3931 1550 4002; x_wconf 89' lang='lat' dir='ltr'><strong>signiﬁcantur</strong></span> <span class='ocrx_word' id='word_1_267' title='bbox 1581 3947 1682 4002; x_wconf 83' lang='lat' dir='ltr'><strong>per</strong></span> <span class='ocrx_word' id='word_1_268' title='bbox 1715 3932 1868 3997; x_wconf 88' lang='lat' dir='ltr'><strong>dies,</strong></span> 
     </span>
    </p>
   </div>
   <div class='ocr_carea' id='block_1_42' title="bbox 289 4021 1869 4094">
    <p class='ocr_par' dir='ltr' id='par_1_42' title="bbox 289 4021 1869 4094">
     <span class='ocr_line' id='line_1_42' title="bbox 289 4021 1869 4094; baseline 0.001 -18"><span class='ocrx_word' id='word_1_269' title='bbox 289 4022 403 4077; x_wconf 86' lang='lat' dir='ltr'><strong>sive</strong></span> <span class='ocrx_word' id='word_1_270' title='bbox 435 4023 662 4077; x_wconf 88' lang='lat' dir='ltr'><strong>adversa</strong></span> <span class='ocrx_word' id='word_1_271' title='bbox 692 4029 952 4088; x_wconf 88' lang='lat' dir='ltr'><strong>terreant,</strong></span> <span class='ocrx_word' id='word_1_272' title='bbox 977 4037 1098 4092; x_wconf 68' lang='lat' dir='ltr'><strong>qum</strong></span> <span class='ocrx_word' id='word_1_273' title='bbox 1131 4021 1505 4094; x_wconf 90' lang='lat' dir='ltr'><strong>signiﬁcantur</strong></span> <span class='ocrx_word' id='word_1_274' title='bbox 1527 4038 1626 4093; x_wconf 88' lang='lat' dir='ltr'><strong>per</strong></span> <span class='ocrx_word' id='word_1_275' title='bbox 1657 4031 1869 4088; x_wconf 84' lang='lat' dir='ltr'><strong>noctes,</strong></span> 
     </span>
    </p>
   </div>
   <div class='ocr_carea' id='block_1_43' title="bbox 291 4111 1870 4184">
    <p class='ocr_par' dir='ltr' id='par_1_43' title="bbox 291 4111 1870 4184">
     <span class='ocr_line' id='line_1_43' title="bbox 291 4111 1870 4184; baseline 0.001 -18"><span class='ocrx_word' id='word_1_276' title='bbox 291 4111 581 4167; x_wconf 88' lang='lat' dir='ltr'><strong>immobilis</strong></span> <span class='ocrx_word' id='word_1_277' title='bbox 605 4120 918 4184; x_wconf 87' lang='lat' dir='ltr'><strong>perseveret</strong></span> <span class='ocrx_word' id='word_1_278' title='bbox 947 4113 1167 4168; x_wconf 89' lang='lat' dir='ltr'><strong>animus</strong></span> <span class='ocrx_word' id='word_1_279' title='bbox 1193 4112 1559 4180; x_wconf 85' lang='lat' dir='ltr'><strong>Christianus,</strong></span> <span class='ocrx_word' id='word_1_280' title='bbox 1607 4113 1750 4169; x_wconf 89' lang='lat' dir='ltr'><strong>sicut</strong></span> <span class='ocrx_word' id='word_1_281' title='bbox 1782 4111 1870 4168; x_wconf 85' lang='lat' dir='ltr'><strong>fa-</strong></span> 
     </span>
    </p>
   </div>
   <div class='ocr_carea' id='block_1_44' title="bbox 291 4199 1870 4276">
    <p class='ocr_par' dir='ltr' id='par_1_44' title="bbox 291 4199 1870 4276">
     <span class='ocr_line' id='line_1_44' title="bbox 291 4199 1870 4276; baseline 0.003 -21"><span class='ocrx_word' id='word_1_282' title='bbox 291 4202 470 4256; x_wconf 81' lang='lat' dir='ltr'><strong>ciebat</strong></span> <span class='ocrx_word' id='word_1_283' title='bbox 500 4202 587 4257; x_wconf 91' lang='lat' dir='ltr'><strong>ille</strong></span> <span class='ocrx_word' id='word_1_284' title='bbox 627 4202 720 4273; x_wconf 88' lang='lat' dir='ltr'><strong>qui</strong></span> <span class='ocrx_word' id='word_1_285' title='bbox 746 4202 997 4258; x_wconf 88' lang='lat' dir='ltr'><strong>dicebat:</strong></span> <span class='ocrx_word' id='word_1_286' title='bbox 1038 4199 1145 4259; x_wconf 90' lang='lat' dir='ltr'><strong>Per</strong></span> <span class='ocrx_word' id='word_1_287' title='bbox 1171 4221 1322 4258; x_wconf 83' lang='lat' dir='ltr'><strong>anna</strong></span> <span class='ocrx_word' id='word_1_288' title='bbox 1348 4203 1576 4276; x_wconf 76' lang='lat' dir='ltr'><strong>justitile</strong></span> <span class='ocrx_word' id='word_1_289' title='bbox 1611 4222 1644 4259; x_wconf 90' lang='lat' dir='ltr'><strong>a</strong></span> <span class='ocrx_word' id='word_1_290' title='bbox 1670 4204 1870 4260; x_wconf 71' lang='lat' dir='ltr'><strong>dextris</strong></span> 
     </span>
    </p>
   </div>
   <div class='ocr_carea' id='block_1_45' title="bbox 283 4291 1872 4365">
    <p class='ocr_par' dir='ltr' id='par_1_45' title="bbox 283 4291 1872 4365">
     <span class='ocr_line' id='line_1_45' title="bbox 283 4291 1872 4365; baseline 0.003 -21"><span class='ocrx_word' id='word_1_291' title='bbox 283 4301 340 4344; x_wconf 82' lang='lat' dir='ltr'><strong>&#39;et</strong></span> <span class='ocrx_word' id='word_1_292' title='bbox 369 4308 400 4344; x_wconf 91' lang='lat' dir='ltr'><strong>a</strong></span> <span class='ocrx_word' id='word_1_293' title='bbox 427 4291 676 4357; x_wconf 82' lang='lat' dir='ltr'><strong>sinistris,</strong></span> <span class='ocrx_word' id='word_1_294' title='bbox 704 4308 796 4362; x_wconf 84' lang='lat' dir='ltr'><strong>per</strong></span> <span class='ocrx_word' id='word_1_295' title='bbox 820 4291 1043 4362; x_wconf 87' lang='lat' dir='ltr'><strong>gloriam</strong></span> <span class='ocrx_word' id='word_1_296' title='bbox 1072 4301 1120 4346; x_wconf 89' lang='lat' dir='ltr'><strong>et</strong></span> <span class='ocrx_word' id='word_1_297' title='bbox 1150 4292 1550 4362; x_wconf 85' lang='lat' dir='ltr'><strong>ignobilitatem,</strong></span> <span class='ocrx_word' id='word_1_298' title='bbox 1593 4309 1689 4365; x_wconf 83' lang='lat' dir='ltr'><strong>per</strong></span> <span class='ocrx_word' id='word_1_299' title='bbox 1725 4294 1872 4365; x_wconf 77' lang='lat' dir='ltr'><strong>infa-</strong></span> 
     </span>
    </p>
   </div>
   <div class='ocr_carea' id='block_1_46' title="bbox 1088 246 2720 307">
    <p class='ocr_par' dir='ltr' id='par_1_46' title="bbox 1088 246 2720 307">
     <span class='ocr_line' id='line_1_46' title="bbox 1088 246 2720 307; baseline -0.003 0"><span class='ocrx_word' id='word_1_300' title='bbox 1088 249 1236 307; x_wconf 83' lang='lat' dir='ltr'><strong>OPP.</strong></span> <span class='ocrx_word' id='word_1_301' title='bbox 1275 248 1677 307; x_wconf 69' lang='lat' dir='ltr'><strong>SUPPOSITA.</strong></span> <span class='ocrx_word' id='word_1_302' title='bbox 1715 279 1782 290; x_wconf 91' lang='lat'><strong>—-</strong></span> <span class='ocrx_word' id='word_1_303' title='bbox 1824 247 1954 302; x_wconf 72' lang='grc' dir='ltr'><strong>ΠΒ.</strong></span> <span class='ocrx_word' id='word_1_304' title='bbox 1996 247 2086 304; x_wconf 81' lang='lat' dir='ltr'><strong>DE</strong></span> <span class='ocrx_word' id='word_1_305' title='bbox 2123 246 2375 303; x_wconf 72' lang='lat' dir='ltr'><strong>DlVlNlS</strong></span> <span class='ocrx_word' id='word_1_306' title='bbox 2412 247 2720 304; x_wconf 80' lang='lat' dir='ltr'><strong>OFFlCllS.</strong></span> 
     </span>
    </p>
   </div>
   <div class='ocr_carea' id='block_1_47' title="bbox 3402 248 3541 304">
    <p class='ocr_par' dir='ltr' id='par_1_47' title="bbox 3402 248 3541 304">
     <span class='ocr_line' id='line_1_47' title="bbox 3402 248 3541 304; baseline -0.014 0"><span class='ocrx_word' id='word_1_307' title='bbox 3402 248 3541 304; x_wconf 67' lang='lat'><strong>19.82</strong></span> 
     </span>
    </p>
   </div>
   <div class='ocr_carea' id='block_1_48' title="bbox 1884 361 3538 436">
    <p class='ocr_par' dir='ltr' id='par_1_48' title="bbox 1884 361 3538 436">
     <span class='ocr_line' id='line_1_48' title="bbox 1884 361 3538 436; baseline 0.002 -21"><span class='ocrx_word' id='word_1_308' title='bbox 1884 366 1934 426; x_wconf 68' lang='grc' dir='ltr'><strong><em>Α</em></strong></span> <span class='ocrx_word' id='word_1_309' title='bbox 1962 361 2281 417; x_wconf 88' lang='lat' dir='ltr'><strong>miseratio:</strong></span> <span class='ocrx_word' id='word_1_310' title='bbox 2308 378 2440 417; x_wconf 90' lang='lat' dir='ltr'><strong>sana</strong></span> <span class='ocrx_word' id='word_1_311' title='bbox 2478 363 2726 429; x_wconf 80' lang='lat' dir='ltr'><strong>vulnera,</strong></span> <span class='ocrx_word' id='word_1_312' title='bbox 2769 361 2992 434; x_wconf 83' lang='lat' dir='ltr'><strong>ejusque</strong></span> <span class='ocrx_word' id='word_1_313' title='bbox 3027 365 3252 421; x_wconf 83' lang='lat' dir='ltr'><strong>remitte</strong></span> <span class='ocrx_word' id='word_1_314' title='bbox 3291 377 3538 436; x_wconf 78' lang='lat' dir='ltr'><strong>peccata,</strong></span> 
     </span>
    </p>
   </div>
   <div class='ocr_carea' id='block_1_49' title="bbox 1962 452 3537 527">
    <p class='ocr_par' dir='ltr' id='par_1_49' title="bbox 1962 452 3537 527">
     <span class='ocr_line' id='line_1_49' title="bbox 1962 452 3537 527; baseline 0.002 -21"><span class='ocrx_word' id='word_1_315' title='bbox 1962 461 2022 507; x_wconf 94' lang='lat' dir='ltr'><strong>ut</strong></span> <span class='ocrx_word' id='word_1_316' title='bbox 2050 452 2212 508; x_wconf 88' lang='lat' dir='ltr'><strong>nullis</strong></span> <span class='ocrx_word' id='word_1_317' title='bbox 2245 470 2276 508; x_wconf 87' lang='lat' dir='ltr'><strong>a</strong></span> <span class='ocrx_word' id='word_1_318' title='bbox 2313 463 2368 509; x_wconf 89' lang='lat' dir='ltr'><strong>te</strong></span> <span class='ocrx_word' id='word_1_319' title='bbox 2415 455 2792 524; x_wconf 87' lang='lat' dir='ltr'><strong>iniquitatibus</strong></span> <span class='ocrx_word' id='word_1_320' title='bbox 2841 465 3140 527; x_wconf 87' lang='lat' dir='ltr'><strong>separatus,</strong></span> <span class='ocrx_word' id='word_1_321' title='bbox 3169 457 3266 512; x_wconf 91' lang='lat' dir='ltr'><strong>tibi</strong></span> <span class='ocrx_word' id='word_1_322' title='bbox 3301 472 3537 527; x_wconf 84' lang='lat' dir='ltr'><strong>semper,</strong></span> 
     </span>
    </p>
   </div>
   <div class='ocr_carea' id='block_1_50' title="bbox 1961 541 3217 610">
    <p class='ocr_par' dir='ltr' id='par_1_50' title="bbox 1961 541 3217 610">
     <span class='ocr_line' id='line_1_50' title="bbox 1961 541 3217 610; baseline 0.002 -11"><span class='ocrx_word' id='word_1_323' title='bbox 1961 541 2208 610; x_wconf 85' lang='lat' dir='ltr'><strong>Domine,</strong></span> <span class='ocrx_word' id='word_1_324' title='bbox 2231 544 2413 600; x_wconf 84' lang='lat' dir='ltr'><strong>valeat</strong></span> <span class='ocrx_word' id='word_1_325' title='bbox 2434 546 2747 601; x_wconf 68' lang='lat' dir='ltr'><strong>adhaerere.</strong></span> <span class='ocrx_word' id='word_1_326' title='bbox 2773 545 2880 601; x_wconf 81' lang='lat' dir='ltr'><strong>Per</strong></span> <span class='ocrx_word' id='word_1_327' title='bbox 2905 545 3217 602; x_wconf 88' lang='lat' dir='ltr'><strong>Dominum.</strong></span> 
     </span>
    </p>
   </div>
   <div class='ocr_carea' id='block_1_51' title="bbox 2030 633 3541 707">
    <p class='ocr_par' dir='ltr' id='par_1_51' title="bbox 2030 633 3541 707">
     <span class='ocr_line' id='line_1_51' title="bbox 2030 633 3541 707; baseline 0.005 -22"><span class='ocrx_word' id='word_1_328' title='bbox 2030 633 2172 687; x_wconf 81' lang='lat' dir='ltr'><strong>Alia.</strong></span> <span class='ocrx_word' id='word_1_329' title='bbox 2215 633 2443 688; x_wconf 90' lang='lat' dir='ltr'><strong>Domine</strong></span> <span class='ocrx_word' id='word_1_330' title='bbox 2470 633 2614 690; x_wconf 87' lang='lat' dir='ltr'><strong>Deus</strong></span> <span class='ocrx_word' id='word_1_331' title='bbox 2647 643 2854 701; x_wconf 89' lang='lat' dir='ltr'><strong>noster,</strong></span> <span class='ocrx_word' id='word_1_332' title='bbox 2889 637 2981 707; x_wconf 88' lang='lat' dir='ltr'><strong>qui</strong></span> <span class='ocrx_word' id='word_1_333' title='bbox 3014 636 3314 693; x_wconf 83' lang='lat' dir='ltr'><strong>oﬂ&#39;ensione</strong></span> <span class='ocrx_word' id='word_1_334' title='bbox 3356 645 3541 693; x_wconf 66' lang='lat' dir='ltr'><strong>nostra</strong></span> 
     </span>
    </p>
   </div>
   <div class='ocr_carea' id='block_1_52' title="bbox 1961 724 3541 800">
    <p class='ocr_par' dir='ltr' id='par_1_52' title="bbox 1961 724 3541 800">
     <span class='ocr_line' id='line_1_52' title="bbox 1961 724 3541 800; baseline 0.004 -23"><span class='ocrx_word' id='word_1_335' title='bbox 1961 739 2068 778; x_wconf 88' lang='lat' dir='ltr'><strong>non</strong></span> <span class='ocrx_word' id='word_1_336' title='bbox 2087 724 2344 790; x_wconf 87' lang='lat' dir='ltr'><strong>vinceris,</strong></span> <span class='ocrx_word' id='word_1_337' title='bbox 2369 725 2462 780; x_wconf 89' lang='lat' dir='ltr'><strong>sed</strong></span> <span class='ocrx_word' id='word_1_338' title='bbox 2485 724 2852 782; x_wconf 81' lang='lat' dir='ltr'><strong>satisfactione</strong></span> <span class='ocrx_word' id='word_1_339' title='bbox 2870 727 3103 797; x_wconf 89' lang='lat' dir='ltr'><strong>placaris</strong></span> <span class='ocrx_word' id='word_1_340' title='bbox 3121 747 3133 781; x_wconf 90' lang='lat'><strong>:</strong></span> <span class='ocrx_word' id='word_1_341' title='bbox 3151 730 3374 800; x_wconf 88' lang='lat' dir='ltr'><strong>respice,</strong></span> <span class='ocrx_word' id='word_1_342' title='bbox 3396 745 3541 800; x_wconf 69' lang='lat' dir='ltr'><strong>quar-</strong></span> 
     </span>
    </p>
   </div>
   <div class='ocr_carea' id='block_1_53' title="bbox 1959 814 3542 892">
    <p class='ocr_par' dir='ltr' id='par_1_53' title="bbox 1959 814 3542 892">
     <span class='ocr_line' id='line_1_53' title="bbox 1959 814 3542 892; baseline 0.005 -24"><span class='ocrx_word' id='word_1_343' title='bbox 1959 827 2170 878; x_wconf 88' lang='lat' dir='ltr'><strong>sumus,</strong></span> <span class='ocrx_word' id='word_1_344' title='bbox 2198 814 2266 870; x_wconf 88' lang='lat' dir='ltr'><strong>ad</strong></span> <span class='ocrx_word' id='word_1_345' title='bbox 2293 815 2438 872; x_wconf 89' lang='lat' dir='ltr'><strong>hunc</strong></span> <span class='ocrx_word' id='word_1_346' title='bbox 2467 815 2724 871; x_wconf 87' lang='lat' dir='ltr'><strong>famulum</strong></span> <span class='ocrx_word' id='word_1_347' title='bbox 2751 826 2926 884; x_wconf 90' lang='lat' dir='ltr'><strong>tuum,</strong></span> <span class='ocrx_word' id='word_1_348' title='bbox 2950 819 3039 889; x_wconf 91' lang='lat' dir='ltr'><strong>qui</strong></span> <span class='ocrx_word' id='word_1_349' title='bbox 3071 835 3130 875; x_wconf 89' lang='lat' dir='ltr'><strong>se</strong></span> <span class='ocrx_word' id='word_1_350' title='bbox 3156 820 3251 875; x_wconf 87' lang='lat' dir='ltr'><strong>tibi</strong></span> <span class='ocrx_word' id='word_1_351' title='bbox 3282 835 3542 892; x_wconf 81' lang='lat' dir='ltr'><strong>peccasse</strong></span> 
     </span>
    </p>
   </div>
   <div class='ocr_carea' id='block_1_54' title="bbox 1960 904 3538 973">
    <p class='ocr_par' dir='ltr' id='par_1_54' title="bbox 1960 904 3538 973">
     <span class='ocr_line' id='line_1_54' title="bbox 1960 904 3538 973; baseline 0.009 -17"><span class='ocrx_word' id='word_1_352' title='bbox 1960 904 2200 973; x_wconf 82' lang='lat' dir='ltr'><strong>graviter</strong></span> <span class='ocrx_word' id='word_1_353' title='bbox 2217 907 2536 973; x_wconf 85' lang='lat' dir='ltr'><strong>conﬁtetur;</strong></span> <span class='ocrx_word' id='word_1_354' title='bbox 2563 917 2711 963; x_wconf 93' lang='lat' dir='ltr'><strong>tuum</strong></span> <span class='ocrx_word' id='word_1_355' title='bbox 2728 919 2810 964; x_wconf 89' lang='lat' dir='ltr'><strong>est</strong></span> <span class='ocrx_word' id='word_1_356' title='bbox 2833 911 3226 969; x_wconf 87' lang='lat' dir='ltr'><strong>absolutionem</strong></span> <span class='ocrx_word' id='word_1_357' title='bbox 3252 914 3538 970; x_wconf 85' lang='lat' dir='ltr'><strong>criminum</strong></span> 
     </span>
    </p>
   </div>
   <div class='ocr_carea' id='block_1_55' title="bbox 1962 995 3540 1074">
    <p class='ocr_par' dir='ltr' id='par_1_55' title="bbox 1962 995 3540 1074">
     <span class='ocr_line' id='line_1_55' title="bbox 1962 995 3540 1074; baseline 0.005 -24"><span class='ocrx_word' id='word_1_358' title='bbox 1962 995 2114 1060; x_wconf 90' lang='lat' dir='ltr'><strong>dare,</strong></span> <span class='ocrx_word' id='word_1_359' title='bbox 2148 1003 2207 1051; x_wconf 87' lang='lat' dir='ltr'><strong>et</strong></span> <span class='ocrx_word' id='word_1_360' title='bbox 2235 997 2449 1052; x_wconf 87' lang='lat' dir='ltr'><strong>veniam</strong></span> <span class='ocrx_word' id='word_1_361' title='bbox 2489 1008 2752 1069; x_wconf 61' lang='lat' dir='ltr'><strong>praestare</strong></span> <span class='ocrx_word' id='word_1_362' title='bbox 2797 1003 3166 1070; x_wconf 84' lang='lat' dir='ltr'><strong>peccantibus,</strong></span> <span class='ocrx_word' id='word_1_363' title='bbox 3217 1005 3310 1074; x_wconf 92' lang='lat' dir='ltr'><strong>qui</strong></span> <span class='ocrx_word' id='word_1_364' title='bbox 3355 1004 3540 1060; x_wconf 81' lang='lat' dir='ltr'><strong>dixisti</strong></span> 
     </span>
    </p>
   </div>
   <div class='ocr_carea' id='block_1_56' title="bbox 1958 1087 3538 1165">
    <p class='ocr_par' dir='ltr' id='par_1_56' title="bbox 1958 1087 3538 1165">
     <span class='ocr_line' id='line_1_56' title="bbox 1958 1087 3538 1165; baseline 0.008 -26"><span class='ocrx_word' id='word_1_365' title='bbox 1958 1087 2332 1155; x_wconf 76' lang='lat' dir='ltr'><strong>pmnitentiam</strong></span> <span class='ocrx_word' id='word_1_366' title='bbox 2368 1097 2421 1144; x_wconf 87' lang='lat' dir='ltr'><strong>te</strong></span> <span class='ocrx_word' id='word_1_367' title='bbox 2461 1089 2620 1146; x_wconf 84' lang='lat' dir='ltr'><strong>malle</strong></span> <span class='ocrx_word' id='word_1_368' title='bbox 2645 1101 3016 1162; x_wconf 89' lang='lat' dir='ltr'><strong>peccatorum,</strong></span> <span class='ocrx_word' id='word_1_369' title='bbox 3065 1111 3229 1165; x_wconf 89' lang='lat' dir='ltr'><strong>quam</strong></span> <span class='ocrx_word' id='word_1_370' title='bbox 3285 1105 3538 1154; x_wconf 88' lang='lat' dir='ltr'><strong>mortem.</strong></span> 
     </span>
    </p>
   </div>
   <div class='ocr_carea' id='block_1_57' title="bbox 1960 1174 3542 1258">
    <p class='ocr_par' dir='ltr' id='par_1_57' title="bbox 1960 1174 3542 1258">
     <span class='ocr_line' id='line_1_57' title="bbox 1960 1174 3542 1258; baseline 0.009 -27"><span class='ocrx_word' id='word_1_371' title='bbox 1960 1174 2208 1232; x_wconf 87' lang='lat' dir='ltr'><strong>Concede</strong></span> <span class='ocrx_word' id='word_1_372' title='bbox 2237 1193 2388 1250; x_wconf 89' lang='lat' dir='ltr'><strong>ergo,</strong></span> <span class='ocrx_word' id='word_1_373' title='bbox 2431 1179 2678 1249; x_wconf 88' lang='lat' dir='ltr'><strong>Domine,</strong></span> <span class='ocrx_word' id='word_1_374' title='bbox 2726 1182 2850 1248; x_wconf 87' lang='lat' dir='ltr'><strong>hoc,</strong></span> <span class='ocrx_word' id='word_1_375' title='bbox 2878 1192 2938 1238; x_wconf 90' lang='lat' dir='ltr'><strong>ut</strong></span> <span class='ocrx_word' id='word_1_376' title='bbox 2970 1197 3026 1240; x_wconf 88' lang='lat' dir='ltr'><strong>et</strong></span> <span class='ocrx_word' id='word_1_377' title='bbox 3066 1185 3163 1240; x_wconf 86' lang='lat' dir='ltr'><strong>tibi</strong></span> <span class='ocrx_word' id='word_1_378' title='bbox 3209 1189 3542 1258; x_wconf 68' lang='lat' dir='ltr'><strong>paenitentia:</strong></span> 
     </span>
    </p>
   </div>
   <div class='ocr_carea' id='block_1_58' title="bbox 1959 1269 3544 1339">
    <p class='ocr_par' dir='ltr' id='par_1_58' title="bbox 1959 1269 3544 1339">
     <span class='ocr_line' id='line_1_58' title="bbox 1959 1269 3544 1339; baseline 0.009 -15"><span class='ocrx_word' id='word_1_379' title='bbox 1959 1269 2221 1325; x_wconf 79' lang='lat' dir='ltr'><strong>excubias</strong></span> <span class='ocrx_word' id='word_1_380' title='bbox 2241 1271 2499 1339; x_wconf 88' lang='lat' dir='ltr'><strong>celebret,</strong></span> <span class='ocrx_word' id='word_1_381' title='bbox 2526 1281 2582 1329; x_wconf 90' lang='lat' dir='ltr'><strong>et</strong></span> <span class='ocrx_word' id='word_1_382' title='bbox 2613 1275 2876 1331; x_wconf 85' lang='lat' dir='ltr'><strong>correctis</strong></span> <span class='ocrx_word' id='word_1_383' title='bbox 2910 1277 3122 1332; x_wconf 87' lang='lat' dir='ltr'><strong>actibus</strong></span> <span class='ocrx_word' id='word_1_384' title='bbox 3157 1280 3270 1335; x_wconf 89' lang='lat' dir='ltr'><strong>suis</strong></span> <span class='ocrx_word' id='word_1_385' title='bbox 3305 1282 3544 1338; x_wconf 85' lang='lat' dir='ltr'><strong>conferri</strong></span> 
     </span>
    </p>
   </div>
   <div class='ocr_carea' id='block_1_59' title="bbox 1961 1359 3546 1438">
    <p class='ocr_par' dir='ltr' id='par_1_59' title="bbox 1961 1359 3546 1438">
     <span class='ocr_line' id='line_1_59' title="bbox 1961 1359 3546 1438; baseline 0.011 -25"><span class='ocrx_word' id='word_1_386' title='bbox 1961 1359 2063 1414; x_wconf 86' lang='lat' dir='ltr'><strong>sibi</strong></span> <span class='ocrx_word' id='word_1_387' title='bbox 2108 1374 2140 1416; x_wconf 86' lang='lat' dir='ltr'><strong>a</strong></span> <span class='ocrx_word' id='word_1_388' title='bbox 2180 1368 2235 1417; x_wconf 88' lang='lat' dir='ltr'><strong>te</strong></span> <span class='ocrx_word' id='word_1_389' title='bbox 2271 1362 2604 1434; x_wconf 86' lang='lat' dir='ltr'><strong>sempiterna</strong></span> <span class='ocrx_word' id='word_1_390' title='bbox 2636 1365 2833 1436; x_wconf 87' lang='lat' dir='ltr'><strong>gaudia</strong></span> <span class='ocrx_word' id='word_1_391' title='bbox 2866 1368 3188 1438; x_wconf 86' lang='lat' dir='ltr'><strong>gratuletur.</strong></span> <span class='ocrx_word' id='word_1_392' title='bbox 3229 1371 3334 1428; x_wconf 86' lang='lat' dir='ltr'><strong>Per</strong></span> <span class='ocrx_word' id='word_1_393' title='bbox 3361 1374 3546 1430; x_wconf 88' lang='lat' dir='ltr'><strong>Domi-</strong></span> 
     </span>
    </p>
   </div>
   <div class='ocr_carea' id='block_1_60' title="bbox 2031 1543 3544 1626">
    <p class='ocr_par' dir='ltr' id='par_1_60' title="bbox 2031 1543 3544 1626">
     <span class='ocr_line' id='line_1_60' title="bbox 2031 1543 3544 1626; baseline 0.009 -30"><span class='ocrx_word' id='word_1_394' title='bbox 2031 1543 2174 1597; x_wconf 81' lang='lat' dir='ltr'><strong>Alia.</strong></span> <span class='ocrx_word' id='word_1_395' title='bbox 2214 1543 2434 1626; x_wconf 77' lang='lat' dir='ltr'><strong>Precor,</strong></span> <span class='ocrx_word' id='word_1_396' title='bbox 2463 1547 2707 1612; x_wconf 85' lang='lat' dir='ltr'><strong>Domine,</strong></span> <span class='ocrx_word' id='word_1_397' title='bbox 2738 1547 3078 1605; x_wconf 88' lang='lat' dir='ltr'><strong>clementiam</strong></span> <span class='ocrx_word' id='word_1_398' title='bbox 3110 1561 3215 1608; x_wconf 75' lang='lat' dir='ltr'><strong>tua:</strong></span> <span class='ocrx_word' id='word_1_399' title='bbox 3243 1552 3544 1622; x_wconf 72' lang='lat' dir='ltr'><strong>maiestatis</strong></span> 
     </span>
    </p>
   </div>
   <div class='ocr_carea' id='block_1_61' title="bbox 1962 1639 3544 1713">
    <p class='ocr_par' dir='ltr' id='par_1_61' title="bbox 1962 1639 3544 1713">
     <span class='ocr_line' id='line_1_61' title="bbox 1962 1639 3544 1713; baseline 0.008 -23"><span class='ocrx_word' id='word_1_400' title='bbox 1962 1651 2028 1691; x_wconf 92' lang='lat' dir='ltr'><strong>ac</strong></span> <span class='ocrx_word' id='word_1_401' title='bbox 2055 1639 2309 1705; x_wconf 89' lang='lat' dir='ltr'><strong>nominis,</strong></span> <span class='ocrx_word' id='word_1_402' title='bbox 2341 1647 2403 1695; x_wconf 93' lang='lat' dir='ltr'><strong>ut</strong></span> <span class='ocrx_word' id='word_1_403' title='bbox 2428 1641 2554 1696; x_wconf 90' lang='lat' dir='ltr'><strong>huic</strong></span> <span class='ocrx_word' id='word_1_404' title='bbox 2589 1639 2792 1697; x_wconf 89' lang='lat' dir='ltr'><strong>famulo</strong></span> <span class='ocrx_word' id='word_1_405' title='bbox 2825 1650 2940 1707; x_wconf 90' lang='lat' dir='ltr'><strong>tuo,</strong></span> <span class='ocrx_word' id='word_1_406' title='bbox 2969 1653 3191 1713; x_wconf 89' lang='lat' dir='ltr'><strong>peccata</strong></span> <span class='ocrx_word' id='word_1_407' title='bbox 3217 1655 3273 1702; x_wconf 91' lang='lat' dir='ltr'><strong>et</strong></span> <span class='ocrx_word' id='word_1_408' title='bbox 3303 1646 3544 1703; x_wconf 82' lang='lat' dir='ltr'><strong>facinora</strong></span> 
     </span>
    </p>
   </div>
   <div class='ocr_carea' id='block_1_62' title="bbox 1894 1729 3546 1806">
    <p class='ocr_par' dir='ltr' id='par_1_62' title="bbox 1894 1729 3546 1806">
     <span class='ocr_line' id='line_1_62' title="bbox 1894 1729 3546 1806; baseline 0.009 -24"><span class='ocrx_word' id='word_1_409' title='bbox 1894 1737 1937 1798; x_wconf 72' lang='grc' dir='ltr'><strong><em>Β</em></strong></span> <span class='ocrx_word' id='word_1_410' title='bbox 1963 1743 2060 1783; x_wconf 89' lang='lat' dir='ltr'><strong>sua</strong></span> <span class='ocrx_word' id='word_1_411' title='bbox 2086 1729 2388 1796; x_wconf 88' lang='lat' dir='ltr'><strong>conﬁtenti,</strong></span> <span class='ocrx_word' id='word_1_412' title='bbox 2414 1733 2630 1788; x_wconf 87' lang='lat' dir='ltr'><strong>veniam</strong></span> <span class='ocrx_word' id='word_1_413' title='bbox 2663 1735 2813 1801; x_wconf 87' lang='lat' dir='ltr'><strong>dare,</strong></span> <span class='ocrx_word' id='word_1_414' title='bbox 2851 1745 2906 1791; x_wconf 91' lang='lat' dir='ltr'><strong>et</strong></span> <span class='ocrx_word' id='word_1_415' title='bbox 2928 1739 3329 1806; x_wconf 80' lang='lat' dir='ltr'><strong>praeteritorum</strong></span> <span class='ocrx_word' id='word_1_416' title='bbox 3357 1742 3546 1796; x_wconf 85' lang='lat' dir='ltr'><strong>crimi-</strong></span> 
     </span>
    </p>
   </div>
   <div class='ocr_carea' id='block_1_63' title="bbox 1961 1821 3546 1899">
    <p class='ocr_par' dir='ltr' id='par_1_63' title="bbox 1961 1821 3546 1899">
     <span class='ocr_line' id='line_1_63' title="bbox 1961 1821 3546 1899; baseline 0.009 -25"><span class='ocrx_word' id='word_1_417' title='bbox 1961 1836 2089 1875; x_wconf 91' lang='lat' dir='ltr'><strong>num</strong></span> <span class='ocrx_word' id='word_1_418' title='bbox 2113 1821 2300 1892; x_wconf 86' lang='lat' dir='ltr'><strong>culpas</strong></span> <span class='ocrx_word' id='word_1_419' title='bbox 2323 1822 2571 1879; x_wconf 83' lang='lat' dir='ltr'><strong>relaxare</strong></span> <span class='ocrx_word' id='word_1_420' title='bbox 2591 1824 2850 1897; x_wconf 85' lang='lat' dir='ltr'><strong>digneris,</strong></span> <span class='ocrx_word' id='word_1_421' title='bbox 2877 1829 2970 1899; x_wconf 91' lang='lat' dir='ltr'><strong>qui</strong></span> <span class='ocrx_word' id='word_1_422' title='bbox 2991 1829 3234 1886; x_wconf 90' lang='lat' dir='ltr'><strong>bumeris</strong></span> <span class='ocrx_word' id='word_1_423' title='bbox 3258 1832 3364 1888; x_wconf 90' lang='lat' dir='ltr'><strong>tuis</strong></span> <span class='ocrx_word' id='word_1_424' title='bbox 3389 1847 3546 1890; x_wconf 89' lang='lat' dir='ltr'><strong>ovem</strong></span> 
     </span>
    </p>
   </div>
   <div class='ocr_carea' id='block_1_64' title="bbox 1958 1912 3603 1993">
    <p class='ocr_par' dir='ltr' id='par_1_64' title="bbox 1958 1912 3603 1993">
     <span class='ocr_line' id='line_1_64' title="bbox 1958 1912 3603 1993; baseline 0.006 -25"><span class='ocrx_word' id='word_1_425' title='bbox 1958 1912 2233 1983; x_wconf 87' lang='lat' dir='ltr'><strong>perditam</strong></span> <span class='ocrx_word' id='word_1_426' title='bbox 2280 1915 2546 1970; x_wconf 86' lang='lat' dir='ltr'><strong>reduxisti</strong></span> <span class='ocrx_word' id='word_1_427' title='bbox 2578 1916 2647 1972; x_wconf 90' lang='lat' dir='ltr'><strong>ad</strong></span> <span class='ocrx_word' id='word_1_428' title='bbox 2676 1917 2894 1984; x_wconf 87' lang='lat' dir='ltr'><strong>caulas;</strong></span> <span class='ocrx_word' id='word_1_429' title='bbox 2929 1920 3022 1990; x_wconf 88' lang='lat' dir='ltr'><strong>qui</strong></span> <span class='ocrx_word' id='word_1_430' title='bbox 3057 1921 3328 1990; x_wconf 80' lang='lat' dir='ltr'><strong>publicani</strong></span> <span class='ocrx_word' id='word_1_431' title='bbox 3373 1923 3548 1993; x_wconf 83' lang='lat' dir='ltr'><strong>preci-</strong></span> <span class='ocrx_word' id='word_1_432' title='bbox 3600 1914 3603 1918; x_wconf 72' lang='grc'><strong>’</strong></span> 
     </span>
    </p>
   </div>
   <div class='ocr_carea' id='block_1_65' title="bbox 1959 2003 3543 2080">
    <p class='ocr_par' dir='ltr' id='par_1_65' title="bbox 1959 2003 3543 2080">
     <span class='ocr_line' id='line_1_65' title="bbox 1959 2003 3543 2080; baseline 0.007 -22"><span class='ocrx_word' id='word_1_433' title='bbox 1959 2003 2062 2059; x_wconf 91' lang='lat' dir='ltr'><strong>bus</strong></span> <span class='ocrx_word' id='word_1_434' title='bbox 2086 2004 2170 2059; x_wconf 87' lang='lat' dir='ltr'><strong>vel</strong></span> <span class='ocrx_word' id='word_1_435' title='bbox 2200 2005 2545 2062; x_wconf 86' lang='lat' dir='ltr'><strong>confessione</strong></span> <span class='ocrx_word' id='word_1_436' title='bbox 2585 2007 2832 2076; x_wconf 89' lang='lat' dir='ltr'><strong>placatus</strong></span> <span class='ocrx_word' id='word_1_437' title='bbox 2866 2024 2946 2076; x_wconf 89' lang='lat' dir='ltr'><strong>es,</strong></span> <span class='ocrx_word' id='word_1_438' title='bbox 2981 2017 3038 2064; x_wconf 90' lang='lat' dir='ltr'><strong>tu</strong></span> <span class='ocrx_word' id='word_1_439' title='bbox 3073 2011 3260 2077; x_wconf 89' lang='lat' dir='ltr'><strong>etiam,</strong></span> <span class='ocrx_word' id='word_1_440' title='bbox 3288 2011 3543 2080; x_wconf 89' lang='lat' dir='ltr'><strong>Domine,</strong></span> 
     </span>
    </p>
   </div>
   <div class='ocr_carea' id='block_1_66' title="bbox 1959 2093 3546 2170">
    <p class='ocr_par' dir='ltr' id='par_1_66' title="bbox 1959 2093 3546 2170">
     <span class='ocr_line' id='line_1_66' title="bbox 1959 2093 3546 2170; baseline 0.009 -24"><span class='ocrx_word' id='word_1_441' title='bbox 1959 2099 2016 2147; x_wconf 90' lang='lat' dir='ltr'><strong>et</strong></span> <span class='ocrx_word' id='word_1_442' title='bbox 2042 2093 2167 2147; x_wconf 89' lang='lat' dir='ltr'><strong>huic</strong></span> <span class='ocrx_word' id='word_1_443' title='bbox 2204 2093 2404 2149; x_wconf 85' lang='lat' dir='ltr'><strong>famulo</strong></span> <span class='ocrx_word' id='word_1_444' title='bbox 2437 2103 2529 2149; x_wconf 94' lang='lat' dir='ltr'><strong>tuo</strong></span> <span class='ocrx_word' id='word_1_445' title='bbox 2570 2096 2820 2166; x_wconf 89' lang='lat' dir='ltr'><strong>placare,</strong></span> <span class='ocrx_word' id='word_1_446' title='bbox 2849 2105 2905 2152; x_wconf 90' lang='lat' dir='ltr'><strong>tu</strong></span> <span class='ocrx_word' id='word_1_447' title='bbox 2947 2099 3064 2168; x_wconf 87' lang='lat' dir='ltr'><strong>ejus</strong></span> <span class='ocrx_word' id='word_1_448' title='bbox 3107 2103 3360 2170; x_wconf 90' lang='lat' dir='ltr'><strong>precibus</strong></span> <span class='ocrx_word' id='word_1_449' title='bbox 3391 2104 3546 2160; x_wconf 86' lang='lat' dir='ltr'><strong>beni-</strong></span> 
     </span>
    </p>
   </div>
   <div class='ocr_carea' id='block_1_67' title="bbox 1960 2183 3546 2264">
    <p class='ocr_par' dir='ltr' id='par_1_67' title="bbox 1960 2183 3546 2264">
     <span class='ocr_line' id='line_1_67' title="bbox 1960 2183 3546 2264; baseline 0.011 -30"><span class='ocrx_word' id='word_1_450' title='bbox 1960 2197 2098 2250; x_wconf 88' lang='lat' dir='ltr'><strong>gnus</strong></span> <span class='ocrx_word' id='word_1_451' title='bbox 2143 2183 2358 2248; x_wconf 80' lang='lat' dir='ltr'><strong>assiste,</strong></span> <span class='ocrx_word' id='word_1_452' title='bbox 2401 2191 2460 2238; x_wconf 93' lang='lat' dir='ltr'><strong>ut</strong></span> <span class='ocrx_word' id='word_1_453' title='bbox 2508 2186 2562 2239; x_wconf 89' lang='lat' dir='ltr'><strong>in</strong></span> <span class='ocrx_word' id='word_1_454' title='bbox 2603 2187 2944 2244; x_wconf 89' lang='lat' dir='ltr'><strong>confessione</strong></span> <span class='ocrx_word' id='word_1_455' title='bbox 2989 2190 3151 2246; x_wconf 80' lang='lat' dir='ltr'><strong>ﬂebili</strong></span> <span class='ocrx_word' id='word_1_456' title='bbox 3197 2208 3546 2264; x_wconf 87' lang='lat' dir='ltr'><strong>permanens,</strong></span> 
     </span>
    </p>
   </div>
   <div class='ocr_carea' id='block_1_68' title="bbox 1960 2273 3548 2345">
    <p class='ocr_par' dir='ltr' id='par_1_68' title="bbox 1960 2273 3548 2345">
     <span class='ocr_line' id='line_1_68' title="bbox 1960 2273 3548 2345; baseline 0.01 -19"><span class='ocrx_word' id='word_1_457' title='bbox 1960 2273 2304 2328; x_wconf 87' lang='lat' dir='ltr'><strong>clementiam</strong></span> <span class='ocrx_word' id='word_1_458' title='bbox 2329 2275 2584 2332; x_wconf 88' lang='lat' dir='ltr'><strong>celeriter</strong></span> <span class='ocrx_word' id='word_1_459' title='bbox 2604 2287 2813 2345; x_wconf 84' lang='lat' dir='ltr'><strong>exoret,</strong></span> <span class='ocrx_word' id='word_1_460' title='bbox 2826 2289 2881 2335; x_wconf 91' lang='lat' dir='ltr'><strong>et</strong></span> <span class='ocrx_word' id='word_1_461' title='bbox 2903 2282 3108 2338; x_wconf 89' lang='lat' dir='ltr'><strong>sanctis</strong></span> <span class='ocrx_word' id='word_1_462' title='bbox 3136 2299 3200 2339; x_wconf 89' lang='lat' dir='ltr'><strong>ac</strong></span> <span class='ocrx_word' id='word_1_463' title='bbox 3215 2287 3386 2342; x_wconf 88' lang='lat' dir='ltr'><strong>sacris</strong></span> <span class='ocrx_word' id='word_1_464' title='bbox 3411 2287 3548 2341; x_wconf 85' lang='lat' dir='ltr'><strong>alta-</strong></span> 
     </span>
    </p>
   </div>
   <div class='ocr_carea' id='block_1_69' title="bbox 1961 2363 3546 2448">
    <p class='ocr_par' dir='ltr' id='par_1_69' title="bbox 1961 2363 3546 2448">
     <span class='ocr_line' id='line_1_69' title="bbox 1961 2363 3546 2448; baseline 0.01 -31"><span class='ocrx_word' id='word_1_465' title='bbox 1961 2363 2113 2419; x_wconf 88' lang='lat' dir='ltr'><strong>ribus</strong></span> <span class='ocrx_word' id='word_1_466' title='bbox 2139 2364 2422 2421; x_wconf 85' lang='lat' dir='ltr'><strong>restitutus</strong></span> <span class='ocrx_word' id='word_1_467' title='bbox 2450 2367 2567 2437; x_wconf 84' lang='lat' dir='ltr'><strong>spei</strong></span> <span class='ocrx_word' id='word_1_468' title='bbox 2596 2384 2785 2425; x_wconf 89' lang='lat' dir='ltr'><strong>rursus</strong></span> <span class='ocrx_word' id='word_1_469' title='bbox 2810 2378 3027 2427; x_wconf 66' lang='lat' dir='ltr'><strong>internae</strong></span> <span class='ocrx_word' id='word_1_470' title='bbox 3055 2381 3112 2428; x_wconf 91' lang='lat' dir='ltr'><strong>et</strong></span> <span class='ocrx_word' id='word_1_471' title='bbox 3134 2373 3340 2430; x_wconf 73' lang='lat' dir='ltr'><strong>cmlesti</strong></span> <span class='ocrx_word' id='word_1_472' title='bbox 3362 2375 3546 2448; x_wconf 80' lang='lat' dir='ltr'><strong>gloriae</strong></span> 
     </span>
    </p>
   </div>
   <div class='ocr_carea' id='block_1_70' title="bbox 1962 2454 2865 2515">
    <p class='ocr_par' dir='ltr' id='par_1_70' title="bbox 1962 2454 2865 2515">
     <span class='ocr_line' id='line_1_70' title="bbox 1962 2454 2865 2515; baseline 0.007 -5"><span class='ocrx_word' id='word_1_473' title='bbox 1962 2454 2314 2511; x_wconf 89' lang='lat' dir='ltr'><strong>reformetur.</strong></span> <span class='ocrx_word' id='word_1_474' title='bbox 2348 2455 2454 2513; x_wconf 88' lang='lat' dir='ltr'><strong>Per</strong></span> <span class='ocrx_word' id='word_1_475' title='bbox 2475 2459 2782 2515; x_wconf 87' lang='lat' dir='ltr'><strong>Dominum.</strong></span> <span class='ocrx_word' id='word_1_476' title='bbox 2861 2483 2865 2488; x_wconf 57' lang='grc' dir='ltr'><em>ί</em></span> 
     </span>
    </p>
   </div>
   <div class='ocr_carea' id='block_1_71' title="bbox 2031 2546 3545 2638">
    <p class='ocr_par' dir='ltr' id='par_1_71' title="bbox 2031 2546 3545 2638">
     <span class='ocr_line' id='line_1_71' title="bbox 2031 2546 3545 2638; baseline 0.011 -38"><span class='ocrx_word' id='word_1_477' title='bbox 2031 2546 2174 2638; x_wconf 58' lang='lat' dir='ltr'><strong>Alia.</strong></span> <span class='ocrx_word' id='word_1_478' title='bbox 2215 2546 2574 2638; x_wconf 58' lang='lat' dir='ltr'><strong>Omnipotens</strong></span> <span class='ocrx_word' id='word_1_479' title='bbox 2597 2554 2926 2623; x_wconf 88' lang='lat' dir='ltr'><strong>sempiterne</strong></span> <span class='ocrx_word' id='word_1_480' title='bbox 2952 2555 3116 2623; x_wconf 86' lang='lat' dir='ltr'><strong>Deus,</strong></span> <span class='ocrx_word' id='word_1_481' title='bbox 3141 2559 3420 2616; x_wconf 84' lang='lat' dir='ltr'><strong>conﬁtenti</strong></span> <span class='ocrx_word' id='word_1_482' title='bbox 3449 2561 3545 2618; x_wconf 91' lang='lat' dir='ltr'><strong>tibi</strong></span> 
     </span>
    </p>
   </div>
   <div class='ocr_carea' id='block_1_72' title="bbox 1961 2637 3548 2717">
    <p class='ocr_par' dir='ltr' id='par_1_72' title="bbox 1961 2637 3548 2717">
     <span class='ocr_line' id='line_1_72' title="bbox 1961 2637 3548 2717; baseline 0.011 -26"><span class='ocrx_word' id='word_1_483' title='bbox 1961 2637 2089 2692; x_wconf 92' lang='lat' dir='ltr'><strong>huic</strong></span> <span class='ocrx_word' id='word_1_484' title='bbox 2131 2637 2333 2696; x_wconf 88' lang='lat' dir='ltr'><strong>famulo</strong></span> <span class='ocrx_word' id='word_1_485' title='bbox 2360 2648 2451 2698; x_wconf 92' lang='lat' dir='ltr'><strong>tuo</strong></span> <span class='ocrx_word' id='word_1_486' title='bbox 2487 2637 2588 2712; x_wconf 90' lang='lat' dir='ltr'><strong>pro</strong></span> <span class='ocrx_word' id='word_1_487' title='bbox 2616 2653 2706 2700; x_wconf 89' lang='lat' dir='ltr'><strong>tua</strong></span> <span class='ocrx_word' id='word_1_488' title='bbox 2735 2646 2938 2715; x_wconf 76' lang='lat' dir='ltr'><strong>pietate</strong></span> <span class='ocrx_word' id='word_1_489' title='bbox 2968 2656 3193 2717; x_wconf 86' lang='lat' dir='ltr'><strong>peccata</strong></span> <span class='ocrx_word' id='word_1_490' title='bbox 3225 2649 3409 2708; x_wconf 87' lang='lat' dir='ltr'><strong>relaxa</strong></span> <span class='ocrx_word' id='word_1_491' title='bbox 3437 2671 3452 2708; x_wconf 87' lang='lat'><strong>:</strong></span> <span class='ocrx_word' id='word_1_492' title='bbox 3487 2661 3548 2709; x_wconf 91' lang='lat' dir='ltr'><strong>ut</strong></span> 
     </span>
    </p>
   </div>
   <div class='ocr_carea' id='block_1_73' title="bbox 1962 2727 3543 2813">
    <p class='ocr_par' dir='ltr' id='par_1_73' title="bbox 1962 2727 3543 2813">
     <span class='ocr_line' id='line_1_73' title="bbox 1962 2727 3543 2813; baseline 0.011 -32"><span class='ocrx_word' id='word_1_493' title='bbox 1962 2741 2069 2782; x_wconf 90' lang='lat' dir='ltr'><strong>non</strong></span> <span class='ocrx_word' id='word_1_494' title='bbox 2100 2727 2222 2798; x_wconf 89' lang='lat' dir='ltr'><strong>plus</strong></span> <span class='ocrx_word' id='word_1_495' title='bbox 2255 2730 2306 2784; x_wconf 90' lang='lat' dir='ltr'><strong>ei</strong></span> <span class='ocrx_word' id='word_1_496' title='bbox 2349 2741 2545 2788; x_wconf 87' lang='lat' dir='ltr'><strong>noceat</strong></span> <span class='ocrx_word' id='word_1_497' title='bbox 2593 2736 2940 2793; x_wconf 72' lang='lat' dir='ltr'><strong>conscientia:</strong></span> <span class='ocrx_word' id='word_1_498' title='bbox 2987 2747 3173 2795; x_wconf 87' lang='lat' dir='ltr'><strong>reatus</strong></span> <span class='ocrx_word' id='word_1_499' title='bbox 3207 2742 3274 2797; x_wconf 89' lang='lat' dir='ltr'><strong>ad</strong></span> <span class='ocrx_word' id='word_1_500' title='bbox 3301 2757 3543 2813; x_wconf 64' lang='lat' dir='ltr'><strong>pinnam,</strong></span> 
     </span>
    </p>
   </div>
   <div class='ocr_carea' id='block_1_74' title="bbox 1962 2820 3549 2896">
    <p class='ocr_par' dir='ltr' id='par_1_74' title="bbox 1962 2820 3549 2896">
     <span class='ocr_line' id='line_1_74' title="bbox 1962 2820 3549 2896; baseline 0.011 -25"><span class='ocrx_word' id='word_1_501' title='bbox 1962 2834 2127 2888; x_wconf 89' lang='lat' dir='ltr'><strong>quam</strong></span> <span class='ocrx_word' id='word_1_502' title='bbox 2174 2820 2506 2894; x_wconf 85' lang='lat' dir='ltr'><strong>indulgentia</strong></span> <span class='ocrx_word' id='word_1_503' title='bbox 2542 2833 2647 2880; x_wconf 61' lang='lat' dir='ltr'><strong>tute</strong></span> <span class='ocrx_word' id='word_1_504' title='bbox 2673 2827 2893 2896; x_wconf 84' lang='lat' dir='ltr'><strong>pietatis</strong></span> <span class='ocrx_word' id='word_1_505' title='bbox 2940 2830 3007 2886; x_wconf 90' lang='lat' dir='ltr'><strong>ad</strong></span> <span class='ocrx_word' id='word_1_506' title='bbox 3039 2831 3273 2886; x_wconf 88' lang='lat' dir='ltr'><strong>veniam.</strong></span> <span class='ocrx_word' id='word_1_507' title='bbox 3313 2831 3549 2890; x_wconf 84' lang='lat' dir='ltr'><strong>PerDo-</strong></span> 
     </span>
    </p>
   </div>
   <div class='ocr_carea' id='block_1_75' title="bbox 1962 2927 2188 2966">
    <p class='ocr_par' dir='ltr' id='par_1_75' title="bbox 1962 2927 2188 2966">
     <span class='ocr_line' id='line_1_75' title="bbox 1962 2927 2188 2966; baseline 0.004 -1"><span class='ocrx_word' id='word_1_508' title='bbox 1962 2927 2188 2966; x_wconf 79' lang='lat' dir='ltr'><strong>minum.</strong></span> 
     </span>
    </p>
   </div>
   <div class='ocr_carea' id='block_1_76' title="bbox 2035 3002 3550 3085">
    <p class='ocr_par' dir='ltr' id='par_1_76' title="bbox 2035 3002 3550 3085">
     <span class='ocr_line' id='line_1_76' title="bbox 2035 3002 3550 3085; baseline 0.009 -29"><span class='ocrx_word' id='word_1_509' title='bbox 2035 3002 2174 3057; x_wconf 80' lang='lat' dir='ltr'><strong>Alia.</strong></span> <span class='ocrx_word' id='word_1_510' title='bbox 2212 3002 2564 3076; x_wconf 89' lang='lat' dir='ltr'><strong>Omnipotens</strong></span> <span class='ocrx_word' id='word_1_511' title='bbox 2593 3017 2652 3064; x_wconf 90' lang='lat' dir='ltr'><strong>et</strong></span> <span class='ocrx_word' id='word_1_512' title='bbox 2697 3010 3010 3069; x_wconf 87' lang='lat' dir='ltr'><strong>misericors</strong></span> <span class='ocrx_word' id='word_1_513' title='bbox 3042 3013 3203 3079; x_wconf 89' lang='lat' dir='ltr'><strong>Deus,</strong></span> <span class='ocrx_word' id='word_1_514' title='bbox 3233 3014 3326 3085; x_wconf 90' lang='lat' dir='ltr'><strong>qui</strong></span> <span class='ocrx_word' id='word_1_515' title='bbox 3353 3030 3550 3085; x_wconf 85' lang='lat' dir='ltr'><strong>pecca-</strong></span> 
     </span>
    </p>
   </div>
   <div class='ocr_carea' id='block_1_77' title="bbox 1894 3077 3552 3174">
    <p class='ocr_par' dir='ltr' id='par_1_77' title="bbox 1894 3077 3552 3174">
     <span class='ocr_line' id='line_1_77' title="bbox 1894 3077 3552 3174; baseline 0.011 -31"><span class='ocrx_word' id='word_1_516' title='bbox 1894 3077 1941 3140; x_wconf 86' lang='lat' dir='ltr'><strong>C</strong></span> <span class='ocrx_word' id='word_1_517' title='bbox 1974 3097 2150 3146; x_wconf 88' lang='lat' dir='ltr'><strong>torum</strong></span> <span class='ocrx_word' id='word_1_518' title='bbox 2181 3092 2572 3166; x_wconf 89' lang='lat' dir='ltr'><strong>indulgentiam</strong></span> <span class='ocrx_word' id='word_1_519' title='bbox 2599 3098 2653 3152; x_wconf 91' lang='lat' dir='ltr'><strong>in</strong></span> <span class='ocrx_word' id='word_1_520' title='bbox 2682 3098 3023 3156; x_wconf 88' lang='lat' dir='ltr'><strong>confessione</strong></span> <span class='ocrx_word' id='word_1_521' title='bbox 3050 3077 3211 3158; x_wconf 82' lang='lat' dir='ltr'><strong>celeri</strong></span> <span class='ocrx_word' id='word_1_522' title='bbox 3239 3077 3552 3174; x_wconf 65' lang='lat' dir='ltr'><strong>postulasti,</strong></span> 
     </span>
    </p>
   </div>
   <div class='ocr_carea' id='block_1_78' title="bbox 1965 3186 3556 3266">
    <p class='ocr_par' dir='ltr' id='par_1_78' title="bbox 1965 3186 3556 3266">
     <span class='ocr_line' id='line_1_78' title="bbox 1965 3186 3556 3266; baseline 0.009 -28"><span class='ocrx_word' id='word_1_523' title='bbox 1965 3197 2226 3241; x_wconf 89' lang='lat' dir='ltr'><strong>succurre</strong></span> <span class='ocrx_word' id='word_1_524' title='bbox 2249 3186 2438 3256; x_wconf 87' lang='lat' dir='ltr'><strong>lapsis,</strong></span> <span class='ocrx_word' id='word_1_525' title='bbox 2467 3187 2726 3245; x_wconf 87' lang='lat' dir='ltr'><strong>miserere</strong></span> <span class='ocrx_word' id='word_1_526' title='bbox 2755 3191 3018 3249; x_wconf 88' lang='lat' dir='ltr'><strong>confessis</strong></span> <span class='ocrx_word' id='word_1_527' title='bbox 3046 3211 3059 3246; x_wconf 92' lang='lat'><strong>:</strong></span> <span class='ocrx_word' id='word_1_528' title='bbox 3086 3204 3145 3250; x_wconf 87' lang='lat' dir='ltr'><strong>ut</strong></span> <span class='ocrx_word' id='word_1_529' title='bbox 3171 3210 3308 3266; x_wconf 80' lang='lat' dir='ltr'><strong>quos</strong></span> <span class='ocrx_word' id='word_1_530' title='bbox 3329 3196 3556 3252; x_wconf 86' lang='lat' dir='ltr'><strong>delicto-</strong></span> 
     </span>
    </p>
   </div>
   <div class='ocr_carea' id='block_1_79' title="bbox 1967 3278 3550 3354">
    <p class='ocr_par' dir='ltr' id='par_1_79' title="bbox 1967 3278 3550 3354">
     <span class='ocr_line' id='line_1_79' title="bbox 1967 3278 3550 3354; baseline 0.011 -29"><span class='ocrx_word' id='word_1_531' title='bbox 1967 3288 2089 3326; x_wconf 89' lang='lat' dir='ltr'><strong>rum</strong></span> <span class='ocrx_word' id='word_1_532' title='bbox 2117 3286 2312 3330; x_wconf 87' lang='lat' dir='ltr'><strong>catcna</strong></span> <span class='ocrx_word' id='word_1_533' title='bbox 2337 3278 2680 3350; x_wconf 89' lang='lat' dir='ltr'><strong>constringit,</strong></span> <span class='ocrx_word' id='word_1_534' title='bbox 2707 3280 3024 3351; x_wconf 88' lang='lat' dir='ltr'><strong>magnitudo</strong></span> <span class='ocrx_word' id='word_1_535' title='bbox 3042 3284 3262 3354; x_wconf 90' lang='lat' dir='ltr'><strong>pietatis</strong></span> <span class='ocrx_word' id='word_1_536' title='bbox 3285 3285 3550 3343; x_wconf 86' lang='lat' dir='ltr'><strong>absolvat.</strong></span> 
     </span>
    </p>
   </div>
   <div class='ocr_carea' id='block_1_80' title="bbox 1966 3359 2414 3422">
    <p class='ocr_par' dir='ltr' id='par_1_80' title="bbox 1966 3359 2414 3422">
     <span class='ocr_line' id='line_1_80' title="bbox 1966 3359 2414 3422; baseline 0.018 -8"><span class='ocrx_word' id='word_1_537' title='bbox 1966 3359 2079 3418; x_wconf 87' lang='lat' dir='ltr'><strong>Per</strong></span> <span class='ocrx_word' id='word_1_538' title='bbox 2105 3365 2414 3422; x_wconf 89' lang='lat' dir='ltr'><strong>Dominum.</strong></span> 
     </span>
    </p>
   </div>
   <div class='ocr_carea' id='block_1_81' title="bbox 2469 3461 3033 3534">
    <p class='ocr_par' dir='ltr' id='par_1_81' title="bbox 2469 3461 3033 3534">
     <span class='ocr_line' id='line_1_81' title="bbox 2469 3461 3033 3534; baseline 0.005 -15"><span class='ocrx_word' id='word_1_539' title='bbox 2469 3461 2632 3534; x_wconf 77' lang='lat'><strong>515</strong></span> <span class='ocrx_word' id='word_1_540' title='bbox 2659 3463 2886 3523; x_wconf 79' lang='lat' dir='ltr'><strong>CAPUT</strong></span> <span class='ocrx_word' id='word_1_541' title='bbox 2922 3466 3033 3524; x_wconf 83' lang='lat' dir='ltr'><strong>LV.</strong></span> 
     </span>
    </p>
   </div>
   <div class='ocr_carea' id='block_1_82' title="bbox 2468 3553 3055 3616">
    <p class='ocr_par' dir='ltr' id='par_1_82' title="bbox 2468 3553 3055 3616">
     <span class='ocr_line' id='line_1_82' title="bbox 2468 3553 3055 3616; baseline 0.009 -7"><span class='ocrx_word' id='word_1_542' title='bbox 2468 3553 2496 3593; x_wconf 71' lang='grc' dir='ltr'>δ</span> <span class='ocrx_word' id='word_1_543' title='bbox 2520 3571 2585 3610; x_wconf 72' lang='lat' dir='ltr'><strong>ne</strong></span> <span class='ocrx_word' id='word_1_544' title='bbox 2624 3571 3055 3616; x_wconf 65' lang='lat' dir='ltr'><strong>malrsnriaus.</strong></span> 
     </span>
    </p>
   </div>
   <div class='ocr_carea' id='block_1_83' title="bbox 2039 3661 3554 3742">
    <p class='ocr_par' dir='ltr' id='par_1_83' title="bbox 2039 3661 3554 3742">
     <span class='ocr_line' id='line_1_83' title="bbox 2039 3661 3554 3742; baseline 0.009 -24"><span class='ocrx_word' id='word_1_545' title='bbox 2039 3661 2436 3720; x_wconf 74' lang='lat' dir='ltr'><strong>Ptenitentibus</strong></span> <span class='ocrx_word' id='word_1_546' title='bbox 2496 3667 2806 3736; x_wconf 83' lang='lat' dir='ltr'><strong>exemplum</strong></span> <span class='ocrx_word' id='word_1_547' title='bbox 2861 3667 2962 3724; x_wconf 77' lang='lat' dir='ltr'><strong>Job</strong></span> <span class='ocrx_word' id='word_1_548' title='bbox 3023 3673 3233 3740; x_wconf 90' lang='lat' dir='ltr'><strong>primus</strong></span> <span class='ocrx_word' id='word_1_549' title='bbox 3277 3674 3554 3742; x_wconf 86' lang='lat' dir='ltr'><strong>exhibuit,</strong></span> 
     </span>
    </p>
   </div>
   <div class='ocr_carea' id='block_1_84' title="bbox 1968 3755 3553 3828">
    <p class='ocr_par' dir='ltr' id='par_1_84' title="bbox 1968 3755 3553 3828">
     <span class='ocr_line' id='line_1_84' title="bbox 1968 3755 3553 3828; baseline 0.006 -20"><span class='ocrx_word' id='word_1_550' title='bbox 1968 3756 2184 3823; x_wconf 84' lang='lat' dir='ltr'><strong>quando</strong></span> <span class='ocrx_word' id='word_1_551' title='bbox 2208 3764 2332 3824; x_wconf 91' lang='lat' dir='ltr'><strong>post</strong></span> <span class='ocrx_word' id='word_1_552' title='bbox 2359 3755 2551 3811; x_wconf 88' lang='lat' dir='ltr'><strong>funera</strong></span> <span class='ocrx_word' id='word_1_553' title='bbox 2579 3756 2662 3811; x_wconf 86' lang='lat' dir='ltr'><strong>vel</strong></span> <span class='ocrx_word' id='word_1_554' title='bbox 2691 3757 2896 3828; x_wconf 83' lang='lat' dir='ltr'><strong>ﬂagella</strong></span> <span class='ocrx_word' id='word_1_555' title='bbox 2924 3761 3100 3816; x_wconf 87' lang='lat' dir='ltr'><strong>adhuc</strong></span> <span class='ocrx_word' id='word_1_556' title='bbox 3133 3764 3186 3816; x_wconf 93' lang='lat' dir='ltr'><strong>in</strong></span> <span class='ocrx_word' id='word_1_557' title='bbox 3225 3777 3322 3817; x_wconf 88' lang='lat' dir='ltr'><strong>sua</strong></span> <span class='ocrx_word' id='word_1_558' title='bbox 3363 3766 3553 3820; x_wconf 87' lang='lat' dir='ltr'><strong>redar-</strong></span> 
     </span>
    </p>
   </div>
   <div class='ocr_carea' id='block_1_85' title="bbox 1970 3851 3557 3927">
    <p class='ocr_par' dir='ltr' id='par_1_85' title="bbox 1970 3851 3557 3927">
     <span class='ocr_line' id='line_1_85' title="bbox 1970 3851 3557 3927; baseline 0.008 -25"><span class='ocrx_word' id='word_1_559' title='bbox 1970 3852 2190 3920; x_wconf 87' lang='lat' dir='ltr'><strong>gutione</strong></span> <span class='ocrx_word' id='word_1_560' title='bbox 2201 3851 2368 3906; x_wconf 88' lang='lat' dir='ltr'><strong>etiam</strong></span> <span class='ocrx_word' id='word_1_561' title='bbox 2394 3851 2448 3904; x_wconf 91' lang='lat' dir='ltr'><strong>in</strong></span> <span class='ocrx_word' id='word_1_562' title='bbox 2467 3851 2644 3905; x_wconf 92' lang='lat' dir='ltr'><strong>cilicio</strong></span> <span class='ocrx_word' id='word_1_563' title='bbox 2658 3861 2714 3906; x_wconf 90' lang='lat' dir='ltr'><strong>et</strong></span> <span class='ocrx_word' id='word_1_564' title='bbox 2735 3853 2918 3908; x_wconf 88' lang='lat' dir='ltr'><strong>cinere</strong></span> <span class='ocrx_word' id='word_1_565' title='bbox 2944 3854 3176 3911; x_wconf 87' lang='lat' dir='ltr'><strong>lamenta</strong></span> <span class='ocrx_word' id='word_1_566' title='bbox 3203 3859 3557 3927; x_wconf 67' lang='lat' dir='ltr'><strong>paenitudinis</strong></span> 
     </span>
    </p>
   </div>
   <div class='ocr_carea' id='block_1_86' title="bbox 1970 3940 3554 4020">
    <p class='ocr_par' dir='ltr' id='par_1_86' title="bbox 1970 3940 3554 4020">
     <span class='ocr_line' id='line_1_86' title="bbox 1970 3940 3554 4020; baseline 0.007 -27"><span class='ocrx_word' id='word_1_567' title='bbox 1970 3940 2233 4008; x_wconf 86' lang='lat' dir='ltr'><strong>sumpsit,</strong></span> <span class='ocrx_word' id='word_1_568' title='bbox 2264 3941 2450 3997; x_wconf 85' lang='lat' dir='ltr'><strong>dicens</strong></span> <span class='ocrx_word' id='word_1_569' title='bbox 2475 3959 2488 3996; x_wconf 91' lang='lat'>:</span> <span class='ocrx_word' id='word_1_570' title='bbox 2517 3941 2726 3998; x_wconf 82' lang='lat' dir='ltr'><strong>Idcirco</strong></span> <span class='ocrx_word' id='word_1_571' title='bbox 2768 3962 2867 4016; x_wconf 90' lang='lat' dir='ltr'><strong>ago</strong></span> <span class='ocrx_word' id='word_1_572' title='bbox 2891 3947 3245 4016; x_wconf 72' lang='lat' dir='ltr'><strong>paenitentiam</strong></span> <span class='ocrx_word' id='word_1_573' title='bbox 3274 3950 3329 4004; x_wconf 87' lang='lat' dir='ltr'><strong>in</strong></span> <span class='ocrx_word' id='word_1_574' title='bbox 3371 3949 3554 4020; x_wconf 75' lang='lat' dir='ltr'><strong>favilla</strong></span> 
     </span>
    </p>
   </div>
   <div class='ocr_carea' id='block_1_87' title="bbox 1969 4034 3557 4115">
    <p class='ocr_par' dir='ltr' id='par_1_87' title="bbox 1969 4034 3557 4115">
     <span class='ocr_line' id='line_1_87' title="bbox 1969 4034 3557 4115; baseline 0.009 -28"><span class='ocrx_word' id='word_1_575' title='bbox 1969 4043 2018 4087; x_wconf 89' lang='lat' dir='ltr'><strong>et</strong></span> <span class='ocrx_word' id='word_1_576' title='bbox 2046 4034 2217 4088; x_wconf 83' lang='lat' dir='ltr'><strong>cinere</strong></span> <span class='ocrx_word' id='word_1_577' title='bbox 2244 4034 2386 4105; x_wconf 79' lang='lat' dir='ltr'><strong>(Job.</strong></span> <span class='ocrx_word' id='word_1_578' title='bbox 2411 4049 2546 4101; x_wconf 81' lang='lat' dir='ltr'><strong>xm,</strong></span> <span class='ocrx_word' id='word_1_579' title='bbox 2568 4035 2644 4109; x_wconf 87' lang='grc'><strong>6).</strong></span> <span class='ocrx_word' id='word_1_580' title='bbox 2672 4037 2800 4094; x_wconf 88' lang='lat' dir='ltr'><strong>Post</strong></span> <span class='ocrx_word' id='word_1_581' title='bbox 2826 4039 2969 4096; x_wconf 88' lang='lat' dir='ltr'><strong>hunc</strong></span> <span class='ocrx_word' id='word_1_582' title='bbox 2998 4043 3152 4098; x_wconf 84' lang='lat' dir='ltr'><strong>nobis</strong></span> <span class='ocrx_word' id='word_1_583' title='bbox 3181 4043 3351 4101; x_wconf 88' lang='lat' dir='ltr'><strong>David</strong></span> <span class='ocrx_word' id='word_1_584' title='bbox 3384 4046 3557 4115; x_wconf 69' lang='lat' dir='ltr'><strong>poeni-</strong></span> 
     </span>
    </p>
   </div>
   <div class='ocr_carea' id='block_1_88' title="bbox 1970 4125 3552 4206">
    <p class='ocr_par' dir='ltr' id='par_1_88' title="bbox 1970 4125 3552 4206">
     <span class='ocr_line' id='line_1_88' title="bbox 1970 4125 3552 4206; baseline 0.008 -26"><span class='ocrx_word' id='word_1_585' title='bbox 1970 4125 2152 4180; x_wconf 76' lang='lat' dir='ltr'><strong>tentia:</strong></span> <span class='ocrx_word' id='word_1_586' title='bbox 2181 4126 2551 4195; x_wconf 88' lang='lat' dir='ltr'><strong>magisterium</strong></span> <span class='ocrx_word' id='word_1_587' title='bbox 2588 4129 2836 4198; x_wconf 64' lang='lat' dir='ltr'><strong>praebuit,</strong></span> <span class='ocrx_word' id='word_1_588' title='bbox 2877 4134 3092 4203; x_wconf 89' lang='lat' dir='ltr'><strong>quando</strong></span> <span class='ocrx_word' id='word_1_589' title='bbox 3133 4135 3285 4206; x_wconf 88' lang='lat' dir='ltr'><strong>gravi</strong></span> <span class='ocrx_word' id='word_1_590' title='bbox 3323 4135 3552 4192; x_wconf 89' lang='lat' dir='ltr'><strong>vulnere</strong></span> 
     </span>
    </p>
   </div>
   <div class='ocr_carea' id='block_1_89' title="bbox 1972 4214 3552 4295">
    <p class='ocr_par' dir='ltr' id='par_1_89' title="bbox 1972 4214 3552 4295">
     <span class='ocr_line' id='line_1_89' title="bbox 1972 4214 3552 4295; baseline 0.007 -24"><span class='ocrx_word' id='word_1_591' title='bbox 1972 4214 2175 4287; x_wconf 79' lang='lat' dir='ltr'><strong>lapsus,</strong></span> <span class='ocrx_word' id='word_1_592' title='bbox 2207 4217 2335 4272; x_wconf 89' lang='lat' dir='ltr'><strong>dum</strong></span> <span class='ocrx_word' id='word_1_593' title='bbox 2375 4219 2614 4275; x_wconf 86' lang='lat' dir='ltr'><strong>audisset</strong></span> <span class='ocrx_word' id='word_1_594' title='bbox 2653 4237 2685 4276; x_wconf 89' lang='lat' dir='ltr'><strong>a</strong></span> <span class='ocrx_word' id='word_1_595' title='bbox 2727 4222 2989 4293; x_wconf 88' lang='lat' dir='ltr'><strong>propheta</strong></span> <span class='ocrx_word' id='word_1_596' title='bbox 3036 4234 3316 4295; x_wconf 78' lang='lat' dir='ltr'><strong>peccatum</strong></span> <span class='ocrx_word' id='word_1_597' title='bbox 3363 4242 3552 4294; x_wconf 90' lang='lat' dir='ltr'><strong>suum,</strong></span> 
     </span>
    </p>
   </div>
   <div class='ocr_carea' id='block_1_90' title="bbox 1974 4307 3555 4386">
    <p class='ocr_par' dir='ltr' id='par_1_90' title="bbox 1974 4307 3555 4386">
     <span class='ocr_line' id='line_1_90' title="bbox 1974 4307 3555 4386; baseline 0.006 -23"><span class='ocrx_word' id='word_1_598' title='bbox 1974 4307 2261 4364; x_wconf 87' lang='lat' dir='ltr'><strong>confestim</strong></span> <span class='ocrx_word' id='word_1_599' title='bbox 2280 4309 2554 4380; x_wconf 76' lang='lat' dir='ltr'><strong>pamituit,</strong></span> <span class='ocrx_word' id='word_1_600' title='bbox 2578 4318 2635 4367; x_wconf 91' lang='lat' dir='ltr'><strong>et</strong></span> <span class='ocrx_word' id='word_1_601' title='bbox 2653 4313 2864 4384; x_wconf 87' lang='lat' dir='ltr'><strong>culpam</strong></span> <span class='ocrx_word' id='word_1_602' title='bbox 2891 4331 3042 4371; x_wconf 88' lang='lat' dir='ltr'><strong>suam</strong></span> <span class='ocrx_word' id='word_1_603' title='bbox 3069 4316 3401 4386; x_wconf 65' lang='lat' dir='ltr'><strong>poenitentia:</strong></span> <span class='ocrx_word' id='word_1_604' title='bbox 3425 4333 3555 4376; x_wconf 90' lang='lat' dir='ltr'><strong>con-</strong></span> 
     </span>
    </p>
   </div>
   <div class='ocr_carea' id='block_1_91' title="bbox 292 4377 1864 4496">
    <p class='ocr_par' dir='ltr' id='par_1_91' title="bbox 292 4377 1864 4496">
     <span class='ocr_line' id='line_1_91' title="bbox 292 4377 1864 4451; baseline 0.004 -18"><span class='ocrx_word' id='word_1_605' title='bbox 292 4381 452 4435; x_wconf 87' lang='lat' dir='ltr'><strong>miam</strong></span> <span class='ocrx_word' id='word_1_606' title='bbox 477 4391 523 4435; x_wconf 93' lang='lat' dir='ltr'><strong>et</strong></span> <span class='ocrx_word' id='word_1_607' title='bbox 544 4380 728 4435; x_wconf 88' lang='lat' dir='ltr'><strong>bonam</strong></span> <span class='ocrx_word' id='word_1_608' title='bbox 755 4381 974 4451; x_wconf 85' lang='lat' dir='ltr'><strong>famam.</strong></span> <span class='ocrx_word' id='word_1_609' title='bbox 1003 4377 1069 4436; x_wconf 85' lang='lat' dir='ltr'><strong>Ut</strong></span> <span class='ocrx_word' id='word_1_610' title='bbox 1089 4382 1385 4438; x_wconf 84' lang='lat' dir='ltr'><strong>seductores</strong></span> <span class='ocrx_word' id='word_1_611' title='bbox 1406 4393 1455 4439; x_wconf 90' lang='lat' dir='ltr'><strong>et</strong></span> <span class='ocrx_word' id='word_1_612' title='bbox 1481 4400 1704 4450; x_wconf 78' lang='lat' dir='ltr'><strong>veraces,</strong></span> <span class='ocrx_word' id='word_1_613' title='bbox 1735 4385 1864 4448; x_wconf 70' lang='lat' dir='ltr'><strong>sicut</strong></span> 
     </span>
     <span class='ocr_line' id='line_1_92' title="bbox 299 4473 1310 4496; baseline 0 0"><span class='ocrx_word' id='word_1_614' title='bbox 299 4474 383 4496; x_wconf 68' lang='lat'><strong>._--2</strong></span> <span class='ocrx_word' id='word_1_615' title='bbox 413 4474 575 4496; x_wconf 49' lang='lat' dir='ltr'><strong>:__x-n_&#39;</strong></span> <span class='ocrx_word' id='word_1_616' title='bbox 608 4483 648 4496; x_wconf 71' lang='grc' dir='ltr'><strong>,ι</strong></span> <span class='ocrx_word' id='word_1_617' title='bbox 678 4475 862 4496; x_wconf 61' lang='grc' dir='ltr'><strong>---μέιέ</strong></span> <span class='ocrx_word' id='word_1_618' title='bbox 894 4473 982 4496; x_wconf 76' lang='grc' dir='ltr'><strong>ΙΙΙ</strong></span> <span class='ocrx_word' id='word_1_619' title='bbox 1005 4473 1108 4496; x_wconf 79' lang='lat' dir='ltr'><strong>l&#39;-..</strong></span> <span class='ocrx_word' id='word_1_620' title='bbox 1154 4491 1206 4496; x_wconf 87' lang='grc'><strong>---</strong></span> <span class='ocrx_word' id='word_1_621' title='bbox 1259 4475 1310 4496; x_wconf 84' lang='lat' dir='ltr'><strong>n\</strong></span> 
     </span>
    </p>
   </div>
   <div class='ocr_carea' id='block_1_92' title="bbox 1976 4377 3556 4496">
    <p class='ocr_par' dir='ltr' id='par_1_92' title="bbox 1979 4377 3556 4476">
     <span class='ocr_line' id='line_1_93' title="bbox 1979 4377 3556 4476; baseline 0.008 -24"><span class='ocrx_word' id='word_1_622' title='bbox 1979 4397 2212 4455; x_wconf 87' lang='lat' dir='ltr'><strong>fessione</strong></span> <span class='ocrx_word' id='word_1_623' title='bbox 2259 4377 2470 4457; x_wconf 72' lang='lat' dir='ltr'><strong>sanavit</strong></span> <span class='ocrx_word' id='word_1_624' title='bbox 2515 4401 2603 4476; x_wconf 85' lang='grc' dir='ltr'><strong>(η</strong></span> <span class='ocrx_word' id='word_1_625' title='bbox 2629 4377 2756 4476; x_wconf 63' lang='lat' dir='ltr'><strong>Reg:</strong></span> <span class='ocrx_word' id='word_1_626' title='bbox 2786 4405 2906 4476; x_wconf 87' lang='lat' dir='ltr'><strong>xu).</strong></span> <span class='ocrx_word' id='word_1_627' title='bbox 2955 4404 3047 4461; x_wconf 92' lang='lat' dir='ltr'><strong>Sic</strong></span> <span class='ocrx_word' id='word_1_628' title='bbox 3070 4377 3342 4463; x_wconf 40' lang='lat' dir='ltr'><strong>INinivitze</strong></span> <span class='ocrx_word' id='word_1_629' title='bbox 3379 4415 3436 4463; x_wconf 88' lang='lat' dir='ltr'><strong>et</strong></span> <span class='ocrx_word' id='word_1_630' title='bbox 3463 4409 3556 4464; x_wconf 88' lang='lat' dir='ltr'><strong>alii</strong></span> 
     </span>
    </p>
   </div>
   <div class='ocr_carea' id='block_1_93' title="bbox 291 4473 1335 4549">
    <p class='ocr_par' dir='ltr' id='par_1_93' title="bbox 291 4473 1335 4549">
     <span class='ocr_line' id='line_1_94' title="bbox 291 4473 1335 4549; baseline 0.004 -23"><span class='ocrx_word' id='word_1_631' title='bbox 291 4474 383 4546; x_wconf 84' lang='lat' dir='ltr'><strong>qui</strong></span> <span class='ocrx_word' id='word_1_632' title='bbox 410 4474 575 4546; x_wconf 82' lang='lat' dir='ltr'><strong>ignoti</strong></span> <span class='ocrx_word' id='word_1_633' title='bbox 599 4483 648 4529; x_wconf 84' lang='lat' dir='ltr'><strong>et</strong></span> <span class='ocrx_word' id='word_1_634' title='bbox 669 4475 862 4545; x_wconf 85' lang='lat' dir='ltr'><strong>cogniti</strong></span> <span class='ocrx_word' id='word_1_635' title='bbox 892 4473 982 4540; x_wconf 86' lang='grc' dir='ltr'><strong>(ΙΙ</strong></span> <span class='ocrx_word' id='word_1_636' title='bbox 1003 4473 1125 4530; x_wconf 80' lang='lat' dir='ltr'><strong>Cor.</strong></span> <span class='ocrx_word' id='word_1_637' title='bbox 1154 4491 1229 4541; x_wconf 85' lang='lat' dir='ltr'><strong>Vl,</strong></span> <span class='ocrx_word' id='word_1_638' title='bbox 1257 4475 1335 4549; x_wconf 89' lang='lat'><strong>8).</strong></span> 
     </span>
    </p>
   </div>
   <div class='ocr_carea' id='block_1_94' title="bbox 636 4589 1284 4647">
    <p class='ocr_par' dir='ltr' id='par_1_94' title="bbox 636 4589 1284 4647">
     <span class='ocr_line' id='line_1_95' title="bbox 636 4589 1284 4647; baseline 0 -2"><span class='ocrx_word' id='word_1_639' title='bbox 636 4589 638 4591; x_wconf 64' lang='grc'><em>’</em></span> <span class='ocrx_word' id='word_1_640' title='bbox 881 4589 1107 4647; x_wconf 79' lang='lat' dir='ltr'><strong>CAPUT</strong></span> <span class='ocrx_word' id='word_1_641' title='bbox 1154 4590 1284 4646; x_wconf 84' lang='lat' dir='ltr'><strong>LIV.</strong></span> 
     </span>
    </p>
   </div>
   <div class='ocr_carea' id='block_1_95' title="bbox 627 4677 1549 4718">
    <p class='ocr_par' dir='ltr' id='par_1_95' title="bbox 627 4677 1549 4718">
     <span class='ocr_line' id='line_1_96' title="bbox 627 4677 1549 4718; baseline 0 0"><span class='ocrx_word' id='word_1_642' title='bbox 627 4677 924 4718; x_wconf 75' lang='lat' dir='ltr'><strong>ORATIONES</strong></span> <span class='ocrx_word' id='word_1_643' title='bbox 959 4677 1126 4717; x_wconf 75' lang='lat' dir='ltr'><strong>SUPER</strong></span> <span class='ocrx_word' id='word_1_644' title='bbox 1161 4677 1549 4718; x_wconf 69' lang='lat' dir='ltr'><strong>NIINITENTEI.</strong></span> 
     </span>
    </p>
   </div>
   <div class='ocr_carea' id='block_1_96' title="bbox 363 4751 1874 4822">
    <p class='ocr_par' dir='ltr' id='par_1_96' title="bbox 363 4751 1874 4822">
     <span class='ocr_line' id='line_1_97' title="bbox 363 4751 1874 4822; baseline 0.001 -16"><span class='ocrx_word' id='word_1_645' title='bbox 363 4751 597 4819; x_wconf 74' lang='lat' dir='ltr'><strong>Exaudi,</strong></span> <span class='ocrx_word' id='word_1_646' title='bbox 633 4751 887 4817; x_wconf 89' lang='lat' dir='ltr'><strong>Domine,</strong></span> <span class='ocrx_word' id='word_1_647' title='bbox 920 4766 1112 4822; x_wconf 88' lang='lat' dir='ltr'><strong>preces</strong></span> <span class='ocrx_word' id='word_1_648' title='bbox 1143 4761 1378 4819; x_wconf 83' lang='lat' dir='ltr'><strong>nostras,</strong></span> <span class='ocrx_word' id='word_1_649' title='bbox 1410 4761 1465 4807; x_wconf 92' lang='lat' dir='ltr'><strong>et</strong></span> <span class='ocrx_word' id='word_1_650' title='bbox 1494 4751 1874 4809; x_wconf 86' lang='lat' dir='ltr'><strong>conﬁtentium</strong></span> 
     </span>
    </p>
   </div>
   <div class='ocr_carea' id='block_1_97' title="bbox 295 4843 1875 4915">
    <p class='ocr_par' dir='ltr' id='par_1_97' title="bbox 295 4843 1875 4915">
     <span class='ocr_line' id='line_1_98' title="bbox 295 4843 1875 4915; baseline 0.001 -16"><span class='ocrx_word' id='word_1_651' title='bbox 295 4844 390 4899; x_wconf 88' lang='lat' dir='ltr'><strong>tibi</strong></span> <span class='ocrx_word' id='word_1_652' title='bbox 443 4858 608 4915; x_wconf 90' lang='lat' dir='ltr'><strong>parce</strong></span> <span class='ocrx_word' id='word_1_653' title='bbox 653 4843 922 4914; x_wconf 88' lang='lat' dir='ltr'><strong>peccatis;</strong></span> <span class='ocrx_word' id='word_1_654' title='bbox 989 4850 1050 4897; x_wconf 93' lang='lat' dir='ltr'><strong>ut</strong></span> <span class='ocrx_word' id='word_1_655' title='bbox 1103 4859 1240 4914; x_wconf 92' lang='lat' dir='ltr'><strong>quos</strong></span> <span class='ocrx_word' id='word_1_656' title='bbox 1287 4843 1635 4900; x_wconf 59' lang='lat' dir='ltr'><strong>conscientias</strong></span> <span class='ocrx_word' id='word_1_657' title='bbox 1689 4853 1875 4901; x_wconf 87' lang='lat' dir='ltr'><strong>reatus</strong></span> 
     </span>
    </p>
   </div>
   <div class='ocr_carea' id='block_1_98' title="bbox 292 4935 1878 5006">
    <p class='ocr_par' dir='ltr' id='par_1_98' title="bbox 292 4935 1878 5006">
     <span class='ocr_line' id='line_1_99' title="bbox 292 4935 1878 5006; baseline 0.002 -16"><span class='ocrx_word' id='word_1_658' title='bbox 292 4942 535 5003; x_wconf 88' lang='lat' dir='ltr'><strong>accusat,</strong></span> <span class='ocrx_word' id='word_1_659' title='bbox 569 4935 900 5006; x_wconf 84' lang='lat' dir='ltr'><strong>indulgentia</strong></span> <span class='ocrx_word' id='word_1_660' title='bbox 941 4944 1044 4992; x_wconf 71' lang='lat' dir='ltr'><strong>tum</strong></span> <span class='ocrx_word' id='word_1_661' title='bbox 1072 4936 1440 4992; x_wconf 90' lang='lat' dir='ltr'><strong>miserationis</strong></span> <span class='ocrx_word' id='word_1_662' title='bbox 1480 4936 1743 4994; x_wconf 87' lang='lat' dir='ltr'><strong>absolvat.</strong></span> <span class='ocrx_word' id='word_1_663' title='bbox 1771 4938 1878 4994; x_wconf 90' lang='lat' dir='ltr'><strong>Per</strong></span> 
     </span>
    </p>
   </div>
   <div class='ocr_carea' id='block_1_99' title="bbox 292 5027 603 5082">
    <p class='ocr_par' dir='ltr' id='par_1_99' title="bbox 292 5027 603 5082">
     <span class='ocr_line' id='line_1_100' title="bbox 292 5027 603 5082; baseline 0.003 -1"><span class='ocrx_word' id='word_1_664' title='bbox 292 5027 603 5082; x_wconf 90' lang='lat' dir='ltr'><strong>Dominum.</strong></span> 
     </span>
    </p>
   </div>
   <div class='ocr_carea' id='block_1_100' title="bbox 364 5117 1870 5190">
    <p class='ocr_par' dir='ltr' id='par_1_100' title="bbox 364 5117 1870 5190">
     <span class='ocr_line' id='line_1_101' title="bbox 364 5117 1870 5190; baseline 0.002 -16"><span class='ocrx_word' id='word_1_665' title='bbox 364 5119 506 5174; x_wconf 80' lang='lat' dir='ltr'><strong>Alia.</strong></span> <span class='ocrx_word' id='word_1_666' title='bbox 544 5118 846 5175; x_wconf 65' lang='lat' dir='ltr'><strong>Praeveniat</strong></span> <span class='ocrx_word' id='word_1_667' title='bbox 869 5121 1011 5176; x_wconf 91' lang='lat' dir='ltr'><strong>hunc</strong></span> <span class='ocrx_word' id='word_1_668' title='bbox 1043 5117 1302 5174; x_wconf 87' lang='lat' dir='ltr'><strong>famulum</strong></span> <span class='ocrx_word' id='word_1_669' title='bbox 1338 5127 1515 5184; x_wconf 91' lang='lat' dir='ltr'><strong>tuum,</strong></span> <span class='ocrx_word' id='word_1_670' title='bbox 1540 5134 1870 5190; x_wconf 82' lang='lat' dir='ltr'><strong>quaesumus,</strong></span> 
     </span>
    </p>
   </div>
   <div class='ocr_carea' id='block_1_101' title="bbox 291 5209 1874 5282">
    <p class='ocr_par' dir='ltr' id='par_1_101' title="bbox 291 5209 1874 5282">
     <span class='ocr_line' id='line_1_102' title="bbox 291 5209 1874 5282; baseline 0.001 -17"><span class='ocrx_word' id='word_1_671' title='bbox 291 5209 540 5274; x_wconf 85' lang='lat' dir='ltr'><strong>Domine,</strong></span> <span class='ocrx_word' id='word_1_672' title='bbox 569 5209 937 5265; x_wconf 87' lang='lat' dir='ltr'><strong>misericordia</strong></span> <span class='ocrx_word' id='word_1_673' title='bbox 968 5217 1085 5274; x_wconf 88' lang='lat' dir='ltr'><strong>tua;</strong></span> <span class='ocrx_word' id='word_1_674' title='bbox 1123 5217 1178 5263; x_wconf 93' lang='lat' dir='ltr'><strong>et</strong></span> <span class='ocrx_word' id='word_1_675' title='bbox 1201 5223 1393 5264; x_wconf 88' lang='lat' dir='ltr'><strong>omnes</strong></span> <span class='ocrx_word' id='word_1_676' title='bbox 1419 5209 1733 5281; x_wconf 89' lang='lat' dir='ltr'><strong>iniquitates</strong></span> <span class='ocrx_word' id='word_1_677' title='bbox 1756 5211 1874 5282; x_wconf 80' lang='lat' dir='ltr'><strong>ejus</strong></span> 
     </span>
    </p>
   </div>
   <div class='ocr_carea' id='block_1_102' title="bbox 289 5299 1142 5373">
    <p class='ocr_par' dir='ltr' id='par_1_102' title="bbox 289 5299 1142 5373">
     <span class='ocr_line' id='line_1_103' title="bbox 289 5299 1142 5373; baseline -0.005 -13"><span class='ocrx_word' id='word_1_678' title='bbox 289 5301 457 5360; x_wconf 83' lang='lat' dir='ltr'><strong>celeri</strong></span> <span class='ocrx_word' id='word_1_679' title='bbox 484 5299 811 5373; x_wconf 88' lang='lat' dir='ltr'><strong>indulgentia</strong></span> <span class='ocrx_word' id='word_1_680' title='bbox 839 5300 1142 5356; x_wconf 87' lang='lat' dir='ltr'><strong>deleantur.</strong></span> 
     </span>
    </p>
   </div>
   <div class='ocr_carea' id='block_1_103' title="bbox 361 5392 1870 5466">
    <p class='ocr_par' dir='ltr' id='par_1_103' title="bbox 361 5392 1870 5466">
     <span class='ocr_line' id='line_1_104' title="bbox 361 5392 1870 5466; baseline 0.002 -18"><span class='ocrx_word' id='word_1_681' title='bbox 361 5395 504 5449; x_wconf 76' lang='lat' dir='ltr'><strong>Alia.</strong></span> <span class='ocrx_word' id='word_1_682' title='bbox 543 5394 764 5459; x_wconf 78' lang='lat' dir='ltr'><strong>Adesto,</strong></span> <span class='ocrx_word' id='word_1_683' title='bbox 809 5392 1054 5461; x_wconf 88' lang='lat' dir='ltr'><strong>Domine,</strong></span> <span class='ocrx_word' id='word_1_684' title='bbox 1101 5393 1583 5466; x_wconf 88' lang='lat' dir='ltr'><strong>supplicationibus</strong></span> <span class='ocrx_word' id='word_1_685' title='bbox 1645 5395 1870 5464; x_wconf 90' lang='lat' dir='ltr'><strong>nostris,</strong></span> 
     </span>
    </p>
   </div>
   <div class='ocr_carea' id='block_1_104' title="bbox 291 5487 1870 5563">
    <p class='ocr_par' dir='ltr' id='par_1_104' title="bbox 291 5487 1870 5563">
     <span class='ocr_line' id='line_1_105' title="bbox 291 5487 1870 5563; baseline 0.003 -21"><span class='ocrx_word' id='word_1_686' title='bbox 291 5502 392 5543; x_wconf 86' lang='lat' dir='ltr'><strong>nec</strong></span> <span class='ocrx_word' id='word_1_687' title='bbox 426 5488 498 5543; x_wconf 91' lang='lat' dir='ltr'><strong>sit</strong></span> <span class='ocrx_word' id='word_1_688' title='bbox 523 5489 593 5545; x_wconf 90' lang='lat' dir='ltr'><strong>ab</strong></span> <span class='ocrx_word' id='word_1_689' title='bbox 615 5489 716 5545; x_wconf 90' lang='lat' dir='ltr'><strong>hoc</strong></span> <span class='ocrx_word' id='word_1_690' title='bbox 742 5487 942 5543; x_wconf 87' lang='lat' dir='ltr'><strong>famulo</strong></span> <span class='ocrx_word' id='word_1_691' title='bbox 969 5498 1060 5544; x_wconf 92' lang='lat' dir='ltr'><strong>tuo</strong></span> <span class='ocrx_word' id='word_1_692' title='bbox 1091 5488 1390 5544; x_wconf 71' lang='lat' dir='ltr'><strong>clementiae</strong></span> <span class='ocrx_word' id='word_1_693' title='bbox 1425 5497 1530 5545; x_wconf 71' lang='lat' dir='ltr'><strong>tua:</strong></span> <span class='ocrx_word' id='word_1_694' title='bbox 1576 5488 1870 5563; x_wconf 88' lang='lat' dir='ltr'><strong>longinqua</strong></span> 
     </span>
    </p>
   </div>
   <div class='ocr_carea' id='block_1_105' title="bbox 363 5599 1867 5726">
    <p class='ocr_par' dir='ltr' id='par_1_105' title="bbox 363 5599 1867 5726">
     <span class='ocr_line' id='line_1_106' title="bbox 363 5599 1867 5726; baseline 0.003 -70"><span class='ocrx_word' id='word_1_695' title='bbox 363 5616 387 5643; x_wconf 79' lang='grc' dir='ltr'><strong>ει</strong></span> <span class='ocrx_word' id='word_1_696' title='bbox 431 5599 720 5726; x_wconf 61' lang='lat' dir='ltr'><strong>Seq)uentia</strong></span> <span class='ocrx_word' id='word_1_697' title='bbox 747 5618 838 5658; x_wconf 75' lang='lat' dir='ltr'><strong>sex</strong></span> <span class='ocrx_word' id='word_1_698' title='bbox 869 5603 1046 5673; x_wconf 78' lang='lat' dir='ltr'><strong>capita</strong></span> <span class='ocrx_word' id='word_1_699' title='bbox 1072 5603 1234 5660; x_wconf 83' lang='lat' dir='ltr'><strong>etiam</strong></span> <span class='ocrx_word' id='word_1_700' title='bbox 1273 5601 1487 5671; x_wconf 84' lang='lat' dir='ltr'><strong>adjecta</strong></span> <span class='ocrx_word' id='word_1_701' title='bbox 1521 5613 1647 5658; x_wconf 89' lang='lat' dir='ltr'><strong>sunt</strong></span> <span class='ocrx_word' id='word_1_702' title='bbox 1671 5619 1737 5658; x_wconf 87' lang='lat' dir='ltr'><strong>ex</strong></span> <span class='ocrx_word' id='word_1_703' title='bbox 1766 5621 1867 5660; x_wconf 80' lang='lat' dir='ltr'><strong>ms.</strong></span> 
     </span>
     <span class='ocr_line' id='line_1_107' title="bbox 363 5671 967 5726; baseline 0 0"><span class='ocrx_word' id='word_1_704' title='bbox 363 5673 410 5726; x_wconf 88' lang='lat' dir='ltr'><strong>d.</strong></span> <span class='ocrx_word' id='word_1_705' title='bbox 453 5689 481 5726; x_wconf 88' lang='lat' dir='ltr'><strong>a</strong></span> <span class='ocrx_word' id='word_1_706' title='bbox 561 5715 572 5726; x_wconf 93' lang='lat'><strong>.</strong></span> <span class='ocrx_word' id='word_1_707' title='bbox 609 5671 967 5726; x_wconf 78' lang='lat' dir='ltr'><strong>Onercetano.</strong></span> 
     </span>
    </p>
   </div>
   <div class='ocr_carea' id='block_1_106' title="bbox 292 5671 967 5740">
    <p class='ocr_par' dir='ltr' id='par_1_106' title="bbox 292 5671 967 5740">
     <span class='ocr_line' id='line_1_108' title="bbox 292 5671 967 5740; baseline 0.006 -14"><span class='ocrx_word' id='word_1_708' title='bbox 292 5673 410 5728; x_wconf 85' lang='lat' dir='ltr'><strong>cod.</strong></span> <span class='ocrx_word' id='word_1_709' title='bbox 453 5689 481 5726; x_wconf 89' lang='lat' dir='ltr'><strong>a</strong></span> <span class='ocrx_word' id='word_1_710' title='bbox 511 5671 572 5726; x_wconf 92' lang='lat' dir='ltr'><strong>D.</strong></span> <span class='ocrx_word' id='word_1_711' title='bbox 609 5671 967 5740; x_wconf 75' lang='lat' dir='ltr'><strong>Quercetauu.</strong></span> 
     </span>
    </p>
   </div>
   <div class='ocr_carea' id='block_1_107' title="bbox 1978 4491 3552 4574">
    <p class='ocr_par' dir='ltr' id='par_1_107' title="bbox 1978 4491 3552 4574">
     <span class='ocr_line' id='line_1_109' title="bbox 1978 4491 3552 4574; baseline 0.007 -28"><span class='ocrx_word' id='word_1_712' title='bbox 1978 4491 2132 4547; x_wconf 82' lang='lat' dir='ltr'><strong>multi</strong></span> <span class='ocrx_word' id='word_1_713' title='bbox 2159 4503 2380 4562; x_wconf 87' lang='lat' dir='ltr'><strong>peccata</strong></span> <span class='ocrx_word' id='word_1_714' title='bbox 2405 4510 2502 4552; x_wconf 87' lang='lat' dir='ltr'><strong>sua</strong></span> <span class='ocrx_word' id='word_1_715' title='bbox 2525 4496 2756 4553; x_wconf 84' lang='lat' dir='ltr'><strong>confessi</strong></span> <span class='ocrx_word' id='word_1_716' title='bbox 2789 4507 2934 4564; x_wconf 88' lang='lat' dir='ltr'><strong>sunt,</strong></span> <span class='ocrx_word' id='word_1_717' title='bbox 2958 4506 3012 4554; x_wconf 90' lang='lat' dir='ltr'><strong>et</strong></span> <span class='ocrx_word' id='word_1_718' title='bbox 3031 4500 3402 4570; x_wconf 72' lang='lat' dir='ltr'><strong>pmoitentiam</strong></span> <span class='ocrx_word' id='word_1_719' title='bbox 3425 4516 3552 4574; x_wconf 83' lang='lat' dir='ltr'><strong>ege-</strong></span> 
     </span>
    </p>
   </div>
   <div class='ocr_carea' id='block_1_108' title="bbox 1979 4583 3557 4665">
    <p class='ocr_par' dir='ltr' id='par_1_108' title="bbox 1979 4583 3557 4665">
     <span class='ocr_line' id='line_1_110' title="bbox 1979 4583 3557 4665; baseline 0.007 -28"><span class='ocrx_word' id='word_1_720' title='bbox 1979 4583 2538 4655; x_wconf 88' lang='lat' dir='ltr'><strong>runt.Displicuerant</strong></span> <span class='ocrx_word' id='word_1_721' title='bbox 2561 4587 2661 4642; x_wconf 88' lang='lat' dir='ltr'><strong>sibi</strong></span> <span class='ocrx_word' id='word_1_722' title='bbox 2685 4589 2872 4657; x_wconf 88' lang='lat' dir='ltr'><strong>quales</strong></span> <span class='ocrx_word' id='word_1_723' title='bbox 2900 4587 3134 4655; x_wconf 89' lang='lat' dir='ltr'><strong>fuerant,</strong></span> <span class='ocrx_word' id='word_1_724' title='bbox 3163 4599 3218 4645; x_wconf 93' lang='lat' dir='ltr'><strong>et</strong></span> <span class='ocrx_word' id='word_1_725' title='bbox 3240 4590 3429 4661; x_wconf 90' lang='lat' dir='ltr'><strong>quales</strong></span> <span class='ocrx_word' id='word_1_726' title='bbox 3457 4608 3557 4665; x_wconf 89' lang='lat' dir='ltr'><strong>per</strong></span> 
     </span>
    </p>
   </div>
   <div class='ocr_carea' id='block_1_109' title="bbox 1977 4674 3283 4757">
    <p class='ocr_par' dir='ltr' id='par_1_109' title="bbox 1977 4674 3283 4757">
     <span class='ocr_line' id='line_1_111' title="bbox 1977 4674 3283 4757; baseline 0.008 -28"><span class='ocrx_word' id='word_1_727' title='bbox 1977 4674 2146 4734; x_wconf 82' lang='lat' dir='ltr'><strong>Deum</strong></span> <span class='ocrx_word' id='word_1_728' title='bbox 2171 4675 2299 4732; x_wconf 85' lang='lat' dir='ltr'><strong>facti</strong></span> <span class='ocrx_word' id='word_1_729' title='bbox 2323 4687 2453 4732; x_wconf 90' lang='lat' dir='ltr'><strong>sunt</strong></span> <span class='ocrx_word' id='word_1_730' title='bbox 2477 4679 2549 4733; x_wconf 90' lang='lat' dir='ltr'><strong>illi</strong></span> <span class='ocrx_word' id='word_1_731' title='bbox 2575 4679 2894 4749; x_wconf 87' lang='lat' dir='ltr'><strong>placuerunt</strong></span> <span class='ocrx_word' id='word_1_732' title='bbox 2920 4679 3068 4754; x_wconf 81' lang='lat' dir='ltr'><strong>(Jan.</strong></span> <span class='ocrx_word' id='word_1_733' title='bbox 3098 4699 3182 4750; x_wconf 90' lang='grc' dir='ltr'><strong>ιιι,</strong></span> <span class='ocrx_word' id='word_1_734' title='bbox 3205 4683 3283 4757; x_wconf 87' lang='lat'><strong>5).</strong></span> 
     </span>
    </p>
   </div>
   <div class='ocr_carea' id='block_1_110' title="bbox 2046 4765 3555 4847">
    <p class='ocr_par' dir='ltr' id='par_1_110' title="bbox 2046 4765 3555 4847">
     <span class='ocr_line' id='line_1_112' title="bbox 2046 4765 3555 4847; baseline 0.011 -28"><span class='ocrx_word' id='word_1_735' title='bbox 2046 4765 2142 4820; x_wconf 88' lang='lat' dir='ltr'><strong>Est</strong></span> <span class='ocrx_word' id='word_1_736' title='bbox 2186 4775 2366 4822; x_wconf 89' lang='lat' dir='ltr'><strong>autem</strong></span> <span class='ocrx_word' id='word_1_737' title='bbox 2415 4769 2732 4838; x_wconf 66' lang='lat' dir='ltr'><strong>paenitentia</strong></span> <span class='ocrx_word' id='word_1_738' title='bbox 2777 4771 3231 4829; x_wconf 88' lang='lat' dir='ltr'><strong>medicamentum</strong></span> <span class='ocrx_word' id='word_1_739' title='bbox 3286 4776 3555 4847; x_wconf 87' lang='lat' dir='ltr'><strong>vulneris,</strong></span> 
     </span>
    </p>
   </div>
   <div class='ocr_carea' id='block_1_111' title="bbox 1975 4857 3561 4940">
    <p class='ocr_par' dir='ltr' id='par_1_111' title="bbox 1975 4857 3561 4940">
     <span class='ocr_line' id='line_1_113' title="bbox 1975 4857 3561 4940; baseline 0.006 -28"><span class='ocrx_word' id='word_1_740' title='bbox 1975 4872 2102 4928; x_wconf 85' lang='lat' dir='ltr'><strong>spes</strong></span> <span class='ocrx_word' id='word_1_741' title='bbox 2145 4857 2512 4928; x_wconf 87' lang='lat' dir='ltr'><strong>salutis,&#39;per</strong></span> <span class='ocrx_word' id='word_1_742' title='bbox 2557 4875 2718 4930; x_wconf 86' lang='lat' dir='ltr'><strong>quam</strong></span> <span class='ocrx_word' id='word_1_743' title='bbox 2763 4870 3078 4932; x_wconf 88' lang='lat' dir='ltr'><strong>peccatores</strong></span> <span class='ocrx_word' id='word_1_744' title='bbox 3125 4865 3422 4934; x_wconf 74' lang='lat' dir='ltr'><strong>salvantur,</strong></span> <span class='ocrx_word' id='word_1_745' title='bbox 3460 4885 3561 4940; x_wconf 83' lang='lat' dir='ltr'><strong>per</strong></span> 
     </span>
    </p>
   </div>
   <div class='ocr_carea' id='block_1_112' title="bbox 1976 4949 3562 5027">
    <p class='ocr_par' dir='ltr' id='par_1_112' title="bbox 1976 4949 3562 5027">
     <span class='ocr_line' id='line_1_114' title="bbox 1976 4949 3562 5027; baseline 0.006 -23"><span class='ocrx_word' id='word_1_746' title='bbox 1976 4964 2142 5019; x_wconf 88' lang='lat' dir='ltr'><strong>quam</strong></span> <span class='ocrx_word' id='word_1_747' title='bbox 2173 4949 2315 5004; x_wconf 87' lang='lat' dir='ltr'><strong>Deus</strong></span> <span class='ocrx_word' id='word_1_748' title='bbox 2343 4951 2411 5004; x_wconf 91' lang='lat' dir='ltr'><strong>ad</strong></span> <span class='ocrx_word' id='word_1_749' title='bbox 2440 4950 2865 5008; x_wconf 88' lang='lat' dir='ltr'><strong>misericordiam</strong></span> <span class='ocrx_word' id='word_1_750' title='bbox 2897 4963 3264 5025; x_wconf 88' lang='lat' dir='ltr'><strong>provocatur:</strong></span> <span class='ocrx_word' id='word_1_751' title='bbox 3290 4973 3410 5027; x_wconf 63' lang='lat' dir='ltr'><strong>qua:</strong></span> <span class='ocrx_word' id='word_1_752' title='bbox 3451 4975 3562 5013; x_wconf 84' lang='lat' dir='ltr'><strong>non</strong></span> 
     </span>
    </p>
   </div>
   <div class='ocr_carea' id='block_1_113' title="bbox 1977 5044 3565 5122">
    <p class='ocr_par' dir='ltr' id='par_1_113' title="bbox 1977 5044 3565 5122">
     <span class='ocr_line' id='line_1_115' title="bbox 1977 5044 3565 5122; baseline -0.006 -10"><span class='ocrx_word' id='word_1_753' title='bbox 1977 5049 2221 5110; x_wconf 68' lang='grc' dir='ltr'><strong>ιθιηβοτθ</strong></span> <span class='ocrx_word' id='word_1_754' title='bbox 2249 5051 2529 5112; x_wconf 72' lang='lat' dir='ltr'><strong>Pensatur,</strong></span> <span class='ocrx_word' id='word_1_755' title='bbox 2557 5044 2651 5098; x_wconf 88' lang='lat' dir='ltr'><strong>sed</strong></span> <span class='ocrx_word' id='word_1_756' title='bbox 2693 5045 3059 5116; x_wconf 90' lang='lat' dir='ltr'><strong>profunditate</strong></span> <span class='ocrx_word' id='word_1_757' title='bbox 3084 5050 3268 5105; x_wconf 88' lang='lat' dir='ltr'><strong>luctus</strong></span> <span class='ocrx_word' id='word_1_758' title='bbox 3290 5059 3347 5104; x_wconf 90' lang='lat' dir='ltr'><strong>et</strong></span> <span class='ocrx_word' id='word_1_759' title='bbox 3389 5049 3565 5122; x_wconf 80' lang='lat' dir='ltr'><strong>lacry-</strong></span> 
     </span>
    </p>
   </div>
   <div class='ocr_carea' id='block_1_114' title="bbox 1977 5132 3562 5212">
    <p class='ocr_par' dir='ltr' id='par_1_114' title="bbox 1977 5132 3562 5212">
     <span class='ocr_line' id='line_1_116' title="bbox 1977 5132 3562 5212; baseline 0.004 -26"><span class='ocrx_word' id='word_1_760' title='bbox 1977 5147 2211 5191; x_wconf 86' lang='lat' dir='ltr'><strong>marum.</strong></span> <span class='ocrx_word' id='word_1_761' title='bbox 2243 5132 2567 5188; x_wconf 79' lang='lat' dir='ltr'><strong>Pumitentia</strong></span> <span class='ocrx_word' id='word_1_762' title='bbox 2610 5146 2790 5191; x_wconf 88' lang='lat' dir='ltr'><strong>autem</strong></span> <span class='ocrx_word' id='word_1_763' title='bbox 2832 5153 2940 5193; x_wconf 92' lang='lat' dir='ltr'><strong>non</strong></span> <span class='ocrx_word' id='word_1_764' title='bbox 2974 5141 3236 5195; x_wconf 88' lang='lat' dir='ltr'><strong>mensium</strong></span> <span class='ocrx_word' id='word_1_765' title='bbox 3263 5156 3326 5195; x_wconf 90' lang='lat' dir='ltr'><strong>ac</strong></span> <span class='ocrx_word' id='word_1_766' title='bbox 3356 5148 3562 5212; x_wconf 65' lang='lat' dir='ltr'><strong>tempo-</strong></span> 
     </span>
    </p>
   </div>
   <div class='ocr_carea' id='block_1_115' title="bbox 1977 5231 3558 5302">
    <p class='ocr_par' dir='ltr' id='par_1_115' title="bbox 1977 5231 3558 5302">
     <span class='ocr_line' id='line_1_117' title="bbox 1977 5231 3558 5302; baseline 0.006 -22"><span class='ocrx_word' id='word_1_767' title='bbox 1977 5241 2098 5281; x_wconf 90' lang='lat' dir='ltr'><strong>rum</strong></span> <span class='ocrx_word' id='word_1_768' title='bbox 2126 5241 2290 5282; x_wconf 85' lang='lat' dir='ltr'><strong>cursu</strong></span> <span class='ocrx_word' id='word_1_769' title='bbox 2330 5236 2609 5297; x_wconf 89' lang='lat' dir='ltr'><strong>pensatur,</strong></span> <span class='ocrx_word' id='word_1_770' title='bbox 2643 5231 2739 5284; x_wconf 88' lang='lat' dir='ltr'><strong>sed</strong></span> <span class='ocrx_word' id='word_1_771' title='bbox 2768 5243 2952 5301; x_wconf 69' lang='lat' dir='ltr'><strong>paena,</strong></span> <span class='ocrx_word' id='word_1_772' title='bbox 2977 5247 3083 5302; x_wconf 89' lang='lat' dir='ltr'><strong>qua</strong></span> <span class='ocrx_word' id='word_1_773' title='bbox 3128 5233 3307 5288; x_wconf 87' lang='lat' dir='ltr'><strong>anima</strong></span> <span class='ocrx_word' id='word_1_774' title='bbox 3346 5235 3558 5290; x_wconf 89' lang='lat' dir='ltr'><strong>crucia-</strong></span> 
     </span>
    </p>
   </div>
   <div class='ocr_carea' id='block_1_116' title="bbox 1975 5320 3562 5396">
    <p class='ocr_par' dir='ltr' id='par_1_116' title="bbox 1975 5320 3562 5396">
     <span class='ocr_line' id='line_1_118' title="bbox 1975 5320 3562 5396; baseline 0.006 -23"><span class='ocrx_word' id='word_1_775' title='bbox 1975 5327 2085 5385; x_wconf 92' lang='lat' dir='ltr'><strong>tur,</strong></span> <span class='ocrx_word' id='word_1_776' title='bbox 2111 5326 2169 5375; x_wconf 91' lang='lat' dir='ltr'><strong>et</strong></span> <span class='ocrx_word' id='word_1_777' title='bbox 2204 5320 2561 5378; x_wconf 85' lang='lat' dir='ltr'><strong>mortiﬁcatur</strong></span> <span class='ocrx_word' id='word_1_778' title='bbox 2601 5337 2750 5378; x_wconf 89' lang='lat' dir='ltr'><strong>caro.</strong></span> <span class='ocrx_word' id='word_1_779' title='bbox 2795 5321 2861 5377; x_wconf 78' lang='lat' dir='ltr'><strong>Hi</strong></span> <span class='ocrx_word' id='word_1_780' title='bbox 2888 5339 3037 5390; x_wconf 83' lang='lat' dir='ltr'><strong>vero,</strong></span> <span class='ocrx_word' id='word_1_781' title='bbox 3067 5326 3160 5396; x_wconf 88' lang='lat' dir='ltr'><strong>qui</strong></span> <span class='ocrx_word' id='word_1_782' title='bbox 3188 5327 3562 5396; x_wconf 64' lang='lat' dir='ltr'><strong>paenitentiam</strong></span> 
     </span>
    </p>
   </div>
   <div class='ocr_carea' id='block_1_117' title="bbox 1972 5410 3563 5483">
    <p class='ocr_par' dir='ltr' id='par_1_117' title="bbox 1972 5410 3563 5483">
     <span class='ocr_line' id='line_1_119' title="bbox 1972 5410 3563 5483; baseline 0.005 -19"><span class='ocrx_word' id='word_1_783' title='bbox 1972 5420 2186 5480; x_wconf 88' lang='lat' dir='ltr'><strong>gerunt,</strong></span> <span class='ocrx_word' id='word_1_784' title='bbox 2221 5410 2449 5482; x_wconf 87' lang='lat' dir='ltr'><strong>proinde</strong></span> <span class='ocrx_word' id='word_1_785' title='bbox 2495 5413 2718 5483; x_wconf 86' lang='lat' dir='ltr'><strong>capillos</strong></span> <span class='ocrx_word' id='word_1_786' title='bbox 2755 5423 2808 5469; x_wconf 88' lang='lat' dir='ltr'><strong>et</strong></span> <span class='ocrx_word' id='word_1_787' title='bbox 2835 5413 3061 5470; x_wconf 88' lang='lat' dir='ltr'><strong>barbam</strong></span> <span class='ocrx_word' id='word_1_788' title='bbox 3110 5415 3379 5481; x_wconf 91' lang='lat' dir='ltr'><strong>nutriunt,</strong></span> <span class='ocrx_word' id='word_1_789' title='bbox 3416 5417 3563 5472; x_wconf 91' lang='lat' dir='ltr'><strong>unde</strong></span> 
     </span>
    </p>
   </div>
   <div class='ocr_carea' id='block_1_118' title="bbox 1975 5503 3564 5578">
    <p class='ocr_par' dir='ltr' id='par_1_118' title="bbox 1975 5503 3564 5578">
     <span class='ocr_line' id='line_1_120' title="bbox 1975 5503 3564 5578; baseline 0.006 -25"><span class='ocrx_word' id='word_1_790' title='bbox 1975 5509 2278 5556; x_wconf 86' lang='lat' dir='ltr'><strong>monstrent</strong></span> <span class='ocrx_word' id='word_1_791' title='bbox 2325 5503 2709 5558; x_wconf 86' lang='lat' dir='ltr'><strong>abundantiam</strong></span> <span class='ocrx_word' id='word_1_792' title='bbox 2773 5505 3096 5572; x_wconf 86' lang='lat' dir='ltr'><strong>criminum,</strong></span> <span class='ocrx_word' id='word_1_793' title='bbox 3146 5506 3343 5578; x_wconf 88' lang='lat' dir='ltr'><strong>quibus</strong></span> <span class='ocrx_word' id='word_1_794' title='bbox 3402 5517 3564 5577; x_wconf 78' lang='lat' dir='ltr'><strong>caput</strong></span> 
     </span>
    </p>
   </div>
   <div class='ocr_carea' id='block_1_119' title="bbox 2048 5611 3399 5688">
    <p class='ocr_par' dir='ltr' id='par_1_119' title="bbox 2048 5611 3399 5688">
     <span class='ocr_line' id='line_1_121' title="bbox 2048 5611 3399 5688; baseline 0.004 -23"><span class='ocrx_word' id='word_1_795' title='bbox 2048 5611 2079 5651; x_wconf 64' lang='grc' dir='ltr'><strong>ι</strong></span> <span class='ocrx_word' id='word_1_796' title='bbox 2115 5611 2191 5665; x_wconf 78' lang='lat' dir='ltr'><strong>Ex</strong></span> <span class='ocrx_word' id='word_1_797' title='bbox 2221 5611 2425 5666; x_wconf 80' lang='lat' dir='ltr'><strong>lsidoro</strong></span> <span class='ocrx_word' id='word_1_798' title='bbox 2454 5611 2532 5667; x_wconf 87' lang='lat' dir='ltr'><strong>De</strong></span> <span class='ocrx_word' id='word_1_799' title='bbox 2557 5612 2756 5668; x_wconf 74' lang='lat' dir='ltr'><strong>Otliciis</strong></span> <span class='ocrx_word' id='word_1_800' title='bbox 2784 5614 2926 5670; x_wconf 80' lang='lat' dir='ltr'><strong>Eccl.</strong></span> <span class='ocrx_word' id='word_1_801' title='bbox 2955 5615 3045 5670; x_wconf 91' lang='lat' dir='ltr'><strong>lib.</strong></span> <span class='ocrx_word' id='word_1_802' title='bbox 3075 5632 3135 5681; x_wconf 84' lang='grc' dir='ltr'><strong>ιι,</strong></span> <span class='ocrx_word' id='word_1_803' title='bbox 3164 5631 3283 5688; x_wconf 85' lang='lat' dir='ltr'><strong>cap.</strong></span> <span class='ocrx_word' id='word_1_804' title='bbox 3317 5615 3399 5670; x_wconf 83' lang='lat' dir='ltr'><strong>l6.</strong></span> 
     </span>
    </p>
   </div>
  </div>
