3886 6176
380 322 521 379 1Ξ83

1221 317 1284 372 Β.
1326 316 1389 372 F.
1430 313 1655 371 ALBiNl
1697 310 1831 369 εει)
1870 307 2148 365 ALCUINI
2188 304 2475 366 OPERUM
2513 304 2693 360 PARS
2730 301 2822 358 IX.

3532 295 3674 351 123i

379 434 684 509 peccatoris
709 442 983 506 gravatur.
1008 430 1198 501 Capilli
1223 430 1367 486 enim
1392 443 1492 498 pro
1520 426 1667 482 vitiis
1692 424 1966 495 accipiun-
1993 429 2042 485 Α
2071 421 2223 485 bent,
2275 420 2321 473 si
2368 433 2559 472 rursus
2612 423 2736 509 post
2780 412 3237 509 emendationem,
3295 409 3490 465 relicto
3520 411 3677 476 vitio,

380 540 492 586 tur.
536 527 627 583 Vir
666 530 804 584 enim
848 527 894 581 si
933 542 1136 580 comam
1166 524 1398 586 nutriat,
1433 530 1496 575 ut
1540 520 1616 574 ait
1655 516 1965 588 Apostolus,

384 623 670 695 ignominia
712 630 787 676 est
824 619 906 673 illi
951 618 1003 691 (1
1033 617 1156 673 Cor.
1182 633 1256 682 ιι,
1286 615 1396 687 id).
1426 614 1605 685 Ipsam
1633 613 1776 667 enim
1821 610 1972 680 igno-

386 716 609 772 miniam
650 711 952 783 suscipiunt
996 710 1327 781 pmnitentes
1368 721 1470 777 pro
1497 705 1695 760 merito
1724 710 1970 774 peccato-

388 826 524 863 rum.
551 806 704 874 Quod
731 821 860 861 vero
883 806 937 859 in
958 805 1135 859 cilicio
1158 806 1596 872 prosternuntur,
1618 813 1716 868 per
1736 795 1971 851 cilicium

385 905 582 972 quippe
608 898 912 955 recordatio
942 903 1026 950 est
1051 901 1422 966 peccatorum,
1454 895 1675 959 propter
1696 886 1877 940 haedos
1905 882 1973 937 ad

386 976 666 1049 sinistram
716 991 944 1044 futuros.
985 986 1114 1041 inde
1155 997 1286 1055 ergo
1333 979 1653 1038 conﬁtentes
1697 979 1750 1032 in
1796 974 1975 1032 cilicio

386 1091 827 1157 prosternuntur,
850 1091 1106 1149 tanquam
1130 1077 1402 1133 dicentes:
1422 1073 1491 1128 Et
1514 1080 1781 1143 peccatum
1802 1082 1975 1122 meum

388 1187 571 1232 contra
603 1190 686 1228 me
712 1182 787 1227 est
833 1185 1035 1240 semper
1062 1164 1235 1240 (Psal.
1266 1180 1327 1228 ι,
1361 1164 1438 1235 5).
1469 1162 1622 1230 Quod
1652 1161 1837 1216 cinere
1883 1170 1973 1211 as-

386 1272 717 1337 perguntur;
751 1261 835 1317 vel
862 1268 922 1315 ut
941 1261 1050 1315 sint
1084 1272 1373 1323 memores,
1406 1256 1532 1326 quia
1561 1255 1697 1309 cinis
1717 1260 1772 1308 et
1798 1250 1977 1322 pulvis

389 1365 551 1422 sunt,
579 1354 663 1410 vel
690 1353 815 1424 quia
845 1352 1096 1422 pulveres
1119 1349 1246 1405 facti
1274 1358 1420 1413 sunt,
1452 1348 1506 1403 id
1533 1355 1638 1411 est,
1668 1345 1819 1415 impii
1846 1341 1976 1398 facti

390 1457 537 1503 sunt.
581 1446 734 1502 Uade
760 1454 815 1500 et
843 1445 920 1499 illi
948 1443 1398 1513 praevaricatores
1425 1438 1588 1511 primi
1618 1438 1865 1493 homines
1894 1448 1981 1489 re-

389 1542 646 1597 cedentes
673 1554 703 1592 a
735 1538 866 1601 Deo,
906 1537 1171 1605 malisque
1205 1533 1363 1593 factis
1391 1532 1728 1589 oll‘endentcs
1756 1528 1981 1585 Creato-

390 1649 533 1697 rem,
560 1631 946 1701 in'pulverem,
979 1630 1121 1684 unde
1153 1627 1283 1681 facti
1310 1634 1467 1689 sunt,
1502 1625 1803 1681 redierunt.
1834 1620 1980 1675 Bene

391 1740 522 1795 ergo
544 1726 599 1778 in
623 1723 802 1778 cilicio
823 1729 878 1778 et
903 1723 1085 1777 cinere
1106 1720 1382 1792 paenitens
1407 1718 1652 1788 deplorat
1673 1723 1975 1787 peccatum,

2069 511 2231 567 corda
2273 510 2586 580 pulsentur;
2621 507 2750 561 dum
2790 518 2900 560 non
2939 510 3163 573 possunt
3191 500 3345 556 bonae
3378 514 3683 555 conversa-

2071 603 2201 656 tioni
2244 615 2462 664 nocere,
2493 598 2540 653 si
2570 597 2695 653 talis
2736 596 2992 668 cogitatio
3022 609 3128 648 non
3172 600 3427 661 erumpat
3456 593 3515 645 in
3550 606 3684 646 con-

2069 707 2229 746 sensu
2259 690 2345 746 vel
2377 691 2430 745 in
2477 705 2660 760 opere.
2693 687 2860 743 Ferre
2888 687 3033 743 enim
3069 686 3188 740 sine
3222 682 3569 756 perfectione
3603 684 3686 738 vi-

2073 785 2270 839 tiorum
2301 782 2660 852 cogitationes
2688 795 2794 835 non
2822 787 2908 834 est
2932 778 3000 833 ad
3022 776 3451 840 damnationem,
3481 775 3586 829 sed
3616 775 3682 828 ad

2069 875 2471 946 probationem.
2510 873 2622 929 Nec
2654 881 2741 927 est
2766 871 2983 927 occasio
3025 868 3287 924 subeundi
3319 867 3681 931 discriminis,

2073 966 2168 1020 sed
2214 965 2397 1035 potius
2439 964 2661 1034 agenda:
2703 963 2923 1018 virtutis
2967 959 3164 1033 [Isid.,
3193 958 3453 1029 augendae
3504 956 3684 1028 perfe-

2074 1054 2316 1127 ctionis].
2347 1054 2481 1109 Nam
2508 1063 2564 1109 et
2594 1054 2641 1109 si
2667 1054 2791 1123 quis
2819 1054 2965 1109 circa
2994 1051 3155 1107 ﬁnem
3186 1066 3343 1106 suum
3376 1065 3479 1120 per
3508 1049 3683 1120 poeni-

2078 1148 2302 1202 tentiam
2346 1148 2558 1203 desinat
2592 1162 2716 1202 esse
2757 1145 2950 1213 malus,
2997 1161 3107 1201 non
3144 1144 3266 1200 ideo
3295 1142 3457 1199 debet
3491 1144 3683 1213 despe—

2076 1250 2222 1301 rare,
2253 1237 2381 1307 quia
2430 1238 2486 1291 in
2534 1238 2767 1291 termino
2815 1245 2901 1291 est
2947 1235 3151 1290 ultima:
3201 1235 3325 1290 vita:
3363 1255 3378 1288 :
3418 1235 3679 1304 quoniam

2078 1329 2225 1386 Deus
2253 1346 2359 1385 non
2387 1330 2613 1400 respicit
2651 1328 2842 1398 quales
2889 1337 3049 1383 antea
3094 1326 3317 1391 fuimus,
3348 1327 3447 1382 sed
3497 1324 3684 1396 quala

2078 1426 2225 1480 circa
2253 1425 2413 1479 ﬁnem
2444 1424 2763 1479 existemus.
2791 1423 2869 1477 Ex
2895 1422 3001 1477 line
3024 1420 3171 1476 enim
3196 1435 3295 1475 suo
3319 1434 3687 1489 unumquem-

2080 1531 2185 1586 que
2233 1523 2327 1569 aut
2364 1513 2661 1581 justiﬁeat,
2709 1522 2804 1568 aut
2848 1513 3194 1577 condemnat,
3229 1513 3373 1567 sicut
3422 1511 3685 1581 scriptum

2080 1616 2199 1662 est:
2232 1605 2353 1677 Ipse
2403 1606 2610 1675 judico:
2653 1613 2888 1658 extrema
2927 1612 3080 1657 terrae
3128 1601 3182 1673 (Ι
3209 1601 3338 1672 Reg.
3371 1617 3437 1665 ll,
3466 1600 3580 1671 10).
3624 1596 3687 1655 Et

2082 1698 2209 1753 alibi
2234 1714 2248 1750 :
2279 1694 2651 1751 Universorum
2671 1695 2829 1765 ﬁnem
2850 1696 2959 1765 ipse
2986 1694 3285 1749 considerat
3315 1692 3466 1765 (Job.
3494 1710 3684 1757 xm",

392 1818 518 1886 quia
546 1816 600 1870 in
632 1815 808 1870 cilicio
838 1814 1105 1883 aSperitas
1132 1820 1188 1866 et
1219 1811 1563 1881 compunctio
1591 1815 1976 1878 peccatorum;

2101 1789 2173 1860 5).
2218 1789 2453 1844 Proinde
2493 1804 2600 1843 non
2648 1789 2956 1843 dubitamus
2998 1789 3141 1843 circa
3188 1788 3349 1842 ﬁnem
3390 1787 3689 1856 jnstiﬁcari

393 1910 447 1963 in
475 1908 659 1963 cinere
684 1914 865 1961 autem
888 1904 1068 1976 pulvis
1095 1904 1400 1959 ostenditur
1427 1910 1781 1956 mortuorum.
1808 1899 1875 1954 Et
1905 1898 1984 1953 id-

394 1999 542 2054 circo
583 1998 639 2052 in
675 2004 905 2066 utroque
946 1996 1321 2067 paenitentiam
1358 1993 1597 2066 agimus,
1641 1992 1785 2047 utin
1831 2006 1983 2047 com-

392 2089 686 2159 punctione
741 2087 902 2144 cilicii
964 2098 1324 2157 agnoscamus
1364 2083 1525 2148 vitia,
1568 2097 1691 2153 quae
1726 2095 1825 2152 per
1868 2078 1984 2135 cule

394 2194 521 2251 pam
564 2178 968 2238 commisimus;
1011 2185 1067 2232 et
1102 2191 1199 2245 per
1246 2173 1485 2228 favillam
1525 2171 1723 2227 cineris
1758 2185 1990 2241 perpen-

395 2272 592 2327 damus
619 2271 811 2327 mortis
836 2269 1179 2331 sententiam,
1209 2266 1277 2321 ad
1304 2280 1467 2336 quam
1492 2262 1766 2336 peccando
1799 2275 1990 2333 pervec

402 2366 605 2419 nimus.

468 2454 811 2509 Pmnitentiaa
840 2460 1018 2507 autem
1048 2450 1350 2506 remedium
1376 2447 1613 2503 Ecclesia
1639 2444 1906 2502 catholica
1936 2444 1989 2499 in

400 2562 496 2618 spe
544 2546 891 2617 indulgentia:
933 2544 1163 2599 ﬁdenter
1204 2542 1388 2613 alligat
1428 2538 1765 2594 exercendos
1811 2536 1989 2591 homi-

401 2655 517 2705 nes,
545 2646 605 2694 et
627 2647 751 2710 post
777 2652 943 2691 unum
978 2636 1234 2705 baptismi
1260 2640 1679 2702 sacramentum,
1712 2629 1854 2700 quod
1881 2629 1993 2684 sin-

400 2729 578 2801 gulari
631 2727 922 2782 traditione
972 2726 1413 2781 commendatum
1464 2722 1693 2778 sollicite
1740 2719 1994 2791 prohibet

400 2820 731 2884 iterandum,
760 2818 1070 2873 medicinali
1102 2817 1341 2872 remedio
1381 2814 1715 2887 poenitentiae
1738 2815 1996 2886 subrogat

403 2910 800 2980 adiumentum,
827 2907 982 2978 cujus
1030 2909 1271 2963 remedio
1310 2924 1473 2980 egere
1517 2923 1575 2963 se
1606 2906 1786 2962 cuncti
1830 2921 1996 2977 agno-

403 3016 558 3056 scere
606 3000 807 3055 debent
856 3016 956 3071 pro
1003 2999 1334 3069 quotidianis
1384 3000 1635 3055 humanm
1686 2997 1995 3069 fragilitatis

402 3091 738 3157 excessibus,
772 3092 891 3147 sine
919 3092 1117 3163 quibus
1145 3094 1199 3147 in
1232 3093 1334 3147 hac
1366 3092 1475 3146 vita
1505 3107 1628 3148 esse
1669 3108 1777 3147 non
1805 3105 1997 3162 possu-

2091 1880 2365 1934 hominem
2409 1894 2508 1950 per
2547 1879 2922 1949 pwnitentiam
2964 1887 3019 1933 et
3048 1880 3569 1948 compunctionem;
3602 1880 3693 1935 sed

2089 1974 2217 2043 quia
2248 1986 2371 2027 raro
2411 1975 2515 2028 hoc
2561 1972 2680 2027 ﬁeri
2715 1972 2867 2036 solet,
2901 1972 3250 2027 metuendum
3293 1980 3413 2038 est;
3448 1988 3524 2027 ne
3571 1973 3694 2027 dum

2093 2066 2159 2119 ad
2188 2065 2349 2119 ﬁnem
2396 2063 2644 2119 differtur
2670 2064 2976 2129 conversio,
3007 2063 3213 2119 incerta
3244 2072 3482 2135 occupet
3524 2079 3697 2129 mors,

2092 2164 2383 2225 antequam
2429 2155 2715 2210 subveniat
2765 2156 3105 2226 poenitentia.
3159 2154 3265 2211 Pro
3312 2170 3423 2226 qua
3478 2169 3547 2210 ne
3600 2156 3696 2210 etsi

2092 2248 2232 2303 bona
2256 2255 2340 2302 est
2368 2248 2435 2302 ad
2462 2254 2768 2302 extremum
2791 2247 3098 2311 conversio,
3136 2246 3329 2301 melior
3374 2255 3572 2301 tamen
3601 2256 3695 2305 est.

2092 2356 2214 2409 qum
2243 2340 2403 2411 longe
2426 2349 2555 2396 ante
2575 2338 2738 2396 ﬁnem
2768 2341 2967 2411 agitur,
2992 2348 3053 2395 ut
3081 2340 3150 2395 ab
3175 2341 3278 2396 hac
3302 2340 3418 2395 vita
3451 2341 3699 2396 securius

2096 2437 2431 2484 transeatur.

2691 2518 2921 2575 CAPUT
2954 2520 3087 2577 LVI.

2573 2622 2599 2652 ⁸
2625 2627 2691 2665 DE
2721 2626 2957 2667 διηθοιο
2980 2626 3209 2668 ΝῐῦιΕΝΟ.

2169 2702 2483 2775 Symbolum
2525 2712 2728 2769 autem,
2755 2704 2900 2773 quod
2930 2714 3175 2775 tempore
3198 2704 3465 2762 sacriﬁcii
3502 2708 3701 2778 populo

2095 2797 2444 2870 prmdicatur,
2492 2811 2724 2853 cccxvm
2767 2807 3076 2854 sanctorum
3128 2799 3354 2854 Patrum
3408 2799 3702 2857 collatione

2097 2894 2239 2963 apud
2265 2891 2528 2963 synodum
2552 2891 2828 2947 Nicaanam
2851 2901 2936 2947 est
2957 2893 3183 2947 editum.
3207 2891 3377 2961 Cujus
3402 2909 3557 2950 verae
3580 2893 3702 2949 ﬁdei

2098 2984 2285 3055 regula
2332 2985 2497 3038 tantis
2542 2982 2805 3040 doctrinae
2852 2982 3126 3055 mysteriis
3176 2984 3478 3054 praecellit,
3528 2993 3592 3039 ut
3638 2987 3703 3041 de

2098 3076 2244 3131 omni
2282 3083 2439 3146 parte
2483 3074 2606 3130 ﬁdei
2636 3075 2917 3146 loquatur;
2948 3075 3204 3146 nullaque
3232 3090 3376 3145 pene
3425 3077 3499 3131 sit
3530 3077 3705 3132 luere-

404 3198 546 3247 mus,
578 3185 786 3239 honore
831 3141 1092 3240 dunltaxTat
1132 3193 1186 3239 et
1233 3185 1500 3255 dignitate
1544 3195 1758 3242 servata
1779 3141 1899 3251 ,Iita
1938 3192 1997 3240 ut
2024 3141 2071 3206 ο
2102 3168 2196 3233 Sis:
2225 3167 2314 3223 (ταί
2341 3180 2439 3238 Per
2464 3165 2674 3237 Singula
2696 3168 2863 3223 verba
2905 3166 2989 3223 νει
3015 3169 3316 3223 sententias
3340 3182 3455 3223 ηοη
3484 3184 3708 3239 "35900"

406 3274 780 3330 sacerdotibus
807 3283 862 3331 et
892 3275 1086 3342 levitis,
1117 3275 1229 3330 Deo
1257 3284 1464 3331 tantum
1495 3283 1654 3341 teste,
1681 3276 1800 3342 ﬁat;
1836 3290 1865 3330 a
1895 3291 2000 3331 cae-

404 3365 541 3420 teris
567 3379 719 3429 vero,
758 3372 1052 3420 attestante
1081 3380 1265 3420 coram
1311 3366 1420 3421 Deo
1459 3366 1775 3422 solemniter
1813 3381 1997 3420 sacer-

409 3455 558 3517 dote,
602 3463 663 3507 ut
700 3455 803 3508 hoc
846 3462 993 3524 tegat
1030 3454 1310 3510 fructuosa
1339 3456 1631 3523 confessio,
1658 3456 1801 3527 quod
1833 3465 2002 3511 teme-

409 3546 590 3598 rarius
633 3546 926 3615 appetitus,
977 3556 1072 3600 aut
1119 3548 1444 3617 ignorantize
1486 3557 1614 3602 nota
1661 3548 2000 3604 contraxisse

409 3632 770 3705 negligentius
815 3635 1071 3690 videtur:
1102 3644 1164 3690 ut
1204 3636 1344 3692 sicut
1390 3638 1446 3692 in
1495 3637 1766 3708 baptismo
1812 3654 2002 3695 omnes

410 3725 725 3796 iniquitates
767 3728 988 3793 remitti,
1018 3728 1104 3783 vel
1140 3744 1239 3799 per
1264 3730 1587 3800 martyrium
1629 3730 1762 3784 nulli
1808 3745 2004 3801 pecca-

410 3824 525 3871 tum
571 3817 845 3875 credimus
886 3820 1175 3889 imputari,
1219 3821 1293 3876 ita
1341 3822 1680 3895 paenitentia
1738 3830 2001 3893 compun-

409 3907 594 3962 ctione
622 3906 902 3964 fructuosa
934 3908 1205 3966 fateamur
1226 3910 1393 3968 deleri
1434 3922 1681 3982 peccata.
1722 3913 2006 3986 Lacrymm

410 3998 556 4055 enim
586 4000 967 4070 paenitentiam
996 4002 1138 4072 apud
1169 4002 1340 4058 Deum
1367 4018 1467 4072 pro
1493 4002 1817 4075 baptismate
1848 4020 2008 4075 repu-

412 4099 617 4146 tantur.
669 4090 825 4147 Unde
871 4100 929 4148 et
981 4094 1280 4162 quamlibet
1333 4096 1444 4150 sint
1514 4110 1711 4165 magna
1774 4096 2001 4161 delicta,

413 4183 660 4253 quamvis
688 4183 907 4255 gravia;
937 4199 1045 4239 non
1081 4192 1165 4240 est
1195 4194 1373 4241 tamen
1403 4187 1458 4241 in
1499 4187 1607 4243 illis
1649 4188 1745 4242 Dei
1792 4189 2009 4243 miseri-

412 4272 597 4327 cordia
628 4273 979 4343 desperanda.
1008 4273 1067 4328 ln
1097 4276 1315 4330 actione
1353 4276 1500 4331 extim
1542 4278 1917 4347 pmnitudinis,
1947 4287 2011 4333 ut

412 4375 576 4431 supra
606 4361 809 4415 dictum
832 4371 936 4425 est,
962 4377 1068 4416 non
1097 4370 1206 4417 tam
1227 4365 1618 4422 consideranda
1641 4376 1727 4424 est
1752 4382 2007 4425 mensura

2102 3260 2247 3314 deat.
2276 3256 2477 3313 Omnes
2502 3258 2648 3313 enim
2692 3258 2917 3324 erroris,
2957 3259 3321 3329 impietatum,
3351 3261 3705 3331 perﬁdiaque

2101 3347 2468 3420 blasphemias
2488 3347 2683 3413 calcat,
2709 3356 2763 3404 et
2786 3351 2856 3405 ob
2878 3350 2980 3407 hoc
3004 3350 3272 3405 universis
3294 3349 3565 3406 Ecclesiis
3590 3352 3701 3422 pari

2100 3441 2442 3496 confessione
2470 3456 2501 3495 a
2532 3441 2729 3512 populo
2757 3442 3146 3512 proclamatur.

2590 3556 2752 3629 516
2785 3556 3014 3614 CAPUT
3053 3555 3206 3614 Lvn.

2618 3639 2646 3678 δ
2671 3652 2737 3692 ne
2774 3652 2981 3694 necom
3012 3653 3176 3693 rint-:1.

2174 3728 2302 3784 Haec
2325 3735 2431 3795 est,
2469 3737 2592 3799 post
2617 3729 2999 3800 Apostolorum
3042 3728 3360 3801 Symbolum
3392 3735 3701 3789 certissima

2106 3820 2257 3884 ﬁdes,
2281 3832 2443 3889 quam
2473 3818 2724 3876 doctores
2754 3822 2925 3876 nostri
2955 3821 3318 3887 tradiderunt,
3355 3833 3420 3878 ut
3450 3826 3702 3895 proﬁtea-

2106 3927 2229 3967 mur
2262 3912 2498 3978 Patrem,
2529 3922 2585 3968 et
2610 3912 2833 3980 Filium,
2866 3923 2921 3970 et
2954 3912 3214 3986 Spiritum
3255 3926 3515 3973 sanctum
3548 3922 3707 3976 unius

2105 4005 2377 4070 essentia,
2422 4004 2771 4078 eiusdemque
2805 4010 3091 4080 potestatis
3119 4018 3173 4065 et
3221 4012 3701 4082 sempiternitatis.

2109 4093 2286 4150 Unum
2316 4094 2485 4150 Deum
2511 4094 2858 4166 invisibilem,
2892 4100 2963 4155 ita
2992 4107 3052 4156 ut
3082 4102 3134 4157 in
3166 4102 3396 4175 singulis
3444 4122 3707 4176 persona-

2108 4199 2226 4238 rum
2253 4186 2586 4255 proprietate
2608 4196 2839 4253 servata,
2870 4204 2971 4246 nec
3000 4192 3435 4248 substantialiter
3468 4195 3708 4251 Trinitas

2109 4275 2292 4342 dividi,
2323 4291 2422 4332 nec
2446 4278 2805 4346 personaliter
2830 4281 3025 4338 debeat
3047 4285 3266 4339 omnino
3292 4284 3580 4344 confundi.
3607 4289 3707 4343 Pa-

2109 4378 2249 4424 trem
2278 4384 2493 4440 quoque
2536 4372 2782 4429 conﬁteri
2824 4372 3146 4447 ingenitum,
3193 4374 3393 4433 Filium
3426 4382 3707 4452 genitum,

415 4450 693 4557 temporis,
723 4466 889 4557 quam
917 4451 1140 4507 doloris.
1168 4451 1275 4556 cor
1300 4454 1449 4557 enim
1483 4458 1781 4513 contritum
1807 4468 1866 4513 et
1907 4460 2007 4515 hu-
2036 4500 2083 4557 υ
2111 4456 2373 4530 Spiritum
2402 4470 2652 4518 sanctum
2686 4480 2785 4520 nec
2810 4467 3071 4539 genitum,
3108 4484 3207 4524 nec
3246 4450 3587 4540 ingenitum;
3616 4473 3707 4528 sed

414 4541 687 4596 miliatum
731 4541 874 4597 Deus
917 4558 1025 4597 non
1057 4544 1267 4613 spernit
1294 4544 1468 4616 (Psal.
1498 4565 1556 4614 ι,
1582 4549 1692 4620 19).
1723 4551 2010 4607 Verumta-
2036 4541 2083 4557 ”
2107 4564 2175 4604 ex
2205 4550 2365 4606 Patre
2401 4560 2455 4607 et
2483 4552 2620 4610 Filio
2653 4558 3057 4626 procedentem.
3088 4556 3284 4615 Filium
3328 4576 3357 4614 a
3410 4562 3579 4619 Patre
3609 4580 3701 4619 aa-

414 4646 539 4687 men
566 4639 769 4702 quanto
807 4632 860 4687 in
903 4634 1179 4704 peccando
1224 4633 1327 4690 fuit
1368 4637 1436 4693 ad
1477 4637 1678 4693 malum
1708 4641 2011 4711 promptior

416 4724 616 4779 mentis
646 4725 899 4792 intentio,
935 4733 1088 4781 tanto
1122 4728 1367 4784 devotior
1394 4729 1555 4786 debet
1578 4746 1704 4787 esse
1730 4732 1787 4787 in
1829 4734 2011 4803 poeni-

418 4816 578 4870 tcndo
609 4816 852 4873 alllictio.

489 4906 767 4976 Duplicem
798 4908 999 4963 habere
1028 4909 1188 4966 debet
1227 4910 1415 4967 ﬂetum
1459 4914 1514 4969 in
1543 4916 1863 4987 minitantia
1892 4932 2012 4973 om-

417 4998 503 5053 nis
530 5007 807 5069 peccator,
840 5000 954 5054 sive
982 5000 1109 5070 quia
1138 5017 1236 5072 per
1260 5003 1641 5074 negligentiam
1668 5007 1869 5063 bonum
1901 5025 2009 5064 non

418 5084 565 5153 fecit,
594 5102 689 5142 seu
715 5087 839 5159 quia
877 5088 1077 5143 malum
1103 5104 1202 5159 per
1228 5091 1513 5148 audaciam
1538 5099 1888 5165 perpetravit.
1917 5099 2019 5154 ille

420 5185 603 5231 autem
632 5192 757 5232 vere
788 5178 1162 5247 paenitentiam
1192 5181 1320 5252 agit,
1351 5182 1447 5252 qui
1472 5199 1575 5239 nec
1598 5187 1865 5255 mttere
1894 5203 2012 5259 per-

420 5276 634 5337 petrata
683 5268 936 5343 negligit,
982 5286 1083 5325 nec
1125 5272 1303 5328 adhuc
1345 5275 1658 5345 pmnitenda
1697 5282 2006 5337 committit.

420 5363 521 5431 Qui
573 5381 700 5421 vero
750 5364 1017 5438 lacrymas
1053 5366 1423 5424 indesinenter
1470 5370 1679 5438 fundit,
1727 5382 1785 5429 et
1830 5385 2009 5431 samem

420 5470 653 5524 peccare
688 5472 793 5511 non
823 5457 1039 5524 desinit,
1072 5459 1163 5514 hic
1190 5458 1485 5517 lamentum
1516 5463 1699 5530 habet,
1731 5467 1826 5521 sed
1854 5482 2011 5521 mun-

422 5547 695 5619 dationem
722 5563 830 5604 non
858 5549 1043 5606 habet.
1083 5549 1143 5605 Si
1182 5552 1274 5622 qui
1303 5560 1485 5609 autem
1514 5570 1612 5625 per
1636 5557 1871 5628 gratiam
1918 5558 2013 5613 Dei

422 5640 490 5690 ad
538 5640 914 5707 paenitentiam
959 5653 1371 5710 convertuntur,
1402 5648 1712 5715 perturbari
1762 5666 1868 5705 non
1915 5650 2010 5705 de-

499 5760 523 5785 ι
566 5747 641 5801 Ex
668 5748 893 5817 isidoro,
924 5753 1027 5808 loc.
1056 5756 1170 5817 rit.,
1200 5756 1290 5807 lil‘.
1324 5772 1359 5823 I,
1386 5772 1502 5824 cap.
1537 5758 1613 5811 l6.

2108 4643 2309 4698 scendo
2348 4646 2666 4714 procedere,
2714 4646 2977 4719 Spiritum
3029 4664 3157 4705 vero
3208 4661 3464 4708 sanctum
3517 4671 3705 4724 pmee-

2110 4733 2285 4787 dendo
2311 4749 2417 4793 non
2447 4735 2616 4789 nasci.
2643 4735 2823 4808 Ipsum
2847 4752 2978 4793 vero
3005 4736 3203 4795 Filium
3227 4757 3296 4796 ex
3326 4741 3561 4815 Virgine
3597 4746 3704 4800 sine

2111 4834 2338 4897 peccato
2395 4828 2671 4886 hominem
2717 4834 3055 4905 suscepisse,
3097 4846 3158 4892 ut
3199 4853 3361 4908 quem
3398 4840 3515 4896 sola
3561 4842 3705 4897 boni.

2116 4928 2223 4973 tate
2250 4931 2563 4989 creaverat,
2602 4936 2793 4995 sponte
2820 4926 3032 5000 lapsum
3080 4930 3514 4990 misericorditer
3558 4952 3702 5007 cepa-

2114 5021 2279 5067 rarct.
2324 5013 2495 5081 Quem
2534 5020 2801 5075 veraciter
2841 5022 3184 5089 cruciﬁxum,
3214 5034 3269 5081 et
3302 5029 3469 5083 tertia
3508 5030 3601 5085 die
3629 5044 3705 5083 re-

2113 5108 2436 5173 surrexisse,
2472 5118 2523 5165 et
2564 5127 2688 5167 cum
2728 5114 2919 5169 eadem
2947 5116 3062 5185 ipsa
3094 5132 3259 5173 carne
3287 5119 3599 5192 gloriﬁcata
3626 5138 3704 5176 as-

2112 5196 2361 5253 cendisse
2394 5198 2448 5254 in
2478 5202 2698 5269 malum,
2736 5204 2793 5259 in
2836 5220 2942 5276 qua
2976 5207 3040 5262 ad
3079 5207 3347 5277 judicium
3375 5212 3631 5267 vivorum
3656 5222 3706 5266 et

2114 5296 2454 5344 mortuorum
2483 5302 2832 5364 exSpectatur
2859 5304 3137 5356 venturus.
3173 5300 3241 5355 Et
3285 5303 3435 5372 quod
3472 5304 3707 5359 divinam

2114 5380 2518 5453 humanamque
2539 5386 2925 5454 substantiam,
2950 5388 3004 5444 in
3026 5400 3255 5462 utroque
3278 5392 3586 5465 perfectus,
3606 5411 3703 5450 una

2115 5471 2365 5528 Christus
2414 5484 2648 5544 persona
2698 5479 3023 5549 gestaverit';
3077 5484 3203 5553 quia
3253 5499 3355 5538 nec
3416 5485 3711 5555 geminavit

2116 5564 2400 5633 utriusque
2439 5566 2757 5625 substantia:
2786 5570 3068 5643 integritas
3102 5589 3417 5643 personam,
3455 5590 3559 5631 nec
3584 5590 3707 5631 con-

2118 5655 2256 5711 fudit
2285 5657 2557 5727 geminam
2594 5660 2774 5718 unitas
2816 5678 3059 5735 persona:
3106 5668 3493 5725 substantiam.
3525 5668 3707 5725 Altero

2192 5766 2218 5803 ι·
2256 5766 2332 5819 Ex
2368 5766 2513 5835 eod.,
2544 5768 2699 5841 ibid.,
2730 5771 2823 5829 lib.
2853 5790 2915 5844 ll,
2947 5791 3065 5848 cap.
3096 5777 3182 5833 25.
