3914 6178
267 273 408 332 1288

1082 272 1232 330 OPP.
1274 270 1680 331 SUPPOSITA.
1717 301 1788 311 -—
1823 270 1954 327 LIB.
1992 268 2080 326 DE
2115 269 2366 327 DlVlNlS
2405 271 2714 332 OFFICIIS.

3408 281 3550 339 1986

266 390 464 460 quippe
490 396 741 444 neutrum
771 388 1032 455 exclusit,
1059 389 1188 460 quia
1233 397 1527 458 utrumque
1559 386 1721 442 unius
1767 387 1848 442 in—
1877 395 1925 452 Α
1955 386 2028 442 ita
2057 395 2118 441 ut
2145 387 2464 456 poenitentia
2491 385 2768 443 fructuosa
2795 388 3047 444 universa
3075 387 3347 445 fateamur
3374 391 3546 448 deleri

269 489 532 536 temerato
554 479 679 550 jure
720 479 987 543 servavit,
1038 479 1184 548 quod
1223 477 1354 533 Novi
1385 484 1440 532 et
1487 476 1703 533 Veteris
1749 474 1854 529 Te-

269 571 524 626 stamenti
568 569 804 625 salubris
844 569 1189 625 commendat
1233 566 1528 622 auctoritas
1562 583 1576 620 :
1627 563 1716 619 illa
1757 579 1857 634 per

266 661 641 730 prophetiam,
705 660 808 716 ista
857 674 955 730 per
1013 658 1295 715 historiam
1346 658 1615 716 veraciter
1661 671 1852 728 perso-

269 752 460 807 lutam.

338 843 406 898 Et
432 843 577 914 quod
607 859 783 915 neque
811 844 877 900 de
913 842 1048 908 Deo,
1084 857 1261 913 neque
1289 843 1355 898 de
1381 851 1636 900 creatura
1665 841 1849 898 muli

268 935 340 988 sit
376 950 498 989 cum
527 934 751 1006 paganis
779 940 873 988 aut
916 948 1039 988 cum
1074 932 1348 988 haareticis
1383 931 1586 1002 aliquid
1615 931 1856 986 sentien—

268 1027 393 1082 dum
421 1027 475 1081 in
507 1027 615 1092 his,
640 1026 837 1097 quibus
871 1041 901 1080 a
930 1026 1163 1081 veritate
1194 1024 1551 1090 dissentiunt;
1579 1025 1675 1079 sed
1708 1024 1854 1094 quod

269 1118 322 1171 in
352 1126 582 1186 utroque
611 1115 961 1174 Testamento
987 1115 1169 1172 divina
1197 1122 1568 1186 protestantur
1611 1113 1853 1186 eloquia,

267 1209 370 1264 hoc
395 1206 769 1263 tantummodo
812 1207 1192 1263 sentiendum:
1224 1206 1369 1276 quod
1413 1206 1527 1261 sive
1555 1206 1853 1272 hominem,

267 1298 381 1354 sive
410 1299 689 1364 universa,
716 1296 863 1352 nulla
889 1297 1213 1353 necessitate
1238 1297 1380 1353 Deus
1406 1298 1708 1362 creaverit;
1739 1295 1854 1350 nul-

268 1388 373 1442 lam
404 1403 524 1444 esse
548 1391 770 1444 omnino
811 1387 1104 1453 visibilem,
1133 1387 1568 1457 invisibilemque
1599 1388 1854 1443 substan-

268 1480 417 1544 tiam,
451 1479 555 1534 nisi
599 1487 696 1535 aut
741 1495 863 1550 quae
905 1479 1048 1536 Deus
1074 1479 1165 1545 sit,
1209 1487 1306 1535 aut
1329 1493 1361 1534 a
1386 1479 1528 1535 bono
1563 1477 1676 1532 Deo
1712 1477 1852 1533 bona

267 1579 450 1626 creata
477 1571 580 1636 sit;
609 1571 703 1626 sed
734 1571 878 1628 Deus
905 1586 1115 1628 summe
1141 1579 1197 1626 et
1224 1569 1740 1626 incommutabiliter
1765 1570 1858 1625 bo—

267 1676 388 1724 nus,
426 1669 677 1717 creatura
705 1676 834 1716 vero
871 1659 1096 1716 inferius
1121 1669 1178 1716 et
1213 1659 1549 1716 mutabiliter
1591 1661 1768 1726 bona;
1797 1665 1854 1715 et

1952 484 2198 545 peccata,
2235 476 2374 531 sicut
2415 476 2676 546 scriptum
2710 487 2831 532 est:
2863 477 3015 533 Beati
3053 496 3276 550 quorum
3316 497 3548 537 remum:

1952 574 2075 620 sunt
2103 565 2426 637 iniquitates,
2451 576 2500 619 et
2525 583 2749 637 quorum
2780 577 2914 622 tecta
2937 579 3059 623 sunt
3083 580 3316 640 peccata.
3350 571 3548 626 Beatus

1953 658 2032 712 vir
2055 658 2140 711 cui
2168 674 2272 711 non
2300 658 2572 729 imputavit
2593 658 2845 714 Dominus
2869 670 3142 730 peccatum
3189 659 3361 733 (Psal.
3393 678 3545 726 xxxr,

1956 746 2118 816 με).

2025 836 2240 894 Nullum
2265 853 2482 910 quoque
2506 839 2620 894 suis
2647 839 2878 904 viribus,
2913 840 3006 895 sed
3036 855 3133 911 per
3161 840 3399 896 divinam
3426 858 3548 912 gra-

1959 932 2088 987 tiam
2121 933 2286 1004 capiti
2312 934 2532 990 Christo
2559 933 2828 1004 subjungi,
2859 943 3024 1004 atque
3053 934 3369 1004 iudisrupta:
3397 935 3549 1005 pacis

1955 1025 2440 1095 perseverantiam,
2467 1025 2522 1079 in
2563 1025 2773 1079 unitate
2799 1025 3058 1080 Ecclesiae
3085 1026 3255 1095 ipsius
3281 1025 3502 1081 solidari
3531 1043 3544 1078 :

1955 1123 2057 1166 nec
2091 1111 2342 1166 humanae
2368 1110 2664 1166 voluntatis
2709 1110 2941 1166 arbitrio
2969 1112 3093 1166 boni
3125 1113 3421 1183 quidquam
3457 1112 3550 1167 de-

1956 1203 2255 1272 putandum
2301 1203 2593 1270 testimari;
2642 1205 2937 1258 secundum
2974 1205 3312 1275 propositum
3355 1205 3548 1260 volun-

1957 1293 2085 1348 tatis
2108 1293 2203 1348 Dei
2233 1307 2449 1348 omnem
2475 1308 2763 1348 numerum
2792 1294 3092 1348 electorum
3129 1295 3368 1365 acquiri;
3401 1295 3544 1350 bona

1955 1399 2171 1456 quoque
2201 1385 2517 1454 temporalia
2546 1385 2705 1440 bonis
2742 1383 3008 1453 malisque
3044 1386 3351 1440 communia
3382 1403 3412 1440 a
3437 1386 3550 1441 Deo

1957 1473 2154 1539 creari,
2183 1472 2408 1544 ejusque
2432 1474 2835 1544 dispensatione
2865 1474 3094 1545 singulis
3123 1475 3426 1545 quibusque
3463 1475 3552 1530 vel

1956 1567 2122 1622 tribui
2157 1567 2243 1622 vel
2275 1568 2504 1638 negari:
2546 1582 2780 1636 quorum
2821 1568 3088 1623 bonorum
3132 1569 3188 1622 in
3225 1583 3551 1640 unoquoque

1960 1656 2202 1712 ﬁdelium
2227 1673 2336 1713 non
2367 1659 2606 1725 habitus,
2633 1658 2729 1714 sed
2751 1672 2880 1713 usus
2907 1667 3002 1712 aut
3032 1657 3418 1728 improbandus
3443 1666 3548 1724 est,

266 1754 411 1823 quod
441 1754 634 1808 animae
675 1753 829 1824 origo
859 1752 1065 1808 incerta
1097 1752 1198 1817 sit,
1228 1760 1282 1808 et
1329 1753 1474 1823 quod
1517 1751 1849 1823 Angelorum
1883 1744 1929 1802 Β
1958 1759 2050 1804 aut
2089 1749 2440 1821 probandus;
2493 1757 2646 1806 certa
2693 1765 2826 1806 vero
2866 1758 3177 1819 aeternaque
3223 1751 3363 1806 bona
3407 1749 3554 1806 solos

266 1855 459 1901 natura
495 1847 578 1901 vel
607 1847 802 1901 animae
842 1861 949 1903 non
989 1845 1059 1901 sit
1105 1860 1234 1915 pars
1262 1845 1458 1902 divina:
1503 1845 1851 1904 substantiae:

265 1938 359 1993 sed
396 1936 490 1991 Dei
519 1942 768 1992 creatura
810 1950 878 1991 ex
905 1934 1074 1991 nihilo
1099 1935 1335 1990 condita.
1376 1934 1503 1990 Ideo
1533 1935 1853 2006 incorporea

267 2029 442 2083 anima
489 2029 693 2097 absque
739 2026 935 2091 dubio,
964 2035 1020 2080 et
1056 2027 1166 2082 Deo
1199 2034 1255 2082 et
1301 2027 1528 2098 angelis,
1575 2043 1608 2082 a
1653 2028 1854 2097 quibus

265 2118 644 2188 comprehendi
671 2125 726 2173 et
763 2116 1047 2172 transferri
1074 2125 1273 2186 potest,
1304 2132 1568 2187 corporea
1593 2132 1716 2172 esse
1741 2117 1854 2172 evi-

267 2211 455 2266 denter
484 2211 787 2266 ostenditur
809 2223 856 2264 ιι.
899 2209 984 2265 Ad
1010 2209 1300 2279 imaginem
1329 2218 1510 2265 autem
1541 2210 1638 2266 Dei
1667 2220 1854 2266 creata

265 2310 368 2366 est,
390 2301 591 2372 pietate
610 2316 844 2365 morum,
871 2300 992 2356 sine
1011 2315 1118 2371 qua
1141 2299 1276 2356 ﬁdes
1300 2300 1467 2356 divini
1494 2301 1674 2357 cultus
1697 2301 1853 2375 [non]

265 2391 562 2462 perﬁcitur.
611 2393 679 2447 Et
711 2400 772 2448 ut
808 2393 1182 2464 unusquisque
1229 2393 1436 2459 Deum,
1476 2397 1856 2464 proximumve

268 2485 324 2542 in
354 2485 464 2541 Deo
492 2485 742 2558 diligens,
790 2501 964 2556 usque
1006 2487 1076 2540 ad
1121 2486 1471 2542 dilectionem
1507 2502 1723 2558 quoque
1752 2487 1855 2544 ini-

268 2579 534 2636 micorum
573 2581 940 2651 pertendendo
973 2579 1241 2651 proﬁciat,
1285 2589 1344 2635 ut
1370 2580 1704 2652 proﬁciendo
1730 2597 1856 2653 per-

268 2671 474 2726 veniat.

335 2762 580 2817 Alterum
604 2775 816 2832 quoque
835 2760 1062 2818 alterius
1086 2761 1255 2833 pollui
1279 2777 1386 2818 non
1413 2777 1574 2833 posse
1601 2770 1852 2832 peccato,

266 2852 358 2908 ubi
387 2867 488 2923 par
518 2851 767 2907 voluntas
804 2867 918 2910 non
958 2859 1172 2910 tenetur
1213 2854 1520 2910 consensio.
1559 2853 1857 2924 Legitimas

267 2942 484 3011 nuptias
510 2957 618 2997 non
647 2941 793 2997 credi
819 2943 1122 3008 damnatas,
1150 2942 1279 3000 licet
1300 2958 1370 2999 ex
1397 2943 1480 2999 eis
1507 2959 1723 3014 quoque
1746 2945 1855 3001 ori-

267 3032 432 3102 ginali
468 3040 692 3103 peccato
743 3032 977 3088 obnoxia
1024 3033 1279 3089 credatur
1326 3033 1480 3090 nasci
1529 3035 1851 3104 posteritas,

266 3124 453 3195 eisque
472 3123 596 3195 iure
621 3123 860 3180 ﬁdelium
889 3124 1161 3194 virginum
1183 3123 1268 3182 vel
1295 3124 1688 3184 continentium
1715 3141 1856 3196 pra:-

269 3215 492 3272 ferenda
535 3219 796 3274 doceatur
842 3218 1148 3289 integritas.
1203 3216 1317 3274 Nec
1353 3234 1522 3275 unum
1569 3219 1856 3276 Trinitatis

267 3307 557 3379 baptisma,
580 3309 724 3379 quod
753 3308 907 3366 nefas
930 3317 1033 3376 est,
1062 3309 1293 3368 iteretur
1307 3352 1326 3378 ,
1356 3326 1532 3382 neque
1557 3327 1656 3383 pro
1679 3313 1854 3370 diver-

268 3400 428 3456 sitate
462 3401 793 3457 tradentium
837 3400 1214 3458 ministrorum
1241 3401 1471 3473 singulis
1493 3411 1713 3472 putetur
1738 3404 1859 3474 quid

266 3490 473 3562 busque
500 3492 760 3558 conferri,
801 3493 900 3549 sed
923 3508 955 3548 a
999 3491 1113 3548 Deo
1158 3493 1420 3566 singulari
1463 3502 1734 3564 potestate
1761 3494 1857 3550 do-

265 3585 416 3642 nari.
454 3583 532 3641 De
572 3599 680 3654 quo
717 3585 920 3641 dictum
954 3584 1224 3656 legimus:
1255 3585 1430 3656 Super
1467 3603 1622 3657 quem
1665 3587 1857 3643 videris

269 3671 532 3745 Spiritum
558 3673 949 3728 descendentem
981 3682 1030 3728 et
1071 3683 1368 3730 manentem
1398 3692 1557 3746 super
1589 3693 1731 3742 eum,
1770 3677 1857 3732 hic

267 3777 363 3832 est,
393 3767 482 3838 qui
510 3765 736 3836 baptism
765 3765 819 3818 in
843 3763 1046 3835 Spiritu
1072 3773 1287 3829 sancto;
1309 3774 1357 3820 et
1382 3781 1479 3833 ego
1501 3767 1609 3821 vidi
1634 3777 1683 3822 et
1712 3770 1858 3823 testi-

271 3857 505 3912 monium
544 3855 811 3927 perhibui,
842 3855 967 3926 quia
1012 3855 1097 3910 hic
1131 3864 1206 3908 est
1244 3852 1423 3910 Filius
1455 3856 1554 3912 Dei
1585 3856 1772 3930 (Joan.
1802 3875 1856 3924 ι,

271 3948 361 4012 33,
385 3947 500 4018 54).
529 3947 598 4001 Ει
630 3961 698 4001 ne
743 3944 1076 4017 paenitentia:
1118 3945 1374 4002 remediis
1416 3961 1516 4002 nos
1543 3961 1704 4018 egere
1749 3963 1860 4005 non

274 4046 526 4110 putemus
552 4053 652 4110 pro
679 4037 1007 4108 quotidianis
1050 4037 1300 4096 humanae
1333 4036 1644 4110 fragilitatis
1671 4054 1860 4097 exces-

275 4129 446 4196 sibus,
475 4130 592 4185 sine
614 4130 814 4201 quibus
853 4129 907 4183 in
950 4128 1056 4186 hac
1078 4132 1190 4184 vita
1219 4143 1341 4186 esse
1383 4145 1493 4186 non
1520 4145 1810 4201 possumus
1839 4149 1857 4188 :

347 4293 374 4322 ι
401 4279 664 4356 Corporea
685 4281 1080 4356 esse_evidenter
1103 4281 1411 4336 ostenditur.
1440 4283 1620 4351 Deest,
1645 4285 1858 4356 opinor,

275 4352 538 4424 particula
560 4369 685 4417 non,
711 4363 766 4408 et
794 4353 898 4423 leg.
926 4368 1178 4424 corporea
1203 4369 1307 4424 non
1329 4369 1460 4420 esse,
1487 4363 1617 4421 etc.,
1647 4352 1706 4410 ut
1732 4352 1861 4412 con;

281 4423 531 4477 tradictio
577 4424 777 4478 vitetur
819 4433 876 4478 et
899 4423 1076 4479 οιτον.
1103 4425 1161 4478 ln
1189 4423 1408 4486 lsidom
1450 4433 1630 4481 tamen
1673 4427 1754 4483 sic
1781 4428 1857 4484 le—

277 4493 459 4564 gitur:
491 4512 510 4544 ‹
537 4492 642 4564 Sed
685 4494 779 4549 Dei
825 4502 1096 4561 creatura,
1133 4507 1200 4564 ex
1244 4493 1414 4551 nihilo
1455 4496 1691 4564 condita,
1717 4502 1860 4556 etin

276 4561 518 4648 corpore
539 4561 648 4647 (F1
667 4563 783 4648 legz
811 4563 1152 4648 incorporea)
1191 4580 1312 4648 esse
1359 4564 1637 4648 evidenter
1678 4561 1863 4648 osten-

278 4633 441 4690 ditur.
477 4633 739 4701 Ouoniam
768 4635 934 4706 igitur
965 4633 1299 4706 apprehendi
1345 4645 1400 4693 et
1434 4637 1716 4694 transferri
1765 4656 1862 4712 po—
1890 4635 1943 4695 D

1955 1857 2114 1914 posse
2146 1842 2319 1897 bonos
2347 1843 2405 1897 in
2434 1841 2618 1897 futuro
2639 1842 2923 1910 consequi,
2948 1854 3180 1911 quorum
3204 1843 3431 1913 pignore
3451 1842 3554 1898 Ec-
3587 1896 3595 1904 ,

1953 1935 2175 1991 clesiam
2201 1950 2348 1990 nunc
2379 1933 2727 1991 informatam
2751 1934 3024 1990 credimus
3048 1934 3308 2001 detineri;
3338 1936 3428 1992 hic
3455 1935 3554 1990 ha-

1953 2028 2169 2082 bentem
2216 2027 2486 2098 primitias
2531 2028 2780 2098 spiritus,
2807 2027 2866 2082 in
2893 2024 3080 2082 futuro
3124 2027 3549 2097 perfectionem;

1954 2120 2044 2176 hic
2069 2121 2361 2176 sustentari
2404 2121 2462 2176 in
2485 2135 2600 2191 spe,
2637 2128 2828 2190 postea
2856 2120 3004 2189 pasci
3035 2120 3090 2175 in
3122 2135 3213 2187 re;
3247 2120 3337 2176 hic
3360 2121 3549 2176 videre

1953 2227 2053 2283 per
2086 2212 2362 2282 speculum
2385 2221 2441 2266 et
2481 2214 2534 2268 in
2555 2213 2863 2283 aenigmate,
2890 2213 2944 2267 in
2972 2211 3153 2268 futuro
3193 2221 3380 2269 autem
3403 2214 3546 2269 facie

1954 2307 2023 2361 ad
2051 2304 2269 2370 faciem,
2300 2319 2424 2361 cum
2449 2306 2519 2360 ad
2563 2305 2804 2375 speciem
2839 2303 3006 2360 fuerit
3046 2305 3211 2360 ducta
3235 2320 3336 2374 per
3363 2305 3549 2371 fidem,

1955 2398 2172 2469 quando
2215 2395 2549 2467 perﬁciatur,
2597 2405 2657 2452 ut
2703 2397 2900 2452 summi
2952 2397 3048 2452 Dei
3097 2395 3258 2451 bonis
3302 2395 3549 2452 fruamur

1957 2491 2197 2556 aeternis,
2240 2488 2476 2546 fruendo
2521 2487 2957 2563 [temporalibus]
2998 2489 3054 2544 in
3089 2488 3202 2543 Deo
3231 2503 3337 2543 non
3365 2487 3550 2543 oberi-

1955 2597 2077 2637 mus
2120 2590 2176 2638 et
2212 2581 2508 2652 proximis;
2539 2595 2660 2636 eam
2698 2596 2917 2652 quoque
2963 2595 3063 2637 nos
3108 2593 3261 2650 spem
3306 2594 3552 2636 resurre-

1955 2673 2151 2729 ctionis
2193 2674 2416 2740 habere,
2460 2680 2523 2727 ut
2547 2673 2741 2728 eodem
2769 2672 2959 2727 ordine
3004 2672 3304 2743 eademque
3350 2670 3548 2735 forma,

1955 2779 2060 2834 qua
2096 2764 2212 2834 ipse
2239 2764 2503 2818 Dominus
2528 2763 2831 2818 resurrexit
2856 2777 2888 2818 a
2916 2761 3171 2825 mortuis,
3196 2776 3296 2816 nos
3334 2773 3553 2831 quoque

1957 2863 2366 2911 resurrecturos
2392 2869 2516 2916 esse
2561 2854 2848 2910 credamus
2885 2854 2942 2908 in
2970 2853 3163 2908 eodem
3201 2866 3452 2923 corpore,
3494 2852 3552 2907 in

1957 2963 2066 3018 quo
2108 2962 2316 3012 sumus,
2352 2946 2440 3002 vel
2466 2946 2728 3010 vivimus,
2768 2960 2875 3000 non
2921 2953 3176 3000 naturam
3221 2951 3317 2998 aut
3360 2957 3552 2999 sexum

1959 3049 2253 3105 mutantes,
2281 3041 2377 3096 sed
2407 3048 2620 3095 tantum
2655 3037 3004 3110 fragilitatem
3029 3046 3087 3092 et
3111 3037 3244 3092 vitia
3272 3037 3550 3106 deponen-

1909 3131 1928 3154 ‘
1961 3141 2079 3198 tes;
2109 3131 2286 3202 ipsum
2315 3147 2535 3202 quoque
2561 3131 2824 3186 Satanam
2851 3144 2976 3186 cum
3002 3128 3213 3200 angelis
3245 3129 3362 3184 suis
3385 3137 3554 3198 atque

1957 3222 2256 3278 cultoribus
2299 3230 2503 3278 aeterno
2549 3221 2798 3278 incendio
2841 3220 3339 3284 condemnandum,
3373 3231 3553 3289 neque

1957 3312 2255 3368 secundum
2284 3313 2647 3382 quemdam
2675 3311 3002 3382 sacrilegam
3026 3310 3450 3379 disputationem
3481 3309 3553 3366 ad

1957 3403 2264 3475 pristinam,
2293 3404 2346 3461 id
2375 3411 2478 3468 est,
2504 3401 2805 3475 angelicam
2830 3402 3168 3472 dignitatem,
3195 3415 3267 3456 ex
3288 3415 3396 3470 qua
3424 3416 3552 3472 pro-

1956 3495 2076 3567 pria
2102 3495 2441 3568 malignitate
2466 3494 2686 3558 cecidit,
2709 3492 3098 3551 reducendum.

2028 3593 2156 3648 llaec
2181 3601 2264 3649 est
2287 3592 2567 3650 catholica:
2593 3591 2902 3648 traditionis
2930 3589 3058 3646 ﬁdei
3082 3603 3210 3646 vera
3238 3590 3550 3662 integritas,

1957 3681 2022 3736 de
2049 3698 2159 3753 qua
2187 3683 2233 3739 si
2257 3699 2426 3738 unum
2466 3682 2750 3753 quodlibet
2789 3687 3108 3750 respuatur,
3134 3687 3245 3734 tota
3274 3678 3402 3734 ﬁdei
3425 3693 3550 3732 cre-

1957 3775 2154 3831 dulitas
2180 3776 2466 3830 amittitur.
2496 3775 2639 3845 Lege
2665 3772 2944 3829 homiliam
2967 3787 3159 3826 xxxvii
3187 3771 3216 3812 δ
3239 3771 3416 3826 sancti
3439 3768 3556 3823 Au-

1958 3869 2164 3940 gustini
2193 3869 2246 3923 in
2275 3868 2452 3937 prima
2483 3875 2640 3937 parte
2662 3879 2825 3935 super
2858 3863 3126 3920 Joannem
3163 3861 3552 3933 evangelistam

1958 3955 2112 4026 cujus
2140 3957 2354 4012 initium
2382 3963 2504 4012 est:
2539 3953 2710 4010 Verba
2738 3953 2951 4008 Domini
2978 3954 3142 4009 nostri
3169 3952 3301 4007 Iesu
3331 3951 3553 4018 Christi,

1956 4065 2074 4122 quae
2098 4048 2281 4104 habuit
2301 4064 2420 4103 cum
2440 4045 2673 4113 luditis,
2692 4046 2766 4101 ita
2787 4045 3068 4100 moderans
3090 4043 3351 4116 loquelam
3375 4060 3554 4111 sum,

1956 4151 2016 4196 ut
2039 4140 2164 4196 circi
2191 4156 2295 4194 non
2324 4137 2576 4202 viderent,
2602 4144 2710 4193 etc.

1960 4305 2088 4362 test,
2117 4309 2378 4368 corporea
2417 4309 2540 4354 esse
2574 4294 2934 4368 nihilominus,
2958 4293 3281 4368 ostenditur.
3314 4311 3332 4343 ι
3370 4290 3436 4344 Et
3472 4289 3556 4343 in-

1958 4361 2173 4424 ferius:
2214 4361 2394 4421 iSine
2441 4381 2545 4438 qua
2592 4365 2725 4438 ﬁdes
2774 4365 2940 4438 divini
2985 4363 3161 4438 cultus
3208 4361 3381 4438 otiosa
3433 4371 3548 4438 tor-

1963 4439 2165 4522 peseit,
2197 4445 2255 4494 et
2291 4453 2415 4492 cum
2454 4429 2565 4506 qua
2615 4436 2898 4510 integritas
2953 4435 3119 4490 divini
3159 4433 3336 4490 cultus
3385 4429 3552 4504 perﬁ-

2079 4525 2159 4562 ι’.»
2750 4525 2754 4528 ·

1965 4518 2076 4619 cur
2103 4579 2161 4635 lu
2185 4578 2346 4636 editis
2371 4593 2558 4644 suis,
2582 4576 2763 4633 Tract.
2795 4576 2848 4631 in
2877 4561 3033 4630 Joan.
