3914 6178
383 245 523 303 m7
1219 244 1281 304 Β.
1320 247 1382 306 r.
1421 246 1644 305 suam
1684 245 1816 305 seu
1852 243 2130 304 sucum
2163 243 2448 302 orsnuu
2484 242 2663 300 rans
2696 238 2790 299 rx.
2913 315 2917 318 ,
3506 235 3656 303 ηδε

688 592 695 599 κ
1190 513 1361 575 AMA
1372 511 1596 573 LARII
1640 507 2248 572 ARCHIEPISCOPI
2294 505 2824 568 TREVIRENSIS

655 681 991 739 EPISTULA
1028 682 1120 738 AD
1154 676 1487 737 CAROLUM
1526 673 1825 733 MAGNUM
1860 669 2366 730 IMPERATOREM
2405 669 2493 725 DE
2540 667 2986 727 CEREMONIIS
3023 668 3366 725 BAPTlSlﬂ.

1390 834 1552 910 (Vide
1583 830 1905 902 Patrologiw
1924 838 2055 884 tant.
2081 826 2289 897 XCIX,
2311 829 2414 885 col.
2439 827 2587 901 887.)

902 1058 1552 1152 517MUSDEM
1627 1067 2125 1145 AMALARII
2201 1067 2593 1148 VERSUS
2668 1071 3040 1155 MARINI
3096 1107 3153 1154 ι.

1331 1267 1692 1315 ΑιιΔιΑιιιυε
1736 1264 2118 1309 VENEBABHJ
2162 1266 2394 1311 ΑΒΙΔΤΙ
2438 1270 2666 1316 PETRO.

362 1451 528 1522 Quid,
562 1441 743 1513 Pater,
789 1451 1048 1519 angustos
1077 1442 1303 1513 repedas
1334 1440 1427 1511 qui
1471 1448 1714 1511 tempora
1761 1435 1950 1501 calles,
1980 1437 2027 1497 Α
2055 1434 2163 1492 Sed
2190 1440 2362 1495 sancti
2390 1442 2573 1512 potius
2597 1457 2789 1500 cursus
2806 1445 3004 1516 psallat
3021 1446 3300 1507 Benedicti
3325 1468 3343 1508 ε

366 1541 611 1611 Namque
638 1538 820 1610 quieta
851 1544 1025 1591 tenes.
1061 1532 1376 1602 Forsanque
1397 1544 1559 1602 paras
1583 1540 1850 1584 renovare
2057 1526 2167 1583 Aut
2194 1528 2306 1587 fors
2335 1541 2429 1587 aut
2450 1533 2737 1605 potiusque
2763 1536 2943 1593 forent
2974 1537 3158 1610 ignota
3189 1540 3429 1600 nefanda

367 1633 574 1690 Saccus
596 1640 653 1687 tu
676 1627 1151 1702 nostrositerum,
1177 1624 1264 1680 vel
1286 1622 1537 1694 frangere
1563 1621 1740 1686 dente,
2058 1618 2205 1701 illius
2234 1620 2392 1679 nobis
2410 1624 2580 1691 urbis,
2607 1641 2730 1698 qua:
2753 1643 2898 1700 srepe
2922 1630 3121 1687 beabat

363 1729 595 1786 Crustas
618 1733 676 1782 et
704 1733 851 1781 totas
871 1722 1043 1778 micas
1068 1718 1296 1775 volitare
1318 1730 1414 1787 per
1436 1727 1619 1770 auras.
2058 1709 2268 1783 Totque
2290 1714 2457 1783 viros,
2482 1725 2666 1775 tantos
2687 1718 2917 1776 famulos
2940 1736 3038 1793 per
3062 1723 3223 1779 sed;
3247 1724 3442 1783 beam
3464 1742 3484 1783 ;

364 1821 535 1892 Agius
553 1821 697 1876 inter
720 1815 1034 1872 frondentes
1059 1811 1242 1868 lauros
1263 1807 1516 1865 habitans
1544 1819 1667 1861 sors
2056 1802 2234 1872 Quam
2267 1805 2497 1880 legimus
2521 1812 2761 1869 tenuisse
2780 1821 2946 1885 caput
2969 1814 3122 1886 regni
3150 1817 3329 1873 omnis
3354 1817 3478 1875 Eoi.

366 1913 600 1970 Maxima
626 1910 743 1981 ipse
776 1913 934 1962 vocat
956 1902 1152 1958 fratres
1180 1899 1249 1955 ad
1273 1896 1480 1955 fercula
1501 1895 1673 1967 pacis.
2127 1898 2281 1957 Tunc
2302 1915 2428 1957 sero
2453 1901 2670 1960 rediens
2704 1904 2949 1962 Basileus
2974 1905 3085 1963 Leo
3107 1907 3345 1977 mandat,
3369 1920 3428 1967 et
3458 1911 3584 1982 ipsa

366 2002 639 2076 Disiunxit
667 1999 855 2055 labens
884 1997 1057 2051 Arton
1086 2008 1225 2065 quos
1252 1990 1485 2061 turpiter
1505 1987 1708 2043 Auster
2058 1989 2131 2047 Ut
2148 1993 2367 2048 veniant
2398 1990 2596 2051 fratres
2624 1996 2692 2053 ad
2720 2011 2931 2052 summa
2959 1998 3159 2068 palatia
3192 1999 3353 2072 regis.

364 2094 572 2151 Iunxit.
605 2092 724 2161 Quo
752 2101 1049 2161 properare
1072 2085 1215 2158 petis
1243 2083 1345 2150 sic,
1371 2081 1513 2138 abba
1539 2094 1716 2145 meus,
1742 2077 1886 2149 quo?
2056 2079 2158 2136 Hic
2184 2080 2474 2153 eloquitur,
2496 2084 2587 2141 hic
2607 2086 2675 2141 de
2707 2085 2885 2142 Caroli
2911 2096 3036 2142 orat
3067 2089 3179 2144 vita
3212 2103 3313 2160 per
3337 2104 3541 2155 avum,

368 2189 667 2252 Ventorum
693 2183 956 2239 Dominus
990 2179 1084 2251 qui
1112 2185 1260 2234 vetat
1290 2175 1410 2233 sine
1438 2187 1662 2246 pergere
1692 2171 1883 2227 fratre.
2054 2174 2137 2229 Ac
2161 2182 2416 2230 notorum
2441 2175 2580 2247 ejus,
2610 2177 2752 2234 sacri
2770 2178 2942 2234 simul
2970 2180 3180 2237 ordinis
3205 2183 3407 2243 omnis,

366 2277 509 2348 Quid
541 2276 762 2339 mirum,
784 2273 833 2329 si
860 2269 1155 2342 Gregorius
1175 2266 1376 2337 jaceat,
1406 2265 1850 2336 lacrymansque;
2054 2264 2124 2320 Et
2147 2264 2328 2338 populi
2354 2281 2663 2324 memorans
2687 2267 3021 2327 Francorum
3040 2286 3173 2328 voce
3194 2273 3445 2344 benigna.

366 2371 426 2427 Si
454 2387 561 2427 non
584 2378 670 2426 est
703 2367 925 2432 mirum,
948 2363 1155 2421 Christi
1185 2362 1413 2418 chorum
1440 2358 1745 2430 trepidare?
2054 2357 2101 2412 Δ
2124 2373 2233 2428 quo
2257 2358 2430 2435 laxati
2455 2359 2627 2432 pelagi
2648 2360 2913 2431 profunda
2938 2363 3187 2419 trahebat

366 2461 673 2533 {Equoreas
708 2467 938 2530 tangens
960 2454 1223 2511 Dominus
1245 2459 1450 2524 partes,
1474 2449 1850 2521 lacrymabant
2055 2445 2366 2518 Equoreus
2386 2464 2687 2521 cursusque
2707 2460 2902 2520 ratem,
2939 2468 3063 2510 cum
3102 2454 3295 2526 ingens
3330 2455 3447 2511 fera
3479 2459 3645 2514 min,

365 2549 645 2623 Discipuli,
677 2548 725 2605 si
751 2545 1048 2619 Gregorius
1071 2559 1178 2599 non
1206 2540 1427 2614 pertulit
1446 2539 1643 2605 undas,
2056 2538 2187 2607 Quis
2206 2548 2491 2596 ventorum
2511 2542 2700 2599 avidas
2748 2559 2953 2615 pennas
2981 2554 3060 2601 tot
3078 2542 3261 2602 dicere
3287 2546 3504 2614 suﬂ‘ert,

364 2640 609 2714 Vespere
626 2638 741 2709 jam
766 2643 1113 2708 properante,
1139 2641 1296 2706 rogat
1315 2646 1532 2690 cessare
1557 2628 1845 2702 procellas,
2055 2631 2124 2686 Et
2144 2647 2251 2689 non
2274 2632 2507 2689 miretur
2530 2642 2739 2689 tantum
2765 2636 3091 2707 crepitantia
3115 2636 3266 2692 lora?

365 2734 514 2802 011³³
538 2730 669 2789 die“
691 2728 878 2787 δαλίον
898 2726 1107 2799 maiore
1127 2739 1352 2798 W
1377 2724 1547 2780 Ειπο·
1985 2790 2031 2803 _
2058 2723 2382 2783 Terribilem
2406 2729 2537 2786 hinc
2555 2727 2795 2785 sonitum
2818 2728 3014 2786 ﬂuctus
3038 2730 3382 2803 redduntque
3402 2734 3597 2790 marini
3625 2751 3644 2790 ε

365 2790 519 2883 λιιι»
540 2823 694 2896 jubet
718 2790 1043 2879 monachum
1076 2790 1261 2876 vultus
1292 2817 1541 2874 attollere
1571 2829 1808 2881 sursum,
1984 2790 2034 2854 Β
2057 2817 2188 2876 inde
2218 2826 2399 2878 truces
2426 2830 2600 2878 ratem
2626 2822 2916 2892 quatiunt.
2948 2861 2963 2876 .
2992 2861 3008 2878 .
3035 2861 3051 2876 .
3081 2863 3095 2877 .
3121 2863 3136 2877 .
3165 2790 3323 2884 vir-ee

367 2918 598 2973 Sumere
627 2916 696 2972 de
722 2929 911 2973 mensa
932 2912 1162 2970 fratrum
1186 2910 1364 2970 saltim
1392 2910 1776 2983 exiguumque.
2056 2912 2297 2971 Ventris.
2320 2912 2418 2969 llis
2435 2911 2718 2983 maiorque
2741 2922 2923 2970 metus
2939 2928 3063 2969 cum
3087 2924 3172 2971 est
3198 2915 3395 2971 mortis
3421 2929 3644 2972 amara.

365 3009 658 3083 Gregorius
682 3008 820 3064 dixit
849 3025 865 3063 :
899 3005 1039 3065 Hinc
1062 3021 1172 3063 non
1196 3020 1433 3078 surgam,
1457 3003 1565 3061 nisi
1593 3002 1699 3058 fixa
2055 3003 2211 3063 Vatis
2233 3019 2355 3062 sum
2383 3005 2502 3073 tibi,
2531 3013 2721 3061 sancte
2738 3004 2920 3073 Pater,
2958 3021 3065 3062 non
3089 3003 3316 3078 effugies
3345 3014 3402 3061 tu

366 3104 494 3163 Hac
518 3104 715 3177 puppis
749 3111 990 3170 maneat,
1015 3117 1193 3174 neque
1218 3102 1316 3158 has
1342 3100 1557 3158 tabulas
1582 3100 1848 3171 relinquo.
1955 3099 1961 3104 ’
2057 3096 2219 3164 Hinc,
2248 3097 2353 3152 nisi
2380 3095 2724 3167 perfundaris
2753 3096 2928 3168 aquis,
2956 3096 3157 3153 nimbis
3178 3097 3435 3155 sacieris.

314 3236 319 3239 τ
367 3196 537 3254 Nocte
562 3195 696 3268 vigil
725 3194 896 3252 frater
913 3210 1023 3251 non
1049 3194 1369 3260 dormitans,
1398 3206 1575 3264 neque
1600 3199 1818 3248 cessant
2058 3187 2296 3261 Bn‘ugias
2324 3188 2539 3257 Hauros
2565 3228 2583 3256 ,
2609 3198 2821 3244 metuas
2845 3187 3091 3255 Sclavos,
3121 3189 3484 3262 Regidosque.

366 3285 518 3343 Salsa
538 3286 679 3341 vada
706 3287 973 3343 undarum
1004 3283 1211 3356 iugiter
1229 3283 1448 3340 turbare
1472 3282 1740 3354 procellae.
2056 3280 2139 3337 Tu
2167 3279 2531 3348 cumula'tela,
2564 3289 2623 3335 ut
2653 3279 2898 3337 Maurum
2927 3280 3142 3354 iugules
3163 3284 3538 3350 metuendum,

364 3380 435 3437 Et
455 3379 590 3434 ratis
613 3379 721 3434 alta
748 3376 1017 3449 profunda
1040 3382 1237 3446 petens
1260 3375 1490 3432 nimium
1516 3375 1627 3431 cito
1655 3374 1836 3430 saltat.
2056 3375 2229 3443 Quem
2254 3373 2412 3429 nobis
2440 3381 2746 3430 monstrant
2773 3381 2986 3444 portus,
3011 3388 3175 3445 quem
3202 3373 3401 3431 famina
3426 3375 3648 3431 tollunt.

364 3470 547 3528 Triste
576 3477 760 3541 caput,
793 3483 990 3524 sensus
1016 3474 1246 3522 maestus
1268 3466 1474 3537 patitur
1496 3465 1658 3531 male,
1685 3464 1901 3520 tandem
2057 3469 2242 3524 Tende
2261 3482 2474 3533 arcum,
2512 3467 2685 3523 donec
2707 3481 3096 3537 percurramus
3128 3483 3278 3525 mare
3310 3483 3492 3525 cursu.

363 3559 501 3619 Cum
525 3560 686 3616 victis
714 3557 960 3615 tenebris
993 3556 1221 3613 rutilans
1243 3557 1476 3612 miratur
1504 3554 1671 3620 Eous,
2058 3555 2153 3612 Sta
2170 3555 2356 3626 procul
2377 3570 2411 3611 a
2432 3563 2579 3612 terra
2594 3555 2914 3611 Sclavorum
2927 3555 3109 3612 littora
3131 3557 3337 3629 linque,
3360 3557 3650 3629 repellant.

365 3652 468 3711 Sat
488 3652 778 3709 metuenda
805 3658 984 3709 truces
1012 3648 1295 3721 agitabant
1324 3645 1544 3703 ﬂamina
1566 3646 1833 3719 lymphas.
2055 3650 2186 3706 Post
2211 3662 2456 3715 vernum,
2480 3662 2604 3706 sero
2628 3649 2779 3716 licet,
2805 3648 3125 3721 ltaliamque
3146 3649 3437 3717 virentem,

365 3747 478 3803 Nos
506 3760 726 3802 cursum
756 3750 996 3809 revocat,
1023 3741 1407 3798 addurissima
1432 3747 1634 3796 castra.
2055 3744 2166 3801 Nos
2190 3743 2537 3815 pervadimus
2565 3742 2707 3799 hanc
2720 3743 2945 3808 cursim,
2975 3744 3273 3816 rapidoque
3298 3745 3482 3802 volatu

365 3838 571 3896 Forsan
600 3834 836 3895 delectat
869 3844 1134 3902 castrum,
1165 3834 1386 3901 fratres,
1416 3834 1704 3907 Eginense,
2058 3835 2305 3892 Silvestri
2328 3835 2399 3891 ad
2421 3833 2639 3907 dignam
2662 3835 2952 3891 ecclesiam
2978 3836 3153 3892 sancti
3171 3846 3553 3908 properantes.

363 3932 432 3988 Et
448 3930 657 4002 palmas
677 3944 837 4002 agere
861 3929 997 3986 satis
1025 3944 1121 4001 per
1145 3934 1389 3998 tempora
1415 3926 1597 3999 longa,
2056 3927 2225 3984 Obvia
2247 3934 2356 3983 stat
2382 3936 2569 3983 sancta
2594 3926 2791 3982 cohors
2813 3926 3043 3983 fratrum
3064 3927 3227 3984 simul
3246 3927 3429 3984 omnis

363 4020 572 4077 Puncta
593 4020 686 4076 ubi
710 4019 908 4092 Wippo
934 4034 1101 4075 manu
1126 4016 1304 4090 plorat
1326 4018 1573 4088 rapuisse
1591 4017 1789 4073 aliena.
2057 4015 2304 4082 Flebilis;
2338 4015 2588 4087 egregius
2616 4023 2803 4087 pastor
2826 4015 3135 4089 lacrymans
3158 4016 3528 4090 lacrymautes

363 4110 614 4205 Singultu
642 4110 810 4166 nimio
839 4109 1086 4182 pulsabat
1121 4124 1264 4179 srepe
1289 4109 1528 4179 quietem
1618 4198 1632 4205 -
1736 4198 1752 4205 _
1841 4122 1849 4131 ο
1975 4140 2028 4205 c
2059 4106 2315 4178 Suscipit,
2337 4108 2519 4164 orbati
2553 4108 2790 4180 gaudent
2816 4109 2884 4165 de
2905 4110 3111 4180 sospite
3137 4109 3322 4167 Patre.

364 4198 463 4258 llic
495 4210 760 4268 nostram,
787 4215 887 4273 pro
909 4216 1018 4272 quo
1041 4208 1128 4256 sat
1144 4207 1339 4256 maesta
1373 4209 1591 4255 caterva
1610 4198 1851 4270 iacebat.
1954 4198 2027 4225 ·’
2059 4200 2265 4259 Gaudia
2286 4200 2614 4273 perfundunt
2633 4203 2901 4275 lacrymas
2921 4204 3049 4276 quia
3079 4203 3201 4261 laeta
3226 4213 3469 4271 caterva,

362 4291 441 4347 Ac
464 4306 673 4349 memor
700 4299 819 4348 esto
846 4289 1163 4354 sacerdotis,
1192 4303 1355 4361 quem
1379 4289 1558 4346 sidera
1583 4287 1776 4346 tollunt
2057 4290 2343 4348 Germanis
2367 4292 2648 4351 monachis
2678 4290 2927 4350 Patribus
2950 4294 3079 4350 dant
3102 4294 3255 4352 basia
3280 4294 3504 4353 blanda.

365 4384 469 4441 Pro
490 4381 712 4451 famulo,
742 4397 905 4456 quem
930 4380 1055 4439 linis
1079 4381 1206 4453 equi
1233 4379 1536 4453 retinetque
1559 4380 1854 4452 sepultum,
2057 4383 2322 4456 Optamus
2343 4382 2499 4440 laetus
2520 4398 2744 4440 maneas
2767 4398 2894 4441 cum
2930 4384 3190 4442 fratribus
3210 4385 3397 4454 almis,

362 4474 550 4532 Funde
572 4490 783 4547 preces,
817 4474 1126 4541 venerande
1163 4472 1346 4539 Pater,
1372 4487 1494 4529 cum
1527 4470 1787 4528 fratribus
1820 4488 1951 4528 una.
2055 4475 2204 4531 inter
2219 4489 2358 4546 quos
2385 4476 2572 4533 fratris
2592 4491 2898 4535 memorare
2923 4478 3109 4549 tuique
3128 4479 3328 4537 marini

363 4563 553 4622 Partes
574 4562 1095 4636 Constantinopolim
1120 4577 1474 4635 properemus
1506 4571 1564 4618 et
1590 4570 1751 4629 ante;
2057 4563 2136 4620 'l‘u
2164 4565 2408 4639 dignare,
2435 4554 2620 4634 Pater,
2648 4583 2758 4625 non
2793 4567 3049 4626 exsiliens
3073 4572 3233 4626 modo
3263 4571 3471 4639 tristis;

363 4656 631 4729 Tempora
653 4655 902 4712 laxemus
923 4655 1097 4728 gelida
1128 4655 1345 4726 utrique
1368 4653 1545 4710 Attica
1574 4670 1722 4710 rura.
1990 4648 1995 4651 ’
2052 4655 2247 4712 Frater
2279 4672 2486 4728 egoque
2517 4664 2661 4725 tuus,
2691 4658 2948 4730 quoniam
2971 4676 3081 4717 non
3115 4662 3293 4717 tristia
3316 4678 3506 4734 carpo.

361 4748 655 4819 Postquam
673 4745 1196 4819 Constantinopolim
1218 4745 1572 4803 lustrabimus
1595 4745 1808 4812 urbem,
1933 4822 1936 4825 Δ
2054 4751 2234 4807 Triste
2254 4751 2436 4823 polum
2459 4750 2639 4808 fratri!
2666 4751 2845 4809 Caroli
2863 4753 2990 4824 quia
3017 4763 3193 4811 morte
3215 4753 3434 4827 fatigor.

362 4838 561 4911 Bisque
579 4847 878 4910 quaterque
898 4838 1085 4894 decem
1106 4837 1211 4893 hac
1238 4845 1426 4893 noctes
1452 4835 1791 4908 possedimus
1807 4834 1952 4903 albo,
2056 4842 2165 4899 Nos
2186 4852 2446 4915 utrosque
2473 4845 2616 4900 Deus
2643 4844 2840 4916 iungat
2858 4846 3065 4918 pariter
3085 4847 3203 4903 sine
3234 4847 3363 4915 line,

359 4931 632 4988 Continuo
659 4938 806 4986 8mm
832 4928 1037 5002 vigiles,
1070 4929 1162 5001 qui
1184 4929 1370 4985 limini
1391 4927 1670 4995 diuulth
2056 4935 2193 4997 Cum
2221 4934 2416 4993 Carolo
2450 4937 2722 5007 quondam
2745 4953 2871 5011 rege
2895 4947 2951 4993 et
2983 4954 3106 4995 cum
3130 4936 3395 4996 fratribus
3426 4940 3604 4996 almis.

361 5023 441 5080 Ne
468 5022 768 5080 monachus
790 5019 974 5077 forsan
998 5036 1097 5092 per
1121 5034 1294 5091 opaca
1313 5020 1536 5076 vaderet
1558 5019 1732 5087 urbis,

432 5172 460 5202 ι
489 5158 588 5215 llis
622 5158 869 5216 versibus
921 5159 974 5214 in
1025 5173 1125 5214 ms.
1165 5156 1456 5213 admodum
1503 5153 1943 5228 corruptis,_fo_rj-
2061 5166 2306 5221 testatur,
2349 5167 2403 5213 et
2432 5157 2584 5228 cuius
2619 5169 2894 5216 auctorem
2928 5161 3265 5217 Amalarium
3293 5176 3421 5218 esse
3467 5166 3656 5218 rerum

361 5230 526 5313 tassis
548 5230 1025 5313 comprehenditur
1516 5227 1667 5313 illud‘
1668 5225 1952 5313 legationis
1983 5249 2034 5312 υ
2060 5229 2121 5284 D.
2153 5229 2351 5296 Ilivel.,
2384 5225 2519 5287 Hist.
2553 5231 2632 5286 lit.
2658 5230 2917 5300 Franciae,
2950 5244 3080 5289 tein.
3111 5231 3199 5298 ιν,
3227 5248 3354 5305 pag.
3381 5232 3510 5289 M9.

360 5300 505 5372 quod
547 5316 648 5357 suo
676 5297 923 5373 tempore
961 5297 1246 5356 exstitisse
1286 5299 1590 5355 Hermanus
1628 5297 1953 5354 Contractus
