3914 6178
385 345 495 402 ἓὲω

953 470 1382 552 ADSONIS

573 613 835 678 manu
880 619 1268 676 uomsrenn
1312 622 1662 668 nesvnssts
1707 598 1792 664 ιφ

607 735 990 796 LIBELLUS
1033 737 1140 796 DE
1183 731 1727 794 ANTICHRISTO

775 854 842 891 AD
876 850 1195 891 ῦειιιιειιῦλιι
1231 835 1258 874 δ
1298 850 1553 889 ιιεοικλιι.

443 928 925 988 Excellentissimac
962 927 1166 1000 regina-3
1211 941 1274 982 ac
1317 925 1486 996 regali
1530 925 1795 996 dignitate
1840 924 1960 996 pol-

376 1023 543 1091 lenti,
597 1021 708 1078 Deo
756 1021 997 1084 dilectae,
1043 1019 1404 1090 omnibusque
1433 1021 1639 1076 sanctis
1680 1019 1958 1086 famabili,

373 1116 760 1172 monachorum
786 1114 946 1168 matri
970 1122 1028 1168 et
1048 1121 1361 1167 sanctarum
1389 1112 1545 1176 duci,
1575 1113 1805 1172 domina:
1829 1111 1962 1168 Ger-

375 1212 588 1279 hergze,
627 1205 797 1267 frater
830 1205 977 1261 Adso
1007 1221 1226 1260 suorum
1256 1205 1496 1260 omnium
1529 1219 1808 1259 servorum
1840 1203 1964 1263 ulti.

373 1313 495 1354 mus
521 1298 748 1368 gloriam
777 1307 833 1353 et
860 1313 1049 1370 pacem
1080 1297 1488 1367 sempiternam.

444 1389 529 1455 Ex
553 1405 663 1458 quo
681 1429 695 1456 ,
730 1388 948 1443 domina
976 1395 1171 1452 mater,
1205 1387 1591 1442 misericordia
1620 1395 1813 1440 vestrm
1839 1399 1961 1455 ger-

373 1496 498 1536 men
531 1482 832 1552 promerui.
867 1495 1081 1552 semper
1114 1479 1267 1534 vobis
1300 1479 1354 1534 in
1389 1479 1644 1536 omnibus
1679 1477 1852 1538 fidelis
1889 1475 1962 1536 fui

375 1581 628 1644 tanquam
678 1573 934 1645 proprius
975 1587 1185 1628 servus.
1238 1571 1391 1627 Unde
1443 1571 1690 1641 quamvis
1735 1571 1965 1641 indignae

373 1661 483 1717 sint
526 1661 667 1731 apud
712 1661 997 1716 Dominum
1041 1675 1234 1730 preces
1277 1661 1539 1717 orationis
1584 1675 1749 1724 mea},
1783 1670 1965 1714 tamen

1210 343 1272 400 ιι.
1312 343 1369 398 r.
1413 340 1640 398 ALBiNt
1679 339 1811 398 seu
1847 341 2128 402 statim
2162 344 2446 404 OPERUM
2481 346 2660 402 PARS
2699 311 2804 407 lX.

1987 467 2034 526 A

3520 354 3660 411 ηδε

2065 453 2235 527 [ϐοά.
2297 456 2447 524 Vat.,
2499 459 2553 513 in
2598 457 2846 533 mundo]
2902 461 3213 528 revocabit,
3261 461 3492 535 gloriam
3531 480 3667 535 pro-

2061 547 2236 626 priam
2284 558 2526 616 quaeue,
2573 556 2631 602 et
2669 550 3098 626 omnipotentem
3145 550 3410 627 [Deam]
3456 568 3516 614 se
3557 572 3667 612 no-

2064 642 2305 696 minabit.

2133 733 2234 788 Hic
2273 734 2451 804 itaque
2491 733 2856 790 Antichristus
2892 735 3090 789 multos
3129 735 3290 790 habet
3322 751 3433 792 sua:
3461 735 3660 812 infide.

2063 824 2231 881 litatis
2277 823 2408 897 [Μ.
2439 825 2592 890 cod.,
2635 826 2855 880 habebit
2896 841 3006 882 suae
3050 826 3443 900 malignitatis]
3494 830 3637 884 mini

2063 927 2208 980 atros
2227 955 2243 982 ,
2271 931 2338 971 ex
2365 917 2564 987 quibus
2585 917 2699 987 jam
2732 917 2884 978 multi
2914 919 2968 972 in
2995 920 3196 974 mundo
3220 929 3652 988 prmeesscrunt;

2063 1008 2239 1078 qualis
2271 1007 2372 1064 fuit
2406 1009 2582 1075 Nero,
2619 1010 2918 1065 Antiochus
2944 1011 3308 1067 Domitianus.
3339 1011 3496 1067 Nunc
3520 1029 3660 1084 quo-

2065 1117 2170 1172 que
2222 1111 2411 1157 nostro
2460 1112 2702 1172 tempore
2753 1102 2951 1160 multos
3000 1103 3372 1162 Autichristos
3408 1104 3664 1161 novimus

2067 1190 2312 1266 [esse];
2352 1193 2660 1265 quicunque
2713 1194 2896 1259 enim,
2939 1193 3054 1248 sive
3094 1194 3296 1258 laicus,
3339 1196 3457 1252 sive
3499 1211 3664 1250 cano-

2065 1286 2250 1350 nicus,
2297 1285 2410 1340 sive
2454 1286 2786 1351 monachus,
2827 1296 3020 1341 contra
3068 1287 3340 1360 justitiam
3388 1287 3557 1351 vivit,
3608 1296 3666 1342 et

2064 1375 2273 1432 ordinis
2297 1376 2380 1431 sui
2411 1376 2651 1448 regulam
2681 1377 2995 1450 impugnat,
3025 1387 3079 1434 et
3098 1420 3112 1444 ,
3140 1379 3283 1450 quod
3311 1379 3516 1434 bonum
3542 1387 3662 1444 est,

2063 1465 2441 1536 blasphemat,
2495 1468 2861 1525 Antichristus
2904 1478 2960 1528 et
3000 1471 3248 1527 minister
3287 1470 3509 1528 Satanz
3552 1481 3659 1529 est.

2068 1556 2174 1612 Sed
2207 1556 2320 1628 jam
2359 1556 2428 1612 de
2465 1557 2691 1612 exordio
2725 1558 3048 1615 Antichristi
3085 1561 3386 1618 videamus.
3427 1561 3544 1616 Hoc
3565 1577 3665 1617 an-

2066 1656 2175 1702 tem
2218 1647 2465 1702 obtestor
2507 1649 2563 1704 in
2607 1647 2859 1715 Christo,
2910 1651 3054 1722 quod
3099 1651 3344 1707 dicturus
3390 1669 3546 1719 sum,
3591 1670 3664 1712 ex

373 1767 472 1820 pro
514 1754 671 1806 vobis
707 1762 764 1806 et
803 1768 903 1821 pro
937 1754 1150 1807 seniore
1185 1763 1372 1807 vestro
1406 1752 1622 1807 domino
1666 1767 1824 1824 rege;
1866 1766 1966 1807 nec

2072 1739 2287 1810 proprio
2327 1754 2490 1795 sensu
2531 1755 2636 1798 non
2678 1739 2822 1811 fingo
2861 1749 2924 1796 οε
2955 1741 3050 1797 sed
3074 1742 3128 1796 in
3154 1743 3308 1798 libris
3329 1745 3666 1801 authenticis

375 1858 480 1895 non
523 1851 578 1895 et
631 1858 729 1914 pro
777 1841 1010 1896 ﬁliorum
1063 1850 1376 1898 vestrorum
1417 1821 1822 1908 incoluntitttlc.
1867 1841 1964 1904 Dei
1999 1821 2040 1880 Β
2068 1829 2356 1900 ἀίιίεθηιετ
2395 1831 2683 1902 ΐθιθῧθηάο
2708 1833 2824 1894 ha‘c
2846 1834 3026 1892 οωηίδ
3049 1836 3248 1907 scripta
3275 1839 3514 1893 ίηνεηίοο

377 1933 545 1986 nostri
577 1933 1006 1988 misericordiam
1033 1946 1202 1988 exoro
1223 1971 1239 1998 ,
1269 1945 1327 1987 ut
1354 1933 1511 1990 vobis
1537 1942 1593 1989 et
1621 1931 1836 1994 culmen
1865 1933 1966 1988 im-

276 2089 279 2091 ,
378 2027 511 2096 perii
544 2027 597 2081 in
625 2027 725 2083 hac
764 2027 1160 2098 vitadignetur
1196 2040 1520 2082 conservare
1540 2067 1554 2093 ,
1587 2036 1642 2084 et
1675 2042 1770 2082 vos
1804 2026 1967 2082 faciat

375 2119 430 2171 in
472 2118 626 2174 caelis
665 2128 789 2189 post
829 2119 970 2174 hanc
1010 2119 1177 2174 vitam
1223 2134 1405 2174 secum
1444 2118 1674 2180 feliciter
1714 2134 1962 2198 regnare.

277 2203 283 2242 ί
379 2211 641 2281 Quoniam
683 2213 728 2268 si
769 2211 1030 2268 Dominus
1071 2211 1226 2268 vobis
1264 2213 1680 2283 prosperitatem
1722 2213 1964 2276 dederit,

378 2312 434 2358 et
477 2301 606 2366 filiis
650 2303 817 2360 vitam
866 2303 1200 2373 longiorem,
1245 2303 1448 2356 scimus
1495 2303 1864 2358 indubitanter
1913 2311 1970 2357 et

380 2395 681 2457 credimus,
714 2394 1018 2450 Ecclesiam
1044 2395 1139 2451 Dei
1169 2394 1549 2460 exaltandam,
1581 2404 1636 2456 ct
1660 2405 1858 2459 nostrae
1884 2410 1969 2452 re-

377 2486 595 2556 ligionis
639 2486 884 2542 ordinem
933 2486 1106 2556 magis
1150 2501 1216 2542 ac
1261 2487 1434 2557 magis
1479 2487 1964 2556 multiplicandum.

381 2575 493 2643 Hoc
522 2592 622 2648 ego
653 2575 828 2634 fidelis
854 2585 1038 2638 vester
1061 2586 1284 2646 opto,et
1306 2577 1464 2631 valde
1489 2577 1772 2642 desidero;
1798 2579 1889 2649 qui
1921 2578 1968 2635 si

374 2672 673 2741 potuissem
715 2671 867 2726 vobls
897 2679 1068 2725 totum
1097 2687 1322 2749 regnum
1364 2671 1646 2742 acquirere
1668 2713 1682 2737 ,
1725 2671 1968 2732 libentis-

375 2760 514 2816 sime
545 2759 740 2816 fecisse
766 2777 778 2813 :
811 2761 906 2816 sed
934 2763 1062 2830 quia
1100 2761 1230 2816 illud
1259 2759 1494 2820 facerem
1525 2777 1632 2818 non
1661 2763 1841 2829 valeo,
1867 2780 1970 2834 pro

377 2854 551 2910 salute
577 2864 760 2910 vestra
789 2854 1135 2927 ﬁliorumque
1174 2865 1481 2912 vestrorum
1520 2857 1806 2911 Dominum
1837 2871 1967 2910 exo-

375 2947 542 3014 rabo,
567 2956 628 3001 ut
653 2947 825 3019 gratia
851 2947 968 3018 ejus
997 2947 1051 3001 in
1080 2948 1337 3018 operibus
1376 2947 1574 3002 vestris
1615 2962 1832 3017 semper
1871 2963 1969 3003 vos

374 3039 699 3108 praeveniat,
733 3047 787 3098 et
811 3038 982 3110 gloria
1013 3037 1154 3101 illius
1195 3037 1283 3109 pie
1309 3046 1362 3092 et
1392 3037 1819 3094 misericorditer
1846 3039 1970 3092 sub-

376 3139 658 3200 sequatur,
689 3139 748 3194 ut
774 3130 972 3192 divinis
993 3130 1200 3186 intenta
1227 3129 1522 3189 mandatis,
1552 3127 1773 3199 possitis
1796 3127 1968 3182 adim-

373 3224 522 3292 plere
550 3223 691 3281 bona
711 3264 726 3287 ,
759 3238 880 3294 qua:
908 3221 1233 3277 desideratis
1251 3261 1266 3286 ,
1296 3221 1440 3274 unde
1468 3232 1666 3273 corona
1695 3217 1848 3272 vobis
1876 3217 1969 3271 de-

366 3323 465 3368 tur
491 3314 644 3386 regni
671 3312 929 3368 ctelestis.
961 3311 1131 3383 Igitur
1159 3312 1284 3381 quia
1316 3309 1465 3379 pium
1495 3309 1732 3362 studium
1760 3307 1970 3361 habetis

374 3402 688 3471 Scripturas
714 3400 903 3454 audire
924 3440 938 3462 ,
967 3407 1022 3452 et
1046 3398 1358 3466 frequenter
1384 3397 1528 3466 loqui
1562 3398 1628 3450 de
1658 3405 1844 3450 nostro
1874 3396 1972 3448 lie-

377 3494 696 3559 demptore;
729 3489 842 3542 sive
867 3488 1030 3542 etiam
1062 3488 1202 3542 scire
1231 3488 1298 3540 de
1333 3485 1654 3540 Antichristi
1693 3484 1974 3554 impietate

374 3589 431 3634 et
455 3578 854 3648 persecutione,
885 3591 988 3630 nec
1014 3590 1121 3630 non
1147 3584 1202 3629 et
1230 3583 1497 3645 potestate
1524 3574 1638 3643 ejus
1664 3584 1718 3629 et
1745 3591 1971 3644 genera-

377 3671 522 3727 tione
542 3712 556 3735 ,
583 3670 725 3726 sicut
751 3669 880 3724 mihi
912 3684 1070 3723 servo
1096 3678 1280 3725 vestro
1310 3668 1526 3738 dignata
1553 3669 1685 3723 estis
1711 3669 1970 3740 praecipe-

376 3779 470 3828 re,
503 3761 646 3820 volui
675 3762 852 3834 aliqua
882 3761 1034 3817 vobis
1065 3761 1330 3824 scribere,
1360 3768 1416 3815 et
1444 3761 1509 3815 de
1540 3761 1876 3816 Antichristo
1901 3777 1967 3816 ex

379 3865 534 3927 parte
568 3862 776 3910 certam
806 3853 1067 3919 reddere,
1096 3853 1346 3922 quamvis
1371 3867 1480 3906 non
1511 3851 1802 3922 indigeatis
1825 3867 1852 3904 a
1883 3867 1969 3906 me

379 3950 484 4005 huc
519 3946 706 4002 audire
729 3987 743 4010 ,
782 3959 901 4017 quae
939 3945 1082 4014 apud
1118 3959 1215 3998 vos
1252 3943 1465 3998 habetis
1490 3941 1968 4012 prudentissimum

374 4049 653 4110 pastorem
681 4038 957 4093 dominum
993 4036 1316 4094 Roriconem
1347 4047 1368 4073 ε
1391 4076 1404 4096 ,
1449 4035 1809 4090 clarissimum
1843 4048 1966 4101 spe-

378 4131 562 4190 culum
604 4130 775 4188 totius
801 4128 1080 4198 sapientiai
1108 4135 1273 4196 atque
1314 4126 1636 4194 eloquentiae
1675 4126 1776 4179 hac
1813 4125 1970 4179 valde

378 4231 562 4276 trostra
589 4229 750 4275 aetate
777 4218 795 4290 [
821 4217 889 4272 F.
915 4217 1043 4271 add.
1070 4213 1479 4287 necessarium].

448 4313 613 4391 528
634 4309 903 4380 Imprimis
928 4306 1310 4379 proferendum
1335 4316 1417 4364 est
1445 4305 1597 4362 nobis
1623 4322 1790 4377 quare
1815 4306 1968 4362 Anti-

378 4402 617 4465 christus
641 4399 860 4458 dicitur.
894 4397 1018 4454 Ideo
1043 4396 1249 4452 scilicet
1268 4395 1318 4460 ἀ,
1345 4397 1471 4465 quia
1501 4399 1552 4451 in
1577 4399 1786 4452 cunctis
1810 4397 1967 4453 Chri-

379 4505 468 4549 sto
493 4493 802 4548 contrarius
831 4492 966 4552 erit,
996 4489 1050 4543 id
1095 4496 1200 4552 est,
1225 4486 1442 4542 Christo
1471 4490 1748 4544 contraria
1780 4489 1962 4545 faciet.

379 4584 632 4639 Christus
658 4582 804 4635 venit
830 4579 1081 4644 humilis,
1128 4577 1215 4637 ille
1254 4586 1516 4633 venturus
1554 4586 1637 4632 est
1675 4579 1960 4650 superbus.

374 4675 624 4731 Christus
667 4672 901 4727 humiles
945 4670 1093 4732 venit
1137 4670 1382 4740 erigere,
1415 4678 1730 4743 peccatores
1765 4670 1968 4740 justifi-

377 4784 504 4823 rare
528 4784 542 4832 ;
577 4765 665 4820 ille
690 4779 720 4818 e
747 4763 1022 4824 contrario
1047 4762 1290 4820 humiles.
1305 4761 1552 4831 dejiciet,
1576 4771 1631 4815 et
1653 4773 1966 4831 peccatores

375 4855 774 4928 tttogniflcabit,
806 4855 1001 4924 impios
1029 4853 1292 4928 exaltabit
1315 4863 1364 4905 et
1395 4869 1610 4922 semper
1638 4854 1764 4908 vitia
1787 4896 1801 4916 ,
1844 4846 1979 4923 quat

365 4925 498 5010 sunt
523 4948 798 5004 contraria
842 4945 1166 5005 virtutibus,
1195 4925 1430 5002 docebit.
1475 4944 1674 5013 Legem
1695 4945 1966 5015 evangeli-

369 5053 492 5100 nam
537 5036 862 5108 dissipabit,
917 5036 1226 5100 daemonum
1275 5034 1554 5098 cultorum
1597 5036 1655 5093 in
1702 5038 1962 5096 tumidum

442 5187 466 5213 ι
507 5173 655 5227 Adso
689 5169 990 5228 monachus
1023 5165 1423 5235 Lexoviensis,
1452 5165 1685 5234 msthac
1719 5167 1790 5221 ob
1827 5182 1966 5236 pm-

376 5245 518 5304 clara
549 5242 752 5302 merita.
774 5241 825 5294 in
861 5238 1075 5308 ahhatia
1109 5238 1369 5300 Dervensi
1410 5238 1673 5294 successit
1698 5237 1964 5308 rAlhcrieo

371 5330 518 5372 circa
546 5328 751 5370 annum
780 5311 904 5384 968f
937 5309 1168 5380 Scripsit;
1191 5323 1326 5362 vero
1347 5307 1805 5384 hancepiswlaui
1829 5324 1967 5384 non-

372 5394 495 5440 dum
519 5383 738 5446 abbas,
774 5381 1026 5440 nimirum
1060 5375 1192 5440 ante
1224 5394 1430 5440 annum
1464 5375 1568 5434 954
1588 5419 1602 5442 ,
1640 5393 1747 5446 quo
1782 5375 1963 5434 Ludo-

368 5456 525 5508 vicus
556 5452 982 5509 'l‘ransmarinus
1009 5451 1143 5504 ohiit
1174 5463 1359 5504 mense
1387 5447 1626 5504 Octobri.
1661 5447 1793 5504 Vide
1822 5448 1962 5504 Hist.

368 5521 490 5592 Lit,
509 5524 757 5582 Francia:
788 5532 918 5586 ιοιιι.
953 5521 1018 5587 V.
1053 5537 1178 5593 paea
1207 5521 1307 5593 471
1333 5529 1488 5593 ,μου

443 5589 816 5661 [ϐαι-διετίζει,
874 5608 1014 5661 uxor
1054 5589 1324 5652 Ludovici
1355 5589 1759 5655 Transmarini,
1807 5605 1967 5648 soror

368 5656 586 5730 Ottouis
614 5662 633 5713 l
665 5656 794 5730 imp.
826 5661 844 5730 (
868 5660 1231 5722 Frodoardus.
1259 5663 1277 5730 )

449 5738 471 5764 ο
518 5729 590 5798 De
632 5729 895 5798 litirimtie
929 5731 1181 5798 episcopo
1211 5729 1553 5786 Londiniensi
1590 5731 1812 5785 consule
1839 5731 1966 5785 Gal-

351 5795 504 5848 'liant
530 5796 895 5847 Christianam
916 5837 928 5859 ,
961 5806 1089 5851 tum.
1115 5795 1189 5851 1X
1209 5837 1227 5862 ,
1253 5801 1384 5854 edit.
1416 5799 1614 5862 Paris.,
1647 5803 1774 5856 anni
1806 5802 1960 5865 “Si,

2139 1921 2293 1979 Sicut
2324 1939 2464 1996 ergo
2510 1934 2762 1982 auctores
2803 1928 2976 1982 nostri
3023 1929 3240 1994 dicunt,
3290 1930 3668 1986 Antichristus

2067 2028 2136 2072 ex
2188 2015 2387 2087 populo
2429 2013 2739 2072 Iudaeorum
2781 2027 3036 2077 nascetur
3083 2020 3147 2075 de
3189 2021 3332 2076 tribu
3377 2021 3529 2085 Dan,
3573 2039 3668 2077 se-

2067 2109 2304 2168 cundum
2336 2111 2678 2181 prophetiam
2712 2111 2983 2167 dicentem
3011 2132 3022 2164 :
3061 2113 3189 2168 Fiat
3222 2114 3336 2169 Dan
3365 2115 3583 2170 coluber
3610 2118 3668 2169 in

2067 2198 2179 2264 cia,
2210 2207 2260 2252 et
2285 2209 2510 2254 cerastes
2538 2201 2594 2253 in
2620 2202 2804 2254 semita
2822 2243 2837 2266 ,
2868 2202 3111 2256 mordens
3136 2203 3390 2274 ungulam
3418 2205 3540 2276 equi
3563 2247 3575 2268 ,
3610 2213 3666 2258 ut

2068 2287 2222 2343 cadat
2275 2306 2523 2345 ascensor
2567 2293 2681 2363 ejus
2731 2303 2871 2347 retro
2921 2291 3094 2364 (Gen.
3138 2311 3287 2362 xm,
3324 2297 3455 2371 l7).
3512 2297 3667 2354 Sicut

2068 2381 2213 2435 enim
2243 2397 2465 2453 serpens
2494 2383 2700 2444 sedebit
2729 2384 2781 2439 in
2808 2384 2896 2440 via
2922 2394 2976 2439 et
3006 2386 3059 2440 in
3089 2389 3279 2447 semita
3309 2389 3446 2452 erit,
3479 2400 3545 2445 ut
3570 2405 3669 2443 eos

2069 2471 2158 2541 qui
2194 2487 2292 2541 per
2332 2475 2582 2528 semitam
2619 2474 2843 2543 iustitia:
2873 2475 3270 2533 ambulaverint
3303 2479 3473 2552 [Cod.
3521 2479 3664 2546 l'at.,

2068 2577 2166 2633 per
2193 2563 2433 2619 semitas.
2462 2603 2476 2618 .
2505 2603 2518 2617 .
2550 2565 2906 2642 ambulant],
2952 2566 3145 2634 feriat,
3189 2578 3242 2628 et
3293 2587 3505 2626 veneno
3552 2587 3665 2626 suae

2069 2655 2288 2710 malitiae
2315 2657 2549 2716 occidat.
2577 2655 2844 2715 Nascetur
2874 2670 3055 2718 autem
3075 2677 3148 2730 ,ex
3178 2665 3347 2733 patris
3375 2675 3431 2720 et
3472 2667 3667 2722 matris

2069 2744 2440 2816 copulatione,
2469 2747 2612 2802 sicut
2636 2748 2726 2808 alii
2757 2750 3034 2816 homines,
3067 2768 3172 2808 non
3212 2764 3272 2807 ut
3313 2755 3536 2824 quidam
3577 2755 3663 2809 fa-

2067 2836 2322 2891 bulantur
2351 2837 2417 2891 de
2445 2837 2558 2892 sola
2589 2839 2799 2910 virgine
2834 2839 2855 2913 [
2884 2841 2902 2879 ί
2934 2856 3033 2896 nec
3069 2843 3134 2898 de
3168 2844 3424 2915 episcopo
3459 2855 3513 2900 et
3550 2863 3664 2902 mo-

2071 2929 2274 2994 nacha,
2325 2929 2467 2984 sicut
2515 2929 2605 2985 alii
2660 2932 2942 2988 delirando
2993 2935 3397 3008 dogmatizant:
3451 2939 3546 2994 sed
3593 2939 3664 2996 de

2072 3018 2500 3080 immundissima
2531 3022 2820 3078 meretrice
2849 3033 2902 3078 et
2931 3025 3307 3082 crudelissimo
3344 3023 3660 3102 nebulone].

2071 3111 2239 3170 Totus
2261 3112 2314 3168 in
2338 3120 2566 3182 peccato
2587 3116 2940 3185 concipietur,
2968 3117 3020 3170 in
3049 3129 3272 3188 peccato
3293 3123 3666 3190 generabitur,

2071 3211 2126 3255 et
2152 3202 2204 3256 in
2236 3212 2460 3272 peccato
2487 3211 2755 3258 nascetur.
2803 3205 2859 3259 In
2890 3205 3006 3275 ipso
3035 3223 3164 3266 vero
3193 3211 3355 3264 etiam
3389 3215 3660 3282 germina-

2072 3295 2234 3349 tiouis
2277 3311 2387 3351 suae
2436 3296 2732 3365 primordio
2783 3295 2911 3370 [Id.
2954 3299 3099 3364 cod.,
3143 3304 3516 3371 conceptionis
3555 3321 3665 3359 sum

2072 3388 2266 3461 initio]
2318 3390 2564 3446 diabolus
2613 3392 2772 3446 simul
2827 3393 3051 3447 intrabit
3095 3394 3150 3450 in
3202 3403 3414 3448 uterum
3468 3399 3664 3451 matris

2071 3497 2182 3535 sine
2217 3484 2241 3521 Β
2271 3480 2286 3551 [
2313 3490 2474 3550 caput
2503 3483 2792 3552 superbiat,
2826 3485 3088 3555 magister
3118 3487 3349 3548 erroris,
3385 3487 3664 3556 plenitudo

2071 3570 2310 3626 malitias.
2337 3571 2438 3640 Qui
2467 3559 2675 3642 positus
2704 3575 2757 3630 in
2787 3574 3036 3642 sublime,
3061 3584 3121 3636 ut
3141 3577 3218 3633 ait
3241 3576 3437 3634 beatus
3457 3578 3662 3651 Grego-

2070 3666 2183 3722 rius
2202 3707 2217 3732 ,
2246 3677 2494 3724 nautram
2521 3671 2776 3740 potentiae
2805 3686 2918 3726 suae
2946 3687 3051 3726 non
3078 3673 3256 3743 perdit
3286 3673 3370 3728 vel
3399 3673 3664 3741 deiectus.

2070 3758 2234 3827 Cujus
2260 3761 2434 3816 virtus
2458 3761 2660 3816 idcirco
2687 3777 2791 3816 non
2819 3771 3039 3820 ostensa
3064 3775 3169 3832 est,
3195 3781 3295 3819 nec
3321 3782 3464 3822 nunc
3485 3775 3670 3822 osten-

2071 3851 2239 3915 ditur,
2271 3866 2376 3922 qna
2408 3852 2602 3908 divina:
2635 3853 3007 3924 dispositionis
3039 3853 3356 3912 fortitudine
3385 3858 3667 3915 incatena-

2072 3950 2161 3997 tus
2190 3949 2424 3997 tenetur.
2457 3941 2610 4003 Tunc
2648 3942 2974 4000 dissolvetur
3007 3953 3065 4001 et
3099 3947 3272 4007 exiot,
3309 3955 3364 4001 et
3402 3963 3500 4016 per
3542 3947 3672 4002 illud

2071 4048 2232 4090 suum
2260 4049 2356 4095 vas
2385 4035 2702 4090 terribiliter
2733 4037 2952 4092 seducet
2979 4047 3184 4109 gentes.
3219 4038 3320 4093 Hie
3349 4044 3456 4094 erit
3485 4040 3575 4095 ille
3603 4041 3671 4096 de

2070 4138 2177 4195 quo
2222 4125 2356 4180 dicit
2396 4125 2672 4181 Joannes:
2719 4126 2840 4184 Vidi
2875 4133 3118 4200 angelum
3163 4130 3563 4186 descendentem
3603 4133 3675 4184 de

2069 4218 2218 4281 caele,
2249 4219 2522 4276 habentem
2547 4231 2781 4280 catenam
2813 4239 3058 4293 magnam
3088 4233 3136 4278 et
3179 4222 3366 4280 clarior
3409 4224 3582 4294 abyssi
3613 4225 3667 4278 in

2071 4328 2236 4367 manat
2271 4328 2371 4366 sua
2405 4321 2702 4366 tenentem:
2739 4323 2786 4366 et
2814 4313 3156 4383 apprehendit
3209 4314 3524 4374 draconem,
3579 4314 3673 4386 qui

2070 4412 2143 4456 est
2173 4401 2414 4456 diabolus
2438 4411 2484 4455 et
2506 4413 2747 4465 satanas,
2775 4412 2826 4456 et
2861 4401 3049 4456 clausit
3084 4402 3231 4456 illum
3267 4419 3358 4473 per
3383 4402 3529 4456 mille
3567 4421 3666 4458 an-

2073 4509 2206 4548 nos:
2237 4502 2285 4548 el
2315 4502 2428 4563 post
2459 4491 2602 4547 mille
2631 4510 2797 4553 (uanos
2827 4492 3055 4548 solvetur
3079 4505 3126 4547 et
3154 4494 3312 4548 exibit
3331 4534 3345 4556 ,
3376 4502 3426 4547 et
3454 4493 3668 4549 seducet

2068 4593 2244 4652 genus
2281 4581 2298 4654 (
2326 4583 2488 4652 Apoc.
2517 4599 2589 4637 xx
2612 4623 2627 4646 ,
2658 4583 2684 4638 l
2714 4599 2821 4653 seq.
2849 4584 2888 4652 ).
2921 4583 3019 4639 llic
3047 4591 3129 4638 est
3161 4597 3252 4637 rex
3283 4597 3452 4652 super
3476 4596 3668 4637 omnes

2066 4674 2205 4730 ﬁlios
2241 4674 2538 4743 superhia',
2568 4674 2724 4743 cujus
2751 4676 2924 4728 virtus
2963 4690 3180 4744 semper
3207 4690 3328 4728 cum
3367 4675 3462 4730 illo
3489 4676 3596 4729 erit
3619 4673 3660 4746 j.

2067 4765 2133 4819 Et
2161 4766 2302 4819 sicut
2331 4765 2385 4822 in
2417 4774 2646 4821 matrem
2679 4766 2696 4837 Ῐ
2722 4764 2852 4819 Cod.
2887 4764 3030 4829 Vah,
3063 4767 3114 4822 in
3146 4775 3393 4822 ventrem
3434 4762 3657 4836 matrisl

2066 4859 2278 4914 Domini
2336 4859 2505 4916 nostri
2545 4857 2674 4916 Iesu
2705 4858 2908 4916 Christi
2949 4857 3188 4928 Spiritus
3220 4867 3452 4912 sanctus
3484 4858 3659 4914 venit.

2065 4959 2121 5004 et
2143 4965 2263 5004 eam
2293 4966 2388 5004 sua
2418 4951 2620 5002 virtute
2644 4950 2988 5004 obumbravit
3011 4959 3068 5003 et
3093 4949 3378 5003 divinitate
3402 4949 3628 5020 replevit
3655 4991 3668 5014 ,

2064 5051 2125 5096 ut
2149 5041 2217 5096 de
2244 5040 2452 5112 Spiritu
2481 5050 2669 5096 sancto
2696 5042 3041 5112 conciperet,
3069 5050 3124 5099 et
3147 5041 3290 5113 quod
3317 5051 3661 5103 nasceretur,

2063 5171 2370 5295 pag
2402 5257 2532 5295 mss.
2564 5260 2575 5294 :
2600 5260 2619 5291 ι
2644 5241 2785 5310 Ergo
2811 5241 2877 5296 de
2898 5241 3232 5296 Antichristo
3255 5241 3398 5296 scire
3422 5241 3665 5296 volenter

2064 5311 2244 5383 primo
2275 5313 2534 5368 notabitis
2560 5327 2729 5383 quare
2759 5314 2840 5372 sic
2865 5321 3086 5370 vocatus
3115 5315 3207 5383 sit.
3243 5312 3488 5367 Scilicet.
3514 5333 3532 5364 ι
3563 5323 3665 5366 t'tt‘.

2143 5394 2170 5424 α
2206 5380 2338 5453 God.
2373 5383 2492 5436 Vat.
2524 5399 2538 5414 ο
2571 5380 2593 5432 ὁ
2623 5381 2737 5436 Non
2768 5390 2948 5437 autem
2981 5382 3124 5453 quod
3154 5384 3309 5448 dico,
3343 5399 3409 5436 ex
3443 5383 3668 5452 proprio

2065 5451 2404 5523 sensujfingo
2433 5453 2515 5509 vel
2545 5453 2815 5523 excogito.
2849 5473 2867 5507 ι

2146 5522 2162 5560 ί
2211 5521 2374 5578 Uncis
2402 5523 2607 5583 inclusa
2635 5521 2813 5578 omitt.
2846 5523 2900 5578 in
2929 5524 3082 5579 codd.
3117 5538 3252 5579 mss.

2138 5594 2168 5634 ⁸
2205 5593 2338 5648 Cod.
2375 5593 2495 5648 Vat.
2529 5611 2542 5647 :
2578 5612 2596 5644 ι
2621 5593 2866 5648 introibit
2891 5595 2946 5652 in
2970 5603 3183 5652 uterum
3210 5593 3406 5653 matris
3430 5592 3549 5662 ejus
3568 5635 3584 5654 .
3615 5589 3682 5649 cf

2065 5661 2270 5718 virtute
2300 5663 2498 5718 diaboli
2527 5663 2901 5719 confovebitur
2927 5673 2980 5719 et
3009 5666 3424 5722 conturbabitur
3454 5661 3508 5720 in
3537 5681 3656 5717 vcn-

2069 5740 2151 5805 trc
2183 5735 2375 5787 matris
2395 5775 2408 5797 ,
2439 5743 2493 5788 et
2518 5735 2694 5788 virtus
2731 5734 2928 5788 diaboli
2970 5750 3186 5805 semper
3211 5750 3336 5790 (eum
3367 5735 3458 5789 illo
3490 5737 3619 5789 erit.
3645 5754 3662 5786 ι

2065 5803 2297 5858 Omissis
2329 5820 2446 5872 qum
2480 5806 2632 5860 uncis
2661 5803 3210 5876 comprehenduntur.
