3914 6178
289 335 424 398 H95

995 329 1141 390 ore.
1183 316 1586 386 suumsuum.
1628 355 1697 366 .-
1735 315 1886 379 ΑΒΕ(

1989 320 2026 376 S
2063 311 2174 375 LIB
2237 315 2324 374 Dii
2361 312 2846 373 ANTlCliRlSTO.

3415 305 3550 360 1⁸2τῖ6

289 456 529 512 divinum
563 459 706 508 esset
737 453 796 506 et
829 459 1073 519 sanetum
1103 469 1116 514 ς
1155 452 1227 504 ita
1267 453 1482 518 quoque
1528 433 1772 500 diaboius
1817 442 1869 494 in
1902 442 1945 506 Α
1977 441 2262 501 ducantur,
2292 437 2337 491 si
2365 437 2709 506 ﬁeripotest.
2748 434 2902 488 etiam
2939 430 3087 486 electi
3127 427 3361 502 (Matth.
3396 443 3554 488 xxiv,

289 555 518 602 matrem
546 545 867 600 Antichristi
895 543 1218 608 descendet,
1248 550 1303 597 et
1333 549 1502 595 totam
1541 543 1664 592 eam
1696 535 1873 605 reple¥

289 639 402 695 bit.
437 643 494 692 et
531 643 698 690 totam
736 651 856 689 eam
889 636 1282 698 circumdabit,
1320 636 1597 700 totamque
1633 625 1870 689 tenebit,

288 737 345 781 et
387 730 556 781 totam
606 727 838 782 interius
881 727 1227 794 emeritisque
1273 721 1569 794 possidebit
1614 725 1765 784 eam,
1815 720 1876 772 ut

289 819 505 873 diabolo
531 834 632 890 per
660 817 935 873 hominem
965 823 1293 888 occperante
1321 815 1620 885 concipiat.
1650 822 1706 867 et
1731 810 1875 880 quod

292 915 481 964 natum
519 909 684 962 fuerit
713 916 882 962 totum
921 908 993 962 sit
1020 908 1261 976 iniquum
1283 948 1296 970 ,
1324 915 1496 960 totum
1526 903 1726 957 malum
1746 942 1760 965 ,
1795 909 1878 954 to-'-

290 1006 404 1054 tum
441 1000 734 1070 perdittnn.
779 993 933 1054 Unde
967 1007 1020 1053 et
1058 999 1144 1053 ille
1180 997 1342 1053 homo
1385 996 1528 1066 ﬁlius
1570 992 1876 1065 perditionis

293 1081 611 1162 appellatur,
645 1090 772 1160 quia
809 1091 866 1144 in
907 1098 1167 1158 quantum
1201 1089 1438 1157 poterit,
1479 1095 1648 1154 genus
1688 1083 1879 1137 huma-

291 1187 421 1234 num
447 1180 669 1251 pérdet,
701 1187 757 1234 et
785 1180 900 1249 ipse
930 1179 983 1233 in
1013 1179 1306 1233 novissimo
1333 1176 1609 1246 pet-detur.

363 1273 502 1326 Ecce
531 1272 714 1325 audita
742 1271 1045 1326 nativitatis
1075 1270 1335 1340 qualitate
1362 1269 1571 1330 locum,
1602 1266 1694 1320 ubi
1723 1277 1749 1304 ιι
1784 1279 1881 1318 ηδε

291 1363 370 1416 sci
401 1363 628 1425 delicat,
657 1362 858 1416 audite.
893 1361 1029 1415 Nam
1059 1361 1200 1415 sicut
1243 1359 1500 1415 Dominus
1543 1373 1606 1412 ac
1646 1349 1879 1411 Redem-

291 1464 416 1525 ptor
439 1461 623 1509 noster
645 1454 960 1508 Bethlebem
987 1453 1088 1507 sibi
1118 1451 1394 1523 pncvidit,
1419 1458 1479 1504 ut
1503 1449 1576 1502 ibi
1602 1463 1702 1518 pro
1727 1445 1882 1501 nobis

281 1551 684 1604 immanitatem
716 1555 995 1605 assumere
1021 1553 1077 1604 et
1103 1549 1253 1602 nasci
1283 1536 1595 1616 dignaretur
1621 1561 1634 1600 :
1664 1543 1744 1599 sic
1767 1543 1884 1598 (iitr-

292 1642 446 1696 holus
485 1641 558 1695 illi
603 1641 808 1696 hontibi
847 1642 1091 1711 perdito,
1133 1642 1224 1710 qui
1265 1629 1628 1693 Antichristus
1660 1636 1878 1699 dicitur,

295 1733 473 1787 locum
520 1735 670 1788 novit
715 1739 931 1802 aptum,
973 1734 1115 1788 unde
1155 1731 1308 1786 radix
1347 1731 1586 1784 omnium
1618 1727 1880 1783 mulorum

1973 534 2038 587 14
2061 527 2100 601 i.
2132 522 2295 603 529
2323 527 2385 603 [6
2417 527 2523 584 Sed
2552 536 2609 582 et
2635 524 2919 582 mendacia
2954 531 3134 587 erum,
3174 527 3230 577 et
3269 537 3301 575 a
3329 521 3559 576 veritate

1973 630 2146 684 aliena
2174 645 2187 680 :
2221 626 2347 696 quia
2374 637 2474 694 per
2503 622 2770 694 magicam
2798 628 2974 675 artem
3013 627 3064 674 et
3097 615 3436 687 phantasiam
3465 612 3562 668 de—

1973 720 2121 776 ludet
2148 717 2429 781 homines,
2458 717 2600 770 sicut
2623 723 2680 771 et
2718 710 2904 767 Simon
2944 709 3131 781 Magos
3168 707 3339 764 illusit
3375 706 3554 766 illum.

1973 812 2064 882 qui
2094 819 2290 881 putans
2319 808 2567 865 occidere
2603 819 2761 873 eum,
2795 806 3020 861 arietem
3057 803 3257 858 occidit
3284 815 3383 872 pro
3420 815 3505 855 eo.
3539 796 3559 870 ]

1973 901 2110 957 Cum
2135 901 2279 956 enim
2306 909 2454 955 tanta
2485 906 2539 954 et
2568 899 2697 953 talia
2726 898 2880 967 signa
2909 895 3142 950 viderint
3171 893 3334 949 etiam
3365 892 3441 947 illi
3467 890 3560 960 qui

1975 991 2200 1062 porreeti
2239 989 2294 1046 et
2329 990 2488 1046 electi
2525 990 2618 1044 Dei
2667 983 2824 1055 sunt,
2872 986 3198 1042 dubitabunt
3234 991 3415 1039 utrum
3448 984 3565 1053 ipse

1977 1087 2048 1141 sit
2071 1086 2351 1148 Christus,
2379 1085 2470 1154 qui
2505 1084 2558 1138 in
2589 1083 2695 1136 iine
2722 1081 2906 1136 mundi
2936 1079 3229 1134 secundum
3257 1077 3564 1147 Scripturas

1977 1186 2238 1233 venturus
2273 1186 2386 1240 est,
2428 1191 2496 1229 an
2533 1191 2660 1229 non.
2701 1172 2749 1242 [τ
2800 1173 2928 1228 Haec
2965 1181 3147 1226 autem
3183 1169 3366 1225 omnia
3400 1168 3565 1222 mira-

1980 1268 2101 1324 cula
2154 1268 2404 1322 omnibus
2454 1267 2630 1320 modis
2681 1281 2780 1334 per
2825 1263 3224 1319 incantationes
3268 1259 3565 1315 diabolicas

1979 1361 2116 1418 falsa
2153 1370 2342 1425 erunt,
2381 1360 2761 1421 peccatoribus
2797 1365 2853 1413 et
2895 1355 3191 1412 incredulis
3239 1353 3566 1408 videbuntur

1980 1459 2130 1507 vera.
2158 1451 2178 1526 ]

2055 1545 2129 1601 Ex
2137 1545 2322 1601 citabit
2337 1545 2766 1616 persecutionem
2781 1543 2882 1598 sub
2897 1543 3041 1596 omni
3067 1540 3206 1596 cmlo
3230 1551 3391 1609 super
3409 1536 3569 1591 Chri-

1983 1640 2188 1694 Stianos
2235 1645 2291 1693 et
2343 1649 2532 1693 omnes
2574 1638 2794 1692 electos.
2832 1634 3225 1704 Erigetitaquc
3279 1646 3337 1685 se
3378 1637 3568 1685 contra

1985 1728 2171 1787 ﬁdeles
2223 1730 2397 1786 tribus
2431 1729 2626 1793 modis,
2656 1729 2711 1782 id
2755 1733 3120 1792 est,'terrore,
3178 1723 3494 1779 muneribus
3517 1729 3570 1775 ct

292 1821 427 1876 oriri
464 1823 685 1885 debeat,
727 1822 937 1878 scilicet
979 1822 1253 1876 civitatem
1294 1818 1636 1892 Babylonite;
1683 1819 1736 1872 in
1778 1818 1880 1872 hac

1989 1822 2283 1878 miraculis.
2339 1821 2498 1876 Dabit
2551 1819 2894 1875 credentibus
2929 1817 2983 1871 in
3023 1831 3081 1872 se
3108 1816 3228 1870 auri
3273 1823 3435 1884 atque
3481 1828 3566 1865 ars

292 1914 437 1968 enim
478 1915 701 1968 civitate
733 1916 782 1976 ιι,
821 1922 944 1982 qua:
986 1913 1258 1982 quondam
1300 1909 1401 1964 fuit
1437 1910 1637 1980 inclyta
1683 1903 1740 1962 et
1777 1901 1890 1978 glo-

293 2005 435 2058 riosa
484 1998 552 2074 [ο
585 2003 716 2058 urbs
744 2002 1070 2074 gentilium]
1120 2008 1176 2056 et
1221 2009 1384 2071 caput
1432 1997 1683 2072 [totius]
1732 1997 1888 2070 regni

294 2096 585 2150 Persarum
609 2135 622 2159 ,
655 2087 1025 2148 Antichristus
1055 2101 1345 2157 nascetur;
1388 2101 1442 2146 et
1485 2091 1539 2145 in
1577 2090 1890 2146 civitatibus

293 2181 584 2242 Betbsaide
618 2195 674 2240 et
701 2185 986 2240 Corozaim
1014 2184 1213 2238 nutriri
1243 2183 1340 2255 [et
1369 2173 1678 2237 conversari
1703 2180 1724 2255 ]
1756 2173 1890 2236 dici-

294 2289 418 2335 tur:
450 2279 648 2349 quibus
677 2276 1075 2350 [ciVitatibus]
1104 2277 1363 2332 Dominus
1388 2276 1439 2330 in
1467 2275 1759 2346 Evangelia
1788 2276 1889 2330 im—

292 2377 583 2442 properat,
619 2370 844 2424 diecus:
878 2367 972 2422 Vw
1004 2369 1119 2433 tibi,
1149 2367 1452 2432 Corosaim,
1476 2383 1552 2421 ea:
1580 2366 1702 2430 tibi,
1729 2356 1890 2420 Beth—

293 2460 446 2514 soidu
493 2459 738 2532 (Matth.
787 2469 874 2525 xt,
903 2458 965 2512 ﬁt
998 2474 1012 2523 ;
1049 2457 1178 2512 Luc.
1222 2473 1287 2519 ι,
1342 2456 1471 2529 i5)!
1518 2445 1750 2510 Habebit
1793 2471 1888 2510 au-

295 2559 404 2605 tem
449 2550 824 2607 Antichristus‘
863 2559 1052 2621 magos
1093 2556 1150 2604 et
1189 2548 1390 2604 ariolus
1427 2556 1481 2603 et
1524 2545 1798 2601 maleﬁcos
1833 2553 1889 2602 et

295 2645 666 2702 incantatores
691 2653 746 2700 et
774 2645 986 2700 divinos
1006 2683 1022 2709 ,
1054 2641 1146 2714 qui
1175 2651 1298 2698 eum
1330 2634 1589 2714 [diabolo
1617 2640 1889 2710 inSpiran-

295 2737 392 2809 te]
423 2738 663 2792 nutrierit
693 2745 748 2791 et
777 2736 1078 2799 docebunt,-
1107 2741 1164 2791 et
1201 2735 1446 2790 imbuent
1490 2733 1560 2788 in.
1590 2732 1737 2787 omni
1769 2730 1888 2785 "ini-

295 2828 507 2898 quitate
536 2835 590 2881 et
621 2823 854 2881 falsitate
895 2835 952 2881 et
990 2826 1198 2881 uetat-ia
1237 2829 1395 2880 arte:
1429 2831 1486 2879 et
1523 2823 1745 2893 maligni
1777 2817 1887 2893 spi-

297 2921 435 2974 ritus
471 2927 633 2974 erunt
673 2919 838 2972 duces
877 2913 994 2985 ejus
1037 2924 1092 2970 et
1131 2915 1263 2970 socii
1311 2927 1525 2984 semper
1563 2923 1621 2968 et
1657 2912 1887 2967 comites

295 3008 472 3083 [Coit
509 3006 655 3072 Vat,
681 3005 738 3061 et
761 3005 1197 3076 commilitones]
1242 3006 1476 3060 ittdivisi.
1517 3005 1719 3060 Deinde
1761 3002 1886 3057 ilic-

298 3099 626 3170 rosolymatn
655 3099 915 3164 veniens,
943 3105 1136 3152 omnes
1161 3096 1499 3151 Christianos
1542 3104 1678 3165 quos
1715 3095 1783 3149 ad
1827 3107 1886 3147 se

296 3206 404 3244 non
429 3160 632 3259 poterit
660 3196 1007 3254 convertere,
1051 3204 1146 3259 per
1181 3187 1331 3240 varia
1369 3160 1638 3240 tormenta
1673 3183 1889 3254 jugula~
1916 3160 1962 3220 Ο

296 3281 407 3345 bit,
439 3283 495 3335 et
522 3294 675 3336 suam
705 3282 889 3336 sedem
923 3282 976 3336 in
1011 3280 1211 3350 templo
1243 3290 1436 3335 sancto
1462 3275 1697 3350 parabit.
1728 3277 1892 3332 Tem—

296 3371 444 3441 plum
489 3372 656 3426 etiam
697 3372 1067 3436 destructum,
1115 3371 1256 3440 quod
1302 3366 1557 3424 Salomon
1589 3367 1700 3423 Deo
1731 3380 1890 3437 para-

303 3462 409 3524 vit,
447 3460 736 3516 adiﬁcablt
762 3501 777 3526 ,
812 3469 870 3516 et
904 3462 958 3515 in
997 3469 1197 3516 statum
1237 3474 1392 3515 suum
1429 3459 1795 3523 restaurabit,
1833 3465 1892 3512 et

297 3555 654 3610 circumcidet
680 3571 771 3620 se,
800 3564 857 3609 et
878 3555 1076 3609 Filium
1105 3554 1201 3608 Dei
1234 3551 1628 3623 omnipotentis
1667 3565 1728 3606 se
1768 3562 1890 3606 esse

299 3646 612 3702 mentietur.

371 3739 558 3808 Reges.
587 3746 768 3792 autem
806 3747 862 3790 et
895 3739 1167 3807 principes
1201 3738 1435 3807 primum
1475 3731 1542 3790 ad
1571 3751 1628 3790 se
1657 3747 1890 3791 conver-

301 3840 411 3897 tet,
443 3841 500 3885 et
527 3830 722 3885 deinde
759 3844 856 3898 per
884 3829 1004 3882 illos
1037 3835 1265 3881 caeteros
1302 3824 1546 3896 populos.
1587 3824 1731 3880 Loca
1760 3840 1890 3881 vero

299 3941 398 3996 per
427 3939 547 3993 quae
577 3921 838 3975 Dominus
862 3917 1022 3973 Iesus
1048 3917 1296 3974 Christus
1329 3915 1659 3978 ambulavit,
1691 3924 1747 3969 et
1777 3916 1892 3984 ipse

300 4014 733 4088 perambulavit:
763 4014 858 4068 sed
885 4013 1036 4083 prius
1065 4012 1308 4065 destruet
1334 4024 1453 4079 quae
1484 4009 1747 4064 Dominus
1771 4009 1892 4062 illn-

302 4109 513 4164 stravit.
547 4105 750 4166 Deinde
774 4118 873 4175 per
899 4104 1210 4158 universum
1235 4102 1491 4158 mundum
1519 4099 1738 4156 nuntios
1767 4100 1891 4155 mit-

304 4209 382 4255 tet
417 4209 473 4254 et
507 4199 894 4270 praedicatores
928 4211 1073 4252 suos.
1107 4195 1429 4251 Praedicatio
1460 4203 1640 4249 autem
1679 4191 1801 4261 ejus
1837 4202 1894 4247 et

302 4301 543 4365 potestas
575 4289 779 4348 tenebit
804 4304 835 4343 a
865 4288 1000 4342 mari
1031 4297 1203 4356 usque
1243 4288 1314 4343 ad
1353 4301 1533 4351 mare,
1565 4288 1634 4342 ab
1675 4288 1890 4343 oriente

305 4400 472 4454 usque
502 4383 569 4456 [ἀ
603 4381 671 4435 ad
709 4380 1044 4435 occidentem
1088 4387 1143 4434 et
1181 4370 1250 4433 ab
1288 4379 1538 4448 aquilone
1573 4379 1768 4452 usque]
1818 4380 1889 4436 ad

305 4475 746 4544 septentrionem.
780 4470 967 4526 Faciet
994 4484 1209 4539 quoque
1237 4471 1390 4540 signa
1429 4470 1597 4525 multa
1634 4479 1690 4526 et
1719 4471 1888 4525 mira-

301 4567 423 4622 cula
450 4578 640 4635 magna
668 4571 726 4618 et
753 4561 1010 4618 inaudita.
1045 4559 1228 4616 Faciet
1258 4561 1435 4633 ignem
1464 4562 1531 4617 de
1558 4561 1699 4618 coelo
1725 4561 1889 4616 terri-

304 4659 481 4713 biliter
507 4656 834 4714 descendere
850 4694 867 4720 ,
892 4654 1115 4709 arbores
1141 4653 1318 4709 subito
1344 4654 1535 4710 ﬂorere
1561 4663 1615 4711 et
1641 4668 1887 4710 crescere

309 4739 435 4820 [Ιά.
470 4747 586 4802 cod.
607 4789 621 4812 ,
655 4731 980 4818 arescere],
1020 4731 1172 4801 mare
1197 4747 1403 4801 turbari
1442 4752 1498 4803 et
1532 4743 1711 4802 subito
1739 4750 1888 4802 tran-

301 4840 560 4912 quillari:
600 4847 824 4893 naturas
859 4837 1022 4892 etiam
1065 4836 1119 4890 in
1157 4835 1388 4893 diversis
1427 4836 1614 4908 figuris
1650 4839 1882 4904 mutari,

310 4945 475 5004 uuluae
508 4929 636 5004 [Μ.
667 4933 784 4984 eod.
806 4967 822 4995 ,
843 4934 1109 4999 aquarum
1135 4927 1366 5001 cursus]
1391 4937 1580 4985 contra
1611 4946 1802 4986 cursus
1831 4939 1889 4986 et

301 5027 551 5081 ordinem
600 5022 884 5087 converti,
932 5037 1060 5077 aera
1108 5021 1284 5076 veritis
1329 5021 1888 5095 eonimotionibusque

303 5116 490 5172 multis
519 5113 712 5186 agitari
731 5149 749 5180 ,
773 5121 828 5168 et
850 5122 1048 5173 caetera
1072 5127 1286 5184 quoque
1310 5114 1574 5172 mirabilia
1607 5113 1718 5186 [Ιά.
1745 5115 1885 5180 eoi,

304 5204 754 5278 Innumerabilia}
775 5213 831 5260 et
853 5205 1137 5276 stupenda,
1163 5211 1410 5260 mortuos
1438 5207 1644 5263 scilicet
1677 5207 1730 5262 ib
1761 5212 1890 5263 con-

301 5299 494 5371 spectu
521 5296 802 5356 licentium
859 5297 1214 5363 resuscitari,
1251 5299 1325 5354 ita
1368 5303 1424 5351 ut
1457 5298 1513 5352 in
1544 5305 1772 5354 errorem
1803 5301 1888 5353 tn-

374 5483 580 5558 sgpod.
621 5485 744 5558 Vit.
770 5502 784 5538 :
815 5502 835 5536 ι
863 5483 1004 5558 Ecce
1049 5483 1276 5538 audistis
1321 5484 1560 5554 qualiter
1606 5488 1886 5547 nascetur,

302 5555 486 5610 audite
514 5557 675 5610 etiam
706 5555 882 5609 locum
911 5555 999 5610 ubi
1032 5575 1049 5606 ι
1076 5595 1091 5619 ,
1123 5563 1227 5608 etc.

376 5627 404 5666 ιι
437 5626 569 5682 (hii.
604 5626 724 5680 Vat.
750 5644 762 5678 :
791 5644 810 5676 ι
841 5626 896 5680 in
925 5625 1140 5680 civitate
1167 5626 1455 5697 Babytonis
1482 5641 1496 5691 ;
1525 5625 1579 5680 in
1607 5625 1709 5680 hac
1739 5623 1886 5680 vide«

303 5698 427 5752 lit-ct
455 5697 692 5753 civitate.
721 5716 740 5747 μ

378 5780 404 5808 ι
441 5767 640 5824 Addita
665 5783 733 5823 ex
764 5765 883 5820 cod.
919 5765 1042 5819 Vat.

1989 1915 2136 1985 genti
2189 1913 2370 1983 copias
2409 1911 2462 1986 [ε
2503 1917 2749 1982 tempore
2793 1911 2938 1965 enim
2963 1908 3081 1977 ejus
3109 1922 3299 1963 omnes
3344 1907 3572 1960 absconc

1989 2007 2089 2062 diti
2143 2006 2386 2062 thesauri
2441 2001 2866 2076 revelabuntur].
2924 2001 3072 2068 Quos
3105 2008 3287 2055 autem
3335 1997 3572 2052 muneri-

1987 2094 2089 2156 bus
2140 2107 2489 2168 corrumpere
2538 2111 2646 2151 non
2691 2094 2932 2165 poterit,
2980 2101 3190 2147 terrore
3257 2088 3567 2159 superabit;

1987 2202 2124 2259 quos
2179 2198 2360 2242 autem
2413 2191 2624 2240 terrore
2674 2199 2782 2238 non
2825 2182 3029 2252 poterit
3054 2179 3343 2252 [vincere],
3403 2179 3576 2250 signis

1986 2293 2043 2338 et
2070 2274 2346 2335 miraculis
2385 2278 2645 2334 seducere
2677 2277 2938 2341 tentabit;
2967 2290 3106 2346 quos
3136 2278 3243 2330 'nec
3268 2275 3436 2345 signis
3477 2289 3574 2342 po-

1989 2372 2116 2427 terit
2152 2368 2422 2442 [illudere]
2477 2369 2532 2422 in
2579 2376 2867 2437 conspectu
2897 2365 3141 2421 omnium
3168 2365 3401 2420 mirabili
3435 2377 3578 2418 mor-

1989 2472 2042 2519 te
2077 2463 2349 2518 cruciatos
2403 2459 2695 2517 crudeliter
2741 2460 2955 2515 necabit
2974 2458 3127 2531 [ϐοά.
3170 2457 3314 2523 Vat.,
3351 2458 3574 2514 misera-

1985 2553 2081 2610 bili
2151 2562 2330 2609 morte
2369 2551 2655 2622 temptabit
2698 2548 2940 2623 necare].
2977 2549 3129 2604 Tunc
3161 2549 3268 2604 erit
3304 2549 3428 2603 talis
3479 2549 3578 2603 tri-

1984 2649 2208 2716 bulatio,
2269 2643 2447 2720 qualis
2473 2663 2578 2703 non
2614 2645 2716 2700 fuit
2746 2659 2909 2715 super
2963 2651 3164 2700 terram
3204 2659 3268 2700 ex
3310 2653 3572 2713 tempore,

1985 2755 2093 2811 quo
2139 2747 2327 2812 gentes
2370 2754 2492 2794 esse
2533 2746 2816 2808 cmperunt
2843 2751 3016 2807 usque
3057 2737 3124 2792 ad
3153 2733 3284 2791 illud
3333 2744 3572 2804 tempus.

1985 2829 2138 2888 Tunc
2188 2832 2281 2902 qui
2320 2831 2375 2886 in
2423 2845 2554 2899 agro
2606 2835 2788 2895 erunt,
2835 2827 3041 2898 fugient
3095 2832 3165 2884 ad
3219 2837 3434 2884 montes
3489 2829 3578 2883 di.

1983 2929 2214 2979 centes:
2264 2921 2440 2977 cadite
2477 2935 2642 2990 super
2694 2937 2820 2986 nos;
2874 2931 2929 2974 et
2977 2919 3226 2984 collibus,
3295 2921 3574 2989 cooperite

1985 3030 2103 3078 nos,
2130 3024 2185 3069 et
2227 3014 2318 3084 qui
2351 3028 2512 3083 supra
2555 3021 2776 3076 tectum,
2814 3028 2923 3066 non
2951 3012 3242 3067 descendet
3265 3011 3318 3065 in
3355 3013 3574 3066 domum

1991 3121 2164 3169 suam,
2229 3107 2287 3158 ut
2309 3103 2460 3159 tollat
2487 3103 2692 3172 aliquid
2741 3102 2809 3158 ab
2831 3117 2914 3165 ea,
2992 3101 3086 3157 sed
3125 3101 3364 3172 seipsum
3420 3101 3576 3154 dabit

1990 3195 2321 3266 prtccipitem
2377 3193 2593 3266 (Hatth.
2653 3201 2800 3259 xxtv‘,
2867 3192 2936 3248 16
2987 3193 3150 3263 seq.).
3197 3191 3351 3247 Tunc
3397 3192 3578 3246 omnis

1992 3285 2166 3340 ﬁdelis
2195 3285 2556 3346 Christianus,
2619 3285 2709 3354 qui
2734 3286 2986 3339 iuVentus
3037 3282 3223 3349 fuerit,
3290 3290 3384 3336 aut
3413 3282 3582 3338 Deum

1990 3373 2227 3446 negabit,
2279 3385 2372 3430 aut
2407 3377 2520 3431 sive
2548 3389 2643 3447 per
2689 3375 2916 3441 ferrum,
2971 3376 3086 3431 sive
3111 3383 3212 3446 per
3243 3379 3422 3448 ig‘nem
3467 3374 3581 3430 for-

1990 3469 2164 3534 nacis,
2215 3469 2329 3524 sive
2364 3485 2463 3539 per
2525 3475 2830 3539 serpentes,
2879 3468 2994 3523 sive
3027 3473 3126 3537 per
3180 3467 3408 3532 bestias,
3467 3466 3583 3522 sive

1989 3577 2086 3634 per
2121 3565 2326 3635 aliquid
2360 3563 2503 3618 aliud
2532 3563 2810 3634 quodlibet
2859 3567 3252 3621 tormentorum
3283 3578 3454 3634 genus
3489 3563 3582 3624 in-

1990 3654 2192 3720 teribit,
2247 3656 2372 3710 siin
2425 3653 2529 3710 title
2561 3653 2940 3725 permanserit.

2060 3746 2187 3801 Haec
2231 3753 2410 3799 autem
2449 3753 2560 3799 tam
2625 3745 2884 3800 terribilis
2929 3753 2984 3799 et
3011 3745 3248 3800 timenda
3306 3745 3584 3801 tribulatio

1992 3841 2168 3893 tribus
2209 3838 2368 3891 annis
2392 3846 2447 3891 et
2483 3835 2707 3892 dimidio
2732 3839 2970 3892 manebit
3002 3838 3054 3909 [ιὶ
3089 3839 3140 3892 in
3178 3846 3291 3892 toto
3327 3839 3574 3911 mundo].

1996 3931 2140 3983 Tunc
2160 3929 2600 3983 abbreviabtmtur
2617 3929 2730 3982 dies
2751 3939 2962 4000 propter
2980 3930 3170 3984 electos
3185 3928 3398 4002 (Matth.
3428 3947 3578 3997 xxiv,

1990 4020 2116 4092 22);
2191 4020 2296 4074 nisi
2353 4021 2496 4074 enim
2557 4019 2818 4075 Dominus
2875 4021 3246 4078 abbreviasset
3299 4023 3436 4089 dies,
3487 4026 3576 4080 vix

1991 4110 2140 4166 salva
2182 4120 2330 4165 esset
2381 4108 2538 4182 [ϐοά.
2602 4108 2740 4176 ναι..
2781 4127 2889 4167 non
2946 4110 3136 4168 fuisset
3175 4114 3346 4189 salva]
3401 4119 3580 4173 omnis

1991 4215 2139 4257 raro.
2199 4201 2433 4272 Tempus
2462 4202 2750 4273 siquidem,
2801 4200 3021 4275 quando
3068 4206 3441 4265 Antichristus‘
3479 4227 3574 4265 ve-

1995 4296 2156 4360 nerit,
2178 4294 2264 4350 vel
2287 4296 2503 4365 quando
2525 4296 2640 4352 dies
2663 4295 2854 4366 judicii
2879 4305 3140 4370 apparere
3162 4303 3409 4373 coeperit,
3435 4301 3578 4359 Pan-

1993 4388 2077 4442 lus
2126 4386 2402 4456 apostolus
2453 4388 2506 4442 in
2560 4387 2803 4458 Epistoia
2837 4389 2906 4445 ad
2953 4383 3465 4450 Thessalonicenses
3490 4397 3580 4451 dc-

1993 4481 2262 4532 monstrat
2287 4478 2508 4533 dicens:
2539 4477 2660 4533 Nisi
2689 4481 2886 4535 venerit
2937 4479 3191 4537 discessio
3234 4485 3486 4555 primum,
3525 4495 3575 4540 et

1992 4567 2246 4622 revelatus
2271 4568 2434 4638 fuerit
2491 4569 2645 4624 homo
2667 4570 2886 4641 peccati,
2923 4568 3070 4640 ﬁlius
3107 4574 3436 4646 perditionis,
3467 4585 3574 4634 etc.

1993 4658 2078 4730 (11
2117 4658 2297 4742 Thess.
2346 4677 2408 4726 tt,
2440 4659 2519 4735 3).
2575 4660 2791 4718 Scimus
2847 4673 3030 4720 autem
3060 4668 3318 4737 quoniam
3351 4681 3475 4740 post
3499 4689 3583 4728 re-

1989 4768 2155 4820 gnum
2211 4751 2547 4818 Grtecorum,
2603 4753 2716 4809 sive
2749 4755 2916 4810 etiam
2943 4759 3066 4827 post
3109 4774 3333 4832 regnum
3384 4763 3582 4820 Persa-

1989 4844 2126 4909 rum,
2165 4861 2230 4901 cx
2265 4847 2460 4918 quibus
2490 4848 2910 4920 unumquodque
2951 4865 3051 4906 suo
3101 4855 3342 4925 tempore
3383 4869 3579 4930 magna

1990 4939 2158 5009 gloria
2189 4939 2378 5008 viguit,
2406 4941 2462 4993 et
2490 4941 2684 5010 magna
2723 4941 2965 5011 potentia
2989 4937 3190 5009 ﬂoruit,
3239 4949 3304 5001 ad
3327 4949 3579 5005 ultimum

1991 5045 2204 5098 quoque
2254 5038 2378 5100 post
2431 5041 2625 5084 czetera
2674 5045 2858 5102 regna,
2914 5048 3142 5106 regnum
3203 5023 3576 5095 Romanorum

1990 5121 2216 5190 incoepit
2270 5120 2398 5193 [Με.
2477 5120 2630 5192 Reg.,
2682 5122 2949 5199 incipiet].
3011 5127 3158 5196 quod
3218 5125 3578 5186 fortissimum

1989 5213 2230 5267 omnium
2274 5225 2563 5283 regnorum
2595 5217 2934 5285 superiorum
2976 5216 3076 5274 fuit
3111 5205 3242 5292 [Μὲ.
3276 5218 3400 5291 Reg.
3425 5209 3575 5293 erit],

1989 5315 2046 5359 et
2086 5303 2267 5359 omnia
2299 5319 2463 5373 regna
2522 5305 2624 5359 sub
2646 5305 3014 5364 dominatione
3065 5325 3163 5370 sua
3221 5310 3411 5366 habuit
3459 5311 3577 5384 (Id.

2065 5483 2090 5523 δ
2129 5484 2205 5548 Ex
2237 5483 2356 5539 eod.
2391 5484 2514 5538 Vat.
2919 5553 2924 5554 γ
3023 5550 3026 5554 _

2070 5557 2094 5592 ⁴
2121 5555 2283 5612 lineis
2306 5554 2510 5609 inclusa
2532 5555 2708 5610 omitt.
2745 5555 2798 5608 in
2832 5553 2949 5610 co.l.
2987 5553 3108 5611 Vat.

2074 5626 2093 5664 ¹
2127 5627 2203 5683 Ei
2236 5626 2356 5680 cod.
2400 5624 2522 5678 Vat.

2071 5697 2096 5734 ⁸
2117 5697 2313 5751 Ontiss.
2349 5695 2402 5750 in
2426 5696 2547 5751 cod.
2581 5695 2706 5750 Vat.

2067 5767 2092 5807 ι
2120 5763 2196 5821 Ex
2221 5766 2338 5823 cod.
2369 5766 2488 5821 \‘at.
