3914 6178
277 390 411 447 ﬁt)?
615 404 640 428 ο

1114 383 1263 442 ΟΡΡ.
1308 382 1709 441 SUPPOSITA.
1751 379 2170 437 ..νιιιοιιιιΜεῖ
2212 378 2299 434 IV.
2341 409 2414 419 -—
2450 377 2684 435 IlONlT.

3409 381 3546 440 £298

274 506 326 560 in
385 502 706 574 Apocalypsi
753 499 997 571 legitur:
1041 499 1108 553 Et
1147 515 1263 552 cum
1331 497 1584 566 finierint,
1651 495 1848 564 inquit,
1885 498 1927 551 A
1957 493 2152 564 pilione
2199 500 2254 546 et
2297 490 2438 546 solio
2466 507 2584 554 suo,
2636 492 2689 544 in
2738 490 2857 546 loco
2889 491 2979 546 illo
3029 493 3094 547 de
3130 507 3240 562 quo
3287 494 3546 550 Doctrina:

273 596 628 653 testimonium
651 600 834 659 suum,
865 594 1049 657 bestia,
1103 608 1220 663 quo!
1259 587 1502 645 ascendet
1533 591 1597 642 de
1649 588 1858 658 abysso,

273 688 428 758 faciet
479 685 670 741 bellant
737 685 985 740 adversus
1033 683 1175 746 illos,
1223 695 1272 737 et
1312 685 1476 738 vincet
1528 699 1637 746 eos,
1681 689 1728 734 et
1776 696 1862 734 oc-

273 776 430 840 cidet,
481 784 588 831 etc.
615 775 800 845 (Apoc.
858 775 1037 844 11,7).
1074 775 1177 845 Ipsi
1223 790 1353 828 vero
1389 774 1556 829 occisi
1599 781 1720 843 post
1753 781 1864 826 tres

277 868 393 922 dies
428 867 710 921 aDomino
766 865 1191 920 suseitabuntur.
1243 865 1372 920 Post
1405 874 1629 919 caeteros
1677 864 1865 920 fideles

276 973 609 1030 persequens
641 955 828 1012 reddet
879 956 1078 1030 gladio,
1134 967 1227 1012 aut
1284 964 1561 1026 apostatas
1621 955 1860 1020 facietn;

279 1058 333 1105 et
354 1049 446 1119 qui
470 1049 524 1104 in
545 1064 669 1104 eum
696 1048 1049 1114 crediderint,
1071 1049 1288 1120 signum
1311 1046 1644 1104 cbaracteris
1670 1047 1788 1117 ejus
1809 1049 1865 1102 in

279 1139 456 1195 fronte
489 1139 808 1208 suscipient.

348 1230 454 1287 Sed
479 1231 608 1301 quia
646 1231 713 1286 de
738 1231 854 1300 ejus
883 1230 1152 1300 principio
1184 1239 1238 1286 et
1272 1231 1381 1285 vita
1410 1230 1667 1293 diximus,
1705 1244 1865 1298 quem

281 1319 441 1376 tinem
476 1321 719 1387 habebit,
759 1321 1022 1378 dicamus.
1076 1322 1177 1377 Hic
1204 1339 1437 1392 namque
1475 1322 1870 1384 Antichristus,

283 1415 480 1470 diaboli
537 1414 698 1480 filius,
747 1423 803 1469 et
831 1416 998 1470 totius
1057 1415 1278 1470 malitiae
1342 1415 1609 1484 pessimus
1646 1412 1863 1476 artifex,

281 1522 404 1562 cum
453 1523 552 1576 per
577 1514 689 1562 tres
723 1521 894 1562 annos
925 1516 979 1560 et
1017 1507 1301 1562 dimidium
1343 1509 1560 1580 [magna
1613 1521 1867 1575 persecu-

280 1594 462 1669 tione]
514 1605 685 1652 totum
720 1598 979 1653 mundum
1013 1599 1307 1664 vexaverit,
1366 1606 1421 1652 et
1450 1598 1542 1652 Dei
1603 1593 1866 1667 populum

277 1689 444 1743 variis
495 1689 678 1758 paenis
728 1689 1072 1751 cruciaverit,
1131 1690 1272 1743 etin
1325 1689 1428 1743 fide
1480 1697 1867 1758 permanentes

277 1782 545 1852 martyrio
563 1783 920 1844 coronat-erit,
975 1783 1040 1835 ad
1079 1781 1326 1836 ultimum
1365 1782 1548 1836 veniet
1595 1780 1868 1852 judicium

277 1872 377 1927 Dei
409 1888 572 1942 super
629 1889 774 1939 eum,
813 1873 953 1930 sicut
984 1874 1173 1928 beatus
1195 1873 1394 1927 Paulus
1418 1873 1692 1942 apostolus
1731 1873 1866 1928 scri-

276 1965 358 2021 bit
393 1965 620 2021 dicens:
651 1965 818 2032 Quem
872 1965 1130 2020 Dominus
1184 1966 1461 2034 interﬁciet
1513 1966 1704 2036 spiritu
1757 1965 1868 2018 oris

276 2058 380 2121 sui,
408 2065 458 2111 et
499 2057 730 2114 destruet
760 2055 1113 2111 illustratione
1138 2060 1392 2109 adventus
1416 2058 1498 2108 sui
1549 2054 1634 2125 (11
1678 2053 1862 2109 Thess.

276 2160 336 2211 Ir,
391 2145 445 2218 8)
484 2147 513 2186 ι’
551 2145 717 2218 :quia
751 2153 899 2200 tanta
924 2145 1028 2200 erit
1061 2144 1355 2199 eminentia
1387 2144 1650 2199 adventus
1687 2143 1869 2212 splen-

276 2235 427 2291 doris
459 2235 686 2302 Christi,
741 2243 803 2290 ut
839 2251 948 2306 pra:
995 2234 1207 2305 fulgore
1244 2234 1412 2289 divini
1450 2234 1690 2300 luminis,
1743 2250 1866 2290 sor-

277 2325 434 2381 dibus
471 2327 678 2382 ventris
730 2341 828 2396 per
877 2341 1165 2380 excessum
1221 2325 1461 2388 emissis,
1514 2332 1659 2379 totus
1711 2325 1868 2379 coin-

277 2416 534 2486 quinatus
591 2418 672 2472 sic
718 2432 829 2486 prae
875 2416 1072 2470 timore
1117 2426 1317 2486 pereat.
1371 2415 1618 2470 Tradunt
1651 2433 1866 2488 quoque

278 2505 546 2570 doctores,
602 2515 660 2560 ut
703 2506 779 2560 ait
819 2505 1114 2575 Gregorius
1157 2522 1296 2576 papa
1333 2517 1379 2570 ο,
1438 2509 1580 2576 quod
1637 2507 1867 2564 Michael

278 2598 634 2668 archangelus
684 2599 916 2668 perimet
951 2598 1096 2653 illum
1132 2599 1185 2652 in
1212 2609 1398 2654 monte
1429 2600 1648 2666 Otiveti,
1681 2601 1735 2655 in
1769 2618 1868 2672 pa-

275 2737 364 2803 t_ra_
417 2745 511 2784 eos
556 2729 792 2800 primum
819 2746 915 2785 sua
966 2747 1118 2786 arma
1155 2732 1432 2800 corripiet,
1465 2749 1666 2803 eosque
1690 2735 1865 2790 inter—

278 2800 427 2854 ﬁciet
463 2819 508 2864 ν,
545 2809 654 2855 etc.

348 2881 376 2910 ι
410 2867 542 2924 Cod.
575 2871 693 2926 Vat.
726 2887 740 2924 ε
777 2889 795 2921 ι
832 2870 1122 2940 Postquam
1153 2887 1283 2940 ergo
1339 2873 1426 2926 ἱδιὶ
1455 2871 1561 2928 duo
1593 2874 1865 2931 interfecti

277 2939 512 3018 fuerunt,
540 2941 662 3018 inde
695 2950 918 2996 exteros
962 2939 1294 3018 perseqmins
1324 2953 1586 3014 martyres
1609 2959 1704 2998 eos
1747 2947 1864 3018 glo—

278 3010 456 3081 riosos
479 3009 664 3081 faciet,
695 3020 788 3065 aut
807 3009 1084 3081 apostatas
1108 3009 1314 3068 reddet.
1355 3033 1372 3064 ι

347 3081 377 3118 ι)
402 3079 597 3156 Diliert
615 3081 668 3156 in
697 3079 1064 3156 sequentibus
1085 3083 1205 3156 cod.
1243 3084 1380 3156 Vat"
1419 3101 1468 3156 tu
1499 3099 1610 3156 quo
1635 3086 1707 3140 ita
1739 3104 1862 3156 per-

276 3151 424 3221 gitur
456 3168 469 3204 :
505 3167 528 3202 ι
564 3151 770 3273 Spiritu
799 3151 913 3206 eris
968 3153 1074 3217 Sui,
1122 3152 1236 3207 sive
1276 3151 1536 3208 Dominus
1581 3151 1750 3212 Iesus.
1779 3159 1862 3212 in-

277 3221 551 3273 terfecerit
589 3221 762 3273 ilum.
815 3221 1055 3273 potentia
1113 3221 1367 3273 iussionis
1419 3241 1560 3273 sum:
1607 3228 1720 3273 sive.
1774 3246 1862 3273 ar.

277 3221 551 3292 tertecerit
589 3221 762 3292 illum,
815 3221 1055 3292 potentia
1110 3221 1367 3289 jussionis
1419 3241 1560 3289 sua);
1607 3228 1720 3281 sive
1774 3246 1865 3282 ar-

275 3291 598 3366 cbangglns_
633 3291 863 3366 Michael
920 3293 1252 3366 interfecerit
1299 3294 1471 3366 illum,
1527 3311 1626 3366 per
1687 3299 1861 3353 virtu-

280 3359 659 3434 _tem__’_Don_nini
713 3363 993 3418 occidetur
1045 3363 1099 3416 in
1152 3363 1422 3434 Babylone
1467 3359 1543 3421 iu'
1568 3367 1704 3423 solio
1741 3384 1862 3432 suo,

279 3431 335 3484 in
365 3430 486 3552 lillo
546 3431 667 3488 loco
720 3441 909 3487 contra
973 3448 1133 3504 quem
1183 3430 1439 3491 ascendet
1495 3436 1755 3495 Dominus
1796 3430 1861 3494 ad

279 3513 362 3552 cce
379 3516 462 3552 os.
498 3522 516 3552 ι

277 3513 462 3556 cauos.
498 3522 516 3554 ι

350 3581 396 3646 ξΔ
426 3570 484 3626 S.
515 3571 678 3642 Greg.
707 3573 806 3646 lib.
841 3590 990 3629 xxx"
1021 3574 1235 3641 Μαι-ιιι,
1279 3593 1396 3646 cap.
1425 3577 1510 3639 l5,
1557 3595 1704 3633 num.
1741 3580 1808 3634 ‘27
1841 3599 1862 3634 ι

282 3658 300 3692 ι
341 3639 470 3695 Sine
525 3639 685 3718 manu
720 3644 915 3718 quippe
937 3639 1248 3712 conteretur
1275 3639 1865 3718 (Antichristus),quia

275 3727 383 3784 non
424 3711 748 3784 angelorum
790 3711 952 3784 bello,
990 3711 1114 3784 non
1169 3711 1478 3768 sanctorum
1535 3711 1855 3784 certamine,

276 3781 373 3836 sed
438 3795 536 3854 per
562 3782 848 3854 adventum
877 3782 1084 3838 Judicis
1116 3785 1231 3839 solo
1261 3785 1372 3854 Oris
1417 3787 1608 3854 spiritu
1655 3781 1856 3843 aeterna

276 3851 455 3924 morte
489 3851 744 3924 ferietur.
796 3873 812 3904 ι
872 3855 928 3909 S.
982 3853 1227 3919 Hieron,
1260 3855 1312 3908 in
1357 3851 1490 3908 Dan.
1519 3871 1640 3924 cap.
1691 3874 1770 3919 χι,
1800 3876 1849 3912 v.

275 3923 384 3976 ὁδε
422 3922 637 3997 ¢_Tunc
689 3924 887 3986 veniet,
935 3925 1126 3997 inquit,
1178 3925 1545 3980 Antichristus
1588 3922 1856 3997 usquead

278 3993 650 4069 summitatem
707 3997 912 4069 montis
945 3993 1081 4063 ejus,
1127 3997 1231 4052 hoc
1267 3993 1686 4069 est,7montan:e
1737 4015 1858 4069 pro-

277 4063 491 4126 vinciae,
548 4064 600 4117 id
651 4075 754 4127 est,
779 4065 1036 4141 verticem
1070 4068 1266 4141 montis
1318 4067 1534 4123 Oliveti.
1567 4070 1657 4141 qui
1685 4063 1858 4141 ill-Ci)"

277 4141 364 4186 tus
412 4143 658 4200 vocatur,
716 4137 843 4206 quia
878 4151 944 4190 ex
1001 4152 1066 4191 eo
1101 4136 1360 4193 Dominus
1403 4136 1861 4207 atque‘Salvatbr

288 4277 564 4290 ———.

1107 4429 1834 4536 HOMILUE

1963 583 2207 640 ascendit
2229 583 2294 637 ad
2320 584 2486 639 cwlos
2513 601 2527 638 :
2555 583 2699 655 quod
2722 593 3010 654 utrumque
3039 595 3217 657 potest
3243 601 3380 652 esse,
3421 590 3546 658 quia

1963 675 2008 731 si
2059 675 2288 730 Michael
2311 675 2403 730 Dei
2439 674 2634 731 faciem
2675 676 2944 730 venientis
2991 677 3057 731 ad
3087 675 3363 746 judicium
3409 695 3548 750 prae-

1966 766 2189 821 veniens
2237 781 2360 819 eum
2416 764 2786 831 interfecerit,.
2820 782 2926 820 non
2958 781 3074 830 sua,
3117 768 3210 821 sed
3239 767 3335 822 Dei
3377 770 3551 822 virtus

1965 862 2070 915 erit
2099 871 2151 914 et
2175 860 2367 932 jussio.

2039 954 2130 1008 Del
2152 969 2314 1008 cmus-
2337 954 2499 1007 etiam
2530 952 2841 1008 ﬁrmissime
2867 953 3090 1008 credere
3114 953 3257 1023 quod
3292 969 3416 1007 cum
3443 952 3552 1007 An—

1969 1047 2247 1102 tichristus
2274 1047 2486 1100 occisus
2523 1045 2706 1109 fuerit,
2743 1062 2851 1101 non
2897 1045 2945 1118 [ἀ
2993 1046 3175 1099 statim
3219 1045 3399 1100 veniet
3436 1044 3554 1099 dies

1959 1138 2173 1208 judicii,
2231 1138 2354 1210 nec]
2387 1139 2572 1192 statim
2620 1137 2688 1192 ad
2725 1137 2989 1206 judicium
3039 1137 3298 1198 Dominus
3335 1137 3548 1202 veniet;

1967 1233 2060 1286 sed
2090 1233 2231 1286 sicut
2259 1231 2607 1303 intelligimus
2633 1248 2700 1287 ex
2721 1232 2858 1287 libro
2885 1231 3144 1296 Danielis,
3194 1230 3553 1300 quadraginta

1967 1326 2081 1380 dies
2135 1325 2711 1380 Dominusincantatis
2763 1334 2820 1380 et
2865 1324 3222 1381 caracteratis
3274 1329 3342 1378 ad
3377 1323 3555 1394 paeni-

1969 1419 2192 1472 tentiam
2242 1419 2503 1474 concedet
2528 1429 2574 1482 ε,
2627 1427 2914 1488 propterea
2971 1417 3096 1486 quia
3136 1424 3263 1470 sunt
3290 1416 3357 1470 ab
3404 1412 3559 1468 Anti-

1967 1509 2172 1565 christo
2223 1509 2450 1564 seducti.
2494 1507 2786 1576 Postquam
2807 1521 2936 1561 vero
2986 1506 3127 1561 hanc
3178 1505 3552 1574 paenitentiam

1965 1604 2318 1673 expleverint,
2353 1611 2618 1672 quantum
2643 1601 2901 1670 temporis
2935 1600 3173 1670 spatium
3220 1605 3406 1666 postea
3438 1597 3550 1658 fiat,

1965 1695 2215 1764 quamvis
2261 1694 2499 1750 arbitror
2540 1692 2684 1762 quod
2726 1690 2904 1744 nullus
2957 1689 3027 1743 sit
3055 1689 3148 1758 qui
3174 1689 3329 1749 sciat,
3381 1686 3473 1741 sed
3500 1703 3552 1739 ιιι

1969 1785 2373 1855 dispensatione
2418 1783 2514 1837 Dei
2569 1790 2774 1844 manet,
2833 1779 2925 1849 qui
2967 1778 3234 1848 judicabit
3295 1776 3553 1832 sarculum

1973 1893 2068 1946 per
2121 1875 2321 1947 ignem,
2372 1890 2435 1928 ea
2490 1873 2624 1927 hora
2680 1887 2784 1941 qua
2843 1869 3078 1940 praefixit
3134 1883 3254 1923 esse
3299 1867 3555 1937 judican-

1969 1969 2095 2024 dum
2145 1977 2272 2023 ante
2312 1966 2506 2022 saecula
2572 1964 2614 2017 ί.
2669 1963 2876 2018 Tainen
2933 1962 3266 2032 Augustinus
3313 1962 3366 2016 in
3429 1959 3560 2029 Epi-

1969 2059 2204 2112 stolam:
2246 2055 2512 2110 Nolumus
2559 2071 2647 2110 vos
2723 2056 2970 2124 ignorare
3037 2053 3103 2107 de
3156 2049 3558 2115 dormientibus,

1969 2149 2136 2203 multa
2166 2147 2593 2203 Iuculentissime
2644 2146 2768 2201 inde
2795 2143 3037 2199 declarat
3084 2146 3130 2198 ε.
3169 2144 3237 2198 Et
3295 2143 3559 2214 Hierony-

1969 2255 2090 2296 mus
2141 2239 2197 2294 in
2247 2238 2586 2310 expositione
2640 2244 2849 2305 septem
2906 2237 3162 2290 tubarum
3213 2235 3282 2290 ad
3337 2234 3562 2289 Evervi-

1971 2349 2099 2387 num
2133 2331 2186 2397 δ,
2216 2331 2309 2386 dat
2359 2330 2515 2386 nobis
2541 2330 2664 2385 inde
2700 2343 2910 2398 magnae
2951 2327 3192 2382 scientiae
3215 2327 3558 2383 documenta.

2047 2426 2062 2465 ἱ
2115 2424 2278 2485 Ecce,
2331 2424 2527 2478 domna
2555 2421 2764 2493 regina,
2807 2437 2909 2492 ego
2947 2418 3119 2474 ﬁdelis
3169 2429 3369 2484 vester,
3418 2419 3560 2490 quod

1968 2514 2320 2586 praecepistis,
2357 2514 2590 2568 fideliter
2618 2513 2868 2583 implevi;
2894 2522 3116 2583 paratus
3136 2513 3202 2566 de
3226 2510 3442 2567 exteris
3465 2512 3562 2566 ob-

1968 2606 2138 2670 eilire,
2179 2621 2300 2676 qua:
2355 2604 2568 2660 fueritis
2613 2605 2833 2675 dignata
2866 2604 3158 2674 imperare.

1969 2745 2212 2800 ascendit
2267 2746 2333 2798 ad
2386 2743 2626 2807 Patrem,
2660 2751 2715 2798 et
2762 2743 2943 2798 nullus
2996 2740 3334 2798 Antichristo
3362 2739 3564 2811 poterit

1969 2817 2239 2879 auxiliari,
2284 2826 2470 2869 contra
2501 2831 2560 2868 se
2609 2813 2836 2868 Domino
2884 2813 3161 2868 satviente.
3195 2812 3260 2866 Et
3311 2822 3560 2867 assrrunt

1970 2887 2044 2942 ilzi
2079 2887 2472 2940 Antichristmn
2504 2901 2625 2939 esse
2651 2885 2976 2955 periturum,
3005 2884 3149 2939 unde
3184 2882 3448 2938 Dominus
3466 2899 3559 2937 as-

1969 2958 2152 3014 cendit
2197 2958 2262 3024 ad
2299 2955 2486 3010 caelos.
2542 2974 2560 3007 ›

2038 3026 2064 3066 δ
2106 3027 2182 3080 Ex
2233 3026 2354 3080 eod.
2396 3027 2517 3081 Vat.

2044 3109 2066 3134 π
2094 3097 2224 3152 God.
2267 3098 2382 3167 Vat.
2413 3106 2466 3150 et
2495 3095 2631 3164 Aug.
2669 3113 2682 3148 :
2721 3113 2738 3143 ο
2768 3095 3134 3167 Quadraginta
3159 3093 3274 3150 dies
3303 3093 3563 3167 Dominus

1971 3169 2231 3222 concedet
2275 3166 2484 3231 electis,
2518 3175 2576 3219 ut
2603 3176 2765 3236 agant
2788 3164 3186 3236 paenitentiam.
3212 3187 3229 3218 )
3262 3167 3414 3236 Apud
3449 3164 3559 3218 Ba-

1970 3240 2170 3292 banum
2201 3256 2216 3291 :
2261 3257 2278 3287 ι
2298 3236 2429 3308 Non
2483 3238 2669 3292 statim
2700 3238 2880 3292 veniet
2908 3238 2974 3292 ad
2999 3237 3293 3308 judicium,
3335 3237 3428 3308 sed
3459 3250 3560 3308 ex-

1969 3309 2240 3378 spectabit
2290 3307 2552 3362 Dominus
2599 3309 2892 3377 quosdam,
2946 3307 3086 3363 sicut
3116 3322 3183 3362 ex
3218 3307 3439 3362 Daniele
3475 3307 3560 3361 in-

1967 3379 2292 3443 telleximus,
2347 3379 2438 3442 qui
2486 3379 2702 3432 seducti
2747 3387 2894 3442 sunt,
2947 3389 3004 3433 nt
3063 3381 3128 3432 ad
3181 3378 3559 3448 penitentiam

1967 3459 2329 3519 revertantur.
2354 3449 2645 3518 Postquam
2665 3464 2793 3519 vero
2822 3451 2962 3504 hanc
2984 3448 3360 3519 paenitentiam
3384 3468 3426 3509 ι,
3451 3457 3557 3504 etc.

2045 3518 2063 3558 ²
2098 3521 2197 3575 Hic
2223 3520 2409 3575 finitur
2439 3521 2493 3574 in
2517 3521 2637 3575 cod.
2672 3518 2794 3576 Vat.
2850 3528 2904 3574 et
2928 3518 3049 3574 aliis
3080 3535 3210 3574 mss.

2040 3591 2068 3629 ⁸
2103 3589 2166 3647 S.
2200 3591 2362 3660 Aug.,
2393 3607 2558 3646 serm.
2591 3589 2695 3660 172
2731 3600 2786 3645 et
2828 3592 2929 3645 175
2966 3591 3032 3644 de
3062 3590 3250 3644 Verbis
3275 3589 3464 3660 Apost.
3517 3589 3557 3642 ll

1967 3662 2158 3718 Thess.
2186 3677 2259 3724 tv,
2293 3659 2379 3714 12.
2431 3662 2633 3714 Verum
2665 3659 2736 3714 ibi
2773 3661 2840 3715 de
2885 3661 2972 3714 bis
3028 3660 3182 3714 nihil.

2039 3735 2063 3771 ι»
2107 3731 2190 3785 Ad
2218 3731 2554 3784 Ererrinum.
2591 3729 2719 3798 Leg.
2752 3731 2818 3784 ad
2867 3730 3188 3784 Minervium
3233 3737 3288 3783 et
3327 3729 3558 3783 Alexan-

1966 3803 2144 3856 drum.
2180 3815 2310 3870 quze
2343 3808 2426 3852 est
2445 3799 2607 3870 epist.
2653 3799 2756 3853 H9
2784 3799 2864 3870 ⁸ἰιι
2907 3800 3038 3854 edit.
3077 3799 3272 3855 Veron.

2042 3873 2054 3911 i
2113 3867 2238 3923 Haec
2266 3867 2509 3922 clausula
2554 3876 2734 3922 exstat
2783 3867 2832 3939 in
2868 3884 2999 3923 mss.
3050 3871 3192 3922 unde
3251 3870 3422 3938 ipsam
3449 3870 3563 3939 epi-

1963 3941 2158 3995 stolam
2205 3939 2273 4010 ad
2323 3939 2661 4010 Gerbergam
2711 3938 2956 4005 reginam
3001 3954 3261 4010 accepere
3322 3938 3560 3996 editores

1964 4013 2204 4082 Operum
2237 4007 2295 4063 S.
2340 4007 2646 4080 Augustini.

1965 4433 2716 4563 QUATUOR

1480 4628 1539 4682 Β.
1583 4628 1886 4687 ALClJI-NO
1929 4629 2352 4687 SUPPOSITA‘I.

613 4807 766 4878 531
803 4807 1118 4864 MONITUM
1151 4807 1508 4864 PR.E\'lL’.\l.

346 4898 691 4972 (Ilarissimus
719 4901 781 4972 D.
800 4899 1186 4972 Quereetanus,
1214 4917 1336 4972 pag.
1367 4902 1520 4960 119ΐὶ.
1555 4913 1664 4956 tres
1692 4904 1861 4959 homi-

272 4970 376 5024 lias
403 4970 504 5024 sub
530 4971 745 5025 nomine
771 4971 912 5025 beati
942 4971 1148 5026 Alcuini
1175 4970 1442 5036 eJidit,e.-c
1471 4972 1786 5028 Ilomiliario
1809 4986 1858 5029 et

273 5039 625 5113 Concionilqus
655 5041 900 5113 Patrum,
931 5042 1006 5097 uti
1032 5043 1220 5113 scribit
1257 5042 1310 5096 in
1342 5043 1577 5098 Elencbo
1603 5046 1857 5113 operibus

272 5127 302 5164 a
346 5109 592 5181 seeditis
622 5111 844 5181 praefixo
873 5127 888 5164 :
915 5128 1014 5168 nec
1045 5112 1207 5167 aliam
1242 5114 1417 5168 reddit
1458 5109 1722 5170 rationem
1758 5131 1860 5171 cur

270 5180 501 5254 Alcuino
540 5180 723 5236 essent
752 5183 1070 5254 tribuenda).
1095 5182 1275 5254 P_t_'ima
1303 5185 1420 5254 agit
1437 5183 1501 5238 de
1532 5184 1776 5246 Silentia,
1805 5188 1858 5240 in

269 5269 376 5321 quo
405 5251 624 5321 missum
650 5262 724 5305 est
750 5252 1083 5307 incantatam
1121 5251 1364 5307 Verbum:
1396 5253 1579 5308 Altera
1598 5295 1612 5320 ,
1642 5256 1709 5309 de
1736 5254 1857 5309 Na-

273 5319 475 5395 tivitnte
509 5319 672 5376 beata:
707 5321 1168 5395 Maricejvirginis.
1198 5323 1380 5378 Tertia
1419 5324 1598 5378 habita
1651 5326 1706 5380 in
1732 5327 1864 5395 festo

273 5390 507 5447 onmium
538 5402 859 5446 sanctorum.
907 5390 1134 5448 liomilia
1177 5395 1437 5458 secunda,
1464 5395 1532 5448 de
1573 5390 1866 5452 Nativitate

271 5461 654 5545 beatasililarite
682 5463 906 5545 virginis
943 5463 1078 5519 nihil
1105 5463 1249 5545 aliud
1283 5474 1555 5545 estquam
1597 5467 1863 5545 expositio

269 5532 541 5600 litterulis,
570 5532 854 5606 allegorica
893 5545 948 5590 et
971 5535 1194 5606 moralis
1216 5532 1499 5606 nominum
1529 5532 1863 5606 patriarcha-

270 5620 392 5658 rum
422 5619 486 5659 ac
523 5603 928 5674 progenitorum
957 5603 1182 5668 Christi,
1214 5603 1264 5657 in
1308 5603 1543 5658 formam
1568 5606 1801 5661 humilia:
1826 5624 1856 5660 a

268 5689 542 5744 quoquam
564 5675 864 5746 transfusa,
877 5692 1040 5746 quam
1053 5691 1175 5729 cum
1191 5674 1510 5730 lectionibus
1523 5677 1858 5732 vanantibus

267 5761 335 5796 ex
362 5746 480 5800 cod.
505 5761 608 5801 ms.
643 5745 700 5800 S.
727 5745 1050 5801 Emmerami
1068 5747 1207 5800 inter
1224 5746 1457 5813 genuina
1479 5746 1618 5801 beati
1647 5747 1855 5803 Alcuini

269 5815 335 5870 de
350 5814 516 5871 huius
545 5817 676 5872 tomi
703 5815 720 5870 1
752 5827 906 5888 parte
931 5835 990 5884 ιι,
1027 5816 1180 5886 cujus
1206 5817 1281 5871 rei
1312 5821 1575 5876 rationem
1613 5819 1858 5876 dedimus

1888 4815 1938 4876 υ
1966 4816 2038 4889 ibi
2066 4836 2119 4906 in
2143 4834 2350 4906 monito
2369 4833 2720 4906 praevio._lsta
2741 4850 2870 4906 ergo
2893 4837 3110 4892 homilia
3135 4837 3236 4893 hoc
3259 4839 3378 4894 loco
3399 4841 3560 4895 omis-

1967 4921 2050 4967 sa,
2081 4905 2290 4959 duabus
2310 4905 2532 4974 reliquis
2558 4903 2695 4959 alias
2728 4903 2858 4961 duas
2884 4908 3150 4972 addimus,
3178 4926 3342 4964 unam
3367 4912 3433 4966 de
3461 4926 3555 4965 ea-

1967 4975 2090 5052 dem
2115 4974 2288 5052 beata:
2318 4973 2550 5052 Virginis
2575 4975 2868 5052 N_a_tivi_tate
2885 4994 2956 5052 es
3130 4994 3240 5052 ms.
3265 4980 3434 5052 Regio
3459 4981 3558 5036 Pa-

1968 5045 2185 5101 risiensi
2227 5061 2374 5099 num.
2403 5045 2527 5112 5L5,
2567 5047 2658 5101 ubi
2686 5047 2733 5102 is
2753 5047 2898 5102 beati
2928 5047 3142 5103 Alcuini
3170 5045 3388 5105 nomine
3420 5051 3555 5107 insi-

1966 5116 2184 5240 gnitum
2214 5115 2440 5200 alteram
2474 5116 2527 5171 in
2567 5116 2869 5200 Hypapanti
2925 5134 3031 5204 seu.
3054 5119 3122 5174 de
3174 5118 3555 5204 Puriticatione

2014 5225 2030 5238 .
2057 5185 2122 5240 ν.
2153 5186 2336 5240 Mante
2359 5187 2580 5240 dictam.
2610 5203 2678 5240 ex
2705 5186 3065 5240 Miscellanets
3091 5190 3150 5240 ἰ).
3178 5189 3400 5240 Baltml.
3428 5191 3549 5240 libr.

2014 5225 2030 5238 .
2057 5185 2122 5240 V.
2153 5186 2336 5241 Maria:
2359 5187 2580 5253 dictam,
2610 5185 2678 5242 ei
2705 5185 3065 5244 Miscellaneis
3091 5190 3150 5244 D.
3178 5189 3400 5255 Baluzil,
3427 5191 3549 5248 libr.

1965 5272 2004 5320 ι,
2029 5272 2152 5328 pag.
2175 5255 2434 5331 582-402,
2459 5258 2549 5331 ubi
2579 5259 2782 5331 pariter
2819 5258 3051 5316 Alcuino
3071 5262 3333 5331 magistro
3359 5261 3550 5316 tribui-

1969 5333 2075 5391 tur,
2101 5337 2158 5382 et
2182 5329 2325 5383 dicta
2344 5328 2628 5382 videbatur
2646 5329 2823 5384 eidem
2844 5331 2964 5386 viro
2987 5328 3341 5388 celeberrimo
3369 5345 3551 5388 coram

1967 5395 2164 5470 Carolo
2189 5398 2542 5470 Imperatore.
3525 5427 3540 5435 -

2041 5467 2237 5544 vcrum
2261 5467 2420 5544 nemo
2433 5467 2654 5544 iamest
2673 5470 3007 5544 eruditorum
3030 5473 3120 5544 qui
3145 5473 3361 5528 easdem
3383 5474 3552 5530 homi-

1962 5537 2064 5592 lias
2084 5539 2227 5610 inter
2239 5541 2448 5608 Spurias
2469 5539 2791 5610 rejiciendas
2816 5557 2938 5598 esse
2959 5537 3064 5598 non
3089 5545 3376 5600 existimet.
3393 5545 3550 5602 Ratio

1996 5609 2228 5664 eneralis
2250 5611 2422 5681 prima
2443 5609 2547 5674 est,
2562 5612 2686 5680 quia
2708 5614 2955 5681 quamvis
2982 5630 3111 5669 vero
3136 5615 3204 5670 sit
3219 5615 3548 5671 simillimum

1985 5688 2177 5756 beatum
2207 5681 2491 5756 Alcuinum
2535 5692 2793 5756 tanquam
2819 5685 3066 5740 abbatem
3095 5685 3326 5756 plurium
3366 5704 3552 5741 mona-

1963 5751 2252 5826 steriorum
2279 5751 2552 5808 multoties
2568 5751 2766 5826 fratres
2790 5769 2901 5809 sum
2927 5771 3071 5811 cura:
3092 5751 3431 5817 commissos,
3448 5773 3546 5826 pro

1963 5823 2250 5877 occasione
2296 5825 2696 5882 occurrentium
2737 5827 3192 5892 festivitatum,in
3237 5823 3546 5884 admiratio-
