3914 6178
290 411 428 476 1505

1319 417 1468 478 ore.
1511 406 1915 480 surro‘srrs.
1952 454 2027 467 -
2062 396 2373 481 adstrata;
2412 422 2508 482 tv.

3435 434 3575 492 {506

276 532 670 617 ’magnifieatur
697 532 751 589 in
783 527 974 599 Maria,
1005 532 1132 590 dum
1161 533 1278 605 ipsa
1307 533 1474 590 verbo
1503 533 1755 605 concepit
1780 532 1949 594 Fi-'A
1979 536 2183 606 genuit,
2218 534 2386 591 vitam
2410 532 2732 594 mortalibus
2762 540 3007 610 protulit.
3049 508 3190 597 Vere
3230 543 3377 599 enim
3414 547 3573 601 beata

282 620 438 689 llum,
468 631 523 679 et
553 624 672 681 sine
714 622 901 679 dolore
933 623 1164 696 peperit,
1214 631 1269 679 et
1319 622 1539 680 iactavit
1584 639 1768 696 regem
1817 633 1874 680 et

281 710 622 769 Salvatorem
650 715 890 769 omnium
938 713 1284 770 saeculorum.
1334 708 1710 787 Magnificatur
1741 726 1872 785 ergo

278 801 541 861 Dominus
567 804 620 858 in
648 803 814 859 Maria
838 821 853 870 ;
898 802 1277 876 magnificetur
1305 812 1361 860 et
1400 805 1456 859 in
1483 804 1660 872 nobis,
1703 803 1749 860 sl
1775 796 1873 859 ad-

276 894 557 959 miremur,
585 890 936 966 gratulemur,
984 905 1039 952 et
1067 895 1394 966 gratiasilli
1438 910 1680 967 agamus.
1729 894 1870 950 Lau-

270 980 466 1041 damus
507 983 684 1050 illum,
731 980 1022 1041 adoremus
1067 984 1245 1051 illum,
1295 984 1385 1056 qui
1415 985 1483 1040 de
1530 983 1770 1040 tenebris
1811 993 1868 1039 et

274 1076 463 1133 umbra
486 1075 679 1132 mortis
702 1076 920 1131 vocavit
946 1075 1013 1130 ad
1053 1075 1239 1143 fidem,
1270 1074 1339 1132 ad
1361 1076 1532 1130 vitam
1572 1075 1639 1130 de
1666 1083 1862 1140 morte,

271 1170 340 1225 ad
366 1170 831 1241 incorruptionem
871 1169 938 1226 de
985 1169 1350 1242 corruptione,
1400 1170 1469 1226 ad
1510 1169 1747 1238 patriam
1794 1168 1863 1225 de

267 1261 484 1327 exsilio,
518 1263 585 1318 ad
616 1260 871 1334 gaudium
894 1262 965 1319 de
1006 1262 1179 1327 luctu,
1222 1267 1387 1333 atque
1430 1261 1497 1316 ad
1523 1259 1766 1317 coelestia
1794 1259 1862 1316 de

266 1355 502 1410 terrenis
528 1354 824 1410 revocavit.
856 1354 1134 1410 Imitemur
1162 1354 1214 1409 in
1244 1354 1446 1425 aliquo,
1492 1351 1710 1416 fratres,
1743 1367 1859 1406 ma-

264 1454 408 1501 trem
436 1446 672 1513 Domini,
697 1448 743 1502 si
768 1447 1018 1502 volumus
1046 1445 1165 1502 fieri
1192 1444 1289 1502 filii
1316 1444 1450 1515 ejus,
1485 1453 1540 1501 et
1565 1444 1858 1516 pirticipe‘s

262 1550 432 1611 regno
462 1538 677 1595 Domini
701 1535 892 1595 nostri.
924 1539 1041 1609 ipsa
1068 1546 1214 1594 certe
1238 1538 1357 1592 ideo
1378 1543 1461 1593 est
1479 1544 1655 1591 mater
1677 1533 1859 1589 Domi—

257 1631 317 1687 ni
351 1629 567 1697 eil‘ecta,
597 1630 722 1703 quia
748 1645 960 1702 semper
983 1629 1353 1685 delectabatur
1378 1627 1447 1683 ad
1473 1627 1714 1682 ctelestia
1744 1641 1759 1692 ;
1800 1634 1857 1680 et

258 1739 362 1780 nos
412 1725 457 1780 si
501 1724 811 1781 caelestibus
857 1722 1149 1787 inhiamus,
1202 1718 1533 1777 voluntatem
1576 1718 1669 1773 Dei
1719 1717 1854 1773 faci-

254 1828 420 1880 mus;
454 1813 499 1870 si
527 1821 705 1869 autem
736 1813 830 1867 Dei
852 1813 1183 1867 voluntatem
1232 1811 1461 1881 agimus,
1488 1820 1774 1879 pessumus
1796 1808 1849 1862 in

1973 620 2274 696 humilitas,
2305 642 2426 699 quas
2445 629 2612 686 oculos
2640 632 2933 701 nuntiavit,
2970 633 3266 703 innovavit,
3301 641 3565 696 mundum

1969 715 2293 788 purificavit,
2326 721 2641 790 paradisum
2669 725 2902 794 apemit,
2930 733 2986 781 et
3020 737 3332 784 sanctorum
3362 730 3573 789 animas

1967 804 2038 861 ab
2066 805 2255 863 inferis
2280 806 2552 865 liberavit.
2585 812 2749 869 Beata
2774 831 2898 871 vere
2922 815 3226 885 humilitas,
3252 836 3372 891 quae
3411 832 3572 893 porta

1965 895 2204 965 paradisi
2227 893 2387 965 effici,
2410 899 2554 955 scala
2583 902 2707 958 cceli
2735 905 3118 962 constituitur:
3154 906 3319 965 Facta
3340 920 3434 967 est
3455 911 3571 969 Ma.

1968 986 2050 1041 ria
2065 987 2209 1044 scala
2225 990 2483 1047 cmiestis.
2500 989 2677 1060 Scala,
2696 994 2938 1065 inquam,
2954 998 3074 1054 coeli
3090 1002 3456 1066 constituitur,
3470 1019 3569 1074 per

1967 1088 2130 1145 quam
2149 1077 2291 1135 Deus
2305 1080 2588 1138 descendit
2607 1083 2675 1138 ad
2700 1092 2891 1141 terras.
2916 1086 3081 1143 Facta
3102 1100 3185 1146 est
3202 1091 3367 1147 Maria
3384 1093 3563 1165 palma

1962 1168 2257 1238 virginum,
2284 1169 2461 1242 gloria
2482 1174 2790 1243 viduarum,
2820 1178 3110 1236 exsultatio
3144 1178 3457 1254 coniugum,
3486 1188 3565 1240 vi-

1960 1259 2131 1314 ctoria
2153 1258 2607 1330 Christianorum,
2637 1266 2890 1337 gaudium
2914 1270 3228 1341 angelorum
3254 1313 3267 1326 .
3291 1313 3305 1326 .
3323 1312 3337 1325 .
3363 1273 3566 1329 anima-

1958 1365 2102 1404 rum.
2131 1349 2293 1407 Facta
2310 1361 2393 1408 est
2410 1352 2580 1409 Maria
2596 1353 2764 1424 janua
2779 1350 3064 1427 caelorum,
3097 1363 3409 1419 sublimatio
3434 1378 3563 1435 apo-

1958 1440 2241 1507 stolorum,
2267 1442 2384 1500 laus
2406 1455 2727 1515 martyrum,
2747 1448 3001 1520 jubilatio
3023 1453 3416 1519 confessorum,
3438 1472 3563 1512 con-

1959 1531 2185 1590 tinentia
2202 1535 2475 1607 virginum
2498 1540 2685 1610 regula
2713 1545 3331 1611 monachorum,norma
3357 1547 3546 1619 princi-

1952 1638 2103 1694 pum,
2116 1625 2326 1696 justitia
2351 1644 2559 1701 regum.
2588 1630 2752 1687 Facta
2771 1640 2855 1689 est
2870 1634 3016 1690 salus
3033 1652 3262 1702 morum,
3291 1652 3439 1693 mors
3455 1641 3559 1694 cri-

1957 1716 2188 1783 minum,
2213 1718 2325 1773 vita
2356 1719 2639 1788 virtutum,
2671 1722 2847 1779 virtus
2874 1728 3248 1797 pugnantium,
3273 1728 3451 1797 palma
3471 1729 3558 1783 vi-

1953 1816 2185 1866 ctorum.
2209 1810 2376 1869 Facta
2403 1821 2487 1869 est
2517 1812 2683 1870 Maria
2715 1816 2929 1873 excelsa
2957 1831 3119 1888 super
3142 1820 3341 1875 sidera.
3367 1830 3554 1877 saneta

254 1916 484 1960 numero
512 1904 702 1958 matris
731 1908 787 1959 et
813 1901 1097 1967 vocabulo,
1127 1902 1252 1957 licet
1282 1907 1387 1955 non
1414 1898 1733 1955 naturaliter
1762 1899 1846 1954 vel
1883 1898 1924 1959 Β
1950 1910 2115 1965 super
2136 1912 2331 1955 omnes
2357 1898 2608 1967 feminas,
2640 1900 2795 1973 cujus
2819 1903 2929 1958 vita
2953 1903 3153 1976 inclyta
3178 1914 3402 1961 cunctas
3424 1906 3552 1961 illu-

251 1993 494 2066 proprie,
521 1995 663 2050 sicut
704 1995 839 2065 ipsa,
887 1993 1152 2063 deputari.
1200 1993 1316 2063 Ipse
1351 2006 1582 2061 namque
1615 1989 1850 2063 Virginis

252 2086 422 2142 Filius
445 2087 610 2142 dicit:
657 2087 717 2143 Si
759 2087 876 2158 quis
911 2086 1091 2155 fecerit
1140 2082 1320 2138 Patris
1365 2084 1466 2138 mei
1506 2082 1846 2148 voluntatem,

246 2180 359 2246 ipse
392 2196 537 2233 meus
561 2179 728 2248 frater
748 2189 796 2232 et
824 2192 976 2232 soror
998 2185 1045 2231 et
1072 2185 1239 2231 mater
1260 2186 1333 2229 est
1359 2172 1576 2246 (Matth.
1602 2189 1702 2238 χιι,
1731 2173 1842 2246 50).

246 2271 359 2326 Nos
389 2287 520 2340 ergo
560 2272 695 2327 nihil
727 2266 1173 2340 concupiscamus
1204 2280 1505 2332 terrenum,
1531 2265 1667 2321 nihil
1698 2276 1847 2320 tran-

244 2360 519 2427 si'orium,
556 2372 629 2428 et,
660 2363 805 2434 quod
827 2362 893 2416 ad
920 2376 1159 2432 praesens
1187 2368 1271 2414 est
1294 2358 1372 2414 sic
1400 2367 1461 2412 ut
1488 2356 1841 2413 delectemur.

243 2453 473 2509 Omnem
502 2454 670 2508 risum
703 2467 802 2523 pro
828 2452 977 2507 luctu
1019 2452 1356 2522 deputemus,
1385 2457 1438 2505 et
1465 2447 1720 2518 gaudium
1746 2460 1845 2517 pro

244 2561 504 2612 num-ore,
536 2554 590 2599 et
623 2545 881 2599 mundum
924 2559 1025 2614 pro
1074 2556 1314 2597 carcere.
1364 2539 1514 2595 Mens
1553 2556 1674 2611 qua:
1717 2539 1845 2596 soli-

242 2638 369 2693 data
419 2638 473 2693 in
523 2636 741 2691 Christo
782 2638 1087 2706 permanet,
1141 2633 1344 2688 nullum
1390 2632 1443 2686 in
1490 2632 1593 2686 hoc
1645 2630 1843 2686 stmulo

240 2733 441 2800 quaerit
469 2722 750 2803 gaudium,
781 2727 925 2783 unde
954 2726 1232 2790 Salomon,
1259 2724 1477 2779 Nullum
1504 2732 1608 2788 est,
1643 2723 1840 2792 inquit,

239 2823 496 2894 gaudium
521 2818 622 2878 nisi
649 2822 702 2877 in
732 2820 960 2875 Domino
983 2836 996 2885 ;
1022 2816 1150 2873 hinc
1180 2816 1374 2871 David:
1409 2815 1663 2879 Gaudete,
1689 2815 1838 2883 iusti,

239 2917 294 2969 in
324 2915 547 2969 Domino
574 2910 746 2985 (Psal.
778 2928 893 2977 ut,
925 2911 1035 2981 li).
1068 2908 1133 2965 Et
1163 2911 1289 2965 item
1318 2926 1330 2963 :
1362 2907 1429 2964 In
1470 2907 1697 2962 Domino
1722 2907 1840 2961 lau-

238 3004 452 3060 dabitur
486 3006 661 3060 anima
693 3022 828 3069 mea,
860 3014 908 3059 et
933 3004 1111 3058 anima
1158 3019 1270 3056 utea
1314 3001 1595 3057 exsultabit
1636 3001 1691 3055 in
1727 2999 1837 3054 Do-

237 3094 380 3151 mino
414 3094 586 3167 (Psal.
623 3111 818 3161 χχχιιι,
867 3092 943 3167 5).
976 3094 1085 3149 Et:
1136 3093 1327 3149 Anima
1368 3110 1484 3147 mea
1522 3094 1657 3147 sicut
1695 3100 1836 3147 terra

234 3190 350 3245 sine
372 3207 509 3261 aqua
540 3188 634 3243 tibi
662 3185 834 3261 (Psal.
859 3204 1024 3253 cxmt,
1054 3185 1130 3257 6).
1180 3187 1313 3242 Nam
1341 3186 1469 3257 quid
1500 3185 1564 3240 de
1596 3198 1833 3255 praesen-

236 3282 381 3337 tibus
412 3249 618 3338 tantum
654 3249 909 3344 exsultat,
954 3249 1048 3350 qui
1087 3249 1290 3333 aeterna
1320 3249 1427 3331 non
1472 3249 1827 3346 concupiscit,
1858 3249 1903 3311 Ω

235 3371 328 3441 qui
351 3386 474 3426 cum
502 3370 755 3424 laudatur
782 3369 1075 3434 extollitur,
1106 3381 1230 3423 cum
1258 3366 1599 3437 vituperatur
1621 3364 1831 3435 magnis

236 3461 528 3518 iracundiae
577 3461 813 3517 stimulis
848 3462 1175 3531 exagitatur,
1222 3459 1364 3516 hanc
1405 3459 1826 3515 exsultationem

232 3553 527 3611 electorum
548 3553 750 3608 habere
776 3568 883 3608 non
909 3554 1129 3623 poterit.

302 3667 361 3723 ln
397 3682 503 3737 qua
550 3682 679 3721 vero
724 3680 849 3720 arce
879 3664 1201 3719 humilitatis
1230 3664 1419 3719 eadem
1465 3664 1623 3733 beata
1660 3661 1827 3740 Virgo

228 3760 551 3832 perstiterit,
586 3759 714 3814 hinc
751 3757 957 3827 liquido
1001 3763 1246 3829 apparet,
1293 3755 1438 3824 quod
1484 3754 1705 3810 nuntius
1742 3755 1827 3808 ln-

229 3850 562 3906 carnationis
595 3848 817 3911 Christi,
847 3846 938 3902 ubi
970 3843 1085 3915 jam
1123 3852 1320 3898 cuncta
1344 3843 1556 3898 steculis
1583 3843 1823 3898 inaudita

229 3941 406 3997 eidem
434 3939 597 3994 matri
622 3946 826 3995 sanctae
850 3935 1058 4007 Virgini
1089 3934 1299 3998 retulit,
1329 3933 1397 3988 ad
1429 3932 1675 3989 ultimum
1706 3933 1821 4004 ipsa

230 4032 569 4104 responderit
595 4030 799 4111 :5Ecce,
829 4029 1099 4099 inquiens,
1126 4024 1324 4079 ancilla
1358 4024 1568 4079 Domini
1596 4023 1746 4094 (Luc.
1782 4039 1819 4088 I,

227 4126 340 4197 58).
398 4125 444 4182 Ο
487 4133 687 4196 quanta
741 4123 915 4178 virtus
958 4118 1044 4177 est
1090 4117 1433 4182 humilitatis,
1473 4132 1636 4187 super
1660 4132 1819 4186 quem

226 4216 484 4274 Dominus
514 4219 696 4274 venire
721 4216 1010 4287 dignatur:
1049 4216 1220 4285 Super
1241 4227 1414 4283 quem,
1461 4208 1637 4281 inquit
1673 4210 1821 4266 Scri-

225 4317 400 4378 ptura,
453 4311 733 4381 requiescet
788 4307 1067 4370 Dominus,
1124 4304 1227 4357 nisi
1275 4318 1431 4373 super
1471 4300 1722 4356 humilem
1769 4311 1819 4357 et

222 4401 450 4471 quietum
476 4412 524 4456 et
564 4409 867 4457 trementem
900 4399 1053 4455 verba
1089 4415 1190 4453 sua
1217 4394 1352 4469 (Isa.
1378 4411 1526 4460 sxw,
1552 4394 1630 4465 2).
1679 4394 1816 4451 llinc

225 4492 366 4547 inter
402 4501 627 4548 caeteras
655 4490 1021 4548 heatitudines
1067 4487 1343 4547 lmmilitas
1373 4486 1653 4551 inseritur,
1697 4485 1816 4542 Sal-

1948 1995 2086 2044 strat
2109 1990 2393 2058 ecclesias,
2419 1992 2739 2065 languentes
2765 2003 2942 2061 sanat,
2981 1997 3224 2067 perditos
3258 1998 3552 2065 instaurat,

1947 2094 2210 2153 spemque
2233 2083 2536 2156 desperatis
2563 2086 2811 2157 inspirat.
2847 2087 2973 2145 Haac
3002 2098 3086 2145 est
3112 2100 3290 2146 mater
3325 2090 3547 2158 Christi,

1947 2187 2068 2241 quae
2088 2173 2344 2243 pacificus
2366 2186 2577 2233 mentes
2601 2177 2862 2246 illustrat;
2893 2179 3015 2236 laeta
3037 2180 3091 2235 in
3113 2183 3547 2251 proficientibus,

1946 2258 2221 2317 fructuosa
2241 2262 2293 2317 in
2305 2265 2717 2334 paenitentibus,
2731 2266 2965 2338 gloriosa
2982 2268 3035 2324 in
3051 2272 3545 2338 perseverantibus,

1945 2350 2236 2409 victoriosa
2268 2356 2320 2410 in
2367 2357 2788 2413 transeuntibus.
2822 2357 2950 2413 litae
2991 2368 3097 2425 est,
3137 2360 3383 2430 inquam,
3430 2363 3546 2418 haec

1944 2453 2028 2500 est
2060 2444 2225 2519 Virgo
2251 2448 2431 2511 beata,
2466 2464 2586 2519 qua:
2634 2450 2848 2505 beatam
2891 2464 2951 2505 se
2997 2450 3067 2505 ab
3102 2453 3356 2508 onmibus
3383 2467 3545 2523 gene-

1944 2536 2246 2594 rationibus
2297 2539 2628 2606 manifestat,
2679 2556 2746 2596 eo
2808 2541 2952 2612 quod
3010 2538 3129 2610 ejus
3178 2541 3540 2599 humilitatem

1941 2628 2242 2699 respexerit
2272 2630 2433 2687 Deus.

2010 2738 2142 2813 Age,
2175 2742 2484 2800 beatissima
2519 2744 2611 2802 Dei
2640 2745 2872 2817 genitrix
2900 2764 2915 2814 ;
2940 2745 3046 2811 dic,
3085 2757 3145 2802 ut
3173 2758 3388 2805 resonet
3434 2766 3537 2807 vox

1940 2838 2031 2887 tua
2066 2840 2178 2888 toto
2208 2843 2474 2890 terrarum
2498 2836 2665 2892 orbe:
2699 2837 2783 2893 eia
2815 2853 2979 2894 voces
3006 2840 3216 2905 emitte,
3249 2838 3375 2911 quia
3405 2840 3455 2895 in
3483 2849 3538 2900 te

1939 2912 2176 2995 δῖήιιίιιιδ
2206 2938 2427 2985 sanctus
2460 2929 2676 2997 clamat,
2720 2930 2773 2985 in
2810 2939 2863 2986 te
2891 2931 3133 2989 Ecclesia
3175 2935 3417 3004 quotidie
3452 2950 3541 2994 re-

1937 3023 2113 3070 sonat.
2148 3016 2246 3073 Dic
2278 3035 2447 3091 ergo:
2484 3018 2630 3074 Fecit
2670 3020 2802 3074 mihi
2846 3018 3104 3077 Dominus
3148 3041 3365 3095 magna,
3406 3010 3535 3096 quia

1934 3115 2115 3177 potens
2142 3117 2219 3162 est
2248 3106 2400 3180 (Luc.
2434 3125 2471 3173 ι,
2503 3108 2617 3181 i9).
2647 3108 2777 3177 Quae
2810 3115 2990 3166 tamen
3021 3127 3213 3182 magna
3242 3111 3367 3167 fecit
3389 3112 3537 3168 iste?

1935 3201 2093 3285 quale
2112 3212 2197 3260 est
2223 3220 2418 3292 nomen
2448 3205 2608 3275 ejus?
2634 3205 2834 3260 Potens
2860 3213 2948 3261 est
2976 3215 3031 3261 et
3051 3216 3297 3262 sanctum
3332 3222 3528 3263 nomen

1933 3293 2071 3365 ejus.
2099 3295 2230 3363 Qua:
2257 3310 2384 3367 ergo
2429 3296 2566 3353 inte
2599 3296 2727 3353 fecit
2767 3312 2964 3369 magna
3014 3296 3244 3354 Creator
3286 3298 3527 3363 universi

1931 3384 2125 3441 orbis?
2159 3385 2239 3441 Ex
2272 3394 2342 3454 tc,
2385 3402 2506 3459 qua:
2531 3401 2654 3442 eras
2680 3395 2932 3443 creatura
2958 3387 3098 3458 ejus,
3142 3389 3294 3444 nasci
3340 3389 3524 3461 digna-

1929 3489 2037 3537 tur.
2094 3481 2187 3539 Dic
2215 3498 2365 3554 ergo,
2416 3482 2669 3554 gloriosa,
2705 3482 2963 3540 audiatur
3005 3500 3110 3540 vox
3156 3484 3210 3539 in
3251 3486 3525 3549 excelsis:

1928 3574 2254 3629 cum'esscm
2282 3574 2503 3630 humilis
2528 3574 2728 3645 puella,
2772 3573 2949 3645 p‘lacui
2996 3575 3127 3647 regi,
3159 3575 3251 3646 qui
3282 3576 3524 3635 sublimis

1925 3672 2011 3718 est
2030 3680 2192 3735 super
2209 3674 2387 3731 astra;
2413 3675 2611 3721 etcum
2633 3682 2810 3722 essem
2833 3666 3154 3736 desponsata
3178 3666 3294 3722 viro
3318 3665 3523 3735 Judarq,

1926 3758 2103 3828 placui
2134 3744 2262 3815 Deo.
2303 3760 2429 3816 Ideo
2469 3759 2666 3831 placui,
2695 3768 2754 3815 ut
2789 3776 2886 3831 per
2912 3776 2996 3814 me
3024 3759 3282 3814 mundum
3317 3758 3517 3814 illumi-

1926 3861 2102 3905 naret.
2139 3851 2184 3907 Ο
2210 3852 2584 3908 dilectissimi!
2635 3868 2772 3923 quas
2810 3852 2996 3908 laudes
3039 3851 3164 3906 huic
3190 3852 3362 3906 bcaL'e
3394 3851 3519 3906 Vir-

1925 3940 2036 4012 gini
2075 3941 2339 4011 fragilitas
2383 3949 2570 3996 nostra
2603 3939 2807 3995 referre
2838 3941 3061 4011 potest?
3110 3956 3209 4010 per
3236 3957 3398 4011 quant
3428 3956 3517 3996 rc-
3606 3970 3613 3975 -

1923 4038 2237 4103 cuperatum
2263 4039 2348 4085 est
2388 4046 2561 4102 genus
2599 4029 2937 4096 lmmanum;
2986 4045 3083 4100 per
3112 4045 3274 4101 quam
3311 4029 3515 4085 aditum

1923 4126 2230 4183 invenimus
2262 4124 2411 4197 regni
2441 4124 2702 4182 emlestis.
2731 4121 2849 4194 Ipsa
2880 4132 2965 4178 est
2986 4138 3106 4193 qua:
3139 4122 3256 4177 sine
3280 4122 3541 4179 humano-

1919 4220 2128 4275 semine
2170 4219 2446 4275 caelestem
2489 4218 2715 4290 protulit
2760 4233 2955 4289 panem
3002 4216 3222 4281 saeculo,
3271 4216 3384 4287 ipsa
3431 4226 3516 4272 est

1917 4324 2038 4380 qua:
2085 4307 2399 4381 dignitatem
2452 4308 2730 4382 genitricis
2783 4306 3036 4371 obtinuit,
3090 4314 3146 4361 et
3190 4306 3513 4377 virginalem

1916 4399 2234 4471 pudicitiam
2263 4415 2370 4457 non
2402 4401 2588 4457 amisit
2613 4419 2625 4454 :
2657 4415 2723 4454 ex
2756 4398 2872 4469 ipsa
2898 4405 3053 4454 ortus
3081 4405 3165 4452 est
3184 4396 3262 4452 sol
3282 4394 3512 4477 justitia:

1914 4489 2166 4547 Christus
2194 4491 2339 4549 Deus
2382 4501 2588 4560 noster,
2632 4491 2723 4561 qui
2766 4489 2949 4545 mundi
3001 4490 3252 4544 tenebras
3279 4490 3507 4560 prpulit,

222 4595 407 4643 vatore
434 4596 706 4645 testante:
740 4587 891 4643 Beati
928 4603 1179 4658 pauperes
1204 4585 1412 4656 spiritu,
1440 4585 1690 4656 quoniam
1731 4601 1814 4638 re-
1842 4604 1891 4665 ο
1915 4589 1971 4636 et
1994 4578 2206 4653 fulgore
2235 4581 2357 4640 fidei
2378 4599 2479 4639 nos
2504 4580 2873 4654 perlustravit.
2896 4578 3045 4645 ideo,
3072 4579 3291 4644 fratres,
3311 4579 3509 4649 glorio-

220 4695 379 4750 gmtm
408 4678 657 4734 etzlorum
680 4689 755 4735 est
783 4678 853 4733 ad
881 4679 1021 4749 ipsos
1067 4676 1283 4747 (Matth.
1310 4692 1363 4740 v,
1389 4675 1465 4747 5).
1499 4674 1634 4730 llinc
1670 4674 1814 4730 Psal-

220 4770 407 4825 mista:
433 4769 691 4825 Dominus
709 4767 936 4823 humiles
956 4768 1145 4839 spiritu
1166 4765 1389 4821 salaabit
1413 4762 1585 4830 (Psal.
1616 4780 1809 4829 xxxnt,

221 4859 328 4930 19).
358 4859 473 4915 Non
502 4859 756 4925 immites,
783 4859 939 4922 dixit,
964 4872 1193 4929 corpore
1237 4855 1486 4920 salvabit,
1515 4856 1610 4910 sed
1636 4855 1815 4910 humi-

218 4951 295 5006 les
339 4950 578 5023 spiritu;
631 4951 760 5008 hinc
806 4951 1100 5024 Apostolus
1147 4951 1215 5006 ad
1262 4951 1366 5005 hoc
1416 4949 1686 5013 admonet,
1722 4948 1809 5003 in-

218 5041 443 5112 quiens:
489 5039 862 5099 Humiliamini
906 5042 1004 5098 sub
1032 5042 1230 5114 potenti
1271 5056 1435 5095 manu
1472 5038 1594 5102 Dei,
1627 5048 1683 5092 ut
1713 5055 1811 5094 nos

216 5132 404 5189 exultet
444 5134 503 5188 in
529 5143 762 5207 tempore
793 5134 1108 5190 uisitationis
1147 5130 1201 5204 (I
1224 5131 1370 5186 Petr.
1391 5146 1446 5205 v,
1470 5130 1549 5204 6).
1601 5131 1670 5186 Et
1696 5131 1811 5201 ipse

214 5227 474 5285 Dominus
502 5229 570 5285 de
595 5244 657 5284 se
687 5229 1004 5300 discipulis:
1056 5226 1253 5282 Discite
1287 5243 1319 5280 a
1366 5243 1447 5280 me
1492 5226 1617 5297 quia
1666 5225 1808 5281 mitis

1915 4688 2032 4727 sam
2072 4674 2345 4747 Virginem
2391 4675 2659 4747 supplices
2688 4688 2993 4736 exoramus,
3046 4680 3105 4726 ut
3154 4689 3253 4728 nos
3299 4674 3510 4729 meritis

1914 4775 2228 4822 sanctorum
2272 4767 2513 4838 impares
2535 4767 2724 4837 culpas
2757 4772 2973 4821 nostras
3012 4765 3220 4820 orando
3259 4772 3505 4829 excuset,

1913 4858 2167 4914 admittat
2187 4866 2401 4915 nostras
2425 4872 2615 4931 preces
2631 4859 2771 4914 intra
2794 4857 3093 4914 sacrarium
3116 4856 3503 4921 exauditionis,

1912 4959 1968 5005 et
1992 4958 2232 5019 reportet
2260 4950 2490 5020 gratiam
2519 4950 2995 5005 reconciliationis.
3029 4949 3113 5006 Sit
3134 4966 3235 5021 per
3256 4966 3377 5006 eam
3408 4966 3505 5006 εις-ι

1914 5041 2156 5099 cusabilc
2182 5041 2327 5113 quod
2371 5040 2719 5112 deliquimus,
2758 5040 2992 5111 accipiat
3018 5043 3161 5112 quod
3200 5038 3503 5107 offerimus,

1911 5133 2161 5203 impetret
2213 5132 2358 5203 quod
2411 5146 2688 5203 rogamus,
2744 5140 2973 5188 excuset
3025 5133 3171 5204 quod
3224 5126 3497 5188 timemus.

1907 5224 2096 5280 Audco
2120 5223 2325 5289 dicere,
2374 5222 2593 5289 fratres,
2642 5225 2769 5294 quia
2796 5223 3001 5279 nullum
3048 5230 3357 5278 sanctorum
3389 5231 3499 5280 tam

215 5338 328 5376 sum
353 5331 403 5376 et
442 5320 656 5377 humilis
694 5319 850 5374 corde
893 5318 1109 5392 (Matth.
1146 5335 1222 5384 ιιι,
1258 5316 1370 5387 29).
1425 5315 1519 5372 Dei
1569 5316 1805 5388 genitrix
1904 5322 2180 5386 potentem
2203 5315 2414 5373 meritis
2437 5314 2737 5371 invenimus
2757 5314 2823 5369 ad
2846 5315 3158 5386 placandam
3182 5315 3317 5371 iram
3340 5324 3496 5372 teter-

218 5415 372 5487 hujns
419 5422 622 5471 sancta:
668 5413 994 5469 humilitatis
1049 5414 1251 5483 vjrtute
1292 5410 1553 5481 pollebat,
1593 5409 1806 5466 dicente

217 5508 370 5577 ipsa:
420 5506 665 5577 Respexit
712 5505 970 5561 Dominus
1017 5502 1367 5557 humilitatem
1405 5501 1615 5557 ancillis
1665 5519 1799 5567 siue,

1908 5408 1963 5463 ni
1994 5407 2214 5479 judicis,
2246 5422 2410 5478 quam
2451 5422 2568 5462 eam
2600 5423 2723 5477 qum
2752 5407 2951 5463 meruit
2993 5406 3109 5461 fieri
3158 5416 3333 5462 mater
3356 5408 3494 5478 ejus-

1908 5499 2031 5552 dem
2059 5494 2437 5568 Redemptoris
2461 5505 2516 5553 et
2535 5494 2755 5564 judicis.
2788 5496 3083 5552 Succurrat
3101 5512 3235 5568 ergo
3256 5497 3482 5567 miseris,

215 5612 329 5653 ecce
372 5613 437 5651 ea;
483 5599 580 5652 hoc
627 5597 833 5651 beatam
879 5611 963 5651 me
1007 5594 1181 5648 dicent
1219 5606 1397 5646 omnes
1443 5592 1800 5662 generationes
1899 5584 2055 5655 jm’et
2113 5585 2506 5658 pusillanimes).
2575 5586 2817 5641 ι’θΐονοθῑ
2885 5583 3045 5658 543
3096 5583 3319 5651 ﬂebiles.
3374 5601 3493 5645 oret

216 5691 362 5762 (Luc.
391 5706 429 5755 ι,
461 5689 573 5764 48).
615 5690 684 5746 Ει
727 5704 876 5755 vere,
907 5685 1124 5749 fratres,
1169 5683 1349 5741 omnis
1393 5681 1625 5741 mundus
1651 5697 1798 5738 eam-

215 5786 330 5839 dem
353 5792 581 5839 malretn
625 5781 833 5839 Domini
856 5794 953 5851 per
984 5784 1210 5833 cunctas
1239 5774 1615 5847 generationes
1643 5774 1794 5829 dicit.

218 5871 347 5930 Vere
374 5872 519 5930 enim
566 5873 721 5929 beata
776 5867 1078 5933 humilitas,
1128 5880 1248 5935 quae
1280 5863 1448 5922 Deum
1488 5860 1796 5920 hominibus

1903 5692 2004 5749 pro
2055 5676 2274 5749 populo,
2323 5677 2649 5734 interveniat
2685 5694 2784 5752 pro
2836 5677 3004 5747 clero,
3061 5679 3363 5736 intercedat
3393 5695 3492 5751 pro

1904 5772 2294 5828 monachorum
2323 5771 2492 5828 choro
2517 5780 2571 5829 et
2604 5782 2793 5829 exoret
2825 5789 2925 5844 pro
2956 5788 3085 5829 sexu
3114 5774 3306 5832 devoto
3335 5771 3489 5831 femi-

1902 5877 2004 5919 neo
2030 5862 2142 5918 hate
2165 5862 2326 5920 beata
2357 5876 2516 5933 Super
2561 5863 2796 5938 virgines
2821 5864 2989 5936 virgo.
3025 5861 3135 5918 Hoc
3177 5877 3482 5932 poscamus,
