3946 6186
321 305 452 360 1521

1431 303 1770 364 APPENDIX
1805 305 1868 363 ll.
1905 338 1978 350 —
2017 308 2426 367 DOGMATICA.

3415 313 3551 368 Πιἳὲ

317 418 498 492 tientia
529 433 579 492 vi
607 416 794 474 diebus
831 417 1358 492 Dominicis,__xxxuet
1388 435 1438 472 νι
1464 421 1616 492 quasi
1634 419 1882 492 idecima-
1907 425 1956 482 Α
1985 431 2230 479 sanctum
2271 417 3007 492 Paschalem,iquadragiutar
3035 429 3212 477 tamen
3235 423 3349 478 dies
3378 438 3554 477 rema-

319 489 394 542 tio
425 488 549 541 anui
603 498 878 542 remanent
904 487 1199 558 jejunandi.
1255 487 1877 558 lllzequeihebdomadze,

295 557 445 630 -licet
480 558 732 620 habeant,
777 566 837 611 ut
865 559 1118 630 diximus,
1151 574 1218 630 xi.
1245 570 1299 612 et
1321 574 1358 611 ιι
1385 559 1529 630 dies,
1577 557 1886 630 Quadrage-

317 629 508 697 simam
565 633 742 680 tamen
777 628 1000 697 sanctis
1049 627 1300 697 Patribus
1346 627 1547 697 placuit
1591 627 1881 697 appellare.

317 695 518 777 Deinde
563 696 1051 778 teniporibu‘s‘suis
1086 696 1404 777 Telesperus
1459 695 1883 778 [Telesphorus],

319 765 414 833 qui
451 781 642 835 nonus,
678 776 798 835 post
838 765 1053 818 Petrum
1100 766 1396 834 principem
1424 765 1785 834 apostOIOrum
1832 765 1887 820 in

317 843 501 889 sancta
555 834 688 888 sede
727 835 981 888 Romana:
1035 835 1286 889 Ecclesia:
1335 835 1514 888 clarus
1565 836 1883 901 habebatur,

317 903 597 958 constituit
631 904 743 958 suis
795 904 1062 958 dioecesiis
1090 919 1187 972 per
1227 920 1300 958 vn
1333 902 1697 958 hebdomadas
1724 906 1890 959 absti—

318 973 558 1027 nentiam
587 975 876 1027 observare
904 990 917 1026 :
955 975 1096 1042 quod
1127 975 1304 1029 adhuc
1353 973 1552 1028 multos
1575 974 1755 1028 facere
1779 989 1885 1029 non

318 1043 654 1113 ignoramus,
705 1059 824 1111 quae
873 1043 1074 1113 habent
1114 1058 1266 1111 teque
1315 1044 1429 1098 dies
1476 1044 1884 1113 quinquaginta.

317 1111 472 1178 Quod
504 1120 715 1180 tempus
749 1120 876 1166 tunc
912 1111 1158 1167 ﬁdelibus
1193 1113 1400 1167 duabus
1426 1111 1695 1167 ex’cauSis
1717 1111 1886 1178 Quin-

319 1181 684 1251 quagesimam
734 1181 935 1250 placuit
987 1182 1255 1251 appellare
1284 1198 1298 1246 ;
1331 1182 1414 1235 vel
1449 1183 1570 1250 quia
1619 1183 1671 1235 in
1701 1183 1889 1235 ordine

317 1252 826 1332 quinquagesimus.
856 1268 1112 1307 numerus
1165 1261 1296 1332 post
1337 1251 1888 1332 quadragesimum-iu

318 1320 588 1376 locutione
625 1320 829 1391 vulgari
879 1331 1126 1386 constat;
1159 1322 1243 1375 vel
1299 1320 1424 1390 quia
1478 1320 1674 1376 exinde
1706 1338 1737 1375 ι.
1774 1321 1890 1376 dies

317 1400 463 1453 sunt,
503 1405 673 1458 usque
704 1391 772 1444 ad
807 1400 1050 1446 sanctam
1087 1391 1499 1446 resurrectionis
1525 1391 1690 1445 diem.

389 1461 526 1515 Ecce
557 1461 786 1524 habetis,
820 1462 959 1514 unde
993 1462 1136 1516 dicta
1159 1470 1242 1516 est
1269 1460 1756 1531 Quinquagesima._
1782 1459 1891 1514 Sed

321 1530 458 1584 forte
482 1538 728 1583 movetur
760 1531 1022 1584 industria
1067 1540 1269 1596 vestra,
1298 1547 1396 1584 cur
1422 1529 1710 1600 prze'dictus
1731 1529 1891 1583 Pater

319 1601 641 1669 Telesperus
671 1617 699 1669 ι.
733 1600 847 1654 dies
902 1601 1139 1654 traderet
1192 1599 1584 1656 abstinendos?
1616 1599 1722 1653 Sed
1746 1599 1889 1653 dicta

321 1668 494 1724 istius
515 1668 862 1740 manifestam
883 1685 1004 1723 eum
1030 1679 1212 1740 typum
1237 1671 1448 1724 Domini
1476 1679 1530 1725 et
1565 1670 1891 1740 Redempto-

320 1741 398 1795 ris
429 1738 634 1800 mundi,
686 1740 738 1792 in
792 1738 1064 1807 quantum
1095 1749 1272 1808 potest
1320 1741 1552 1793 humana
1602 1739 1887 1808 fragilitas,

319 1809 523 1864 imitari
550 1809 813 1890 voluisse,
835 1809 926 1877 qui
970 1809 1024 1862 in
1069 1824 1294 1890 corpore
1331 1810 1553 1890 densam
1601 1810 1892 1890 assumpsit

319 1887 589 1940 naturam,
620 1895 686 1932 tu.
710 1878 898 1932 diebus
938 1877 1208 1934 continuis
1242 1881 1310 1934 ab
1349 1879 1584 1933 humano
1612 1880 1731 1934 cibo
1753 1877 1894 1948 jeju—

321 1949 486 2003 navit.
524 1948 567 2000 A
595 1949 868 2016 praedictis
915 1948 1113 2003 etenim
1143 1966 1174 2003 L
1200 1950 1409 2014 diebus,
1441 1949 1486 2004 si
1515 1964 1611 2002 vni
1641 1947 1767 2003 dies
1784 1947 1891 2002 Do-

321 2019 545 2073 miuicos
572 2019 637 2071 de
694 2019 1018 2074 abstinentia
1067 2019 1423 2082 retraxeritis,
1475 2035 1542 2073 xi.
1571 2028 1624 2073 et
1654 2034 1692 2072 ιι
1719 2019 1885 2073 absti-

321 2089 517 2143 nentia:
539 2089 880 2156 deputantur.
912 2087 1016 2143 Sed
1040 2089 1114 2143 illi
1143 2089 1268 2152 duo,
1290 2090 1383 2158 qui
1407 2089 1892 2158 quadragenarium

321 2174 603 2213 numerum
639 2159 923 2230 excedunt,
958 2175 1208 2230 magnum
1247 2157 1384 2230 inse
1411 2157 1690 2230 continent
1716 2172 1896 2212 sacra-

321 2237 581 2283 mentum.
624 2228 879 2298 iQuorum
916 2226 1071 2298 prior
1116 2229 1282 2284 Caana
1315 2227 1551 2298 Domini,
1584 2226 1722 2280 alter
1763 2241 1893 2280 vero

323 2299 581 2353 Sanctum
615 2297 929 2351 Sanbatum’
950 2298 1275 2352 nominatur.
1309 2297 1454 2363 Quos
1500 2297 1627 2350 licet
1661 2309 1894 2349 canones

323 2370 668 2423 abstinendus
715 2369 1109 2448 constituant,“
1134 2377 1314 2448 tamen
1339 2374 1558 2448 propter
1583 2379 1893 2420 sacramen—

324 2449 436 2494 tum
467 2454 619 2492 suum
647 2437 800 2491 valde
821 2439 1032 2492 caeteris
1058 2439 1336 2493 liberiores
1369 2437 1624 2491 existunt.

396 2508 740 2562 l’ostmodum
795 2523 923 2562 vero
978 2507 1300 2563 Melchiades
1358 2505 1621 2576 pontifex,
1670 2504 1894 2576 natione

323 2579 467 2637 Afer,
507 2579 596 2646 qui
631 2579 930 2632 tricesimus
969 2587 1193 2647 quartus
1227 2573 1641 2646 post—sanctum
1669 2573 1888 2647 Petrum

325 2650 376 2702 in
413 2645 648 2701 ltoiuana
677 2649 915 2702 Ecclesia
943 2645 1265 2716 apostolicus
1310 2647 1433 2713 fuit,
1470 2647 1559 2700 hic
1588 2645 1888 2716 constituit,

323 2729 380 2771 ut
410 2734 566 2771 nemo
619 2715 1046 2784 pnesumeret’in
1105 2719 1276 2788 prima
1308 2718 1389 2772 vel
1439 2716 1492 2788 in
1517 2716 1704 2788 quinta
1752 2715 1890 2788 fe_ria

313 2788 578 2866 jejunium
609 2801 767 2856 agere
791 2805 803 2868 ε
839 2789 891 2840 in
923 2784 1122 2868 prima,
1168 2797 1389 2869 propter
1430 2784 1763 2869 Doniiiiicam
1790 2784 1894 2866 Re-

323 2855 712 2912 surrectionem
738 2873 751 2920 ;
789 2857 841 2910 in
869 2855 1075 2926 quinta,
1102 2855 1225 2926 quia
1270 2855 1334 2910 in
1366 2873 1429 2911 ea
1453 2855 1687 2911 cmnavit
1709 2855 1890 2908 Domi-

321 2944 422 2981 nus
471 2942 590 2981 cum
649 2927 922 2994 discipulis
978 2928 1128 2991 suis;
1172 2937 1228 2981 et
1281 2926 1468 2981 eadem
1522 2926 1756 2996 gloriosa
1807 2932 1891 2979 est

318 2996 634 3050 ascensione
658 2997 972 3066 honoratus.
1007 2997 1156 3051 Tunc
1179 2997 1381 3066 placuit
1411 2995 1681 3059 ﬁdelibus,
1704 3005 1763 3066 ut
1791 3008 1888 3066 Vlll

275 3121 286 3127 ,
321 3067 686 3136 hebdomadas
738 3064 938 3136 jejunio
985 3062 1316 3131 dedicarem,
1361 3075 1414 3119 et
1444 3066 1671 3135 primam
1708 3062 1890 3119 Domi-

319 3140 496 3190 nicam
526 3132 926 3204 SexageSimam
959 3137 1298 3190 nominarent
1323 3154 1335 3189 :
1365 3132 1468 3190 non
1496 3143 1716 3204 propter
1737 3148 1890 3188 sexa-
1914 3132 1960 3194 C

318 3206 598 3276 genarium
627 3203 831 3260 dierum
866 3221 1168 3269 numerum,
1208 3208 1346 3260 sicut
1393 3203 1554 3274 supra
1596 3203 1892 3276 Quinquat-

320 3273 578 3346 gesimam
602 3292 631 3330 a
658 3277 1118 3346 quinquagenaria
1149 3277 1354 3331 dierum
1384 3273 1608 3346 numero
1631 3273 1889 3345 appellari

322 3345 479 3417 posse
516 3347 747 3401 diximus
767 3387 780 3409 ,
808 3345 914 3401 sed
933 3355 1151 3417 propter
1171 3363 1324 3400 usum
1357 3345 1639 3400 locutionis
1668 3352 1882 3417 nostr-.3,

320 3416 445 3488 quia
493 3418 632 3470 sicut
665 3415 1077 3488 quadragesimo
1131 3432 1352 3488 numero
1386 3415 1885 3486 quinquagesimus,

323 3487 394 3540 ita
448 3488 810 3568 sexagesimus
871 3487 1265 3568 Septuagesimo
1323 3501 1546 3566 numero
1603 3489 1888 3568 coaptatur

320 3554 592 3627 congrum
618 3558 657 3608 A
693 3554 1036 3627 Sexagesima
1063 3554 1290 3626 namque
1313 3571 1480 3626 usque
1511 3556 1564 3609 in
1591 3554 1884 3627 secundum

322 3624 466 3680 diem
498 3624 928 3682 Resurrectioiiis
963 3627 1169 3681 Domini
1204 3624 1330 3681 octo
1364 3624 1509 3690 sunt,
1540 3633 1601 3678 ut
1633 3625 1887 3688 diximus,

321 3695 691 3765 hebdomadaz.
742 3696 783 3748 E
818 3698 1010 3764 quibus
1055 3697 1289 3765 singulis
1308 3697 1351 3749 si
1376 3695 1605 3765 primam
1641 3703 1706 3765 et
1735 3695 1877 3762 quin-

323 3773 432 3834 tam
462 3763 685 3834 feriam,
743 3773 815 3818 ut-
838 3763 1070 3834 magnus
1119 3763 1358 3834 pontifex
1380 3763 1719 3834 ’Melchiades
1756 3778 1887 3834 con-

322 3833 517 3899 stituit,
579 3835 647 3888 de
682 3830 1008 3888 abstinentia
1051 3830 1401 3898 subtraxeris,
1461 3841 1515 3885 et
1553 3832 1726 3901 ipsum
1748 3830 1892 3886 diem

1987 502 2117 618 plant
2162 490 2486 572 abstinendi,
2517 491 2584 544 ad
2611 490 2964 546 imitationem
2995 491 3206 548 Domini
3235 494 3405 547 nostri
3435 492 3555 547 Iesu

2073 573 2211 614 risu.

2033 562 2211 615 hristi.

2060 629 2520 698 Septuagesimam
2571 643 2804 698 namque
2861 628 2983 683 ideo
3021 645 3049 683 a
3093 630 3335 685 fidelibus
3384 629 3559 685 fertur

1988 699 2270 762 celebrari,
2330 707 2388 751 ut
2422 698 2657 752 decimas
2707 698 2912 751 dierum
2963 699 3070 754 Deo
3123 701 3368 762 reddere,
3395 709 3450 753 et
3479 701 3558 752 ni-

1988 768 2278 822 hilominus
2307 768 2534 836 primam
2565 767 2912 836 et’quintam,
2937 784 3035 822 nec
3063 785 3168 822 non
3193 781 3249 822 et
3276 771 3557 836 septimam

1988 836 2178 890 feriam
2223 837 2414 907 jejunii
2457 838 2666 905 possint
2722 837 2898 907 rigore
2937 838 3136 893 laxare.
3174 839 3219 891 Α
3268 839 3561 906 Septuage-

1989 908 2127 960 sima
2175 904 2371 976 quippe
2420 904 2589 974 usque
2623 907 2675 959 in
2722 904 2928 960 Pascha
2977 924 3166 962 novem
3213 904 3562 961 hebdomadae

1989 985 2116 1029 sunt
2167 991 2286 1045 qua:
2322 976 2525 1046 faciunt
2571 991 2639 1028 ιι
2668 983 2716 1028 et
2753 991 2830 1028 ιιιι
2885 977 3016 1046 dies.
3052 978 3130 1030 Ex
3159 977 3352 1046 quibus
3407 978 3453 1030 si
3493 978 3559 1031 de

1981 1043 2310 1114 unaquaque
2340 1043 2668 1098 hebdomada
2712 1055 2827 1114 tres
2855 1045 3107 1113 praefatos
3139 1043 3254 1101 dies
3279 1047 3562 1101 subtraxe-

1991 1114 2128 1174 ritis,
2156 1122 2479 1187 _et__sacram
2517 1115 2657 1187 diem
2709 1113 3022 1187 Praschalem
3074 1133 3184 1187 xxx
3236 1126 3290 1170 et
3324 1132 3383 1170 ιιι
3413 1115 3556 1187 μεθ.

1988 1183 2478 1257 xxxv1]_dies_pro_
2509 1185 2884 1257 decimatione,
2917 1194 2977 1257 ut
3010 1187 3063 1240 in
3117 1183 3558 1257 Quatiragesima,

1984 1252 2278 1325 jejunatis.
2309 1252 2528 1325 Videtis,
2561 1254 2702 1324 quod
2737 1255 2810 1317 hi,
2839 1255 2931 1323 qui
2968 1271 3082 1320 sex,
3130 1264 3183 1309 et
3214 1257 3290 1321 hi,
3339 1252 3434 1325 qui
3463 1272 3559 1309 no-

1990 1337 2110 1375 vem
2146 1323 2505 1377 hebdomadas
2545 1325 2883 1377 abstinentia:
2931 1325 3302 1389 decreverunt,
3327 1323 3564 1380 decimas

1990 1391 2198 1445 dierum
2246 1392 2356 1447 Deo
2406 1394 2523 1462 pari
2575 1402 2760 1448 tenore
2806 1394 3076 1448 reddendo
3109 1397 3454 1449 concordant.
3497 1395 3561 1448 Hi

1990 1474 2140 1527 vero,
2173 1461 2266 1531 qui
2296 1471 2526 1534 septem,
2562 1472 2616 1516 et
2645 1463 2723 1534 hi,
2760 1464 2851 1532 qui
2883 1475 3005 1517 octo
3033 1465 3394 1519 hebdomadas
3424 1463 3564 1534 jeju-

1991 1545 2130 1604 nare
2147 1532 2496 1604 praecipiunt1
2518 1532 2803 1604 aequaliter
2843 1534 3200 1604 quadraginta
3255 1535 3368 1589 dies
3397 1532 3565 1588 absti-

1992 1601 2170 1672 nendo
2200 1602 2425 1671 vestigia
2468 1601 2684 1655 Domini
2718 1601 2966 1656 videntur
2996 1601 3230 1672 assequi.
3262 1604 3354 1658 Ille
3381 1614 3561 1658 autem

1993 1669 2084 1737 qui
2139 1669 2435 1742 Sabbatum
2497 1671 2687 1724 statuit
2751 1669 3151 1742 honorandum,
3197 1688 3301 1727 non
3343 1683 3564 1742 pr0pter

1923 1771 1969 1829 η
1993 1740 2243 1829 mandata
2288 1741 2500 1822 legalia,
2546 1755 2667 1829 quae
2696 1741 2885 1829 umbra
2925 1751 3049 1829 sunt
3071 1740 3464 1829 veritatisfho‘c
3488 1743 3565 1799 fe-

1995 1809 2092 1873 cit,
2125 1811 2219 1866 sed
2252 1809 2376 1880 quia
2409 1811 2672 1880 requievit
2706 1810 2793 1864 die
2821 1810 2910 1865 illo
2934 1811 3188 1866 Dominus
3215 1812 3267 1866 in
3296 1812 3563 1881 sepulcro,

1995 1893 2182 1951 eoque,
2197 1887 2608 1951 vesperascente
2636 1881 2886 1951 gaudium
2923 1891 3122 1936 sancta:
3151 1882 3564 1936 resurrectionis

1995 1948 2310 2022 honoriﬁce
2341 1948 2667 2022 celebratur.
2714 1949 3034 2022 Auctorem
3100 1965 3228 2006 vero
3276 1952 3433 2022 hujus
3487 1953 3566 2006 rei

1995 2018 2334 2075 fraudulenta
2384 2020 2652 2075 oblivione
2710 2021 2854 2091 intus
2919 2020 3166 2076 veniente
3223 2036 3321 2091 per
3347 2018 3564 2076 'nomen

1994 2091 2276 2160 enuntiare
2302 2105 2406 2144 non
2427 2105 2732 2159 possumus.
2766 2089 3076 2160 Innumero
3129 2089 3324 2160 quippe
3354 2093 3565 2146 dierum

1993 2159 2374 2226 prtedictorum
2401 2168 2588 2214 cautos
2627 2175 2723 2213 vos
2751 2159 3107 2214 calculatores
3133 2159 3406 2226 adhibete,
3440 2169 3495 2216 et
3519 2162 3564 2214 si

1994 2227 2122 2299 quid
2160 2229 2574 2299 reprehenditis,
2602 2230 2953 2299 congregatis?
2991 2230 3145 2284 nobis
3168 2231 3219 2283 in
3252 2247 3415 2285 unum
3447 2247 3566 2285 cor-.

1994 2297 2388 2368 rigatur._lpso
2423 2297 2759 2368 adjuvante,_
2786 2298 2896 2368 qui,
2926 2298 3134 2368 duobus
3163 2311 3256 2353 aut
3311 2302 3483 2354 tribus
3510 2301 3565 2353 in

1994 2365 2093 2420 suo
2123 2365 2355 2437 nominis
2381 2365 2761 2437 ore'[honorel
2797 2367 3059 2424 collectis.
3094 2369 3146 2423 in
3178 2369 3354 2424 medio
3376 2384 3564 2424 eorum

1994 2450 2053 2490 se
2080 2436 2378 2492 consistere
2407 2436 2561 2491 dixit.

2024 2621 2319 2684 CAROLI
2362 2623 2622 2684 MAGNI
2660 2622 3099 2684 PRIECEPTA
3142 2622 3531 2696 QUIEDAM.

2598 2722 2820 2794 5651.

1993 2813 2318 2868 Monasterio
2357 2813 2737 2868 Cormaricensi
2778 2813 3012 2868 concedit
3055 2814 3338 2869 monachos
3372 2813 3433 2871 S.
3466 2814 3568 2869 Be-

2061 2885 2252 2937 nedicti
2276 2884 2347 2937 ibi
2382 2885 2646 2948 constitui,
2682 2894 2728 2937 et
2759 2885 3034 2952 cbnﬁrmat
3060 2885 3393 2938 donationem
3423 2885 3566 2939 illius

2059 2953 2162 3008 loci
2189 2953 2384 3022 factam
2411 2953 2727 3007 monasterio
2754 2953 2813 3008 S.
2844 2954 3064 3009 Martini
3093 2953 3402 3009 Turonensi.

1991 3041 2153 3114 (Vide
2178 3042 2498 3114 Patrologia:
2520 3052 2645 3097 tam.
2667 3042 2760 3098 XC
2775 3043 2901 3111 VII,
2927 3044 3028 3099 col.
3060 3045 3208 3116 992.)

2749 3133 2811 3188 ll.

1990 3225 2178 3280 Eidem
2220 3226 2534 3280 monasterio
2577 3225 2809 3279 concedit
2841 3224 3130 3278 libertatem
3171 3225 3234 3278 ab
3277 3225 3566 3278 exactioni-

2058 3296 2151 3351 bus
2180 3297 2359 3350 telonii
2399 3313 2494 3366 pro
2521 3294 2736 3350 navibus
2766 3294 2835 3348 ad
2870 3296 3244 3349 monasterium
3272 3297 3565 3348 necessaria

2061 3366 2430 3436 deferentibus.

1992 3420 2150 3490 (Vide
2169 3437 2323 3500 ibid.,
2350 3435 2451 3489 col.
2481 3433 2629 3505 995.)

2536 3526 2699 3597 566
2731 3525 2816 3581 ιιι.

1991 3619 2240 3677 Concedit
2271 3629 2320 3674 et
2352 3619 2624 3690 conﬁrmat
2652 3619 2972 3690 monasterio
3022 3617 3082 3675 S.
3128 3617 3347 3674 Martini
3393 3617 3570 3690 rebus:

2047 3698 2162 3763 ‘que
2203 3701 2259 3763 et
2296 3688 2593 3763 hominibus
2633 3688 2794 3763 illius;
2810 3689 3082 3763 privilegia
3121 3690 3466 3743 immanitatis
3504 3688 3568 3742 ab

2063 3758 2202 3814 omni
2233 3761 2545 3829 judiciaria,
2575 3758 2732 3829 etiam
2761 3758 2878 3828 ﬁsci
2915 3758 3062 3827 regii,
3093 3769 3366 3827 potestate.

1994 3829 2154 3901 (Vide
2177 3827 2331 3894 ibid,
2361 3829 2460 3882 col.
2491 3827 2640 3898 990.)

983 4144 1950 4257 APPENDIX
2021 4139 2906 4255 SECUNDA.

1640 4352 2261 4431 DOGMATICA.

526 4555 681 4626 567
732 4552 1064 4608 EPISTOLA
1104 4553 1316 4608 EPISC.
1355 4553 1696 4610 HISPANUE

809 4661 876 4698 AD
912 4662 1156 4701 CAROIJJM
1195 4662 1410 4702 HAGNUI

464 4738 526 4792 In
554 4755 714 4791 causa
743 4739 1104 4792 controversia:
1135 4740 1196 4793 de
1228 4737 1425 4794 Christi
1450 4741 1748 4795 adontione.

518 4807 680 4880 (Vide
710 4806 1029 4876 Patrologia:
1056 4808 1393 4874 tom.XCVI,
1422 4809 1520 4864 col.
1549 4806 1696 4880 867.)

533 4899 697 4970 568
719 4896 1052 4952 EPISTOLA
1087 4897 1296 4954 EPISC.
1331 4899 1672 4954 HISPANIAB

419 5007 488 5046 AD
513 5004 790 5045 EPISCOI’OS
818 5004 1046 5052 (μιλλε,
1070 5004 1374 5051 ΔΟῸΙΤΛΝΙΕ
1413 5007 1482 5045 ΕΤ
1525 5007 1790 5052 Αυετῐιιέζ,

650 5079 717 5134 In
741 5095 901 5133 causa
925 5082 1284 5134 controversia:
1308 5081 1562 5151 ejusdem.

604 5171 696 5231 (Ex
722 5172 830 5220 cod.
855 5183 944 5219 ms.
968 5170 1282 5222 bibliotheca
1311 5172 1606 5236 Toletanis.)

395 5252 638 5308 Dominis
675 5262 730 5307 et
767 5253 822 5307 in
858 5250 1076 5306 Christo
1123 5254 1588 5310 reverendissimis
1636 5255 1896 5313 fratribus

324 5322 512 5380 Galliae
535 5333 590 5403 et
621 5322 918 5403 Eq-uitanize
987 5320 1074 5375 Ita
1101 5322 1219 5403 cod.
1244 5339 1381 5403 ina;
1410 5325 1508 5403 leg:
1556 5325 1892 5403 Aquitaniae]

323 5403 488 5462 atque
530 5393 759 5448 Austrire
789 5392 997 5462 cunctis
1036 5392 1423 5447 sacerdotibus.
1459 5394 1567 5450 Nos
1602 5392 1807 5462 indigni
1839 5392 1895 5453 ei

324 5461 504 5533 exigui
551 5463 762 5532 Spaniae
785 5461 1042 5533 praesules
1065 5468 1121 5514 et
1147 5462 1325 5533 caeteri
1368 5461 1570 5520 Christi
1614 5461 1800 5523 ﬁdeles
1838 5468 1891 5523 in

324 5530 551 5588 Domino
575 5530 830 5587 reternain
867 5531 1113 5585 salutem.
1144 5530 1337 5586 Amen.

393 5705 417 5731 ι
462 5688 574 5743 Hoc
599 5683 730 5737 falso
757 5683 1053 5752 imputatur
1079 5683 1261 5736 Beato.

609 5780 878 5838 ΡΑτιιοι..
923 5776 1022 5836 Cl.

1927 4559 1976 4618 1)
2068 4556 2108 4610 1.
2142 4556 2224 4612 Ad
2251 4559 2527 4615 notionem
2560 4569 2800 4614 nostram
2837 4566 3079 4629 pervenit
3121 4557 3361 4630 lugubris
3391 4570 3446 4616 et
3484 4561 3570 4618 fu-

1998 4636 2151 4700 nesta
2178 4630 2379 4697 opinio,
2415 4645 2551 4700 qua;
2567 4646 2666 4685 nos
2698 4643 3081 4700 usquequaque
3117 4630 3372 4700 contrivit
3400 4632 3451 4685 in
3478 4649 3564 4700 eo,

1997 4698 2140 4774 quod
2173 4697 2494 4774 antiphrasii
2521 4698 2694 4774 Beati,
2725 4697 2939 4774 nefandi
2960 4697 3324 4774 Austuriensis
3348 4697 3568 4774 presbyé

1998 4767 2122 4840 teri,
2172 4767 2608 4840 pseudo-Christi
2665 4777 2720 4822 et
2771 4767 3276 4840 pseudo-prophetas
3325 4767 3566 4840 pestiferi
3639 4824 3642 4828 .

1999 4837 2261 4908 dogmatis
2290 4853 2468 4892 sermo
2517 4839 2763 4908 vipereus
2792 4845 2844 4890 et
2873 4837 3030 4908 nidor
3074 4837 3342 4895 sulfureus
3367 4855 3562 4895 arcana

1999 4905 2234 4977 pectoris
2289 4909 2457 4962 vestri
2509 4905 2892 4977 usquequaque
2943 4905 3225 4963 fmdaverit
3279 4909 3349 4964 ob
3402 4910 3565 4976 illud,

1999 4976 2143 5047 quod
2171 4977 2352 5047 carnis
2379 4976 2606 5047 adoptio
2621 4977 2676 5032 in
2710 4977 2843 5032 Filio
2871 4977 2966 5032 Dei
2997 4979 3288 5032 secundum
3319 4979 3564 5036 humana:

2001 5045 2281 5101 servitutis
2305 5045 2548 5128 formam
2587 5063 2935 5128 nequaquam
2987 5047 3149 5103 fuisse
3196 5051 3418 5128 asserit;
3468 5066 3568 5106 nec

1997 5129 2178 5168 veram
2206 5131 2273 5170 ex
2305 5117 2518 5187 Virgine
2546 5117 2812 5171 visibilem
2843 5118 3071 5171 formam
3103 5121 3401 5187 susceperit
3433 5133 3481 5174 ι.

2066 5194 2126 5247 ll.
2173 5194 2284 5249 Nos
2331 5195 2494 5264 igitur
2530 5211 2562 5249 e
2601 5197 2874 5250 contrario
2923 5199 3217 5251 secundum
3257 5207 3566 5254 sanctorum

1994 5266 2382 5338 venerabilium
2425 5265 2646 5338 Patrum
2682 5265 2908 5338 Hilarii,
2960 5267 3272 5338 ambrosii,
3319 5267 3567 5338 Agustini

1997 5329 2252 5409 [λιιι-φφ
2294 5351 2424 5409 Διηεεί
2456 5334 2914 5409 leg._Augusti_ui],
2955 5329 3296 5409 ‘Hieronymi,
3335 5329 3567 5409 F'ulgen—

1999 5351 2108 5412 [μα
2136 5351 2252 5388 coa.
2300 5351 2424 5398 ms.;
2456 5351 2555 5404 leg.
2584 5351 2914 5458 augusumj,
2963 5351 3296 5406 meronymi,
3335 5351 3567 5409 Futgen-

1994 5410 2078 5465 ιιι,
2118 5403 2330 5468 lsidori,
2374 5405 2619 5474 Eugenii,
2691 5405 2992 5474 ldephonsi,
3036 5403 3236 5460 Juliani
3265 5417 3318 5462 et
3347 5418 3571 5464 cmtero-

2001 5486 2119 5546 rum
2141 5475 2560 5546 orthodoxorum
2583 5482 2743 5546 atque
2769 5475 3156 5546 catholicorum
3177 5476 3423 5546 dogmata
3447 5495 3568 5533 con-

2000 5540 2215 5597 ﬁtemur
2245 5553 2301 5598 et
2340 5544 2628 5608 credimus,
2658 5540 2829 5599 Deum
2866 5544 2961 5600 Dei
3000 5544 3194 5599 Filium
3233 5540 3358 5602 ante
3388 5551 3568 5606 omnia

3094 5786 3168 5847 1.2
