3946 6186
429 1211 443 1287 ξ

476 279 615 340 1359

1471 284 1561 338 ΑΙ)
1598 282 1827 340 OPERA
1865 280 1928 336 Β.
1966 278 2244 336 ALCUINI
2281 276 2723 333 APPENDICES.

3584 274 3692 332 £360

474 389 855 463 avidecupiam
874 388 1221 463 illustrissimi
1242 389 1454 463 abbatis
1468 389 1636 463 jussis
1654 374 2054 463 obtemperare,
2085 392 2132 450 Α
2164 461 2173 463 _
2229 388 2311 463 Ad
2352 390 2647 463 imaginem
2693 403 2823 463 ergo
2867 368 3027 440 suam
3066 386 3310 463 eguditor
3345 385 3473 463 [ccli
3494 389 3693 447 animam

472 473 529 518 et
550 461 686 542 elar.
708 459 1123 542 doctissimique
1152 459 1389 542 Temleri
1411 461 1670 542 roluntati
1702 475 1801 542 pro
1828 459 2055 542 eiusdi-

473 534 681 605 gnitaie
702 529 1132 605 satisfacerei‘flfit
1154 546 1304 598 vero,
1325 531 1406 605 vir
1426 529 1839 605 humanissime,
1854 530 2057 605 opiime

473 599 584 659 Scis
624 600 937 657 facultatem
967 601 1097 656 mibi
1119 641 1134 667 ,
1165 616 1269 655 non
1296 600 1627 657 voluntatem
1665 602 1854 656 deesse
1879 599 1947 655 ad
1977 599 2057 654 ef-

473 672 703 732 ficienda
743 672 923 726 omnia
970 687 1091 744 qum
1131 672 1225 744 tibi
1267 680 1417 744 grata
1450 679 1613 741 atque
1652 670 1893 744 jucunda
1939 669 2059 744 [ore

470 744 786 813 existimare
805 739 1022 813 queam.
1051 743 1180 797 Vale
1207 739 1372 813 atque
1394 739 1647 798 ama‘mc.
1677 739 1846 796 Oliva:
1868 757 1920 795 at
1952 739 2057 793 Ka-

469 811 663 872 lendas
692 810 1036 880 Decembres,
1066 827 1209 867 anno
1240 810 1397 866 1763.

1068 951 1469 1014 CANDIDUS

951 1072 1040 1126 DE
1077 1070 1359 1126 lMAGlNE
1399 1070 1510 1125 DEI
1537 1082 1583 1124 ι.

664 1240 679 1249 ,
716 1181 798 1240 Ea:
825 1182 1002 1238 codice
1029 1197 1129 1235 ms.
1159 1178 1552 1249 Salisburgensi
1577 1194 1700 1233 scrc.
1732 1194 1809 1233 Ix.

466 1381 477 1386 _
543 1315 696 1373 Juste
734 1315 868 1370 mihi
896 1314 1111 1386 videtur
1138 1312 1339 1386 dictum
1365 1352 1385 1386 ,_
1428 1311 1742 1386 interierem
1786 1310 2061 1386 hominem

475 1382 763 1457 imaginem
788 1398 908 1440 esse
940 1384 1062 1457 Dei.
1079 1384 1272 1457 Anima
1301 1382 1444 1436 enim
1468 1382 1791 1457 nominatur
1813 1390 1960 1436 totus
1981 1383 2061 1457 in-

456 1451 643 1513 iterior
673 1458 850 1519 homo,
884 1470 990 1524 qua
1018 1453 1341 1516 vivilicatur,
1375 1452 1610 1524 regitur,
1649 1451 1958 1524 continetur
1977 1451 2063 1524 lu-

473 1538 561 1583 tea
599 1526 688 1582 illa
717 1521 1231 1580 massa'bumectata
1263 1521 1461 1586 succis,
1495 1537 1564 1577 ne
1594 1521 1831 1578 arefacta
1863 1522 2058 1576 dissol-

472 1609 654 1653 vatur.
688 1597 830 1651 Deus
860 1595 1056 1651 dicitur
1088 1594 1172 1648 vis
1198 1593 1286 1647 illa
1315 1590 1655 1647 inell‘abililer
1682 1607 1874 1660 magna
1903 1602 1956 1645 et
1979 1594 2060 1645 in-

456 1666 886 1723 mumerabiliter
905 1664 1142 1733 sapiens,
1164 1670 1220 1718 et
1243 1662 1739 1733 incomparabiliter
1765 1662 1966 1728 suavis,
1991 1679 2057 1720 ex
2096 1678 2103 1685 '

472 1750 581 1808 qua
598 1745 663 1792 ‘et
688 1751 785 1806 per
809 1750 972 1817 quam
999 1742 1055 1787 et
1082 1750 1187 1825 qua
1224 1743 1351 1814 sun}
1387 1733 1570 1825 omnia
1606 1746 1726 1814 quae
1766 1740 1925 1797 sunt,
1973 1748 2059 1825 re-
2091 1766 2134 1825 Β

512 1816 675 1875 natur
689 1802 873 1860 omnia
896 1820 1016 1875 qua:
1037 1802 1184 1875 sunt,
1201 1802 1549 1875 continentur
1565 1802 1745 1856 omnia
1769 1816 1889 1871 quae
1909 1810 2053 1856 sunt.

526 1872 667 1932 mnia
699 1875 835 1931 'dico
873 1872 1044 1944 ipsam
1074 1872 1480 1944 universitatem
1502 1911 1518 1938 ,
1567 1886 1688 1943 qua:
1721 1880 1806 1928 est
1848 1880 2017 1944 totum
2038 1913 2053 1939 ,

477 1941 1094 2037 39‘3‘l?§“9_9559‘33}9
1121 1941 1506 2037 i??°.fl!'i.f°‘iif
1531 1941 1600 2037 ‘1‘.
1614 1958 1724 2037 'l‘l'l
1745 1942 2053 2037 ῗῗἭθΞΒῗξ

471 2013 586 2088 Sed
610 2017 730 2088 ipse
752 2024 859 2081 est,
883 2030 951 2070 ex
978 2029 1105 2088 qu_o.
1140 2022 1196 2068 et
1226 2013 1409 2088 quiex
1435 2026 1523 2076 eo,
1545 2019 1728 2088 etquo
1751 2013 1914 2082 quod.
1940 2013 2058 2088 ipse

464 2082 726 2143 Deus—ea:
768 2097 871 2157 quo
900 2092 1011 2157 est,
1039 2083 1199 2138 Pater
1228 2083 1427 2157 dicitur
1466 2098 1519 2157 a_
1539 2082 1693 2157 nobis
1732 2083 2058 2157 pauperibus

476 2171 662 2230 sensu.
691 2151 1103 2230 paiiperioribus
1139 2153 1339 2230 verbis.
1370 2151 1521 2219 Quod
1545 2151 1747 2230 quiec
1784 2151 1853 2206 eo
1889 2153 2058 2230 Filius

463 2221 709 2283 dicitur:
737 2221 890 2291 Quod
926 2234 1032 2295 ‘quo
1060 2223 1296 2295 Spiritus
1336 2221 1576 2277 sanctus.
1613 2221 1735 2275 ideo
1764 2232 1947 2295 autem
1976 2223 2059 2277 di-

475 2299 621 2351 citur
654 2296 795 2349 Deus
818 2293 1002 2358 Pater,
1033 2295 1160 2364 quia
1190 2293 1304 2362 ipse
1331 2301 1543 2364 est,_ex
1570 2307 1681 2364 quo
1708 2301 1765 2346 et
1792 2294 2057 2364 sapientia

463 2376 559 2421 “est
580 2382 686 2436 qua
724 2362 1284 2436 ordilmnturcmnia,
1314 2370 1369 2416 et
1403 2362 1618 2417 dilectio
1630 2378 1749 2436 qua
1786 2377 1846 2417 se
1875 2363 2059 2420 volunt

473 2432 657 2491 omnia
704 2435 777 2490 ita
822 2446 1041 2493 manere
1080 2444 1140 2489 ut
1171 2432 1417 2487 ordinata
1456 2439 1599 2503 sunt.
1630 2432 1708 2487 Ex
1736 2447 1844 2501 quo
1866 2446 1964 2503 ego
2002 2441 2059 2489 et

515 2508 566 2560 ui
596 2522 659 2562 cx
687 2516 773 2569 co,
805 2506 859 2558 et
879 2514 996 2574 ‘quo
1035 2520 1094 2559 se
1137 2502 1364 2574 diligunt
1392 2503 1504 2572 ipsa
1539 2501 1667 2567 t'uo,
1696 2504 1798 2557 tria
1816 2501 1973 2574 sunt,
2002 2514 2059 2559 et

474 2572 567 2635 illa
598 2578 698 2633 tria
732 2578 853 2630 ideo
897 2572 1062 2629 unum
1084 2617 1099 2640 ,
1147 2573 1273 2643 quia
1302 2573 1380 2627 sic
1422 2583 1549 2628 sunt
1574 2589 1640 2628 ex
1677 2587 1783 2627 uno
1812 2572 1901 2628 illa
1928 2574 2057 2640 duo,

472 2656 537 2702 ut
562 2655 744 2701 tamen
787 2646 857 2699 ab
898 2647 1016 2714 ipso
1044 2660 1151 2702 nou
1189 2644 1298 2698 sint
1325 2652 1608 2714 separata,
1653 2653 1709 2697 et
1735 2643 1909 2712 ipsum
1943 2643 2056 2712 ipsa

475 2717 621 2788 quod
645 2717 781 2786 ipse,
809 2724 863 2770 ct
889 2711 1066 2788 ipsum
1094 2716 1207 2788 ipse
1233 2711 1372 2782 quod
1388 2711 1530 2788 ipsa,
1561 2723 1617 2767 et
1641 2711 2058 2788 nonipsatipsa

473 2783 570 2857 Qui
615 2783 759 2856 ipse,
796 2794 851 2857 et
890 2783 997 2840 non
1028 2783 1143 2857 ipsa
1181 2784 1301 2852 ipse
1324 2798 1444 2848 qua:
1476 2786 1608 2854 ipsa.
1654 2783 1746 2857 Vis
1783 2783 1884 2857 ista
1918 2785 2059 2839 Deus

474 2853 658 2915 ἐξιεῖ
693 2857 807 2925 ipse
843 2856 985 2910 Deus
1014 2853 1116 2909 tria
1155 2862 1270 2919 est,
1314 2862 1370 2907 et
1412 2853 1830 2925 unumquodque
1865 2853 2061 2909 borum

473 2923 936 2997 triunt‘(trlum'b)
960 2926 1101 2982 Deus
1138 2933 1253 2990 cst.
1280 2932 1333 2979 et
1358 2924 1539 2980 omnia
1578 2924 1679 2978 tria
1709 2923 1798 2978 illa
1825 2939 1931 2979 non
1961 2925 2056 2990 dii,

472 2996 574 3052 sed
593 2996 743 3052 :Deus
767 3004 869 3051 est.

2162 461 2415 525 hominis,
2445 453 2606 529 q'uam
2631 453 3043 529 anitnam,icum
3066 453 3267 528 [Forte,
3288 455 3475 529 etiam}
3498 470 3693 517 mentem

2159 532 2312 595 dico;
2361 527 2723 599 sed—propter
2765 528 2912 582 aliud
2958 527 3195 599 animam
3240 536 3308 599 et_
3334 527 3548 599 propter
3582 530 3695 588 aliud

2159 609 2413 655 mentem.
2444 596 2577 654 Nam
2601 596 2799 662 totum,
2832 596 2975 667 quod
3007 597 3139 651 vivit
3166 596 3400 652 hominis
3428 596 3591 652 anima
3612 612 3691 655 est.

2157 670 2293 751 Cu_m
2336 678 2538 751 autem“
2564 669 2745 751 anima
2783 668 2838 723 in
2868 683 2929 723 se
2949 667 3093 737 agit,
3123 682 3182 721 se
3216 679 3277 751 et.
3295 682 3364 722 ex
3387 682 3445 721 se
3471 677 3522 749 et
3548 685 3632 751 per
3652 688 3697 751 se

2160 741 2275 796 sola
2305 756 2459 795 mens
2488 739 2592 793 dici
2625 739 2790 804 solet;
2834 753 3028 793 sensus
3056 752 3187 793 vero
3211 738 3279 792 ad
3305 751 3404 792 sua
3440 738 3693 797 ministeria

2160 811 2389 880 implens
2413 809 2724 865 consuctius
2764 809 2943 880 anima
2983 807 3200 880 dicitur.
3246 807 3396 880 biens
3439 823 3559 880 ergo
3586 813 3697 866 scire

2160 877 2352 953 gignit,
2381 890 2433 935 et
2462 886 2608 934 amat
2634 880 2773 953 scire
2793 878 3080 953 quodscit.
3115 877 3228 933 Non
3268 877 3397 932 illud
3422 877 3553 953 scire
3574 881 3694 953 dico.

2161 948 2304 1022 quod
2331 958 2552 1022 repente
2564 951 2745 1022 scitur
2773 948 2862 1003 res
2892 948 3092 1022 aliqua,
3119 964 3239 1022 qua:
3269 956 3394 1002 ante
3423 950 3597 1022 nesciri
3618 967 3693 1021 pl-

2161 1019 2407 1076 t‘abatur.‘
2424 1020 2535 1091 Sed
2561 1019 2711 1085 illud,
2740 1022 2883 1091 unde
2903 1028 2959 1073 ct
2985 1019 3186 1091 aliquid
3216 1026 3272 1091 et
3294 1034 3456 1073 omne
3481 1019 3696 1091 quidquid

2162 1091 2334 1146 scitur
2352 1090 2437 1145 vel
2470 1091 2710 1145 nescitur
2736 1090 2863 1145 sciri
2893 1098 3092 1160 potest.
3116 1089 3248 1160 illud
3267 1104 3399 1159 ergo
3422 1089 3553 1160 scire
3575 1089 3693 1147 mens

2162 1162 2333 1233 gignit
2355 1178 2369 1225 ;
2391 1168 2446 1215 et
2467 1176 2589 1233 cum
2619 1161 2860 1232 genitum
2881 1159 2984 1223 est,
3011 1159 3239 1233 scientia
3258 1166 3436 1230 potest
3456 1159 3571 1233 diei:
3590 1160 3695 1216 Sunt

2162 1229 2291 1300 ergo
2311 1230 2424 1299 jam
2453 1231 2590 1295 duo,
2620 1229 2774 1285 mens
2812 1239 2869 1285 et
2892 1231 3035 1299 quod
3073 1230 3187 1298 ipsa
3215 1244 3369 1283 mens
3394 1229 3511 1283 scit.
3546 1229 3694 1286 Restat

2164 1302 2384 1356 tertium
2408 1301 2654 1370 utrisque
2680 1315 2989 1358 commune.
3029 1300 3219 1356 Omnis
3262 1314 3448 1363 mens,
3484 1300 3693 1424 quidam

2164 1372 2285 1424 scit.
2317 1381 2463 1424 amat
2489 1372 2650 1424 scire.
2681 1371 2850 1424 Amor
2874 1386 2981 1424 non
3020 1370 3234 1424 minus.
3257 1385 3419 1424 uuam
3442 1370 3571 1423 inter
3622 1386 3693 1424 nos

2162 1372 2285 1435 scit,
2317 1381 2463 1425 amat
2489 1372 2650 1426 scire.
2681 1371 2850 1425 Amor
2874 1386 2981 1425 non
3020 1370 3201 1426 minus
3218 1411 3234 1436 ,
3257 1385 3419 1439 quam
3442 1370 3571 1423 inter
3594 1370 3694 1426 duos

2160 1449 2266 1505 est,
2293 1449 2585 1505 amantem,
2615 1449 2670 1495 et
2698 1440 2841 1511 quod
2868 1447 3100 1511 amatur.
3130 1440 3279 1496 Unus
3306 1456 3436 1509 ergo
3463 1440 3691 1495 amborum

2163 1527 2317 1566 amor
2335 1552 2350 1577 ,
2373 1512 2467 1581 qui
2496 1519 2553 1566 et
2577 1510 2771 1567 tertius
2810 1519 2913 1565 est.
2957 1510 3073 1565 Non
3113 1519 3293 1566 autem
3318 1519 3492 1581 potest
3515 1511 3601 1566 hoc
3624 1526 3693 1565 ne-

2162 1582 2301 1651 gari,
2334 1583 2436 1637 hoc
2476 1590 2646 1637 totum
2672 1598 2835 1636 unam
2869 1596 2988 1636 esse
3023 1581 3260 1635 animam
3281 1622 3296 1645 ,
3329 1590 3384 1635 ct
3427 1596 3575 1635 uuam
3606 1583 3692 1635 ani-

2162 1667 2309 1706 mam
2334 1652 2451 1707 haec
2488 1654 2592 1706 tria
2627 1665 2768 1708 esse.
2796 1651 2957 1706 Sicut
2997 1652 3142 1707 enim
3185 1652 3307 1706 haec
3333 1653 3436 1705 tria
3470 1666 3582 1705 vere
3615 1667 3691 1705 una

2165 1723 2343 1778 anima
2364 1731 2527 1788 sunt;
2568 1723 2648 1777 sic
2674 1738 2783 1778 non
2810 1722 2992 1777 minus
3018 1736 3146 1775 vere
3174 1737 3279 1776 una
3314 1722 3490 1776 anima
3516 1731 3589 1776 est
3617 1722 3692 1776 hoc

2161 1809 2348 1858 unum,
2378 1803 2432 1847 et
2454 1793 2559 1849 hoc
2586 1792 2835 1856 alterum,
2863 1801 2917 1846 et
2946 1794 3049 1847 hoc
3070 1793 3313 1847 tertium.
3341 1791 3693 1862 Comparetigi-

2157 1872 2248 1918 tur
2275 1878 2333 1917 se
2356 1864 2472 1919 hmo
2495 1874 2744 1918 creatura
2770 1872 2881 1917 tam
2904 1864 3150 1919 eminens
3172 1863 3416 1917 Creatori
3439 1877 3529 1917 suo
3548 1877 3694 1932 super-

2157 1932 2416 1989 eminenti
2466 1934 2601 1999 sibi,
2648 1942 2875 2004 excepto
2921 1933 3057 1997 hoc,
3107 1940 3164 1988 ct
3204 1933 3434 1988 multum
3479 1946 3619 2003 supra
3650 1946 3694 1984 se

2158 2013 2360 2067 amoto,
2386 2004 2531 2074 quod
2550 2004 2728 2059 omnis
2754 2003 2984 2068 benitas,
3011 2013 3064 2058 et
3085 2018 3246 2059 omne
3274 2004 3468 2058 bonum
3488 2012 3537 2056 et
3556 2003 3695 2057 omnis

2156 2073 2418 2128 bonitatis
2442 2082 2498 2127 et
2516 2073 2647 2130 boni
2670 2074 2895 2130 dulcedo
2917 2073 3149 2129 creatori
3172 2090 3202 2126 a
3225 2089 3285 2129 se
3315 2075 3428 2143 ipso
3447 2082 3548 2136 est;
3578 2086 3695 2143 etra-

2158 2152 2296 2198 turzc
2324 2159 2455 2199 vero
2492 2160 2597 2199 non
2628 2143 2804 2199 solum
2830 2143 2974 2213 quod
3001 2153 3102 2207 est,
3136 2145 3230 2198 sed
3255 2142 3423 2198 etiam
3448 2143 3576 2211 quod
3602 2142 3693 2196 talis

2158 2225 2258 2277 est,
2293 2214 2361 2269 ab
2390 2214 2497 2270 alio
2524 2225 2626 2278 est,
2657 2230 2763 2270 non
2792 2230 2820 2268 a
2848 2204 2927 2270 se.
2953 2204 3025 2269 Et
3063 2204 3178 2283 ipse
3207 2216 3355 2285 quod
3388 2204 3499 2277 est',
3525 2227 3695 2285 semper

2159 2294 2263 2339 est.
2297 2284 2445 2356 licet
2485 2293 2543 2340 et
2586 2286 2698 2356 ipsa
2725 2285 2903 2339 anitna
2950 2285 3182 2353 quodam
3226 2284 3391 2340 modo
3420 2299 3510 2338 suo
3533 2284 3691 2356 incom-

2159 2354 2436 2410 mutabilis
2477 2364 2579 2409 est.
2602 2347 2763 2409 -Nam
2809 2347 3023 2423 semper
3052 2356 3234 2409 anima
3276 2364 3394 2418 est,
3428 2365 3479 2408 ct
3514 2354 3618 2415 scit,
3653 2363 3692 2405 et

2160 2425 2299 2479 scire
2322 2425 2451 2478 vult.
2480 2426 2769 2496 Comparet
2787 2440 2937 2493 ergo,
2960 2434 3019 2478 ut
3039 2425 3172 2485 dixi,
3198 2440 3257 2481 se
3277 2426 3456 2479 anima
3477 2440 3533 2479 eo
3551 2423 3690 2496 modo.

2160 2511 2268 2577 quo
2291 2505 2492 2577 potest,
2520 2492 2763 2577 Cleatcri
2803 2492 2921 2577 suo.
2964 2497 3186 2577 Dicatur
3224 2510 3381 2576 mens
3415 2504 3569 2577 pater,
3596 2492 3690 2577 quii

2160 2565 2330 2636 gignit
2357 2567 2515 2636 scire.
2544 2567 2765 2621 Dicatur
2792 2567 2935 2620 scire
2960 2565 3132 2627 illius,
3172 2565 3298 2635 quia
3328 2581 3394 2620 ex
3422 2566 3519 2619 alio
3539 2573 3633 2627 est,
3653 2572 3693 2615 ct

2162 2635 2269 2690 non
2312 2644 2396 2689 cst
2438 2635 2617 2702 aliud,
2659 2651 2821 2706 quam
2867 2636 3040 2705 ipsum
3082 2638 3225 2706 quod
3268 2636 3386 2706 ipse
3413 2644 3505 2693 est.
3532 2649 3588 2688 ex
3614 2647 3692 2702 quo

2160 2715 2263 2761 est.
2298 2707 2524 2761 Dicatur
2550 2704 2703 2763 amor
2731 2704 2965 2776 Spiritus
2994 2704 3211 2760 sanctus
3231 2747 3245 2769 ,
3290 2704 3422 2775 quia
3463 2705 3691 2776 andronas

2160 2785 2246 2831 est
2274 2792 2484 2847 eorum,
2515 2778 2607 2847 qui
2632 2793 2690 2832 se
2715 2773 2915 2831 amant.
2953 2776 3103 2832 Unde
3133 2778 3184 2830 in
3211 2773 3416 2833 nostris
3448 2773 3693 2841 Scripturis

2162 2846 2357 2917 saepius
2391 2846 2567 2913 amor.
2598 2847 2651 2901 id
2678 2855 2784 2911 est,
2815 2848 3087 2911 cltaritas,
3124 2863 3244 2916 quae
3289 2849 3343 2901 in
3380 2848 3485 2902 Deo
3508 2853 3692 2910 estcrga

2163 2932 2295 2987 nos,
2324 2926 2524 2987 etquae
2558 2935 2588 2973 a
2617 2918 2772 2973 nobis
2809 2930 2890 2972 est
2935 2918 2987 2971 in
3025 2919 3221 2983 Deum,
3264 2919 3484 2987 spiritus
3511 2918 3605 2985 ipse
3626 2928 3691 2981 ap-

2161 2986 2414 3057 pellatur.

547 3146 575 3207 }
622 3134 756 3207 Vide
797 3147 960 3206 supra
1005 3132 1263 3189 Monttum
1307 3130 1710 3205 Appendicibus
1755 3132 2061 3203 praefixum,
2087 3122 2138 3187 C
2236 3135 2266 3176 ιι
2297 3134 2639 3207 Superlluum
2670 3136 2766 3192 abs
2792 3137 2974 3196 dubio.

475 3203 582 3261 col.
614 3203 774 3261 1315.

493 3349 572 3370 ~

577 3347 2371 3374 ...ΨΜ-...ι-

1062 3462 1230 3535 λ⁵⁹⁷
1299 3470 2057 3590 ΔΡΡΕΝΙ)

2160 3473 2276 3583 Σ
2352 3458 3129 3587 TERTIA.

1810 3685 2395 3769 HISTORICA.

1102 3892 1437 3953 NOTITIA

763 3990 1243 4054 ECCLESIARUM
1286 3989 1490 4047 URBIS
1531 3982 1772 4047 ROMIE.

951 4068 1031 4127 Ea:
1048 4088 1147 4126 ms.
1181 4070 1592 4141 Salisburgemi.

545 4160 789 4221 Primum
820 4163 875 4216 in
899 4162 1034 4217 urbe
1050 4161 1220 4232 Roma
1258 4162 1542 4217 beatorum
1599 4169 1898 4232 martyrum
1945 4177 2061 4217 cor-

475 4248 615 4310 pora
640 4233 867 4310 Joannis
888 4243 941 4310 et
970 4230 1119 4310 Pauli
1174 4241 1355 4310 tamen
1399 4231 1683 4310 quiescuut
1727 4230 1782 4286 in
1835 4233 2059 4310 basilica

479 4301 674 4375 inagna
703 4313 760 4359 et
783 4303 939 4358 valde
969 4301 1224 4375 formosa.
1258 4301 1460 4375 Deinde
1487 4302 1716 4375 intrabis
1741 4317 1837 4371 per
1858 4304 2057 4375 urbem

2166 3888 2267 3943 sub
2295 3895 2439 3940 terra
2466 3883 2738 3957 deorsum.
2768 3883 2972 3957 Deinde
3000 3884 3185 3939 eadem
3219 3886 3304 3941 via
3350 3888 3612 3957 pervenies
3640 3886 3688 3957 ad

2158 3956 2455 4027 ecclesiam
2488 3955 2659 4027 saneti
2691 3954 2970 4027 Saturnini
2993 3971 3143 4025 papa:
3164 3965 3218 4010 et
3238 3954 3517 4027 mariyris;
3562 3958 3604 4009 in
3636 3954 3691 4027 al:

2158 4034 2287 4082 ‘tera
2324 4024 2552 4096 ecclesia
2579 4024 2740 4078 Daria
2769 4025 2920 4096 virgo
2940 4033 2995 4078 et
3023 4024 3183 4079 mart.
3214 4024 3409 4096 pausat
3436 4038 3484 4082 et
3508 4024 3687 4096 lirisauli

2172 4106 2332 4154 mart.
2366 4095 2563 4168 Festea
2582 4093 2877 4168 pervenies
2898 4095 3086 4168 eadem
3106 4097 3196 4168 via
3214 4093 3295 4151 “ad
3312 4097 3608 4168 speluncam,
3625 4093 3688 4151 ubi

2166 4174 2364 4223 sancta
2398 4165 2600 4219 Hilaria
2626 4172 2785 4219 mart.
2828 4165 3031 4220 Deinde
3058 4166 3243 4221 cadem
3279 4165 3368 4222 via
3392 4170 3455 4223 ad
3492 4176 3686 4222 sanctum

2165 4238 2529 4293 Alexandrum
2550 4243 2719 4289 ‘mart.
2752 4234 2827 4288 lbi
2849 4245 3078 4305 pausant
3118 4236 3429 4293 'flieodulus
3462 4247 3512 4294 et
3554 4237 3688 4291 Even-

2165 4316 2273 4372 tus,
2302 4318 2361 4383 et
2388 4305 2546 4383 iunge
2583 4305 2635 4358 in
2666 4307 2924 4383 interiore
2967 4307 3223 4383 spelunca
3252 4308 3546 4383 Alexander
3567 4312 3685 4383 tuan:

479 4378 550 4432 ad
576 4372 906 4446 aquilonem,
955 4372 1126 4446 donec
1158 4372 1461 4446 pervenies
1520 4372 1589 4425 ad
1618 4380 1831 4446 portam
1858 4373 2059 4446 Flami-
2090 4380 2139 4441 ι)
2164 4372 2691 4446 τθηυὶρεοὶιῘΡΟςιρθ
2714 4372 3012 4430 ascendens
3061 4379 3251 4432 eadem
3301 4381 3389 4434 via
3449 4379 3508 4434 ad
3554 4372 3686 4431 sancti

478 4442 662 4508 θωπί,
691 4445 782 4500 ubi
825 4451 1050 4498 sanctus
1079 4442 1395 4497 Valentinus
1423 4449 1630 4511 martyr
1684 4443 1916 4511 quiescit
1971 4445 2059 4499 via

478 4515 752 4573 Flaminea
779 4511 1075 4585 inbasilica
1102 4526 1319 4585 magna,
1355 4525 1530 4585 quam
1563 4510 1854 4585 illonorius
1899 4527 2057 4585 repa-

478 4586 653 4650 ravit;
681 4593 736 4639 et
757 4583 847 4655 alii
876 4591 1142 4655 martyres
1163 4581 1217 4636 in
1243 4581 1492 4655 aquilone
1524 4581 1681 4655 plaga
1740 4581 1845 4655 sub
1874 4581 2055 4655 terra.

478 4656 681 4711 Deinde
705 4654 860 4708 vadis
888 4653 957 4707 ad
985 4650 1268 4714 orientem,
1294 4650 1475 4706 donec
1487 4650 1673 4706 venias
1688 4652 1754 4705 ad
1774 4653 2057 4710 ecclesiam

477 4724 702 4781 Joannis
732 4723 997 4794 martyris
1027 4721 1184 4793 (Cod.
1206 4763 1220 4787 ,
1275 4721 1502 4794 ecclesia
1550 4720 1780 4776 Jobanni
1820 4726 2059 4794 martir.)

476 4797 566 4851 via
596 4792 891 4865 Salinaria;
931 4793 1005 4865 ibi
1031 4792 1324 4865 requiescit
1348 4792 1620 4865 Diogenus
1649 4800 1877 4865 martyr,
1908 4801 1965 4849 et
2002 4792 2056 4851 in

477 4866 650 4922 altero
676 4864 926 4921 cubiculo
954 4861 1356 4929 Bonifacianus,
1391 4872 1446 4917 et
1459 4861 1650 4917 ‘Sistus
1694 4861 1903 4929 martyr
1958 4867 2058 4920 sub

477 4945 660 5002 terra;
706 4936 806 4990 sub
850 4941 1000 5004 terra
1039 4932 1253 5004 Blastus
1298 4940 1526 5004 martyr.
1563 4931 1773 5004 Deinde
1821 4931 2060 4991 Joannes

475 5017 704 5078 martyr.
736 5002 1272 5078 Postca_L_onguinus
1305 5002 1533 5073 martyr.
1560 5002 1763 5078 Deinde
1814 5004 1967 5059 vadis
1988 5005 2059 5063 ad

474 5071 773 5133 australem
798 5074 885 5129 via
916 5071 1206 5139 Salinaria,
1237 5071 1411 5128 donec
1453 5071 1642 5127 venies
1678 5072 1744 5127 ad
1809 5084 2058 5129 sanctum

476 5147 773 5205 Ermetem.
818 5144 896 5216 lbi
940 5144 1175 5213 primum
1210 5142 1739 5216 pausat_Das_silissa
1793 5146 1949 5216 virgo
2004 5154 2061 5200 et

474 5226 718 5288 martyr;
761 5215 814 5269 in
843 5211 1013 5288 altera
1045 5222 1102 5268 et
1158 5211 1370 5288 martyr
1423 5211 1689 5288 Maximus
1728 5222 1784 5268 et
1838 5211 2058 5288 sanctus

475 5282 670 5357 Ermés
693 5293 901 5357 martyr
920 5285 1076 5357 longe
1105 5284 1206 5357 sub
1233 5282 1571 5357 terra_;_et_in
1603 5282 1778 5357 _a_l_tera
1801 5284 2056 5355 spelunca

474 5355 674 5427 Protus
705 5352 913 5427 martyr
939 5363 995 5427 et
1020 5352 1305 5427 'Jacintus,
1357 5352 1552 5427 deinde
1603 5353 1788 5427 Victo_r
1826 5352 2055 5427 martyr.

476 5425 673 5482 Postea
702 5423 891 5481 eadem
921 5424 1007 5478 via
1041 5424 1294 5495 pervenis
1312 5424 1387 5495 ad
1449 5423 2056 5495 sanctumil’ampnlum

478 5505 784 5568 martyrem
799 5510 926 5568 xjtv
953 5492 1207 5568 gradibus
1243 5494 1534 5568 subterra.
1561 5492 1763 5568 Deinde
1788 5492 2057 5568 veniesad

476 5562 721 5618 sanctam
745 5562 1081 5620 Felicitatem
1111 5564 1281 5618 altera
1310 5563 1415 5625 via,
1441 5577 1564 5631 quae
1606 5562 1855 5619 similiter
1899 5563 2059 5619 Sala-

479 5633 570 5701 ria
594 5633 807 5701 dicitur,
832 5634 907 5687 ibi
936 5633 1024 5686 illa
1054 5642 1245 5701 pausat
1264 5634 1316 5686 in
1340 5632 1568 5701 ecclesia
1595 5646 1832 5696 sursum.
1855 5644 1909 5689 et
1951 5635 2055 5689 Bo-

481 5695 718 5752 nifacius
741 5714 878 5768 papa
915 5709 969 5752 et
995 5695 1201 5770 martyr
1228 5701 1280 5753 in
1304 5700 1476 5755 altero
1501 5701 1639 5764 loco,
1688 5710 1742 5756 et
1796 5704 1889 5758 lilii
1939 5705 2057 5776 ejus

2165 4446 2412 4519 _Silvestri
2440 4447 2758 4519 ecclesiam;
2789 4446 2860 4500 ibi
2889 4446 3181 4505 multitudo
3197 4459 3501 4504 sanctorum
3517 4453 3682 4519 pausat:

2158 4515 2403 4587 Primum
2435 4515 2694 4571 Silvestcr
2728 4525 2948 4587 sanctus
2974 4532 3113 4587 papa
3144 4528 3198 4572 ct
3247 4512 3534 4580 confessor,
3578 4512 3685 4570 etad

2159 4588 2323 4657 pedes
2350 4584 2467 4653 ejus
2496 4595 2717 4641 sanctus
2740 4584 3159 4657 Syricus'papa,
3184 4602 3238 4642 et
3262 4590 3316 4643 in
3355 4592 3553 4645 dextera
3567 4594 3683 4657 parte

2159 4658 2465 4730 Celestinus
2504 4671 2663 4728 papa,
2696 4666 2751 4711 et
2792 4657 3080 4730 Marcellus
3108 4660 3425 4730 cpiscOpus;
3458 4659 3684 4730 Philippus

2160 4736 2217 4782 et
2242 4728 2391 4783 Felix
2430 4727 2591 4782 mart.
2621 4736 2678 4781 et
2721 4727 3007 4781 multitudo
3060 4727 3370 4785 sanctorum
3423 4731 3514 4784 sub
3555 4727 3683 4779 altare

2159 4796 2395 4865 majore;
2429 4808 2483 4852 et
2510 4797 2563 4851 in
2595 4796 3221 4867 spelunca°Crescentius
3244 4810 3402 4854 mart.
3431 4809 3481 4855 et
3497 4797 3678 4867 inaltcra

2160 4863 2345 4922 sancta
2375 4866 2560 4923 Prisca
2604 4863 2763 4923 mart.
2805 4877 2858 4921 et
2885 4867 3099 4923 Fimitis
3143 4880 3335 4938 pausat
3377 4888 3427 4924 Ill
3468 4863 3678 4924 cubiculo.

2161 4938 2375 5006 quando
2396 4952 2589 5002 exeas;
2625 4948 2679 4991 ct
2705 4938 2757 4991 in
2796 4938 2967 4992 altera
3004 4949 3191 4993 sancta
3226 4941 3538 4995 Potenciana
3558 4941 3675 4993 anﬂ-

2160 5016 2215 5061 et
2238 5006 2505 5062 Praxidis.
2533 5008 2597 5061 Et
2614 5017 2801 5077 postea
2841 5009 2996 5063 vadis
3044 5011 3113 5063 ad
3153 5011 3435 5074 orientem,
3457 5015 3677 5078 quousque

2158 5079 2447 5149 pervenies
2493 5078 2579 5149 ad,
2616 5087 2855 5149 sanctam
2912 5078 3346 5134 Emcrcntiauam
3400 5088 3543 5135 mart.
3593 5085 3679 5143 quin

2149 5148 2433 5221 'pausatiin
2469 5148 2697 5221 ecclesia
2726 5163 2961 5221 sursum,
2990 5158 3047 5205 et
3085 5151 3190 5221 duo
3223 5159 3479 5221 martyres
3520 5150 3563 5221 in
3588 5156 3677 5221 spe

2152 5214 2316 5274 ‘lnnca
2347 5219 2597 5273 deorsu'u
2625 5218 2812 5273 Victor
2834 5218 3229 5275 etAlexander.
3267 5214 3464 5274 Deinde
3486 5218 3558 5274 via
3600 5214 3676 5267 Nu-

2160 5296 2412 5363 mcutana
2433 5289 2503 5363 ad
2520 5288 3229 5363 ecclesiamsanctteAgnm,
3256 5306 3374 5363 qua:
3386 5288 3676 5363 fomiosatal.

2162 5357 2213 5410 in
2244 5373 2348 5426 qua
2368 5357 2481 5412 sola
2506 5366 2718 5439 pausat,
2735 5367 2789 5413 et
2806 5361 2978 5429 ipsam
3003 5357 3289 5433 episcopus
3310 5359 3559 5416 Hortarius
3574 5357 3674 5409 miro

2156 5442 2323 5497 opere
2350 5437 2643 5497 reparavit.

2226 5496 2423 5572 Posiea
2451 5497 2597 5572 illam
2635 5498 2777 5552 viam
2826 5497 3055 5572 dimittis
3091 5510 3148 5555 et
3162 5500 3445 5572 pervenies
3466 5498 3530 5552 ad
3582 5504 3673 5572 san-

2158 5575 2304 5639 ctum
2337 5566 2621 5639 Vpolytuin
2660 5577 2819 5623 mart.
2846 5569 2936 5639 qui
2993 5566 3287 5639 requiescit
3334 5571 3431 5624 sub
3482 5579 3600 5621 terra
3631 5566 3670 5614 ill

2157 5634 2521 5710 cubiculo;_e_t
2548 5634 2846 5710 Concordia
2865 5634 3208 5710 mulier-ejus
3238 5650 3389 5695 mart.
3418 5646 3530 5693 ante
3544 5639 3668 5710 fores

2158 5706 2343 5761 Alterc
2380 5707 2630 5762 cubiculo
2660 5717 2845 5764 sancta
2900 5706 3194 5780 'fripbunia
3242 5710 3418 5779 regina
3454 5717 3499 5762 et
3546 5707 3667 5760 ωηο
