3946 6186
258 310 385 369 1585

253 423 425 480 lantur
446 463 463 492 ,
486 433 549 483 et
576 427 781 486 scelera

254 493 486 569 Domine,
512 511 582 551 ne
615 513 699 553 me
725 493 903 569 perire
929 496 1155 567 patiaris
1173 536 1187 560 ,
1217 510 1400 569 neme
1418 496 1569 569 sinas
1598 495 1813 569 aeternis

254 565 481 637 tenebris
508 577 565 621 et
585 564 838 637 perpetua
868 564 1041 637 morte
1062 565 1328 637 consumi.
1363 564 1529 618 Aufer
1573 581 1604 618 a
1650 565 1814 637 corde

253 648 365 689 meo
390 634 926 691 alienatumsensum.
945 635 1083 689 Cura
1104 634 1167 688 in
1191 649 1277 687 me
1299 643 1570 703 stuporem
1594 634 1811 695 mentis,

252 705 481 774 exstirpa
508 706 573 760 de
592 706 891 762 visceribus
912 705 1047 759 meis
1069 704 1291 759 consilia
1314 704 1632 772 iniquitatis,
1650 703 1815 774 erade

255 788 283 844 ιι
305 772 475 844 lingua
500 790 617 829 mea
642 775 954 831 detrahendi
989 774 1433 829 consuetudinem
1457 813 1471 836 ,
1521 772 1816 827 mentiendi

252 842 624 907 fallacitatem,
675 845 1095 908 scurrilitatem,
1164 851 1225 897 et
1293 858 1485 897 omnes
1542 851 1694 896 actus
1719 857 1814 894 va-

252 913 431 967 nitatis
470 929 604 968 mete
623 923 741 969 arte
769 914 1045 968 medicina:
1073 922 1176 967 tum
1201 928 1352 975 sana,
1382 920 1436 965 et
1486 912 1816 967 circumcide

251 982 302 1053 in
372 998 457 1038 me
521 984 651 1037 vitia
718 984 898 1039 cordis
938 992 994 1038 et
1038 984 1299 1053 corporis.
1362 981 1616 1036 Miserere
1661 981 1766 1053 mei
1796 1020 1812 1045 ,

251 1051 424 1118 Deus,
478 1054 605 1122 quia
641 1062 696 1108 ιιι
733 1053 883 1122 nosti
938 1053 1078 1108 facta
1135 1051 1286 1117 inea,
1338 1058 1398 1104 tu
1437 1051 1818 1122 transgressio-

252 1137 344 1193 nes
382 1121 563 1186 meas,
589 1124 679 1192 qui
706 1124 753 1178 si
789 1124 843 1177 in
868 1121 1073 1190 judicio
1095 1122 1346 1193 persequi
1373 1137 1451 1193 ac
1489 1123 1679 1193 punire
1722 1135 1816 1193 vo-

253 1191 459 1257 luisses,
484 1188 621 1247 olitu'
636 1208 721 1247 me
749 1188 930 1246 vivum
962 1188 1116 1247 terra
1135 1188 1507 1247 absorbuisset
1526 1209 1539 1245 :
1571 1192 1666 1245 sed
1691 1188 1815 1258 quia

254 1269 393 1316 tanta
407 1272 491 1317 est
511 1263 793 1316 clementia
817 1271 926 1326 tua,
941 1270 1000 1316 ut
1018 1262 1222 1317 nullum
1246 1261 1339 1315 tibi
1362 1262 1540 1331 perire
1562 1260 1810 1331 patiaris;

248 1333 341 1402 sed
380 1347 569 1387 omnes
589 1341 873 1402 exspectas
897 1333 963 1386 ad
1006 1332 1331 1401 ptenitentite
1373 1331 1550 1402 locum
1595 1330 1813 1402 reverti.

253 1400 351 1467 Qui
377 1418 506 1472 ergo
529 1402 625 1457 das
647 1400 874 1470 spatium
896 1400 1210 1469 penitendi,
1228 1402 1295 1455 da
1324 1409 1378 1472 et
1405 1401 1817 1472 possibilitatem

249 1470 534 1541 operanlli,
568 1480 628 1526 ut
661 1487 766 1526 non
806 1472 876 1526 sit
922 1472 1025 1525 hoc
1073 1485 1302 1525 vacuum
1347 1470 1686 1540 indulgentia:
1713 1477 1819 1541 tuae

249 1538 490 1611 tentpus,
530 1542 671 1611 quod
699 1541 855 1596 nobis
882 1541 1064 1611 largiri
1087 1555 1187 1610 pro
1224 1549 1313 1595 tua
1332 1538 1531 1610 pietate
1559 1538 1812 1609 digneris.

251 1610 504 1666 Miserere
531 1610 655 1676 mei,
697 1612 837 1665 Deus
861 1611 1100 1674 Domine,
1130 1625 1198 1664 ne
1220 1625 1306 1663 me
1329 1611 1614 1679 despicias,
1645 1622 1819 1677 neque

250 1690 465 1736 avertas
502 1680 689 1735 faciem
719 1688 863 1734 tuam
893 1695 924 1734 a
953 1695 1059 1743 me,
1083 1680 1175 1748 qui
1211 1695 1315 1734 non
1342 1695 1439 1749 pro
1461 1680 1670 1749 iustitia
1699 1692 1818 1732 mea

247 1750 1032 1837 peto‘mise‘ricordiamuuam;
1072 1750 1176 1837 εεῇ
1192 1748 1680 1837 propter‘magnam
1706 1748 1814 1837 τις-
1848 1779 1888 1837 Β

251 1818 507 1875 incutiam
527 1829 669 1874 tuam
701 1819 906 1888 respice
929 1820 986 1873 in
1010 1834 1118 1884 nte,
1136 1819 1377 1883 Domine,
1394 1820 1458 1874 de
1476 1818 1661 1874 saucia
1688 1818 1814 1872 sede

253 1888 549 1957 maiestatis
574 1898 698 1949 tum,
727 1899 783 1943 et
815 1890 1066 1945 tenebras
1092 1889 1275 1944 cordis
1303 1890 1409 1944 mei
1428 1890 1586 1943 radio
1628 1889 1811 1957 splen-

245 1961 393 2015 doris
421 1961 495 2014 tui
523 1960 785 2014 illumina.
812 1959 1040 2023 Protege
1068 1975 1171 2022 me,
1204 1959 1450 2023 Domine,
1484 1968 1635 2014 scuto
1675 1958 1816 2013 veri-

256 2031 378 2085 tatis
430 2031 554 2084 tidci
586 2040 722 2094 tum,
765 2038 826 2082 ut
850 2044 936 2083 me
965 2028 1161 2089 diaboli
1181 2028 1360 2096 iacula
1385 2030 1550 2099 ignita
1577 2043 1682 2099 non
1717 2043 1815 2099 pe-

252 2109 498 2164 netrem;
535 2100 792 2169 quidquid
825 2099 970 2153 enim
1023 2099 1154 2154 illud
1199 2107 1284 2154 est
1333 2097 1477 2167 quod
1531 2097 1818 2152 infelicitas

250 2186 367 2225 mea
390 2170 456 2224 de
486 2179 539 2224 te
567 2178 751 2239 petere
804 2176 899 2222 aut
942 2183 1048 2222 non
1075 2170 1270 2237 accipit
1294 2207 1310 2233 ,
1356 2176 1448 2222 aut
1482 2183 1589 2223 non
1616 2182 1819 2239 pracsu-

252 2241 369 2305 mit,
394 2247 487 2293 aut
511 2237 619 2295 non
642 2240 811 2309 sapit;
845 2239 948 2293 hoc
967 2246 1028 2309 tu
1052 2254 1149 2309 per
1170 2239 1428 2294 virtutem
1450 2247 1595 2309 tuam
1619 2237 1817 2309 tribue,

246 2319 336 2388 et_
358 2325 455 2378 per
506 2306 843 2388 maiestatem
878 2317 932 2362 et
968 2306 1225 2388 pietatem
1274 2316 1421 2388 tuam
1453 2308 1649 2388 largire
1674 2306 1821 2388 quod

249 2380 487 2434 animum
516 2379 688 2434 salvet
714 2394 745 2432 a
776 2377 995 2443 morte}
1052 2386 1108 2433 et
1152 2377 1373 2434 exeunti
1417 2377 1551 2432 mihi
1594 2377 1663 2431 de
1719 2377 1821 2431 hoc

246 2451 391 2504 chao
442 2450 789 2504 tenebrarum
831 2463 1048 2518 manum
1076 2449 1325 2518 porrigas
1347 2457 1402 2501 et
1427 2446 1608 2502 lumen
1631 2453 1819 2518 osten-

248 2521 363 2573 das.
399 2519 652 2574 Miserere
681 2518 807 2584 mei,
841 2517 984 2575 Deus
1026 2516 1270 2582 Domine,
1295 2518 1563 2587 reintegra
1602 2516 1821 2587 confra-

244 2599 415 2654 ctum,
447 2604 578 2643 sana
602 2599 948 2658 corruptum,
995 2588 1230 2646 emuuda
1260 2586 1535 2651 vitiatum,
1566 2594 1628 2658 et
1649 2586 1824 2641 indul-

248 2674 316 2781 ge
346 2660 489 2730 quod
518 2658 647 2724 feci,
678 2667 732 2739 et
763 2655 863 2712 hoc
886 2668 1087 2740 praesta
1118 2666 1178 2712 ut
1208 2658 1441 2728 amplius
1471 2673 1577 2711 non
1605 2655 1821 2739 faciam,

272 2730 503 2781 ‘alvator
534 2728 719 2781 mundi
745 2768 759 2781 .
809 2743 901 2781 fllll
936 2744 1061 2781 cum
1110 2728 1272 2781 Patre
1296 2769 1311 2781 .
1366 2736 1422 2781 et
1455 2742 1580 2781 eum
1615 2725 1821 2781 Smrttu

272 2725 503 2784 Salvator
534 2728 759 2789 mundi,
809 2725 906 2795 qui
936 2744 1061 2784 cum
1110 2725 1314 2793 Patre,
1366 2736 1422 2782 et
1455 2742 1580 2782 eum
1615 2725 1824 2795 Spiritu

251 2808 442 2923 sancto
477 2799 611 2923 Rivis
641 2806 695 2852 et
718 2812 912 2867 regnas
940 2798 1083 2852 Deus
1108 2814 1206 2866 per
1232 2798 1415 2853 omnia
1436 2797 1634 2853 smcula
1658 2811 1828 2852 secu—

275 2886 451 2923 orum.
529 2885 670 2923 men.

275 2886 451 2925 orum.
477 2885 670 2923 nmen.

422 2987 614 3059 Incipit
650 2987 819 3041 oratio
840 2986 978 3041 beati
1011 2985 1319 3056 Hieronymi
1348 2982 1647 3055 presbyteri.

324 3076 478 3131 Mane
506 3093 628 3132 cum
657 3092 943 3132 surrexero
967 3076 1190 3131 intende
1217 3076 1284 3132 ad
1316 3091 1403 3129 me
1423 3116 1438 3139 ,
1480 3074 1706 3131 Domine
1729 3114 1745 3140 ,
1777 3083 1833 3129 et

249 3149 489 3220 guberna
515 3162 703 3202 omnes
729 3158 883 3203 actus
910 3163 1088 3220 meos,
1116 3155 1171 3201 et
1198 3146 1369 3220 verba
1390 3161 1507 3200 mea
1524 3185 1545 3220 Α.
1579 3156 1635 3199 et
1680 3146 1830 3215 cogi-

250 3215 488 3273 tationes
516 3233 684 3283 meas,
713 3226 773 3272 ut
808 3226 979 3272 totum
1020 3219 1164 3272 diem
1204 3216 1496 3287 transigam
1522 3215 1577 3269 in
1610 3224 1699 3269 tua
1732 3231 1826 3287 vo-

253 3287 462 3343 luntate
492 3305 506 3342 :
540 3288 677 3343 dona
702 3288 852 3355 mihi,
877 3288 1103 3343 Domine
1125 3329 1140 3352 ,
1171 3286 1419 3341 timorem
1448 3294 1616 3350 tuum,
1648 3286 1827 3339 cordis

252 3359 721 3426 compunctionem
749 3399 766 3424 ,
810 3359 1009 3415 mentis
1053 3358 1411 3413 humilitatem
1434 3396 1448 3420 ,
1482 3355 1829 3426 conscientiae

254 3425 565 3497 puritatem,
613 3439 673 3483 ιιι
700 3437 901 3483 terram
924 3429 1217 3499 despiciam
1243 3469 1258 3492 ,
1287 3427 1483 3499 emittm
1515 3425 1774 3499 aspiciam
1808 3466 1824 3490 ,

255 3496 526 3568 infernum
557 3498 794 3561 timeam,
824 3496 1048 3568 peccata
1071 3499 1269 3562 odiam,
1290 3497 1557 3564 justitiam
1584 3496 1823 3568 diligam.

253 3567 526 3622 Abscinde
555 3581 592 3637 a_
613 3581 726 3631 me,
754 3564 1007 3632 Domine,
1037 3568 1173 3637 gula:
1219 3568 1531 3637 appetitum,
1569 3564 1826 3634 concupi-

256 3637 521 3691 scentiam
569 3635 972 3700 fornicationis,
1027 3635 1266 3691 amorem
1290 3635 1568 3705 pecuniae,
1619 3644 1829 3705 pestem

256 3704 567 3768 iracundiae,
590 3705 856 3774 justitiam
881 3706 1082 3770 saeculi,
1111 3704 1309 3760 mentis
1326 3704 1829 3770 accidiam,’vanam

257 3776 534 3845 ltctitiam,
568 3775 905 3845 tyrannidem
948 3774 1231 3844 superbiat.
1274 3774 1466 3829 Planta
1494 3774 1548 3845 in
1583 3788 1691 3838 me,
1721 3774 1829 3845 Do-

258 3847 426 3909 mine,
459 3843 715 3899 virtutem
744 3843 1103 3908 abstinentiae,
1128 3852 1190 3900 et
1212 3844 1599 3899 continentiam
1627 3843 1828 3908 carnis,

259 3925 320 3971 et
367 3915 673 3970 castitatem
721 3915 960 3981 mentis,
1009 3914 1366 3969 voluntariam
1408 3921 1779 3984 paupertatem
1814 3953 1830 3976 ,

256 4001 448 4040 veram
478 3984 817 4054 patientiam,
849 3984 1092 4040 latitiam
1121 3984 1444 4056 spiritalem,
1472 3983 1833 4056 animi_stabi-

257 4057 492 4120 litatem,
508 4056 686 4110 cordis
699 4056 1096 4120 contritionem,
1112 4054 1470 4110 humilitatem
1493 4069 1601 4108 non
1623 4054 1828 4119 ﬁctam,

259 4126 563 4180 fraternam
594 4126 933 4180 cbaritatem.
984 4125 1204 4182 Custodi
1253 4138 1316 4180 es
1343 4140 1522 4179 meum
1553 4139 1619 4178 ne
1643 4124 1834 4194 loquar

259 4211 426 4259 vana,
450 4211 516 4250 ne
546 4195 757 4249 fabuler
776 4196 1075 4261 Stecularia,
1107 4211 1174 4253 ne
1194 4195 1474 4251 detraham
1498 4195 1829 4258 absentibus,

256 4282 333 4321 ne
364 4265 682 4320 maledicam
718 4267 1072 4333 praesentibus
1101 4305 1115 4329 ,
1164 4280 1231 4320 ne
1278 4266 1628 4333 respondeam
1667 4265 1835 4318 male—

262 4336 469 4390 dictum
502 4350 599 4405 pro
629 4335 957 4405 maledicto;
995 4336 1089 4390 sed
1120 4351 1157 4389 e
1192 4336 1468 4390 contrario
1519 4336 1830 4389 benedicam

259 4404 552 4476 Dominum
582 4406 634 4459 in
659 4404 1091 4476 omnitempore.
1126 4420 1338 4474 seraper
1380 4406 1498 4462 laus
1524 4405 1640 4473 ejus
1662 4405 1716 4459 iu
1738 4420 1834 4459 ore

1215 308 1558 367 APPENDIX
1592 308 1683 364 ιν.
1722 338 1790 348 --
1828 306 2166 365 ιιθειιυδ
2203 306 2505 363 PRECUM.

819 426 1123 511 ρειεθιεαιο.
1144 425 1399 511 πείθεται
1434 425 1547 507 rei
1841 437 1886 493 Α
1916 432 1972 511 ξε
1995 423 2261 511 veitatis:
2279 421 2528 511 Pietati:
2561 422 3197 511 Embasswﬁm
3228 439 3483 497 ωεινειες

3346 314 3481 370 1586

1916 509 2212 580 sermones,
2242 502 2299 580 e't
2328 508 2513 580 Opera,
2561 502 2619 580 ut
2666 492 2939 580 possimus
3063 508 3360 580 conspectu
3390 492 3487 556 tuo

1915 564 2173 632 perﬁcere
2198 564 2525 618 voluntatem
2578 572 2722 616 tuam
2749 604 2763 627 ,
2816 573 2870 619 et
2895 566 3172 621 ambulare
3196 564 3250 621 in
3278 570 3364 622 via
3389 579 3485 624 tua

1915 640 2027 686 toto
2056 643 2296 702 tempore
2327 633 2449 687 vitze
2487 641 2687 705 postue
2715 671 2731 697 ,
2769 647 2867 701 per
2912 635 3324 705 Redemptorem
3370 642 3490 694 aui-

1858 729 1877 743 -
1915 717 2124 780 marum
2144 711 2457 780 nostrarum
2487 702 2771 758 Dominum
2798 712 3063 769 nostrum,
3095 702 3179 760 cui
3203 716 3289 762 est
3312 708 3486 780 gloria

1915 770 1969 824 in
1997 771 2190 827 smcuia
2217 772 2556 827 saeculorum.

2264 859 2453 914 Oratio
2474 860 2645 914 sancti
2669 859 2897 931 Ephrem
2922 863 3153 918 diaconi.

1985 939 2210 1011 Domine
2249 939 2399 1011 Deus
2423 947 2478 992 et
2512 938 2761 1011 Salvator
2789 954 2960 1011 meus,
2988 956 3159 1011 quare
3209 957 3295 997 me
3330 943 3487 997 derc-

1915 1009 2163 1079 iiqnisti?
2190 1009 2449 1079 miserere
2485 1010 2587 1063 mei
2616 1049 2631 1073 ,
2671 1010 2922 1078 quoniam
2955 1009 3098 1066 tu‘es
3127 1022 3338 1066 amator
3374 1027 3491 1066 om-

1914 1078 2064 1134 nium
2095 1078 2259 1133 solus.
2293 1078 2449 1132 Salva
2475 1095 2560 1131 me
2587 1088 2950 1148 peccatorcm,
2965 1081 3218 1148 quoniam
3235 1091 3287 1135 tu
3300 1098 3361 1136 es
3374 1084 3491 1138 sine

1915 1148 2318 1221 peccatosolus.
2342 1148 2479 1221 Erue
2494 1163 2577 1201 me
2595 1150 2659 1202 de
2681 1164 2837 1221 emno
2853 1149 3193 1221 iniquitatum
3222 1166 3484 1215 mearum,

1915 1218 1977 1272 ιιι
2006 1234 2109 1271 ηοιι
2144 1218 2338 1287 infigar
2366 1218 2419 1271 in
2445 1226 2726 1272 aeternum.
2749 1218 2947 1273 Libera
2974 1234 3059 1273 me
3084 1220 3149 1274 de
3168 1235 3263 1275 ore
3284 1222 3489 1275 inimici

1916 1288 2216 1372 meijeece
2239 1288 2381 1372 enim
2424 1297 2481 1341 ut
2525 1287 2609 1341 leo
2639 1289 2855 1369 rugiens
2897 1290 3157 1372 devorare
3202 1305 3288 1344 me
3305 1292 3484 1372 _cupit.

1916 1358 2103 1412 Excita
2128 1357 2423 1427 potentiam
2453 1366 2594 1411 tuam
2620 1366 2674 1412 et
2701 1357 2843 1421 veni,
2867 1367 2927 1413 ut
2950 1358 3157 1413 salvum
3187 1374 3273 1414 me
3301 1357 3486 1414 facias.

1916 1427 2117 1481 Emitte
2149 1427 2555 1498 coruscationes
2598 1436 2747 1493 tuas,
2792 1428 3040 1498 disperge
3068 1444 3283 1483 omnem
3313 1431 3488 1484 virtu-

1918 1505 2027 1567 tem
2057 1497 2281 1561 inimici,
2309 1505 2521 1551 amator
2544 1496 2819 1552 hominum
2849 1496 3297 1567 [benignissime
3325 1498 3486 1555 Deus.

1917 1566 2122 1649 Adiuro
2152 1577 2204 1621 te
2235 1567 2971 1649 per-miserationesduaspe
2994 1566 3080 1621 me
3094 1584 3221 1649 cum
3252 1569 3424 1623 haedis
3456 1584 3493 1624 a

1918 1637 2153 1692 sinistris
2178 1635 2281 1691 tuis
2311 1635 2516 1706 statuas
2550 1651 2681 1690 cum
2722 1637 2789 1690 iis
2816 1637 2906 1706 qui
2934 1645 2985 1691 te
3009 1636 3488 1694 exacerbaveruut.

1918 1706 2170 1778 Nedicas
2201 1706 2361 1778 mihi,
2402 1705 2591 1778 Nescio
2634 1716 2718 1769 te;
2765 1708 2860 1760 sed
2884 1707 3067 1778 tribue
3096 1707 3226 1762 mibi
3268 1719 3493 1778 propter

1917 1777 2138 1832 multam
2184 1776 2608 1830 miscricordiam
2644 1784 2825 1837 luant,
2881 1775 3287 1833 indesinetttem
3313 1775 3491 1832 cordis

1917 1847 2380 1915 comp-tnctionrm
2420 1854 2474 1899 et
2514 1846 2698 1901 lit-tutu
2717 1886 2732 1908 ,
2762 1855 2815 1899 et
2841 1846 3122 1903 sanetiiica
3144 1862 3254 1911 tne,
3278 1856 3339 1900 ut
3365 1848 3490 1902 fiant

1923 1917 2177 1986 templum
2207 1917 2391 1985 gratia:
2416 1924 2538 1971 tum.
2570 1916 2672 1982 Qui
2700 1916 2854 1970 vivis.

1920 1996 2105 2051 Oratio
2137 1995 2272 2050 beati
2305 1992 2540 2064 Gregorii
2578 1996 2632 2049 in
2661 2012 2766 2065 qua
2798 1997 3135 2065 omnipotenti
3159 1994 3270 2053 Deo
3288 1996 3492 2053 debitus

2172 2116 2179 2122 .
2358 2065 2465 2132 agit
2492 2065 2785 2134 gratiarum
2812 2066 3062 2118 actiones.

1991 2144 2111 2201 Tibi
2142 2158 2241 2212 ago
2266 2142 2468 2204 laudes,
2496 2149 2551 2194 et
2571 2142 2779 2211 gratias
2803 2141 2899 2195 tibi
2932 2142 3131 2206 refero,
3159 2143 3302 2199 Deus
3340 2160 3497 2199 meus

1921 2213 2308 2269 misericordia:
2356 2225 2507 2275 meae,
2564 2212 2654 2283 qui
2700 2225 2784 2283 me
2828 2212 2896 2267 ad
2929 2221 3085 2283 tuam
3132 2214 3492 2283 cognitionem

1920 2284 2236 2354 perducere,
2267 2290 2323 2334 et
2346 2281 2611 2354 persacri
2636 2280 2974 2354 baptismatis
2997 2280 3498 2354 ablutionemiuter

1918 2348 2228 2422 adoptionis
2258 2360 2361 2422 tua:
2390 2348 2529 2405 filios
2556 2348 2848 2422 aggregare
2873 2350 3121 2422 dignatus
3140 2366 3227 2407 .es.
3257 2352 3374 2406 Tibi
3396 2368 3497 2422 agn

1924 2420 2111 2479 laudes
2139 2429 2194 2477 et
2217 2420 2438 2491 gratias,
2485 2420 2578 2491 qui
2602 2420 2703 2475 me
2729 2421 2799 2474 ab
2820 2420 2959 2490 ipsis
2982 2421 3303 2491 rudimentis
3323 2420 3498 2476 infan-

1924 2495 2012 2553 tia:
2035 2506 2206 2560 usque
2226 2489 2302 2546 ad
2326 2492 2469 2561 hach
2490 2490 2683 2544 horam
2706 2505 2805 2561 per
2830 2491 2999 2561 multa
3021 2489 3341 2547 deﬂuentem
3358 2493 3493 2547 -vitia

1927 2559 2203 2619 immensae
2249 2560 2506 2621 bonitatis
2547 2568 2652 2616 tuae
2679 2559 2936 2621 patientia
2973 2562 3042 2617 ad
3063 2562 3497 2617 emendationem

1926 2640 2237 2715 εξιερθίιιιεο,
2261 2630 2337 2715 τςε
2366 2631 2625 2715 invitone
2654 2628 2917 2715 ειοείίὶεος
2941 2631 3033 2715 ssi
3077 2645 3181 2715 ωε.
3195 2632 3498 2715 sensum

1929 2705 1997 2759 de
2022 2700 2204 2759 multis
2224 2700 2679 2765 tribulationibus,
2706 2708 2763 2755 et
2786 2701 3072 2771 angustiis,
3098 2700 3499 2758 caiomitatibus

1930 2783 1987 2830 et
2035 2772 2269 2830 miseriis
2311 2771 2553 2827 liberasti
2580 2812 2599 2835 ,
2635 2771 2729 2839 qui
2775 2770 2879 2825 me
2906 2770 3166 2828 hactenus
3190 2773 3257 2827 de
3283 2773 3501 2828 attentis

1932 2842 2325 2915 suppliciishde‘
2335 2841 2581 2915 corporis
2603 2840 2762 2915 huius
2780 2842 3110 2915 cruciatibus
3130 2843 3399 2915 exemisti.
3425 2843 3502 2896 Te

1934 2911 2092 2969 laudo
2114 2922 2169 2968 et
2196 2912 2459 2983 gloriﬁco,
2490 2912 2582 2980 qui
2608 2912 2741 2965 mihi
2762 2911 3083 2979 sospitatem
3111 2914 3499 2983 membrorum,

1938 2982 2382 3053 tranquillitatem
2412 2990 2736 3053 temporum.
2755 2989 2819 3053 Aet
2840 2982 3095 3035 honorem
3121 3022 3143 3053 ,γ
3175 2982 3421 3037 θσεοιιιηι
3446 2992 3504 3037 et

1937 3051 2259 3110 charitatcm
2287 3091 2302 3116 ,
2339 3052 2385 3105 si
2420 3067 2540 3119 qum
2563 3051 2727 3104 etiam
2753 3051 2805 3103 in
2839 3065 2924 3105 me
2962 3059 3088 3105 sunt
3115 3052 3251 3105 dona
3276 3066 3375 3119 pro
3403 3061 3505 3105 tua:

1854 3149 1899 3212 ρ
1929 3124 2153 3249 pietatis
2184 3121 2355 3191 gratia
2376 3120 2631 3175 conferre
2656 3119 2907 3201 dignatus
2934 3134 3011 3175 es.
3042 3120 3254 3187 Quaeso,
3277 3119 3504 3175 Domine

1978 3210 2092 3249 eus.
2123 3191 2551 3247 inaestimabilem
2585 3199 2867 3245 suavrtatts
2904 3198 3008 3244 tua:
3031 3191 3374 3245 clementiam
3397 3232 3413 3249 .
3447 3202 3504 3245 ut

1978 3210 2092 3257 eus,
2123 3189 2551 3247 inaestimabilem
2585 3189 2867 3245 suavitatis
2904 3198 3008 3244 tua:
3031 3191 3374 3245 clementiam
3397 3232 3413 3256 ,
3447 3202 3505 3245 ut

1929 3265 2180 3319 inchoata
2211 3264 2262 3316 in
2291 3277 2377 3315 me
2408 3260 2548 3314 bona
2585 3258 2834 3330 periit-ias
2858 3300 2873 3323 ,
2910 3260 3168 3329 quidquid
3205 3261 3257 3314 in
3298 3275 3385 3314 me
3409 3261 3504 3315 tibi

1929 3335 2177 3403 displicet
2228 3331 2554 3403 repellas,_a
2584 3346 2627 3403 cr
2652 3330 2792 3384 nctis
2820 3345 2907 3403 me
2933 3346 3052 3403 qua;
3083 3339 3371 3403 supersunt
3403 3331 3508 3403 Atri-

1927 3399 2316 3465 bufationibus',
2349 3401 2723 3469 iniquitatibus
2751 3415 2814 3454 ac
2850 3399 3079 3455 diversis
3105 3399 3260 3455 malis
3283 3400 3504 3470 eripias,

1927 3474 2286 3543 cogitationes
2313 3486 2480 3536 meas,
2508 3470 2810 3543 locutiones
2833 3471 3039 3543 pariter
3062 3478 3120 3525 et
3148 3478 3302 3526 actus
3329 3471 3383 3525 in
3414 3483 3505 3543 tua

1928 3540 2205 3598 voluntate
2245 3542 2467 3613 dirigas,
2499 3548 2649 3595 etne
2677 3540 2891 3613 auferas
2932 3541 3168 3613 animam
3204 3555 3392 3613 _meam
3441 3540 3508 3595 de

1930 3614 2033 3669 hoc
2055 3613 2255 3668 mundo
2276 3611 2588 3681 priusquam
2615 3612 2904 3665 emendare
2937 3611 3171 3665 studeat.
3203 3611 3261 3663 in
3284 3619 3380 3681 tua
3407 3626 3506 3665 vo-

1927 3683 2135 3739 luntate
2187 3680 2329 3736 inter
2373 3683 2599 3734 adversa
2656 3695 2741 3733 me
2780 3688 2834 3733 et
2874 3695 3131 3749 prospera
3176 3680 3508 3749 gradientem

1926 3768 2146 3822 semper
2168 3760 2226 3805 et
2254 3751 2450 3822 ubique
2480 3749 2751 3822 custodias
2774 3788 2790 3811 ,
2832 3748 2889 3801 et
2915 3750 2981 3822 ad
3017 3758 3121 3802 tuae
3150 3748 3236 3802 me
3277 3748 3503 3803 visionis

1931 3817 2235 3876 desiderata
2261 3819 2452 3889 gaudia
2486 3817 2809 3886 quandoque
2847 3818 3135 3885 perducas.

1934 3910 2118 3965 Oratio
2153 3907 2323 3965 sancti
2361 3905 2616 3962 Ambrosii
2649 3906 2703 3959 in
2734 3923 2845 3976 quae
2874 3922 2968 3975 pro
3015 3907 3381 3976 suispeccatis
3428 3922 3510 3960 rc-

2504 3976 2646 4030 niam
2670 3972 2921 4046 postulat.
3142 3974 3147 3979 ’

2005 4059 2286 4114 Miserator
2315 4064 2369 4111 et
2398 4054 2708 4109 misericors
2730 4094 2744 4118 ,
2770 4053 2985 4118 patiens
3010 4061 3063 4111 et
3092 4052 3318 4109 multum
3338 4054 3511 4115 mise-

1934 4131 2125 4193 ricors,
2153 4142 2347 4197 magne
2378 4133 2434 4180 et
2471 4123 2731 4197 terribilis
2766 4122 2929 4197 Deus,
2960 4125 3054 4178 tibi
3085 4122 3345 4197 conﬁteor
3387 4137 3513 4194 pec-

1931 4208 2053 4253 cata
2083 4213 2225 4262 mea,
2248 4192 2485 4251 crimina
2517 4208 2659 4258 mea,
2700 4192 2940 4251 facinora
2991 4210 3128 4260 mea,
3172 4193 3365 4248 delicta
3388 4192 3510 4251 mea

1936 4267 2346 4351 tibinpatei‘acie,
2373 4265 2596 4351 vitinera
2626 4280 2766 4351 mea,
2793 4265 2996 4351 scelera
3018 4280 3158 4351 mea.
3184 4263 3261 4345 Tu
3280 4272 3509 4334 propter

1936 4332 2261 4393 ineli'abilcm
2302 4336 2598 4391 bonitatem
2626 4341 2772 4388 tuam
2804 4333 2991 4390 confer
3015 4335 3144 4390 mihi
3174 4332 3372 4389 misero
3386 4332 3512 4389 Imu-

1937 4409 2192 4463 dicinam.
2242 4407 2321 4460 Τιι
2368 4405 2515 4461 enim
2562 4404 2851 4477 mitissime
2882 4405 3131 4477 dignatus
3181 4418 3242 4458 es
3288 4402 3507 4459 dicere:

257 4490 408 4530 meo.
437 4474 657 4549 custodi
702 4474 886 4529 oculos
913 4474 1062 4531 meos
1080 4476 1403 4549 permeant
1445 4476 1725 4549 mulierem
1767 4476 1834 4549 ad
1869 4492 1913 4549 ι)
1936 4478 2080 4549 Nolo
2104 4487 2327 4549 mortem,
2348 4474 2671 4549 peccatoris,
2701 4475 2791 4529 sed
2818 4485 2876 4528 ut
2900 4474 3231 4549 conputatur
3262 4483 3322 4527 et
3351 4477 3509 4528 cient.

256 4545 748 4614 concupiscendam
774 4558 894 4599 eam
924 4584 940 4610 ,
968 4560 1034 4600 ne
1061 4545 1368 4601 desiderent
1397 4560 1513 4601 rem
1556 4546 1787 4614 proximi
1815 4580 1839 4608 ,-

261 4629 369 4685 nec
397 4613 807 4685 deliciashujus
834 4615 1046 4680 saeculi;
1103 4615 1199 4671 sed
1246 4615 1423 4671 dicam
1470 4613 1592 4668 cum
1641 4616 1835 4685 spiritu

261 4684 439 4740 David
468 4703 479 4737 :
508 4684 659 4739 Oculi
681 4684 781 4755 mei
801 4700 1003 4755 semper
1024 4686 1092 4739 ad
1118 4685 1415 4747 Dominum,
1440 4692 1496 4739 et
1516 4684 1742 4755 reliqua.
1771 4685 1839 4739 Et

262 4755 466 4824 iterum
489 4773 500 4807 :
524 4754 605 4807 Ad
625 4763 673 4807 te
698 4754 858 4807 levavi
879 4753 1058 4808 oculos
1079 4771 1241 4818 meos,
1269 4756 1358 4824 qui
1380 4755 1586 4809 habitas
1604 4753 1659 4808 in
1686 4754 1832 4809 caelo.

260 4823 489 4879 Custodi
519 4837 679 4894 aures
713 4838 862 4877 uaeas
888 4838 956 4879 ne
994 4825 1214 4880 audiant
1261 4823 1521 4894 linguam.
1548 4825 1838 4880 detrahen-

263 4905 403 4956 tem,
432 4909 500 4948 ne
527 4893 750 4947 audiant
776 4894 1113 4949 mendacium
1132 4934 1148 4957 ,
1179 4909 1280 4950 nec
1307 4892 1529 4948 verbum
1556 4895 1791 4949 otiosum
1817 4911 1833 4958 ;

250 4965 367 5019 sed
397 4972 597 5033 aperta:
622 4962 732 5017 sint
757 4963 995 5030 quotidie
1018 4965 1084 5017 ad
1124 4963 1445 5021 audiendum
1476 4962 1695 5017 verbum
1719 4964 1831 5019 Dei.

262 5032 495 5089 Custodi
522 5033 686 5101 pedes
714 5046 863 5086 meos
901 5048 968 5087 ne
996 5033 1330 5089 circumeant
1365 5032 1788 5096 domos'otiosas
1819 5052 1831 5086 :

264 5103 368 5158 sed
397 5110 544 5158 stent
562 5103 616 5157 in
638 5103 883 5157 oratione
911 5102 1004 5158 Dei
1029 5102 1597 5159 ﬁrmiterimmobilcs.
1615 5104 1837 5158 Custodi

264 5188 473 5229 manus
495 5186 646 5243 meas
667 5186 734 5243 ne
755 5171 1098 5243 porrigantur
1124 5187 1264 5243 saepe
1285 5172 1692 5243 adaccipicnda
1722 5188 1835 5243 mu.

265 5255 425 5306 nera,
454 5242 547 5298 sed
576 5241 751 5312 potius
774 5241 1053 5312 elevantur
1077 5241 1324 5312 quotidie
1346 5241 1400 5296 in
1448 5242 1696 5309 precibus
1736 5241 1841 5295 Do-

264 5314 409 5367 mini
442 5310 660 5365 munda:
687 5319 742 5364 et
777 5326 926 5377 purae
954 5311 1073 5365 sine
1096 5315 1196 5376 ira,
1224 5322 1276 5365 et
1297 5310 1719 5379 disceptatione,
1743 5321 1853 5379 quo

266 5385 484 5451 possim
505 5380 692 5435 dicere
711 5381 861 5434 illum
874 5382 1251 5451 propheticum
1266 5377 1571 5433 sermonem
1591 5396 1602 5430 :
1619 5379 1789 5430 elevat
1803 5377 1853 5425 in

267 5450 533 5520 [nantium
571 5462 813 5520 mearum
837 5450 1567 5520 sacriliciumgvesperttnum.
1598 5451 1839 5515 Custodi,

268 5518 523 5601 Domine,
555 5518 758 5603 exitum
784 5527 1063 5603 nostrum,
1091 5518 1398 5603 quiin—tum
1412 5522 1629 5603 nomine
1679 5521 1843 5603 proii—

267 5588 558 5660 ciscimur,
587 5596 642 5642 et
663 5588 885 5660 angelus
912 5598 1034 5660 tuus
1058 5596 1277 5644 sanctus
1298 5589 1534 5645 cmlestis
1560 5588 1845 5646 comitetur

266 5658 580 5730 nobiscum,
614 5659 704 5726 qui
733 5658 903 5730 possit
931 5658 1194 5714 deducere
1219 5674 1322 5714 nos
1350 5675 1519 5730 usque
1563 5661 1629 5714 ad
1667 5661 1842 5717 locum

270 5729 634 5793 deStinatum,
661 5735 715 5782 et
744 5727 978 5796 dirigere
1022 5730 1182 5797 pedes
1211 5727 1502 5786 neutros—in
1531 5733 1670 5786 viam
1697 5732 1846 5802 pacis

520 5820 793 5880 Pnaoc.
840 5819 943 5881 Cl.

1940 4548 2229 4609 Conﬁteor,
2258 4545 2442 4616 inique
2473 4545 2576 4616 egi,

1944 4619 2025 4673 via
2054 4633 2195 4673 mea.
2221 4613 2391 4687 Lapsa
2423 4613 2580 4687 estin
2614 4613 2787 4687 laeum
2830 4613 3067 4687 miseriae
3094 4615 3204 4668 vita
3230 4629 3371 4687 mea.
3404 4614 3513 4687 Eat-

1941 4690 2139 4743 stincta
2169 4697 2253 4742 est
2276 4682 2653 4755 iniquitatibus
2680 4683 3027 4755 meisanima
3054 4699 3193 4755 mea.
3223 4682 3513 4755 Superbia,

1941 4759 2124 4822 libido,
2157 4759 2259 4821 ira,
2291 4752 2647 4825 impatientia,
2668 4752 2901 4825 malitia,
2920 4753 3141 4825 invidia,
3165 4752 3320 4825 gula;
3339 4753 3511 4825 ebrie-

1943 4837 2047 4893 tas,
2072 4822 2536 4896 concupiscentia,
2564 4824 2776 4896 rapina,
2808 4822 3508 4896 mendacium,'petiurium,

1942 4892 2265 4960 scurrilitas,
2292 4892 2687 4969 stultiloquium
2713 4933 2727 4957 ,
2761 4894 3066 4969 ignorantia
3092 4933 3107 4958 ,
3132 4892 3463 4969 négligeptia
3495 4933 3512 4955 ,

1941 4983 2036 5022 seu
2057 4975 2268 5022 ceterae
2292 4974 2472 5036 pestes
2499 4961 2815 5036 occiderunt
2842 4963 3079 5016 animam
3111 4961 3306 5036 mea’m.
3339 4961 3515 5016 Pollu-

1945 5047 2057 5092 tum
2087 5044 2172 5091 est
2198 5032 2500 5091 cor'meum
2530 5041 2589 5087 et
2615 5032 2758 5088 labia
2801 5047 2924 5088 mea
2945 5073 2962 5097 ,
3005 5040 3063 5087 et
3107 5034 3257 5087 visus
3277 5047 3438 5087 mens
3463 5040 3518 5085 et

1942 5108 2176 5170 auditus,
2200 5114 2392 5174 gustus
2415 5144 2430 5165 ,
2471 5104 2748 5174 odoratus,
2788 5112 2843 5158 et
2899 5110 3095 5174 mus,
3119 5110 3177 5157 et
3195 5102 3519 5174 omnimoiis

1943 5172 2271 5247 cogitatione
2296 5216 2331 5247 ,Α
2356 5172 2623 5247 locutione
2646 5214 2661 5239 ,
2693 5174 2808 5247 sive
2847 5173 3058 5247 actione
3090 5172 3335 5247 perditus
3360 5187 3513 5247 sum.

1945 5241 2159 5312 Qumso,
2182 5245 2410 5301 Domine
2444 5244 2613 5307 Deus,
2640 5244 2795 5313 cujus
2819 5242 3096 5298 miseratio
3122 5241 3522 5313 nullumdmbet
3588 5254 3595 5263 °

1947 5316 2108 5371 tinem
2127 5357 2141 5378 ,
2196 5316 2415 5370 attrahe
2441 5327 2526 5368 me
2554 5322 2675 5384 post
2697 5312 2750 5367 te
2773 5314 2915 5371 sicut
2941 5314 3211 5368 attraxisti
3240 5312 3519 5384 mulierem

1945 5385 2334 5456 peccatricem,
2382 5385 2527 5456 dona
2555 5382 2704 5456 imihi
2743 5384 3210 5456 comparationem
3245 5382 3522 5456 mentiset

1948 5450 2211 5526 corporis,
2242 5463 2298 5509 et
2321 5453 2625 5509 uberrimos
2645 5450 3004 5526 lacrytnarutn
3032 5453 3234 5518 fontes,
3253 5453 3403 5526 sicut
3421 5450 3518 5526 do.

1949 5518 2090 5580 uasti
2121 5518 2205 5579 illi
2224 5540 2330 5579 non
2356 5536 2574 5579 cessare
2596 5518 2826 5594 osculiri
2849 5523 3012 5592 pedes
3042 5533 3180 5589 tuos,
3223 5523 3400 5594 rigare
3443 5518 3521 5574 la-

1952 5595 2174 5666 cryntis,
2216 5603 2272 5649 et
2317 5603 2601 5666 extergere
2637 5593 2871 5666 capillis;
2906 5594 3149 5648 concede
3182 5593 3311 5666 milii
3343 5600 3400 5645 ut
3424 5606 3517 5647 se-

1953 5663 2187 5719 cundum
2200 5663 2621 5733 magnitudinem
2638 5663 2975 5732 iniquitatem
2994 5678 3231 5718 mearum
3244 5664 3313 5717 sit
3324 5676 3523 5733 magna

1955 5734 2170 5789 dilectio
2201 5731 2320 5789 mea
2355 5735 2406 5788 in
2436 5744 2505 5797 te,
2536 5743 2591 5786 ut
2623 5731 2840 5803 propter
2874 5734 3284 5787 iamensitateat
3312 5731 3525 5802 pietati;

3012 5822 3087 5879 '45

2674 4560 2859 4600 rrersa
2895 4546 3057 4599 estin
3098 4552 3387 4613 conspectu
3420 4553 3510 4598 tuo
3572 4569 3577 4575 -
