3946 6186
402 257 424 310 ί
437 256 547 312 3'95

1391 259 1484 314 AD
1522 257 1749 315 OPEDA
1786 258 1845 312 Β.
1882 256 2152 312 ALCUNI
2191 254 2630 310 APPENDICES.

3518 253 3655 311 {396

470 372 543 448 Ut
583 385 835 431 cunctum
883 377 1136 447 populum
1170 380 1523 433 christianum
1570 378 1807 448 pretioso
1849 395 1973 433 san-
1997 387 2043 441 Α
2076 376 2174 429 libi
2206 376 2647 448 mihiaperuisti,
2675 374 2887 448 suscipe
2912 371 3357 448 intrantem._Ulii
3378 372 3653 448 clausisti,

357 500 363 507 ,
398 444 559 519 guine
577 453 667 499 tuo
683 444 1014 519 redemptum
1029 464 1352 504 conservare
1367 444 1683 516 digneris,te
1696 464 1967 519 rogamus.

473 514 544 570 Ut
563 531 752 572 omnes
778 514 974 573 fratres
1001 530 1215 575 nostros
1243 514 1548 589 spirituales
1588 520 1640 573 in
1676 514 1805 572 vera
1849 520 1973 573 reli-

400 586 558 660 gione
583 602 903 660 conservare
929 590 1165 660 digneris
1187 632 1201 655 ,
1270 586 1287 589 “
1484 659 1488 660 ί
1612 600 1666 643 te
1695 604 1966 658 rogamus.

474 655 544 710 Ut
571 656 874 731 senioribus
888 655 1084 715 nostris
1099 677 1129 715 a
1143 662 1253 716 Deo
1266 659 1639 731 prmordinatis
1662 655 1969 729 perpetuam

400 740 589 800 pacem
609 725 798 800 largiri
819 729 1055 800 digneris
1070 772 1084 794 ,
1267 725 1285 731 ’
1616 725 1672 783 te
1697 725 1967 798 rogamus.

473 794 552 870 Ut
570 795 655 850 bis
674 794 979 870 hominibus
1000 801 1089 870 qui
1113 801 1313 855 nostris
1326 807 1451 856 sunt
1470 794 1828 855 commendati
1850 815 1973 853 ora—

404 866 639 952 tionibus
666 866 1207 952 misereridigneris,
1244 942 1255 952 _
1316 942 1327 952 _
1615 878 1968 952 te_rogamus.

471 936 543 992 Ut
570 939 821 995 omnibus
838 936 1118 996 animabus
1143 942 1557 997 christianorum
1586 936 1971 996 catholicorum

402 1005 647 1079 misereri
672 1008 1029 1079 digneris,Fili
1054 1011 1179 1075 Dei,
1619 1019 1670 1065 te
1696 1026 1969 1078 rogamus.

470 1078 622 1150 dgne
641 1079 756 1145 Dei,
775 1079 865 1150 qui
896 1079 1038 1134 tollis
1067 1090 1286 1150 peccata
1312 1082 1783 1148 mundi,miserere
1796 1081 1969 1147 nobis.

470 1146 686 1214 Christe
705 1146 829 1205 audi
856 1164 974 1204 nos.
1007 1146 1171 1221 eric
1197 1153 1419 1220 eleison.

790 1256 971 1315 Oratio
1000 1262 1276 1331 cujusdam
1302 1264 1569 1333 sapientis.

470 1368 574 1423 Per
607 1371 797 1448 horum
844 1374 1221 1448 omniumSS.
1264 1384 1563 1448 martyrum
1610 1386 1664 1433 et
1702 1375 1976 1435 confesso-

399 1454 538 1515 rum,
566 1448 620 1493 et
649 1442 928 1515 beatorum
975 1446 1242 1515 virginum
1273 1442 1466 1501 merita
1510 1456 1564 1501 et
1607 1449 1878 1502 orationes
1922 1456 1976 1502 et

368 1554 375 1560 .
398 1510 815 1589 intercessiones
842 1522 896 1569 et
921 1510 1213 1589 passiones
1225 1527 1279 1589 et
1306 1518 1840 1589 suil‘ragia,'l‘rinitas
1866 1518 1976 1573 cle-

397 1580 767 1663 mentissima,
810 1580 1001 1649 errandi
1044 1580 1517 1663 me,_libera,me',
1566 1580 1793 1663 defende
1838 1604 1923 1642 me
1956 1629 1971 1652 ,

399 1651 602 1705 redime
624 1667 740 1728 me,
751 1664 975 1728 protege
999 1670 1102 1728 me,
1128 1658 1319 1728 adjuva
1343 1651 1447 1721 me,
1472 1651 1528 1713 et
1549 1658 1695 1712 salva
1722 1673 1826 1723 me,
1848 1651 1977 1712 con?-

378 1734 551 1773 ser-va
576 1736 681 1786 me,
706 1723 916 1778 illustra
947 1741 1051 1779 me.
1079 1726 1154 1780 Da
1184 1723 1313 1782 mihi
1336 1770 1350 1791 ,
1375 1729 1600 1782 Domine
1618 1770 1631 1793 ,
1655 1744 1750 1783 cor
1774 1729 1974 1782 contri-

374 1798 513 1869 .tum
543 1805 735 1869 purum
758 1834 772 1856 ,
804 1796 943 1863 quod
971 1804 1023 1869 te
1062 1796 1259 1860 videat,
1291 1808 1345 1851 et
1378 1799 1614 1869 cogitet,
1656 1807 1712 1853 et
1744 1798 1966 1869 credat;

396 1867 454 1941 et
476 1860 640 1941 pedes
664 1860 865 1941 castos,
898 1866 988 1933 qui
1020 1869 1300 1941 praeceptis
1326 1869 1431 1941 tuis
1446 1860 1773 1941 'obedienter
1810 1860 1970 1941 mini;

398 1937 593 1994 street,
622 1939 677 1985 et
705 1948 895 1987 manus
930 1936 1265 1991 continentes
1309 1938 1424 1992 sine
1471 1939 1552 1991 ira
1629 1951 1684 1992 et
1732 1937 1971 1992 vanitate

400 2000 468 2081 ad
496 2001 827 2081 te_eleva_ta_s,
860 2020 980 2073 qua:
1007 2006 1294 2081 utilitatem
1313 2009 1700 2081 proximorum
1732 2019 1786 2062 et
1810 2011 1972 2081 mise-

379 2071 688 2145 ricordiam
716 2071 977 2139 laborent.
1026 2075 1247 2145 Largire
1266 2118 1280 2142 ,
1312 2071 1537 2132 Domine
1563 2078 1797 2143 Christe,
1831 2078 1969 2132 labia

398 2140 651 2222 discreta,
680 2158 801 2210 qum
829 2153 878 2199 te
905 2140 1245 2222 benedicant,
1269 2140 1331 2201 et
1358 2148 1723 2222 magniﬁcent,
1750 2140 1805 2222 et
1828 2164 1969 2217 prte-

401 2211 598 2275 dicent,
651 2221 705 2266 et
732 2228 852 2267 cum
884 2214 1076 2268 timore
1104 2225 1157 2269 et
1188 2226 1421 2271 tremore
1450 2211 1504 2272 Et
1531 2211 1891 2273 exsultatione
1919 2228 1971 2273 te

399 2294 611 2357 semper
638 2283 886 2348 adorent,
909 2294 961 2339 et
986 2301 1143 2340 aures
1169 2287 1423 2354 inuenias,
1456 2303 1574 2357 quae
1598 2304 1792 2344 nomen
1820 2297 1970 2343 tuum

382 2352 644 2423 .etlegem
678 2362 822 2408 tuam
856 2365 910 2409 et
939 2357 1097 2409 verba
1129 2364 1217 2411 tua
1249 2352 1515 2423 audiant',
1556 2366 1611 2412 et
1656 2359 1839 2412 oculos
1868 2359 1970 2414 bu-

403 2422 556 2475 miles
580 2424 671 2497 qu_i
704 2433 755 2478 te
779 2425 1021 2497 videant,
1049 2442 1261 2481 sensum
1288 2429 1377 2497 qui
1410 2439 1460 2483 te
1489 2422 1685 2484 Sentiat
1712 2470 1727 2497 ,
1765 2428 1971 2483 intelle-

402 2501 547 2568 ctum
572 2493 664 2561 qui
695 2495 1040 2568 teixitelligat
1066 2536 1079 2560 ,
1130 2506 1184 2552 et
1228 2493 1460 2553 animam
1498 2516 1617 2568 qua:
1663 2493 1727 2553 te"
1758 2512 1970 2568 semper

401 2563 619 2631 cogitet,
651 2572 707 2619 et
730 2565 916 2635 diligat
933 2563 1031 2639 {et
1059 2582 1163 2621 non
1186 2570 1367 2623 veniat
1394 2563 1530 2623 mihi
1551 2584 1643 2639 pes
1665 2563 1930 2639 superbia:
1951 2610 1965 2633 ,

402 2642 457 2685 et
483 2648 677 2705 manus
694 2638 995 2705 peccatoris
1018 2653 1121 2691 non
1151 2650 1363 2693 moveat
1390 2655 1492 2692 me.
1534 2638 1649 2694 Non
1684 2638 1889 2695 habitet
1913 2640 1969 2695 in

402 2718 489 2757 me
514 2704 916 2778 gastrimargia,
958 2716 1013 2761 et
1041 2723 1146 2761 non
1175 2709 1485 2778 coinquinet
1523 2724 1608 2764 me
1638 2710 1923 2765 fornicatio
1949 2750 1963 2771 .

390 2787 509 2854 non
538 2773 913 2854 gubernet'me
942 2793 1077 2854 vana
1107 2778 1295 2848 gloria,
1316 2773 1432 2835 'non
1451 2780 1689 2854 obducat
1717 2796 1802 2854 me
1824 2779 1969 2854 illar—

401 2845 565 2915 giria,
585 2860 691 2898 non
711 2845 932 2900 dilaniet
955 2864 1040 2902 me
1061 2845 1161 2911 ira,
1177 2866 1282 2903 non
1305 2849 1590 2906 mortillcet
1613 2865 1699 2905 me
1724 2851 1965 2913 tristitia,

390 2922 625 2986 evacuet
653 2916 877 2981 accidia,
909 2935 1013 2972 non
1044 2917 1288 2975 bumiliet
1312 2937 1399 2974 me
1424 2921 1760 2986 ctenodoxia,
1783 2930 1839 2975 et
1860 2936 1967 2976 non

368 2982 645 3066 ‘destruat
694 3002 781 3066 me
817 2988 1072 3066 superbia
1124 3007 1136 3042 :
1184 2991 1277 3045 sed
1328 2991 1523 3066 largire
1569 2990 1699 3066 mihi
1731 2982 1967 3066 clemens

391 3051 643 3111 Trinitas
694 3051 1070 3114 abstinentiam
1119 3069 1172 3115 et
1221 3051 1555 3127 castitatem,
1607 3061 1964 3117 voluntariam

404 3135 792 3202 paupertatem,
814 3137 868 3182 et
897 3132 1357 3186 mansuetudinem
1384 3173 1397 3195 ,
1440 3123 1760 3201 largitatem,
1790 3132 1963 3202 picta-
1994 3123 2041 3186 C
2084 3150 2087 3155 ·

403 3203 530 3267 tem,
556 3206 610 3252 et
633 3199 870 3267 quietem
897 3240 910 3263 ,
952 3208 1009 3254 et
1043 3202 1487 3266 misericordiam,
1524 3199 1834 3266 ~lenitatem,
1887 3202 1971 3256 in-

404 3265 753 3348 dulgentiam,
782 3270 1171 3348 humilitatem,
1187 3265 1969 3348 benignitatem,hilaritatem,

403 3338 739 3407 patientiam,
764 3342 1103 3407 modestiam,
1129 3338 1516 3397 sinceritatem.
1542 3344 1794 3397 Miserere
1816 3342 1970 3406 mih',

406 3406 647 3483 Domine,
671 3410 931 3483 miserere
958 3406 1110 3465 mihi.
1138 3414 1213 3466 Da
1244 3410 1375 3483 mihi
1404 3415 1468 3468 de
1496 3414 1812 3468 criminibus
1834 3429 1973 3483 prm-

404 3478 580 3551 tcritis
625 3480 860 3551 veniam,
893 3480 960 3534 de
1008 3482 1361 3551 praesentibus
1408 3478 1873 3543 emendationem.
1908 3483 1975 3536 de

403 3547 601 3601 t'nturis
643 3547 839 3614 largire
888 3547 1207 3604 custodiam.
1256 3550 1361 3605 Per
1401 3553 1683 3607 Dominum
1724 3561 1971 3607 nostrum

403 3615 586 3669 .lesum
617 3617 889 3671 Christum
918 3619 1110 3683 Filium
1140 3628 1312 3687 tuum,
1341 3623 1431 3693 qui
1461 3631 1655 3677 tecum.

406 3727 787 3806 Oratio‘sancti
824 3732 1303 3806 Augustini,rqu‘nnt
1328 3733 1622 3806 quindecim
1660 3734 1808 3789 libris
1844 3750 1974 3806 quos

578 3802 642 3856 de
666 3811 848 3865 sancta
878 3805 1161 3873 composuit
1195 3802 1466 3868 Trinitate,
1499 3805 1791 3873 subjunxit.

476 3915 700 3970 Domine
727 3916 869 3969 Deus
898 3924 1082 3970 noster
1101 3957 1115 3981 ,
1145 3918 1414 3972 credimus
1448 3919 1501 3973 in
1531 3928 1583 3973 te
1609 3919 1824 3975 Patrem
1856 3961 1870 3984 ,
1922 3930 1976 3983 et

405 3985 598 4059 [ilium
626 4026 640 4050 ,
671 3996 725 4039 et
758 3986 1020 4059 Spiritum
1050 3996 1319 4059 sanctum.
1364 3988 1546 4059 Neque
1575 3991 1718 4044 enim
1771 3991 1977 4045 diceret

412 4054 618 4129 Veritas
636 4053 947 4129 apostolis;
978 4053 1058 4129 ltc
1086 4058 1345 4126 baptizate
1366 4053 1539 4129 gentes
1562 4061 1613 4113 in
1640 4062 1845 4115 nomine
1868 4059 1976 4115 Pa.

403 4127 514 4207 tris,
542 4134 593 4207 et
627 4124 754 4207 Filii
780 4168 798 4207 ι
825 4137 873 4181 et
900 4127 1128 4207 Spiritus
1152 4124 1326 4207 salicti
1344 4124 1497 4207 {nisi
1532 4130 1779 4207 Trinitas
1804 4146 1970 4186 esses.

403 4194 513 4269 Nec
542 4197 801 4269 baptizari
827 4213 923 4252 nos
938 4194 1179 4269 iuberes,
1206 4197 1430 4252 Domine.
1460 4200 1621 4263 Deus,
1652 4201 1704 4253 in
1733 4200 1848 4269 ejus
1872 4219 1973 4256 no-

406 4267 569 4330 mine,
594 4268 638 4321 si
666 4283 770 4320 non
793 4276 936 4321 esset
960 4268 1215 4321 Dominus
1236 4270 1394 4323 Deus.
1425 4269 1533 4324 Nec
1556 4267 1826 4325 diceretur
1846 4288 1976 4327 voce

401 4336 582 4391 divina
621 4355 632 4389 :
670 4337 830 4400 Audi,
853 4337 1023 4390 Israel
1050 4351 1067 4388 :
1095 4337 1349 4391 Dominus
1376 4338 1515 4394 Dens
1557 4350 1676 4394 tuus
1715 4340 1975 4405 Dominus

404 4424 539 4464 unus
567 4417 661 4471 est,
686 4408 788 4462 nisi
820 4407 1056 4461 Trinitas
1107 4408 1177 4461 ita
1210 4423 1356 4463 esses
1381 4449 1394 4468 ,
1445 4418 1503 4463 ut
1546 4427 1684 4466 unus
1714 4411 1972 4467 Dominus

2071 444 2221 514 aperi
2277 442 2531 513 pulsanti.
2574 443 2911 514 Meminerim
2943 444 3057 508 tui,
3081 442 3376 514 intelligam
3404 450 3462 497 te
3488 483 3503 506 ,
3531 443 3655 498 dili—

2071 512 2191 583 gain
2217 512 2291 586 te.
2317 515 2467 586 Auge
2496 515 2552 586 in
2583 529 2671 568 me
2708 514 2812 569 ista
2841 513 3019 586 donec
3044 528 3145 586 me
3177 512 3378 586 [omnes
3406 514 3478 567 ad
3508 513 3656 586 inte-

2069 582 2245 655 grum.
2272 582 2715 655 Scio'scriptumr
2748 599 2869 639 esse
2894 597 2908 635 :
2939 582 3364 655 InAmultt'loquio
3390 600 3499 637 non
3519 584 3660 651 επι-

2070 652 2176 724 ῇίθε
2196 666 2459 724 peccatum
2484 671 2501 708 :
2533 654 2625 711 sed
2647 654 2851 708 utinam
2875 652 3220 724 praedicando
3242 652 3468 724 verbum
3494 661 3653 724 tuum

2070 721 2126 778 et
2156 721 2423 779 laudando
2450 732 2503 778 te
2533 721 2907 778 tantummodo
2935 723 3205 791 loquerer,
3234 739 3341 779 non
3372 723 3550 777 solum
3572 721 3659 776 fu—

2048 808 2255 864 gerem
2285 802 2565 864 peccatum
2590 834 2603 855 ,
2635 794 2729 848 sed
2760 794 3010 864 meritum
3042 794 3256 848 bonum
3303 793 3656 862 acquirerem

2048 861 2464 933 quantumlibet
2506 864 2749 918 multum.
2800 861 2891 917 Sic
2938 862 3229 931 loquerer,
3289 877 3465 932 neque
3502 864 3654 929 enim

2052 935 2236 989 homo
2265 935 2341 1004 de
2366 940 2420 987 te
2457 935 2646 988 beatus
2680 942 2961 1004 peccatum
2991 934 3356 1004 perciperet!
3386 938 3659 1004 germano

2052 1005 2128 1059 .in
2159 1004 2265 1060 (ide
2293 1003 2403 1058 lilio
2426 1019 2525 1058 suo
2545 1004 2865 1073 conscripsit
2888 1003 3073 1073 dicens
3098 1022 3110 1056 :

3195 1003 3388 1056 rttdica
3402 1003 3629 1057 urbem
3640 1044 3655 1067 ,

2073 1074 2211 1128 insta
2242 1082 2548 1145 opportune,
2578 1071 2888 1145 importune.
2923 1071 3173 1145 Nunquid
3224 1072 3518 1145 dicendum
3566 1082 3659 1127 est

2054 1144 2237 1199 istum
2264 1142 2370 1197 non
2416 1142 2655 1197 multum
2685 1142 2922 1200 locutum
2943 1183 2956 1205 ,
2998 1144 3088 1211 qui
3118 1158 3223 1197 non
3253 1143 3425 1197 sohun
3456 1158 3655 1213 oppor-

2056 1224 2227 1276 tune,
2268 1227 2457 1267 verum
2484 1212 2650 1268 etiam
2687 1214 3017 1283 importune,-
3055 1228 3177 1283 qum
3215 1214 3438 1268 verbum
3473 1212 3657 1276 tuum.

2057 1284 2316 1345 Domine,
2354 1299 2462 1338 non
2504 1281 2904 1347 tacebat?’Sed
2948 1281 3203 1337 ideo'non
3232 1291 3349 1338 erat
3391 1285 3657 1343 multum.

2076 1355 2200 1422 quia
2243 1362 2451 1406 tantum
2478 1362 2597 1407 erat
2625 1354 3009 1408 necessarium.
3045 1352 3239 1408 Libera
3271 1369 3378 1415 me,
3424 1355 3590 1414 Deus,
3625 1369 3657 1405 a

2060 1423 2419 1492 -multiloquio
2442 1424 2583 1491 quod
2614 1423 2790 1492 patior
2818 1424 2961 1477 intus
2990 1425 3040 1476 in
3070 1426 3249 1477 anima
3278 1438 3400 1477 mea
3444 1423 3659 1478 misera

2076 1493 2131 1547 in
2157 1502 2447 1564 conspectu
2473 1502 2584 1557 tuo,
2615 1502 2670 1547 et
2700 1492 3099 1564 confugientem
3128 1494 3193 1547 ad
3216 1493 3655 1549 misericordiam

2075 1571 2243 1618 tuam.
2282 1564 2400 1618 Non
2428 1565 2570 1617 enim
2609 1564 3023 1634 cogitationibus
3047 1572 3197 1625 taceo
3222 1604 3236 1626 ,
3268 1564 3433 1617 etiam
3464 1572 3658 1617 tacens

2064 1634 2299 1688 .vooibus
2324 1673 2339 1697 ,
2363 1642 2419 1688 et
2445 1635 2492 1697 si
2515 1634 2731 1703 quidem
2758 1650 2862 1689 non
2889 1635 3181 1704 cogitarem
3223 1634 3325 1688 nisi
3357 1634 3505 1702 quod
3538 1634 3659 1703 pta-

2076 1711 2226 1775 ceret
2250 1704 2365 1775 tibi,
2390 1720 2495 1769 non
2520 1704 2705 1773 utique
2735 1720 3005 1775 rogarem,
3028 1714 3091 1757 ut
3114 1720 3199 1758 me
3237 1705 3442 1775 abhoc
3468 1704 3660 1758 multi-

2075 1774 2257 1856 loquio
2303 1774 2565 1856 liberares
2590 1792 2621 1856 ξ.
2643 1775 2735 1828 sed
2966 1783 3092 1856 sunt
3116 1774 3473 1856 cogitationes
3521 1789 3660 1856 mn

2076 1844 2209 1898 tales
2255 1844 2442 1911 quales
2464 1845 2623 1915 Anosti
2669 1844 3023 1915 cogitationes
3066 1844 3343 1899 hominum
3378 1845 3660 1915 quoniam

2074 1930 2225 1968 vana:
2269 1923 2412 1968 sunt.
2461 1912 2610 1978 Dona
2652 1912 2783 1975 mihi
2829 1932 2935 1969 non
2977 1914 3056 1969 eis
3103 1912 3444 1979 consentire;
3492 1924 3553 1969 et
3610 1915 3660 1970 si

2073 1983 2286 2053 quando
2336 2000 2422 2039 me
2448 1985 2742 2047 delectant,
2773 2000 2867 2040 cas
2898 1986 3242 2040 nihilominus
3291 1986 3606 2054 improbare
3636 2027 3655 2049 ,

2073 2070 2174 2109 nec
2196 2055 2250 2108 in
2270 2054 2349 2110 eis
2379 2054 2523 2110 velut
2551 2055 2889 2110 dormitando
2912 2056 3209 2119 immorari,
3231 2070 3329 2109 nec
3357 2056 3408 2109 in
3435 2064 3657 2118 tantum

2073 2125 2290 2197 valeant
2315 2125 2458 2197 apud
2483 2141 2568 2197 me
2596 2134 2699 2197 ,7ut
2729 2125 2927 2197 aliquid
2955 2127 3009 2180 in
3032 2142 3194 2197 opera
3227 2141 3341 2190 mea
3389 2126 3660 2195 procedat

2072 2210 2137 2250 ex
2176 2195 2280 2250 illis
2302 2235 2315 2259 ,
2369 2196 2461 2251 sed
2491 2195 2559 2249 ab
2586 2196 2664 2249 eis
2692 2212 2808 2249 mea
2839 2196 3029 2250 saltem
3068 2195 3138 2250 sit
3186 2204 3295 2250 tuta
3338 2198 3614 2251 sententia
3641 2239 3655 2259 ,

2073 2274 2186 2320 tuta
2232 2267 2562 2320 conscientia
2612 2274 2813 2321 tuente.
2848 2266 3074 2336 Sapiens
3102 2268 3315 2336 quidam
3345 2282 3470 2320 cum
3503 2269 3572 2320 de
3604 2277 3657 2320 te

2072 2336 2382 2409 loqueretur
2410 2337 2463 2391 in
2492 2336 2629 2389 libro
2655 2352 2789 2409 suo,
2827 2338 2951 2409 qui
2976 2338 3375 2409 ecclesiasticus
3427 2339 3656 2409 proprio

2072 2408 2289 2462 inomine
2318 2407 2465 2461 illum
2494 2413 2651 2462 vocat
2678 2426 2689 2460 :
2720 2406 2915 2471 Multa,
2942 2408 3136 2476 inquit,
3171 2406 3509 2472 dicimusfet
3538 2406 3655 2460 non

2070 2478 2412 2546 pervenimus,
2446 2487 2494 2531 et
2531 2478 2909 2531 consummatio
2958 2494 3252 2531 sermonum
3291 2479 3538 2531 universa
3578 2487 3655 2531 est

2070 2548 2196 2627 ipse.
2221 2547 2355 2601 Cum
2378 2562 2515 2627 ergo
2538 2548 2946 2616 pervenerimus
2971 2548 3039 2602 ad
3070 2557 3143 2627 te,
3165 2547 3456 2603 cessabunt
3480 2548 3655 2627 multa

2070 2617 2174 2671 ista
2197 2632 2316 2686 qum
2359 2617 2607 2681 dicimus,
2652 2626 2707 2671 et
2738 2634 2841 2671 non
2868 2620 3211 2687 pervenimus
3237 2659 3249 2681 ,
3303 2627 3359 2671 et
3401 2620 3659 2673 manebis

2069 2703 2210 2742 unus
2271 2689 2453 2742 omnia
2511 2687 2565 2741 in
2622 2688 2917 2752 omnibus,
2959 2699 3015 2742 et
3074 2690 3191 2743 sine
3246 2688 3352 2742 ﬁne
3404 2688 3656 2743 dicemus

2067 2773 2270 2822 unum,
2301 2759 2579 2813 laudantes
2622 2766 2676 2813 te
2730 2758 2783 2811 in
2829 2775 2993 2812 unum
3027 2800 3041 2821 ,
3081 2767 3138 2813 et
3180 2761 3231 2812 in
3256 2768 3309 2813 te
3332 2759 3461 2812 facti
3484 2760 3659 2814 etiam

2068 2844 2169 2883 nos
2192 2845 2357 2883 unum
2385 2868 2399 2891 ,
2432 2828 2655 2883 Domine
2690 2830 2831 2883 Deus
2852 2870 2866 2894 ,
2915 2845 3019 2883 une
3047 2830 3189 2884 Deus
3215 2829 3474 2890 Trinitas,
3506 2845 3660 2898 qua}.

2068 2913 2298 2971 cumque
2320 2899 2429 2952 dixi
2457 2899 2511 2953 in
2538 2898 2622 2971 his
2642 2898 2807 2971 libris
2840 2900 2906 2953 de
2935 2907 3029 2971 tuo
3051 2909 3346 2971 agnoscant
3378 2908 3432 2955 te
3461 2901 3564 2967 tui,
3607 2901 3663 2970 si

2068 2984 2189 3038 qum
2211 2969 2278 3024 de
2305 2984 2427 3025 meo
2451 2979 2507 3024 et
2534 2969 2611 3023 tui
2640 2969 2856 3040 ignosce
2882 2979 2935 3024 et
2961 2970 3059 3024 tui.

2404 3101 2595 3173 Incipit
2620 3104 2791 3158 oratio
2812 3104 2981 3158 sancti
3011 3102 3309 3158 Prudentit.

2143 3215 2185 3271 Ο
2208 3218 2315 3271 Dee
2335 3216 2511 3271 cuncti
2536 3230 2750 3285 parens,
2776 3216 2968 3272 animm
2994 3218 3168 3280 dator,
3191 3234 3223 3272 o
3251 3218 3353 3275 Dee
3384 3218 3633 3283 Christe,

2073 3287 2237 3358 Cujus
2260 3286 2327 3358 ab
2350 3303 2443 3342 ore
2467 3284 2608 3343 Deus
2631 3287 2879 3342 subsistit
2894 3286 3128 3358 Spiritus
3149 3304 3308 3343 unus.
3632 3284 3637 3293 ’

2074 3357 2150 3428 Te
2179 3357 2491 3428 moderante
2523 3371 2700 3426 regor,
2734 3366 2784 3411 te
2810 3357 2975 3428 vitam
3006 3358 3247 3428 principe
3277 3360 3432 3415 duco.

2076 3375 2150 3413 ἰε
2179 3375 2491 3411 mouerante
2523 3375 2700 3426 I'CQOI',
2734 3375 2784 3411 le
2810 3375 2975 3411 vuam
3045 3375 3247 3428 rmcrpe
3277 3375 3321 3414 dt

2072 3427 2261 3509 indice
2285 3435 2337 3481 te
2364 3427 2569 3509 pallens
2596 3428 2904 3509 trepido,_te
2925 3375 3118 3509 judice.
3135 3430 3321 3509 eodem

2076 3497 2420 3570 Spcmgcapio
2444 3497 2561 3570 fore
2583 3499 2842 3568 quidquid
2870 3514 2972 3570 ago
3000 3499 3265 3553 veniabile
3287 3501 3429 3570 apud
3455 3510 3509 3555 te

2076 3568 2382 3641 Quamlibet
2410 3568 2865 3641 intlignnsnvenia,
2893 3568 3217 3641 faciamque,
3245 3568 3589 3641 loquarque:

2075 3638 2371 3702 Conﬁteor,
2402 3639 2613 3692 dimitte
2641 3639 2833 3700 libens.
2860 3648 2915 3693 et
2938 3638 3338 3708 parce’l'atenti'.

2077 3711 2248 3763 Omne
2277 3708 2472 3762 malum
2501 3710 2694 3773 merui,
2719 3711 2813 3764 sed
2834 3718 2889 3763 tu
2915 3710 3087 3765 bonus
3114 3712 3323 3766 arbiter
3343 3714 3505 3768 aufer

2078 3780 2233 3852 Quod
2253 3779 2447 3852 merui,
2481 3780 2701 3852 meliora
2725 3779 2909 3834 favens
2939 3780 3137 3852 largire
3167 3784 3430 3849 precanti.

2081 3851 2226 3931 Dona
2252 3851 2444 3931 animo:
2468 3851 2787 3931 quandoque
2815 3865 2945 3931 mea:
2967 3866 3091 3931 cum
3119 3867 3283 3931 corpu
3316 3854 3360 3907 is
3386 3853 3561 3931 huius

2082 3920 2323 3991 Liquerit
2352 3920 2667 3990 hospitium,
2692 3921 2895 3984 nervis,
2918 3929 3056 3981 cute,
3090 3923 3368 3991 sanguine,
3398 3922 3559 3991 felle,

2079 3990 2301 4046 Ossibus
2326 3999 2654 4053 extructum,
2688 4002 2941 4060 corrupta
2972 3993 3112 4059 quod
3140 3990 3312 4048 incola
3348 3994 3480 4055 luxu

2080 4061 2190 4114 Neu
2220 4060 2442 4114 nimium
2478 4061 2751 4129 complexa
2781 4059 2922 4114 fovet
2955 4078 3080 4115 cum
3102 4060 3293 4118 ﬂebilis
3318 4066 3451 4120 hora

2066 4131 2345 4206 plauserit
2360 4131 2458 4185 hos
2479 4132 2638 4206 orbes
2650 4138 2703 4185 et
2722 4132 2966 4206 conculia
2983 4131 3571 4206 [F._,co_ncnleata]jau
3583 4136 3663 4191 bit

2083 4200 2352 4263 Materies,
2375 4200 2649 4269 oculisque
2674 4202 2785 4256 suis
2810 4216 2962 4257 mens
2984 4200 3123 4256 nuda
3150 4202 3377 4258 fruetur.

2079 4270 2157 4326 Nc
2179 4279 2363 4325 cernat
2388 4271 2748 4341 truculentum
2777 4271 3007 4339 aliquem
3030 4275 3094 4327 de
3122 4282 3278 4341 gente
3304 4277 3585 4330 latronum
3609 4316 3625 4341 .

2080 4341 2365 4405 lmmitem,
2387 4340 2657 4410 rapidum,
2686 4342 2940 4411 vultuque
2963 4352 3020 4397 et
3045 4340 3179 4397 voce
3200 4345 3470 4400 minacem
3495 4386 3511 4409 .

2080 4411 2418 4484 Terribilem,
2447 4412 2534 4479 qui
2562 4427 2646 4466 me
2668 4412 3000 4484 maculosum
3027 4414 3307 4484 aspergine
3329 4432 3593 4483 morning

404 4479 548 4553 Deus
571 4493 736 4541 esses,
772 4478 879 4553 nisi
906 4486 963 4530 tu
992 4477 1323 4553 Dei_is_Pater
1348 4478 1460 4547 ipse
1488 4496 1661 4543 esses,
1708 4490 1762 4535 ct
1790 4481 1971 4553 Filius
2002 4476 2047 4533 Β
2074 4482 2129 4553 ln
2167 4497 2427 4551 praeceps,
2454 4476 2511 4534 ut
2535 4482 2717 4550 praedo
2743 4484 2923 4537 trahat
2946 4476 3217 4553 nigrisque
3247 4494 3497 4541 ruentem

409 4546 640 4602 Verbum
673 4557 821 4621 tuum
851 4547 1007 4602 Jesus
1033 4548 1279 4621 Christus
1302 4546 1412 4621 ipse
1452 4560 1627 4615 esset,
1667 4559 1723 4607 et
1771 4551 1967 4606 donum

402 4627 641 4673 vestrum
679 4618 1173 4689 Spiritussanetns.
1207 4617 1335 4672 Non
1371 4618 1670 4689 legeremus
1702 4622 1752 4674 in
1777 4621 1980 4687 litteris

406 4689 701 4762 ~t’eritatis:
734 4689 875 4762 Misit
906 4688 1044 4762 petis
1075 4688 1269 4743 Filium
1298 4688 1448 4762 suum
1476 4731 1489 4753 ,
1521 4707 1619 4744 nec.
1651 4700 1702 4753 tu
1724 4732 1737 4752 ,
1771 4691 1971 4762 linige-

404 4759 535 4824 n'ite,
563 4761 771 4814 diceres
801 4760 867 4814 de
902 4759 1103 4828 Spiritu
1140 4769 1325 4813 sancto
1367 4778 1378 4813 :
1413 4760 1576 4825 Quem
1608 4762 1772 4815 mittet
1808 4759 1970 4817 Pater

405 4830 459 4883 in
488 4831 694 4886 nomine
726 4846 858 4892 meo,
891 4838 965 4893 et,
995 4829 1157 4892 Quem
1205 4846 1296 4897 ego
1326 4832 1525 4897 mittant
1552 4831 1689 4885 vobis
1714 4849 1745 4884 a
1786 4830 1963 4891 Patre.

400 4901 482 4955 Ad
511 4902 649 4956 hanc
679 4899 915 4968 regulam
963 4900 1083 4953 Iidci
1129 4899 1366 4969 dirigens
1412 4901 1763 4969 intentionem
1794 4918 1971 4967 meant

402 4980 661 5041 quantum
687 4972 866 5042 potui,
893 4980 1151 5042 quantum
1182 4985 1450 5042 meposse
1491 4971 1660 5038 fecisti
1688 5013 1703 5037 ,
1748 4973 1967 5038 qmesivi

401 5050 478 5108 te,
505 5052 557 5097 ct
585 5041 883 5097 desideravi
914 5041 1187 5095 intellectu
1238 5041 1422 5095 videre
1467 5044 1609 5110 quod
1648 5043 1879 5106 credidi,
1914 5053 1969 5101 et

399 5112 625 5185 multum
652 5112 949 5185 disputavi,
979 5120 1033 5165 et
1059 5111 1321 5185 laboravi,
1366 5112 1590 5185 Domine
1632 5113 1821 5185 Deus,_
1847 5128 1965 5167 mea

399 5179 558 5239 enim
612 5179 754 5253 spcs‘
783 5197 924 5247 mea,
972 5179 1165 5253 exaudi
1202 5197 1288 5253 me
1316 5196 1383 5236 ne
1420 5179 1673 5250 fatigatus
1718 5182 1881 5236 nolim
1916 5192 1977 5237 te.

399 5252 687 5322 qua‘rcre’:
730 5253 824 5308 sed
860 5268 1098 5323 qumram
1134 5252 1324 5307 faciem
1358 5261 1503 5323 tuam
1532 5267 1745 5321 semper
1776 5254 1967 5323 arden-

397 5333 494 5378 ter.
528 5323 605 5378 Tn
647 5325 711 5379 da
761 5322 1024 5393 qumrenti
1054 5322 1203 5387 vias,
1230 5322 1361 5393 qui
1390 5322 1617 5377 inveniri
1668 5332 1725 5377 te
1769 5322 1961 5393 fecisti,

392 5402 447 5465 et
493 5395 664 5464 magis
728 5392 1004 5465 magisque
1063 5392 1367 5465 inveniendi
1425 5401 1476 5448 te
1533 5408 1681 5465 spem
1749 5392 1961 5448 dedisti.

393 5461 665 5533 Coram'te
694 5473 777 5521 est
801 5461 1029 5518 tirmitas
1051 5472 1107 5519 et
1132 5462 1417 5518 inﬁrmitas
1440 5461 1592 5516 mea:
1619 5463 1763 5517 illam
1786 5479 1969 5533 serva,

391 5532 536 5585 Eilam
586 5551 734 5588 sana.
783 5536 977 5589 Curam
1020 5544 1071 5590 te
1117 5535 1341 5591 scicntia
1386 5542 1441 5589 et
1488 5534 1789 5604 ignorantia
1822 5548 1984 5589 ineas

463 5707 488 5737 ει
517 5693 688 5767 Locus
723 5717 962 5770 mancus.

2074 4552 2362 4624 Immergat
2380 4554 2670 4624 specubus,
2702 4560 2893 4624 cuncta
2923 4552 3212 4624 exacturus
3240 4556 3307 4607 ad
3334 4571 3517 4624 usque

2074 4622 2436 4688 Quadrantem
2466 4621 2744 4675 minimum
2770 4623 2835 4676 da
2862 4632 3058 4677 nostra:
3085 4623 3259 4678 debita
3290 4621 3436 4680 vitm;

2074 4692 2237 4763 Multa
2266 4691 2535 4763 thesauris
2563 4692 2733 4763 patris
2757 4700 2842 4763 cst
2862 4693 3142 4755 habitatio,
3170 4690 3421 4763 Christe,

2074 4760 2386 4832 Disparibus
2413 4760 2644 4832 discreta
2671 4762 2823 4824 locis,
2848 4778 2989 4832 nunc
3012 4778 3173 4832 posco
3195 4764 3352 4817 beata

2071 4831 2126 4884 In
2162 4830 2379 4899 regione
2405 4830 2621 4884 dommn
2654 4849 2665 4883 :
2693 4832 2802 4885 sint
2826 4830 2934 4885 illic
2958 4830 3107 4887 casta
3134 4833 3377 4888 virorum

2071 4901 2319 4973 agmina,
2348 4899 2627 4970 pulverum
2655 4918 2774 4970 qum
2803 4901 3143 4973 dedignantia
3169 4919 3423 4973 censum,

2070 4971 2283 5042 Divitias
2310 4970 2336 5009 ιι
2358 4985 2580 5042 semper
2604 4986 2729 5025 vere
2750 4980 2886 5034 tuas,
2916 4972 2984 5025 sit
3008 4971 3139 5027 ﬂore
3163 4976 3385 5042 perenni

2069 5040 2308 5099 Candida
2334 5040 2613 5111 virginitas
2634 5042 2873 5095 animum
2893 5049 3123 5101 castrata
3149 5040 3409 5100 recisum.

2068 5111 2139 5179 At
2171 5110 2302 5177 mihi
2335 5110 2554 5165 tartarei
2592 5111 2723 5165 satis
2747 5120 2830 5165 est
2852 5112 2896 5164 si
2923 5111 3067 5165 nulla
3097 5113 3330 5167 ministri

2069 5181 2335 5254 Decurrat
2355 5179 2543 5245 facies,
2563 5180 2733 5254 avida:
2756 5196 2854 5235 nec
2882 5180 3095 5254 ﬂamma
3118 5182 3379 5254 gehenna:

2068 5252 2299 5325 Ile-voret
2324 5252 2462 5305 hanc
2489 5251 2721 5325 animam
2745 5266 2978 5325 mersam
3001 5251 3315 5325 (ornacibus
3342 5254 3511 5325 imis.

2069 5321 2227 5377 x‘Estu
2264 5336 2558 5377 cavernoso
2579 5321 2705 5389 quia
2730 5323 2808 5376 sic
2834 5336 2934 5390 pro
2966 5321 3084 5377 labe
3104 5338 3325 5379 necesse
3347 5332 3438 5381 est

2068 5394 2338 5463 Corporea
2366 5391 2535 5463 tristis
2561 5406 2645 5463 me
2669 5392 2890 5463 sorbeat
2912 5392 3052 5462 ignis
3086 5408 3285 5451 averna
3305 5433 3325 5460 ,

2069 5459 2272 5531 Saltem
2302 5461 2555 5516 mitiﬁcos
2577 5460 2819 5532 incendia
2844 5459 2986 5516 lenia
3012 5477 3237 5532 vapores

2067 5530 2353 5595 Exhalent,
2374 5540 2615 5600 aestuque
2635 5530 2786 5586 calor
2805 5530 3093 5602 languente
3111 5541 3348 5613 tepescat
3366 5571 3385 5603 ,

2139 5697 2164 5736 δ
2189 5697 2361 5755 Locus
2389 5701 2694 5763 corruptus.
