3946 6186
646 177 661 204 \

346 251 475 306 Ml}!

1331 248 1681 304 APPENDIX
1716 247 1801 302 Ν.
1843 279 1913 289 -—
1948 248 2285 304 LIBELLUS
2319 248 2621 305 PRECUM.

3444 255 3582 310 “02

338 380 502 436 quem
525 363 743 436 elevasti
784 364 837 418 in
862 377 1024 436 curru
1057 361 1215 436 igneo
1239 375 1410 436 usque
1438 360 1506 436 ad
1532 359 1749 414 calum.
1780 359 1909 415 Oret
1938 367 1987 420 Α
2013 360 2268 436 serviam,
2287 368 2344 415 et
2364 360 2870 436 voluntatemtoam
2889 341 3099 436 sincere
3121 363 3420 435 perﬁciant.
3449 365 3582 421 Par-

342 431 443 505 pro
461 449 549 489 me
574 433 786 489 Eliseus
801 431 1198 505 propheta,qui
1224 431 1503 485 suscitavit
1521 445 1911 505 puerum_mor-

342 500 494 560 tuum
519 512 639 572 post
664 500 1091 558 mortém'suam.
1122 500 1253 556 Oret
1273 514 1370 572 pro
1392 514 1479 572 me
1505 508 1727 572 sanctus
1740 500 1902 572 isaia,

340 575 428 630 cui
460 569 715 628 mundata
740 582 865 628 sunt
883 572 1022 627 labia
1053 572 1174 639 igne
1198 570 1426 625 caelesti.
1450 569 1605 623 Adsit
1626 569 1757 623 mihi
1784 570 1914 623 bea-

343 652 430 699 tus
453 641 748 707 Jeremias,
776 658 935 712 quem
960 639 1307 712 sanctificasti
1332 680 1351 712 ε
1388 639 1610 693 Domine
1627 678 1645 703 ,
1671 639 1724 691 in
1756 648 1910 712 utero

341 715 535 769 matris
557 727 688 768 suae.
730 708 858 768 Oret
883 727 980 782 pro
1001 725 1091 782 me
1109 708 1354 782 Euechiel
1368 716 1602 782 sanctus
1625 709 1907 777 propheta,

341 785 430 852 qui
480 784 617 837 vidit
656 778 901 837 visiones
948 780 1312 852 admirabiles.
1341 778 1647 852 _Precetu_rA
1670 794 1770 848 pro
1818 792 1905 852 me

341 848 546 909 electus
567 852 755 908 Daniel
777 867 841 907 ac
862 849 1233 906 desiderabilis
1261 848 1377 913 Dei,
1400 849 1491 918 qui
1518 848 1675 903 solvit
1699 849 1909 918 somnia

342 925 514 995 regis,
556 932 613 977 et
656 924 1040 995 interpretatus
1068 928 1260 995 est,__e_t
1304 918 1391 973 bis
1435 919 1694 995 liberatus
1720 917 1909 995 estnde

340 988 465 1048 lacu
492 993 729 1047 leonum.
763 988 1098 1046 Subveniant
1123 990 1253 1043 mihi
1284 997 1397 1043 tres
1415 989 1591 1058 pueri,
1615 1003 1751 1058 quos
1776 988 1910 1042 libe—

341 1064 476 1117 rasti
516 1063 584 1116 ab
628 1062 769 1128 igne.
799 1062 868 1115 Et
910 1059 1193 1115 duodecim
1228 1057 1507 1128 propheta
1551 1057 1720 1123 Osce,
1765 1057 1906 1123 ποθι,

339 1132 526 1195 Amos,
551 1127 772 1195 Abdias,
808 1130 1060 1185 Habaeuc
1084 1169 1103 1193 ,
1132 1127 1399 1189 Michmas,
1434 1127 1616 1189 Jonas,
1659 1127 1868 1182 Nahum
1890 1166 1906 1193 ,

342 1200 662 1270 Sophonias,
704 1200 951 1272 Aggeus,
989 1200 1298 1272 Zacharias,
1333 1198 1640 1272 Malaehias.
1685 1198 1903 1272 Esdrast

339 1268 453 1326 Hos
470 1286 659 1326 comes
693 1268 884 1325 invoco
907 1271 961 1323 in
992 1269 1255 1322 auxilium
1285 1269 1433 1322 mihi.
1479 1268 1747 1323 Assistant
1774 1268 1906 1322 mihi

339 1350 539 1395 omnes
566 1341 792 1404 apostoli
818 1340 1026 1394 Domini
1062 1339 1229 1393 nostri
1259 1337 1389 1393 Jesu
1415 1337 1827 1404 Christi,Petrns
1852 1346 1907 1391 et

340 1411 565 1474 Paulus,
590 1407 834 1465 Andreas
853 1418 906 1465 et
930 1409 1164 1464 Joannes
1182 1450 1196 1471 ,
1224 1409 1328 1464 duo
1349 1407 1557 1472 Jacobi,
1593 1417 1649 1462 et
1680 1407 1906 1461 Bartho-

338 1481 578 1541 lnmcus,
610 1481 845 1535 Thomas
905 1487 960 1534 et
1003 1476 1284 1532 Matthaeus
1309 1519 1323 1542 ,
1384 1477 1657 1532 Barnabas
1690 1485 1747 1532 et
1794 1476 1906 1530 Ma-

337 1552 503 1615 thias,
545 1559 608 1604 et
625 1564 814 1604 clunes
846 1558 1136 1619 martyres,
1177 1556 1232 1601 et
1256 1561 1443 1619 omnes
1477 1546 1652 1603 sancti
1683 1546 1910 1619 tui,_Do-

336 1621 503 1684 mine,
547 1620 881 1674 intercedant
914 1616 1014 1687 pro
1047 1634 1153 1672 me.
1206 1618 1419 1686 Depelle
1459 1633 1488 1670 a
1513 1632 1623 1683 me,
1658 1616 1905 1687 Domine,

335 1690 827 1759 concupiscentiam
871 1685 1044 1759 gulae,
1075 1695 1131 1742 et
1170 1688 1236 1759 tia
1278 1685 1707 1759 mihiivirtntem
1732 1685 1931 1759 abs_t_i7_

334 1755 553 1829 nentizé.
585 1759 741 1829 Fuga
757 1773 787 1811 a
808 1755 897 1829 me
914 1758 1163 1829 spiritum
1187 1755 1583 1829 fornicationis,
1604 1766 1660 1829 et
1675 1757 1745 1829 da
1768 1755 1901 1809 mihi

334 1828 584 1884 ardorem
613 1822 911 1890 castitatis,
944 1822 1002 1881 et
1030 1827 1310 1897 exstingue
1337 1828 1388 1881 in
1416 1822 1517 1880 me”
1531 1827 1901 1897 cupiditatem,

333 1908 389 1953 et
417 1900 482 1952 da
504 1899 632 1952 mihi
660 1898 1016 1953 voluntariam
1042 1896 1432 1967 paupertatem.
1461 1896 1663 1967 Cohibe
1692 1896 1906 1949 iracun-

333 1968 478 2023 diam
513 1983 708 2029 meam,
757 1975 811 2021 et
840 1966 1072 2022 accendt:
1095 1968 1146 2021 in
1175 1981 1260 2020 me
1294 1967 1513 2020 nimiam
1558 1966 1752 2020 animat
1776 1981 1904 2020 sua-

333 2039 555 2092 vitatem
578 2045 632 2092 et
650 2038 967 2091 charitatem
992 2037 1086 2091 Dei
1113 2045 1167 2091 et
1182 2037 1433 2099 proximi.
1462 2035 1729 2090 Subtrahe
1744 2050 1774 2089 a
1795 2049 1902 2099 me,

335 2109 591 2172 Domine,
623 2107 802 2161 smculi
842 2105 998 2173 hujus
1034 2105 1382 2174 cupiditatem
1405 2146 1419 2170 ,
1449 2114 1504 2160 et
1530 2106 1595 2158 da
1634 2105 1764 2158 mihi
1805 2118 1905 2157 vo-

332 2177 618 2231 luntariam
656 2183 1044 2246 paupertatem.
1083 2176 1350 2246 Ahscin'ie
1397 2190 1428 2227 a
1469 2190 1599 2246 ime,
1648 2174 1903 2246 Domine,

335 2248 608 2316 tristitiam
643 2241 823 2300 smn
848 2286 863 2309 ,
908 2254 966 2300 et
1005 2260 1142 2316 auge
1179 2244 1311 2299 mihi
1346 2244 1597 2316 gaudium
1636 2241 1902 2316 spiritale.

335 2315 886 2385 Expellejactantiam
913 2313 1107 2369 mentis
1136 2323 1375 2385 metetet
1398 2314 1573 2367 tribue
1601 2313 1730 2367 mihi
1753 2326 1905 2367 com-

334 2383 676 2456 panctiouem
700 2386 907 2456 cordis.
937 2386 1114 2439 Minue
1140 2383 1445 2456 superbiam
1472 2399 1667 2456 meam,
1696 2389 1749 2437 et
1776 2396 1907 2451 per-

335 2454 435 2512 tice
474 2457 527 2511 in
563 2470 649 2510 me
688 2455 1051 2525 humilitatem
1091 2469 1272 2509 veram
1303 2494 1318 2514 ,
1349 2455 1473 2523 quia
1514 2454 1764 2525 indignus
1805 2467 1909 2523 ego

335 2541 452 2580 sum
477 2524 755 2605 et_in.l‘elix
792 2526 973 2605 homo,
1004 2525 1147 2605 quis
1184 2525 1550 2605 m_e_|iber_al_)it'
1584 2524 1651 2578 de
1668 2537 1908 2605 corpore

335 2598 528 2650 mortis
548 2593 733 2661 hujus,
770 2597 872 2650 nisi
899 2593 1067 2662 gratia
1096 2595 1304 2649 Domini
1326 2595 1496 2648 nostri
1524 2593 1648 2648 Jesu
1664 2593 1906 2647 Christi?

334 2666 459 2733 quia
480 2680 581 2734 ego
609 2674 862 2733 peccator
882 2681 998 2719 sum
1017 2673 1072 2718 et
1091 2665 1515 2734 innumerabilia
1532 2664 1722 2718 delicta
1763 2678 1907 2727 mea,

333 2732 882 2818 et‘non'sum'dignus
903 2736 1082 2790 vocari
1112 2750 1301 2818 serius
1323 2744 1466 2789 tuus.
1497 2732 1709 2818 S_uscita
1736 2734 1790 2787 in
1820 2748 1905 2818 ine

335 2803 550 2864 fletum,
581 2802 833 2858 mollilica
864 2819 958 2859 cor
985 2820 1162 2859 meum
1198 2806 1391 2858 durum
1429 2812 1484 2857 et
1517 2804 1784 2873 lapideum
1806 2842 1820 2867 ,
1851 2811 1907 2856 et

335 2874 572 2927 accende
599 2873 652 2926 in
679 2888 765 2927 me
788 2874 965 2942 ignem
991 2874 1201 2928 timoris
1230 2882 1286 2927 et
1315 2874 1516 2935 amoris
1546 2874 1643 2936 tui,
1674 2873 1764 2940 qui
1787 2888 1907 2926 sum

333 2944 474 2998 cinis
494 2942 703 2996 mortis.
741 2942 932 2997 Libera
956 2946 1193 2998 animam
1223 2959 1396 2997 meam
1422 2945 1491 2997 ab
1531 2943 1781 2997 omnibus
1822 2944 1907 2995 in-

335 3014 490 3069 sidiis
511 3013 737 3073 inimici,
760 3022 814 3067 et
848 3028 1105 3068 conserva
1128 3029 1213 3067 me
1236 3015 1288 3066 in
1322 3023 1409 3067 tua
1440 3014 1736 3066 voluntate.
1763 3014 1904 3066 Doce

2011 445 2077 484 ee
2104 431 2258 495 mihi,
2285 431 2413 500 quia
2453 441 2560 504 tua:
2588 432 2818 504 bonitati
2855 431 3325 490 conﬁteor'omnia
3356 445 3579 504 peccata

2009 515 2336 576 mea__coram
2365 502 2568 576 sanctis
2606 502 2808 576 angelis
2845 504 2985 576 tuis,
3020 512 3278 576 eteoram
3293 502 3457 576 iustis
3481 507 3580 560 ho—

2010 569 2275 635 minibus;
2300 570 2542 635 Domine,
2561 569 2819 627 miserere
2841 574 2966 638 mei,
2994 584 3051 628 ut
3074 583 3131 629 et
3151 569 3576 640 alios'erudiam,

2008 645 2063 712 et
2104 640 2177 712 ad
2204 641 2483 694 servitium
2514 650 2660 712 tuum
2687 650 2933 712 sanctum
2978 645 3289 712 perducam.
3332 645 3578 710 Domine,

2009 705 2219 785 viviﬁca
2252 724 2360 785 me,
2390 710 2716 785 et‘conl‘orta
2742 711 2802 785 in
2830 705 3105 785 vaduntate
3134 723 3246 777 tua,
3291 722 3359 785 et,
3395 705 3581 785 perae;

2009 778 2307 850 versutiam
2348 778 2472 832 boni
2512 782 2693 850 operis
2717 781 2892 836 tribue
2916 783 3048 837 mihi
3068 823 3082 848 ,
3112 792 3167 838 et
3190 778 3454 839 cautelam
3482 800 3579 839 ne-

2008 849 2297 901 cessariam
2329 858 2520 918 contra
2547 849 2739 906 omnes
2775 852 3000 908 insidias
3033 854 3258 918 inimici,
3291 855 3574 908 scientiam

2008 930 2221 989 quoque
2245 924 2302 973 et
2325 917 2696 975 fortitudinem
2725 919 2840 989 ejus
2861 928 3005 976 tenta
3015 917 3249 979 tionibus
3270 925 3577 979 resistendi.

2007 983 2262 1060 Miserere
2289 989 2432 1051 mei,
2472 1000 2529 1043 et
2552 983 2896 1060 exaudi'me,
2942 993 3166 1048 Domine
3216 995 3356 1048 Deus
3404 1008 3586 1060 meus,

2010 1059 2106 1125 qui
2134 1057 2272 1112 vivis
2297 1066 2354 1112 et
2381 1072 2575 1127 regnas
2604 1059 2658 1113 in
2686 1060 2885 1115 saecula
2914 1062 3253 1116 stcculorum.
3283 1063 3479 1119 Amen.

2464 1146 2572 1201 Pro
2593 1149 2791 1203 invidia
2825 1150 3116 1205 hominum.

2074 1236 2268 1296 Libera
2289 1256 2408 1317 nos,
2440 1241 2749 1317 Domine,.a
2775 1243 2973 1317 latratu
3007 1245 3284 1301 hominum
3296 1247 3571 1317 pessimo-

2007 1325 2124 1362 rum
2148 1349 2162 1373 ,
2195 1319 2252 1365 ut
2289 1311 2627 1367 detrahentia
2655 1314 2952 1368 vomituum
2983 1329 3171 1371 eorum
3200 1311 3417 1372 can—osa
3447 1334 3581 1373 con-

2004 1380 2146 1457 Eigia
2179 1389 2420 1435 nostram
2447 1397 2567 1457 qua;
2593 1399 2620 1436 a
2654 1390 2710 1457 te
2737 1393 2823 1457 est
2851 1400 2957 1438 non
2996 1384 3237 1457 polluant
3263 1388 3578 1457 puritatem.

2005 1442 2091 1502 Te
2116 1442 2490 1526 deprecamur,
2515 1451 2636 1521 pius
2674 1442 3011 1526 dominator.
3035 1456 3199 1521 Deus,
3229 1442 3322 1526 (ιῖιὶ
3349 1457 3486 1514 vivis
3528 1465 3583 1513 et

2006 1533 2200 1590 regnas
2225 1521 2279 1575 in
2309 1520 2867 1577 saeculaszeculorum.
2898 1523 3092 1579 Amen.

2518 1610 2704 1667 Oratio
2733 1614 3061 1684 quotidiana.

2075 1699 2426 1774 Omnipotens
2466 1704 2792 1778 sempiterne
2824 1708 2986 1771 Deus,
3017 1716 3070 1762 te
3088 1705 3371 1762 humiliter
3396 1710 3584 1778 depre-

2004 1783 2278 1847 camurut
2276 1789 2381 1828 non
2412 1790 2511 1847 nos
2531 1776 2814 1847 permittas
2835 1778 3015 1847 perire
3043 1778 3169 1846 quia
3196 1786 3300 1831 tua:
3319 1776 3584 1833 creatura:

2002 1856 2210 1914 sumus.
2238 1843 2486 1914 Concede
2512 1843 2665 1899 nobis
2686 1843 2918 1914 spatium
2948 1843 3075 1901 vitae
3095 1847 3332 1913 vivendi,
3367 1857 3423 1902 ut
3457 1858 3584 1904 ante

2001 1911 2143 1966 diem
2176 1913 2353 1968 exitus
2387 1914 2559 1991 nostri
2588 1929 2687 1991 pei-
2714 1911 2897 1991 veram
2924 1917 3298 1987 paenitentiam
3321 1911 3438 1973 tibi
3468 1919 3584 1991 pla-

2002 1996 2127 2036 cere
2155 1998 2477 2038 mereamur.
2506 1984 2613 2039 Per
2650 1984 2965 2046 Dominum.

2004 2072 2274 2145 Confessio
2294 2084 2341 2129 et
2381 2077 2549 2131 oratio
2587 2079 2756 2159 sancti
2794 2077 3073 2160 Augustini
3095 2078 3160 2133 de
3193 2078 3340 2134 libris
3372 2079 3580 2150 confes-

2603 2164 2808 2200 sionum
2841 2165 2978 2218 ejus.

2074 2232 2375 2310 0__Domine
2405 2234 2552 2310 Jesu,
2592 2238 2686 2306 qui
2711 2238 2962 2293 omnibus
2992 2246 3053 2310 te
3069 2255 3204 2308 puro
3224 2240 3388 2295 corde
3430 2255 3578 2310 quae-

2005 2304 2248 2377 rentibus
2279 2305 2578 2371 misereris,
2610 2304 2882 2375 quantum
2921 2304 3185 2377 spatiatus
3212 2325 3331 2363 sum
3365 2310 3418 2364 in
3447 2304 3582 2365 'mea

2004 2373 2266 2445 memoria
2289 2390 2536 2443 quaerens
2573 2373 2661 2431 tea:
2685 2384 2742 2431 et
2775 2376 2902 2445 quia
2931 2373 3091 2433 nemo
3125 2378 3324 2433 alicubi
3357 2387 3409 2435 te
3435 2380 3587 2434 inve-

2005 2444 2118 2508 nit,
2152 2443 2256 2498 nisi
2283 2445 2630 2501 miseratione
2660 2454 2751 2501 tua
2792 2443 3195 2503 demonstrante
3238 2449 3294 2504 in
3321 2450 3585 2505 memoria

2006 2528 2122 2568 sua.
2149 2513 2379 2587 Name;
2410 2531 2517 2587 quo
2546 2525 2600 2570 te
2622 2532 2761 2587 puro
2791 2517 2955 2572 corde
2977 2518 3139 2573 didici
3166 2534 3274 2574 non
3299 2535 3418 2573 sum
3447 2519 3587 2575 obli-

2009 2591 2092 2638 tus
2122 2584 2217 2637 tui.
2252 2584 2353 2640 Ubi
2381 2586 2527 2641 enim
2548 2584 2729 2642 inveni
2752 2587 3056 2652 veritatem,
3090 2588 3164 2643 ibi
3193 2597 3246 2644 te
3272 2589 3449 2644 inveni
3475 2591 3588 2645 Do-

2005 2654 2211 2734 minum
2238 2670 2435 2709 meum.
2455 2656 2650 2734 itaque
2677 2672 2745 2734 ex
2768 2672 2878 2734 quo
2901 2666 2954 2712 te
2975 2658 3157 2719 didici,
3180 2673 3368 2734 manes
3388 2660 3440 2714 in
3465 2674 3585 2734 me-

2005 2725 2177 2794 moria
2207 2739 2348 2788 mea,
2373 2734 2430 2779 et
2453 2725 2563 2782 illic
2589 2735 2642 2782 te
2675 2725 2890 2783 invenio
2912 2743 3036 2784 cum
3062 2730 3382 2785 reminiscor
3402 2729 3503 2794 tui,
3528 2736 3584 2784 et

2007 2793 2245 2849 delector
2283 2794 2337 2848 in
2364 2802 2434 2849 te.
2477 2796 2572 2851 liae
2611 2806 2738 2852 sunt
2771 2798 2914 2853 enim
2946 2806 3155 2854 sancta),
3191 2799 3394 2854 delicia:
3424 2814 3584 2862 man,

2007 2878 2143 2932 quas
2170 2863 2362 2919 dedisti
2394 2866 2848 2940 in_misericordia
2880 2877 2999 2940 tua,
3028 2869 3327 2940 respiciens
3347 2884 3581 2940 pauper-

2008 2941 2176 2988 tatem
2211 2949 2405 3011 meam.
2437 2934 2515 2990 Tu
2551 2938 2695 2992 enim
2723 2938 2917 3011 dedisti
2954 2938 3096 3011 hanc
3119 2934 3497 3011 dignationem
3528 2939 3585 3011 in

2011 3004 2323 3080 memoriam
2343 3015 2625 3080 meam,‘u_t
2640 3007 2925 3080 maneasin
2941 3024 3025 3063 ea.
3049 3004 3293 3080 Uhie'rgo
3315 3018 3366 3063 te
3380 3008 3582 3080 inveni,

335 3099 421 3137 me
447 3084 626 3138 facere
654 3072 985 3137 voluntatem
1013 3092 1158 3136 tuam
1193 3100 1206 3136 :
1234 3084 1361 3152 quia
1390 3085 1530 3137 Deus
1562 3097 1715 3137 meus
1740 3097 1800 3137 es
1823 3092 1901 3145 tu,
1930 3072 1979 3143 (ἶ
2006 3072 2359 3152 υςμίἰδοενρηι
2384 3082 2460 3135 ιθ,
2504 3076 2606 3131 nisi
2638 3077 2693 3131 in
2722 3084 2776 3152 te
2805 3077 2979 3152 etiam
3008 3093 3171 3147 supra
3212 3072 3484 3152 ΙῦΘνέιιιίίὶ
3507 3092 3585 3152 ,εδ

335 3154 430 3207 tibi
473 3155 645 3208 honor
684 3161 740 3208 et
773 3152 942 3223 gloria
983 3169 1080 3223 per
1115 3155 1296 3207 omnia
1333 3153 1528 3208 smcula
1563 3153 1902 3206 surculorum.

332 3223 527 3278 Amen.

883 3288 1020 3347 Item
1045 3290 1153 3345 alia
1181 3293 1367 3346 oratio.

404 3382 638 3449 Christe,
674 3398 858 3453 parce,
900 3392 955 3438 et
991 3381 1251 3436 miserere
1300 3382 1428 3445 mei,
1476 3397 1579 3436 non
1611 3384 1906 3439 secundum

331 3454 525 3508 merita
556 3452 709 3519 mea,
745 3456 837 3509 sed
862 3453 1155 3508 secundum
1187 3467 1435 3522 magnam
1476 3452 1904 3509 misericordiam

332 3530 503 3576 tuam.
533 3524 806 3594 Deprecor
822 3524 1114 3594 bonitatem
1143 3530 1322 3594 tuam,
1345 3523 1452 3575 noli
1477 3523 1753 3594 despicere
1780 3540 1905 3594 pec-

332 3601 588 3654 catorem,
612 3592 729 3647 ‘noli
767 3608 853 3647 me
888 3592 1199 3661 reprobarc,
1233 3592 1325 3645 sed
1354 3592 1677 3660 suscipe’me
1706 3592 1903 3648 secun-

333 3663 459 3715 dum
491 3662 761 3731 eloquium
797 3671 947 3715 tuum
973 3661 1251 3731 etivivam,
1282 3671 1335 3714 et
1368 3677 1473 3715 non
1499 3663 1796 3719 confundas
1819 3680 1906 3719 me

333 3732 401 3785 ab
430 3729 831 3812 exspectatione
857 3746 1024 3812 mea.”
1039 3729 1294 3812 Miserere
1320 3730 1459 3794 mei,
1488 3731 1733 3812 Domine,
1777 3734 1903 3812 quia

331 3797 550 3871 peccavi
580 3801 693 3854 tibi.
723 3800 962 3871 Dagmihi
995 3797 1198 3871 fontem
1222 3797 1603 3871 iacrymarum,
1627 3800 1757 3871 fons
1783 3797 1908 3855 vitae

331 3867 385 3924 et
418 3871 507 3925 lux
531 3870 768 3924 luminis.
796 3868 1043 3925 Concede
1063 3867 1191 3921 mihi
1222 3867 1273 3920 in
1307 3867 1559 3935 praesenti
1588 3869 1695 3923 vita
1718 3886 1904 3924 vemm

332 3942 704 4011 pcenitentiam
741 3941 806 3995 de
849 3939 1087 4008 peccatis
1108 3938 1280 4011 meis,
1305 3945 1367 4011 _ct
1397 3937 1452 3990 in
1486 3938 1625 3991 bono
1654 3955 1907 4011 perscveg

331 4007 584 4064 rantiam.
624 4007 894 4074 Domine,
945 4008 1140 4063 exaudi
1180 4007 1480 4079 orationem
1536 4007 1752 4079 meum,
1813 4010 1906 4079 qui

331 4081 466 4136 vivis
493 4088 549 4135 et
584 4096 798 4153 regnas,
828 4081 988 4143 Dens,
1015 4080 1069 4133 in
1101 4078 1294 4133 smcula
1320 4077 1658 4131 saeculorum.
1710 4077 1902 4134 Amen.

925 4170 953 4225 Ι
958 4182 1060 4226 tem
1093 4168 1300 4224 Oratio.

402 4264 683 4319 Miserator
705 4271 762 4318 et
797 4262 1106 4317 misericors
1131 4261 1301 4323 Deus,
1331 4258 1421 4328 qui
1448 4266 1504 4313 et
1533 4260 1792 4316 barbaros
1820 4262 1903 4318 vis

332 4336 565 4400 salvarc,
589 4344 644 4389 et
669 4333 737 4388 ad
765 4334 1095 4403 agnitionem
1123 4330 1372 4403 veritatis
1397 4338 1505 4385 tuae
1527 4331 1733 4403 venire,
1758 4333 1826 4387 ad
1850 4341 1902 4387 te

331 4404 581 4475 confugio
610 4400 847 4458 ﬁdelium
884 4402 1235 4475 salvatorem.
1276 4400 1528 4475 Miserere
1570 4401 1732 4475 mihi,
1773 4403 1898 4471 quia

330 4483 386 4530 te
403 4471 693 4546 plurimum
714 4472 1048 4546 exacerbavi,
1083 4481 1139 4546 et
1164 4471 1382 4526 inimico
1402 4473 1744 4546 consentiens
1770 4487 1898 4546 con-

367 4542 566 4625 audere
601 4560 723 4625 eum
765 4543 866 4625 feci
890 4584 926 4625 ,_
949 4543 1165 4625 quianin
1195 4550 1424 4625 mortem
1448 4543 1660 4625 peccati
1682 4542 1892 4625 _decid_i.

378 4632 434 4680 u,
480 4616 722 4677 Domine,
765 4614 935 4683 quiet
960 4611 1138 4682 impiis
1167 4622 1222 4667 et
1244 4612 1334 4683 his
1373 4611 1464 4683 qui
1493 4622 1617 4667 sunt
1651 4612 1766 4668 sine
1796 4614 1896 4668 mi-

329 4687 662 4765 sericordia,
689 4682 905 4765 miseris
938 4693 995 4737 et
1021 4682 1284 4765 proximis
1317 4682 1741 4765 misericordiam
1786 4683 1893 4764 im-

367 4756 551 4821 cndis,
592 4756 853 4810 miserere
891 4752 1212 4808 humilitatis
1253 4767 1430 4807 mete:
1473 4752 1614 4821 apud
1643 4762 1693 4807 te
1725 4753 1890 4816 enim,

412 4827 573 4892 mine,
626 4824 758 4880 nihil
796 4832 878 4879 est
920 4823 1265 4893 impossibile.
1312 4822 1420 4893 Fac
1460 4823 1890 4893 miscricordiam

329 4895 584 4966 ﬁgmento
614 4906 725 4959 tuo,
752 4894 877 4964 quia
904 4892 1172 4966 benignus
1201 4902 1256 4948 et
1291 4892 1597 4966 misericors
1616 4910 1698 4957 es,
1728 4893 1898 4966 quiet

329 4962 556 5036 corpora
593 4962 866 5021 hominum
900 4964 955 5019 in
990 4962 1075 5019 die
1112 4962 1528 5036 resurrectionis
1549 4964 1903 5036 resuscitatu-

331 5031 531 5101 rus—es,
575 5035 769 5092 exaudi
811 5049 917 5099 me,
953 5036 1175 5089 Domine
1206 5074 1221 5098 ,
1271 5032 1393 5101 quia
1434 5031 1631 5087 defecit
1676 5033 1900 5101 spiritus

328 5122 513 5170 mons,
552 5118 609 5162 et
638 5105 821 5162 infelix
849 5105 1030 5159 anima
1064 5120 1214 5168 mea;
1256 5101 1578 5156 tabefactum
1616 5112 1702 5157 est
1734 5103 1898 5158 ctiam

327 5192 526 5246 corpus
562 5192 740 5233 meum
763 5184 982 5244 propter
1010 5172 1403 5246 immunditiam
1424 5210 1439 5235 ,
1480 5182 1534 5226 et
1566 5173 1696 5246 jam_
1716 5178 1899 5229 vivere

329 5242 440 5302 non
469 5264 586 5302 sum
608 5242 801 5317 dignus
833 5242 1051 5317 propter
1073 5244 1410 5312 iniquitatem
1442 5256 1637 5317 meam.
1677 5242 1900 5317 Ignosce

327 5317 482 5380 mihi,
514 5312 752 5377 Domine,
785 5312 1012 5384 poenitet
1038 5323 1258 5384 peccata
1283 5327 1424 5376 mea,
1453 5312 1665 5384 vivitica
1696 5312 1780 5368 me
1800 5314 1904 5368 mi—

327 5387 623 5442 snricordia
655 5394 767 5442 tua.
789 5382 855 5438 'et
893 5384 1068 5438 tribue
1106 5383 1235 5436 mihi
1260 5397 1356 5436 eor
1389 5382 1682 5437 contritum
1707 5388 1776 5438 ’τι
1804 5384 1905 5437 hu-

327 5456 626 5517 miliatum,
665 5455 807 5522 quod
843 5468 950 5508 non
984 5452 1239 5521 despicis.
1280 5452 1365 5522 Da
1405 5449 1655 5506 ﬁduciam
1691 5450 1907 5508 miseri-

326 5526 528 5581 cordia:
552 5533 607 5579 ct
631 5521 971 5593 indulgentite
994 5530 1117 5586 tuae,
1141 5528 1200 5575 ut
1228 5521 1499 5593 residuum
1526 5528 1738 5593 tempus
1756 5524 1897 5586 vitae,

325 5597 467 5664 quod
500 5594 628 5650 mihi
673 5592 974 5655 donaveris,
999 5592 1379 5664 tua‘mandata
1422 5592 1719 5664 custodiam
1740 5633 1755 5657 ,
1786 5602 1840 5647 et
1869 5611 1898 5646 a

326 5661 519 5724 tinnire
549 5675 641 5721 tuo
667 5680 942 5734 nunquam
961 5661 1209 5718 recedam
1240 5679 1252 5716 :
1278 5661 1371 5717 scd
1397 5669 1452 5716 ut
1479 5663 1668 5718 devote
1689 5663 1783 5717 tibi
1813 5664 1900 5717 de.

2007 3143 2206 3223 ubique
2234 3143 2425 3214 plenus
2453 3153 2617 3270 atque
2650 3146 2923 3216 perfectus
2950 3143 3093 3221 Deus
3128 3163 3300 3203 meus.
3336 3143 3403 3203 Et
3429 3148 3583 3217 quis-

2007 3229 2130 3270 auis
2159 3221 2211 3267 tc
2247 3229 2383 3270 puro
2418 3231 2515 3270 cor
2551 3233 2582 3270 e
2610 3218 2917 3270 aumsierit'.
2957 3218 3327 3270 misericordia
3372 3226 3462 3270 tua
3501 3219 3583 3270 in-

2006 3213 2130 3283 quis
2159 3221 2211 3267 tc
2238 3213 2383 3286 puro
2418 3213 2582 3271 corde
2610 3213 2917 3286 qhmsierit',
2957 3218 3327 3273 misericordia
3372 3213 3462 3272 tua
3501 3219 3587 3271 in-

2008 3298 2158 3357 seres
2182 3291 2238 3338 te
2260 3285 2314 3357 in
2354 3285 2673 3357 memoriam
2705 3289 2966 3357 quaerenti
3007 3297 3060 3344 te
3086 3306 3098 3341 :
3129 3295 3190 3343 ut
3221 3289 3293 3343 ibi
3340 3288 3587 3343 inveniat

2008 3362 2079 3409 te.
2118 3354 2197 3429 'i‘_u
2226 3354 2371 3408 enim
2414 3355 2580 3429 solus
2603 3373 2663 3412 es
2686 3354 2923 3429 veritas,
2964 3367 3021 3413 et
3047 3358 3255 3429 ubique
3289 3359 3582 3429 praesides,

2006 3423 2363 3498 omnibusque
2378 3427 2803 3498 consulentibus
2832 3435 2880 3482 te
2901 3428 3062 3482 simul
3088 3423 3381 3498 respondes
3401 3429 3581 3483 omni-

2004 3493 2128 3569 bus,
2165 3494 2326 3569 etiam
2360 3496 2577 3569 diversa
2602 3497 3009 3569 consulentibus
3035 3493 3236 3569 liquide
3265 3508 3323 3552 tu
3358 3513 3585 3568 respon-

2005 3563 2103 3638 des
2142 3581 2156 3617 :
2185 3564 2281 3638 sed
2309 3581 2415 3638 non
2449 3566 2652 3638 liquide
2673 3583 2862 3623 omnes
2889 3577 3034 3623 tuam
3060 3563 3466 3638 responsionem
3489 3584 3585 3622 au-

2007 3634 2180 3689 diunt.
2209 3632 2457 3708 Optimus
2482 3632 2729 3708 minister
2761 3648 2883 3692 tuus
2910 3647 3017 3702 est,
3041 3632 3266 3708 qui-non
3293 3639 3466 3708 magis
3497 3640 3581 3693 iu-

2007 3712 2187 3777 tuetur
2209 3706 2312 3777 hoc
2339 3719 2368 3777 εξ
2401 3712 2453 3772 te
2473 3707 2662 3777 audire
2680 3709 2822 3776 quod
2859 3708 2972 3777 ipse
3001 3706 3294 3763 carnaliter
3316 3706 3549 3777 voluerit
3565 3746 3584 3768 ,

2008 3773 2101 3843 sed
2133 3774 2310 3840 potius
2351 3773 2454 3843 hoc
2491 3774 2628 3829 velle
2660 3773 2804 3843 quod
2840 3773 2963 3830 a'te
3002 3777 3253 3831 audierit.
3290 3777 3407 3830 Heu
3451 3776 3585 3829 mihi

2007 3840 2237 3915 misero!
2264 3842 2406 3910 quod
2419 3850 2531 3897 tam
2545 3840 2741 3915 sero—te
2764 3846 2962 3915 amavi,
2991 3845 3334 3915 pulchritudo
3353 3857 3462 3900 tam
3486 3862 3585 3899 au-

2008 3909 2158 3978 tiqua
2201 3918 2255 3966 et
2284 3909 2394 3965 tam
2420 3914 2591 3966 nova!
2630 3912 2709 3967 Tu
2744 3914 2889 3969 enim
2929 3909 3117 3969 Sancta
3148 3916 3320 3978 gratia
3365 3924 3456 3969 tua
3497 3930 3586 3968 me

2006 3980 2234 4046 vocasti,
2260 3987 2318 4050 et
2343 3981 2532 4050 rupisti
2570 3982 2889 4037 surditatem
2909 3999 3109 4048 meam,
3142 3980 3455 4039 illuminasti
3484 3999 3583 4038 cor

2006 4064 2207 4113 meum,
2245 4049 2441 4120 iugasti
2478 4052 2774 4106 caecitatem
2815 4068 3009 4108 meam.
3040 4054 3242 4109 Dedisti
3270 4056 3416 4109 enim
3448 4054 3581 4108 mihi

2006 4134 2223 4175 sensum
2255 4136 2449 4192 purum
2479 4129 2540 4175 ut
2576 4136 2956 4192 cognoscerem
2986 4132 3038 4178 Ic
3068 4141 3080 4176 :
3108 4124 3301 4179 dedisti
3342 4131 3394 4180 et
3431 4140 3584 4178 amo-

2004 4204 2120 4244 rem
2142 4198 2201 4244 ut
2228 4191 2505 4260 diligerem
2539 4199 2592 4248 te
2617 4231 2634 4256 ,
2652 4191 2866 4257 dedisti
2893 4201 2950 4248 et
2973 4192 3302 4249 voluntatem
3327 4203 3386 4249 ut
3412 4209 3576 4248 exar-

2004 4260 2368 4332 desceremin
2400 4270 2642 4316 sanctam
2670 4277 2859 4332 pacem
2895 4270 3061 4318 tuam.
3097 4263 3230 4318 Cum
3262 4266 3404 4319 enim
3451 4280 3577 4319 san-

2004 4337 2090 4384 cla
2114 4330 2210 4385 tibi
2237 4331 2503 4386 inhzesero
2525 4330 2820 4397 voluntate,
2843 4332 3021 4388 nullus
3041 4335 3172 4389 mihi
3193 4336 3408 4390 nocebit
3429 4334 3582 4389 dolor

2002 4407 2058 4454 et
2085 4400 2270 4475 labor;
2294 4401 2388 4456 sed
2416 4401 2537 4456 viva
2553 4406 2660 4475 erit
2682 4403 2792 4475 vita
2816 4418 2935 4475 mea
2953 4412 3063 4458 tota
3086 4404 3242 4475 plena
3266 4405 3439 4475 gratia
3465 4413 3578 4475 tua,

2003 4470 2260 4543 quoniam
2287 4486 2445 4541 quem
2478 4479 2536 4526 tu
2573 4473 2767 4543 imples
2793 4474 3046 4529 sublevas
3068 4470 3191 4529 eum
3228 4492 3241 4527 :
3270 4470 3398 4529 cum
3430 4474 3578 4529 enim

2005 4540 2083 4595 tui
2128 4540 2318 4610 plenus
2345 4558 2451 4597 non
2490 4540 2832 4606 sumfoneri
2862 4544 2994 4598 mihi
3041 4560 3182 4599 sum.
3231 4544 3580 4599 Contendunt

2003 4610 2205 4668 laetitiae
2226 4628 2360 4669 mete
2398 4611 2586 4668 ﬂenda:
2606 4629 2730 4668 cum
2778 4613 3024 4668 lmtandis
3060 4615 3397 4676 maeroribus,
3430 4623 3485 4668 et
3510 4630 3579 4669 ex

2002 4698 2107 4751 qua
2128 4691 2281 4753 parte
2318 4691 2427 4738 stet
2447 4682 2674 4738 victoria
2698 4684 2901 4738 nescio.
2945 4683 3287 4740 Contendant
3312 4699 3578 4738 mterores

2002 4755 2110 4825 mei
2130 4752 2269 4825 "mali
2298 4767 2421 4825 cum
2450 4753 2661 4825 gaudiis
2708 4752 2866 4825 bonis
2888 4793 2904 4817 ,
2943 4763 2998 4809 et
3039 4771 3105 4810 ex
3138 4771 3243 4825 qua
3280 4763 3436 4825 parte
3472 4763 3581 4810 stet

2000 4822 2228 4877 victoria
2273 4821 2476 4878 nescio.
2508 4821 2607 4877 Hei
2648 4823 2779 4877 mihi
2803 4864 2818 4888 ,
2861 4824 3104 4887 Domine,
3138 4821 3397 4880 miserere
3434 4825 3571 4879 mei!

2000 4891 2099 4946 Hei
2120 4893 2279 4946 mihi!
2306 4893 2444 4948 Ecce
2465 4891 2689 4947 vulnera
2709 4909 2828 4948 mea
2859 4910 2965 4948 non
2992 4894 3263 4950 abscondo
3291 4912 3306 4950 :
3337 4895 3579 4949 medicus

1998 4962 2141 5016 enim
2178 4969 2234 5034 tu
2275 4977 2502 5034 es,_ego
2530 4976 2674 5032 aeger
2703 4978 2855 5028 sum;
2900 4974 2954 5018 tu
2985 4965 3295 5019 misericors
3340 4979 3435 5028 es,
3475 4979 3578 5034 ego

1998 5047 2128 5087 vero
2157 5032 2342 5088 miser.
2383 5030 2519 5086 Nam
2557 5030 2685 5101 quid
2712 5034 2939 5089 tentatio
2966 5044 3052 5090 est
3084 5036 3194 5088 vita
3219 5035 3454 5088 humana
3486 5030 3580 5089 su-

1998 5118 2095 5175 per
2121 5103 2350 5175 terram?
2371 5103 2438 5157 Et
2459 5109 2575 5175 tota
2594 5119 2716 5175 spes
2737 5119 2855 5175 mea
2874 5118 2979 5159 non
3002 5105 3103 5160 nisi
3130 5105 3182 5159 in
3203 5118 3399 5175 magna
3424 5103 3578 5159 valde

2000 5172 2370 5245 misericordia
2400 5174 2525 5245 tua?
2548 5172 2643 5239 Da,
2665 5172 2911 5245 Domine,
2934 5175 3089 5245 nobis
3109 5183 3164 5230 et
3183 5172 3321 5245 velle
3340 5183 3394 5229 ct
3416 5188 3578 5245 posse

2000 5241 2272 5366 perlicere
2296 5241 2437 5324 quod
2459 5240 2651 5311 jubes,
2681 5241 2882 5311 etjnbc
2913 5243 3056 5314 quod
3086 5244 3189 5301 vis.
3216 5240 3457 5327 Impera};
3481 5260 3577 5299 no-

2020 5328 2090 5366 ns
2132 5321 2536 5366 continentiam.
2576 5313 2669 5366 sed
2712 5328 2871 5366 nemo
2899 5324 3076 5366 potest
3124 5330 3245 5366 esse
3291 5325 3577 5366 continens

2020 5313 2090 5367 iis
2132 5312 2543 5384 continentiam,
2576 5313 2669 5384 sed
2712 5328 2871 5368 nemo
2899 5312 3076 5384 potest
3124 5330 3245 5370 esse
3291 5312 3578 5370 continens

2003 5383 2107 5455 nisi
2137 5392 2227 5455 tuo
2250 5384 2411 5438 dono.
2443 5383 2527 5455 Et_
2534 5383 2634 5438 hoc
2652 5383 2827 5455 ipsum
2846 5393 2933 5439 est
2954 5385 3220 5455 sapientia
3240 5386 3385 5455 scire
3417 5384 3575 5455 cujus

2003 5452 2108 5533 hoc
2136 5454 2337 5536 donum
2364 5462 2466 5507 est.
2497 5452 2602 5533 Per
2629 5452 3034 5536 continentiam
3048 5455 3246 5536 quippe
3274 5452 3577 5525 colligimur

2004 5522 2059 5604 in
2091 5523 2331 5605 membra
2345 5522 2599 5605 corporis
2626 5522 2723 5605 tui,
2743 5532 2801 5578 ct
2829 5522 3125 5605 redigimur
3148 5522 3202 5580 in
3227 5540 3390 5580 unum
3402 5522 3443 5579 ἐι
3465 5539 3577 5605 quo

2004 5592 2056 5665 in
2085 5591 2611 5665 multagdetluximus.
2655 5591 2830 5665 Minus
2859 5591 3000 5665 enim
3041 5604 3094 5651 te
3114 5604 3261 5649 amat
3284 5610 3444 5665 quam
3473 5591 3572 5648 dc-

2002 5661 2146 5730 bcat,
2176 5662 2266 5733 qui
2308 5671 2482 5719 tecum
2512 5662 2710 5733 aliquid
2741 5673 2905 5721 amat.
2939 5663 2983 5721 Ο
3023 5681 3209 5734 amor,
3242 5661 3334 5736 qui
3364 5679 3577 5735 semper
