3946 6186
275 261 412 317 H05

1277 257 1625 313 APPENDIX
1664 257 1750 312 ιν.
1793 289 1862 298 -
1899 256 2234 314 LIBELLUS
2273 245 2572 314 eliserit.

3394 257 3416 310 i
3431 255 3532 311 £06

270 383 568 432 creatorem
595 385 772 434 meum
805 369 1056 426 inclinavi
1087 386 1100 424 :
1133 371 1224 424 sed
1250 370 1410 425 etiam
1433 371 1644 426 caeteris
1675 386 1844 426 mem-
1876 378 1913 432 Λ
1947 387 2034 426 me
2077 371 2412 436 obvolutum,
2448 371 2500 425 in
2539 370 2868 440 malignitate
2911 369 3098 434 animi,
3135 371 3189 424 in
3238 371 3531 439 asperitate

273 445 388 502 bris
415 444 466 498 in
497 443 641 498 omni
686 441 894 506 malitia
923 450 1342 496 consentaneum
1367 440 1491 494 feci.
1521 440 1627 494 Cor
1665 457 1841 495 meum

268 513 490 587 ‘pienum
523 513 666 574 dolo,
693 520 748 566 et
768 511 1008 587 nequitia
1025 511 1707 587 antiquam_p_ttra_purgavi
1733 526 1846 582 pue-

271 579 530 651 i'titentia;
593 579 1165 652 swpeque'diabolica;
1201 581 1366 652 pollui
1415 579 1692 652 iiliisione;
1732 579 1846 652 :nee

272 649 548 722 nunquam
567 649 700 706 satis
721 649 850 722 vera
864 649 1010 722 ablui
1037 649 1395 722 confessione.
1427 650 1542 704 Non
1565 650 1707 705 enim
1731 651 1848 710 haec

272 720 505 788 narrans
529 730 695 786 tuam,
722 721 967 783 Domine,
992 721 1045 774 in
1071 735 1154 772 me
1179 720 1496 789 blasphemo
1519 729 1844 786 creaturam,

273 794 368 848 sed
405 807 579 847 meam
610 807 641 846 a
681 800 750 853 te,
784 791 1022 858 piissime
1053 789 1212 852 Dens,
1243 805 1476 858 exposco
1503 791 1844 854 medicinam,

274 862 364 934 qui
397 863 556 926 etiam
589 861 640 924 in
667 861 918 916 omnibus
962 859 1219 934 membris
1243 862 1376 914 meis
1400 875 1486 934 me
1512 875 1662 915 reum
1692 859 1851 914 intel-

275 929 382 1003 ligo
411 945 574 1002 super
595 944 924 1003 mensuram,
947 931 1077 1003 quia
1088 937 1154 1003 _nt
1181 937 1328 984 astra
1357 929 1480 984 caeli
1503 938 1662 1003 atque
1685 945 1848 1003 arena

273 999 444 1057 m'aris
471 999 588 1056 mea
617 1001 694 1055 ita
741 999 1153 1054 innumerabilia
1189 1015 1317 1070 esse;
1335 1015 1602 1070 cognosco
1631 1000 1846 1070 delicta.

274 1071 674 1142 lnsuperietiani
690 1071 766 1124 ita
783 1071 1019 1142 tristitia,
1041 1069 1278 1134 accedia,
1297 1068 1580 1142 iactantia,
1598 1069 1848 1142 avaritia,

263 1139 440 1211 atque
481 1139 710 1205 desidia,
740 1141 1099 1210 omnibusque
1127 1149 1250 1195 octo
1277 1140 1664 1211 principalibus
1706 1139 1854 1211 vitiis

273 1209 570 1267 obnoxium
599 1225 686 1265 me
712 1225 832 1266 esse
854 1209 1112 1279 profiteor
1129 1226 1142 1264 :
1159 1211 1260 1265 sed
1280 1209 1362 1275 tu,
1397 1210 1643 1274 Domine,
1671 1209 1854 1264 occul-

275 1291 461 1337 torum
491 1281 757 1351 cognitor,
805 1280 896 1348 qui
934 1280 1116 1334 dixisti
1165 1280 1537 1351 paenitentiam
1576 1287 1646 1351 te
1694 1279 1853 1336 malle

272 1349 622 1424 peccatorum
641 1357 1082 1424 quam_mortem,
1109 1349 1206 1404 tibi
1231 1351 1413 1424 omnia
1439 1349 1618 1424 cordis
1627 1351 1744 1424 _mei
1767 1363 1854 1403 re-

272 1418 397 1477 i'elo
425 1436 622 1476 arcana
639 1418 889 1490 {respice
917 1421 970 1474 in
993 1435 1080 1474 me
1103 1428 1155 1474 et
1177 1421 1438 1475 miserere
1459 1420 1594 1482 mei;
1620 1418 1854 1474 fontem-

271 1505 380 1562 que
409 1489 794 1562 lacrymarum,
837 1500 891 1545 et
921 1490 1292 1562 remissionem
1337 1489 1576 1562 omnium
1599 1496 1852 1562 peccath

271 1559 397 1616 rum
435 1559 622 1616 intima
661 1560 790 1614 mihi
818 1561 998 1616 cordis
1021 1559 1360 1615 confessione
1389 1561 1562 1614 tribue
1585 1559 1848 1629 poscenti.

271 1631 517 1694 Renova,
570 1631 764 1685 innova
821 1630 873 1684 in
917 1647 1023 1691 me,
1081 1631 1321 1700 piissime
1349 1629 1540 1692 Pater,
1587 1629 1850 1700 quidquid

1948 439 2160 504 lirwuzc,
2188 442 2238 494 in
2262 441 2620 496 amaritudine
2651 440 2954 503 verborum,
2980 440 3032 494 in
3063 455 3288 494 ranccre
3333 440 3526 504 animi,

1946 511 2000 564 in
2047 510 2508 579 pusillanimitatc,
2539 511 2592 566 in
2623 509 2918 565 cenodoxia
2960 525 3193 579 namque
3233 509 3364 564 vitio
3387 517 3442 564 et
3473 510 3529 564 in

1947 526 2000 564 in
2047 526 2508 579 pusmannmtatc,
2539 527 2592 566 in
2623 526 2918 565 cenoaoxua
2960 526 3193 632 namque
3233 526 3364 564 vino
3387 526 3442 564 et
3473 526 3529 564 in

1947 579 2198 636 omnibus
2226 579 2382 649 malis
2406 594 2526 648 qua:
2551 580 2820 649 prodeunt
2843 593 2908 634 ex
2933 594 2996 634 ea
3033 595 3096 634 va
3123 581 3188 634 de
3217 595 3304 634 me
3329 579 3531 649 depra-

1949 657 2130 720 vatum
2161 665 2280 704 esse
2311 647 2569 714 arbitror,
2600 649 2653 704 in
2676 647 2964 717 iactantia,
3003 649 3056 720 in
3107 648 3530 720 arrogantia.iin

1949 719 2318 794 indignatione
2340 721 2730 794 proximorum,
2759 719 2811 775 in
2837 719 3127 794 discordia,
3153 729 3210 773 et
3229 718 3531 794 _bypocrisi,

1949 797 2000 858 et
2053 779 2355 844 innumeris
2379 790 2634 858 peccatis.
2687 779 2912 858 insuper
2944 779 3401 850 etiam-multis‘in
3443 779 3532 850 of;

1950 857 2266 932 ﬂictione‘et
2287 859 2340 912 in
2365 857 2613 932 angustia
2638 857 2948 932 constitutis
2972 874 3072 932 per
3096 859 3332 932 gratiam
3377 867 3530 914 tuam

1950 929 2238 1000 subvenire
2290 929 2462 999 potui,
2507 929 2812 1000 multosque
2847 929 2915 984 de
2951 929 3296 1000 tribulatione
3345 936 3536 1000 etian-

1950 999 2124 1069 gustia
2153 997 2408 1066 liberare,
2440 1001 2532 1056 sed
2560 1001 2694 1054 meis
2719 997 2959 1069 peccatis
2984 999 3322 1054 tardantibus
3347 997 3531 1069 minus

1953 1068 2057 1140 hoc
2075 1069 2182 1140 egi,
2213 1084 2375 1140 quam
2399 1070 2665 1140 debui,iet
2693 1067 2834 1140 siepe
2879 1071 3058 1126 sciens
3083 1069 3282 1125 malum
3309 1067 3534 1137 persilui

1951 1146 2009 1194 et
2043 1139 2242 1210 bonum
2296 1139 2440 1209 loqui
2481 1139 2693 1210 neglexi
2731 1139 2918 1194 {unde
2944 1155 3090 1196 nunc
3115 1153 3269 1210 reum
3299 1153 3390 1192 me
3411 1151 3534 1210 esse

1951 1207 2272 1280 gravissinm
2301 1207 2497 1274 sentio,
2535 1207 2731 1280 meque
2768 1224 2927 1280 reum,
2963 1225 3085 1264 esse
3112 1208 3406 1280 confiteor;
3433 1208 3531 1264 sed

1956 1284 2043 1348 tu,
2068 1277 2316 1342 Domine,
2351 1280 2444 1348 qui
2481 1277 2663 1334 omnia
2693 1279 2832 1335 nosti
2859 1279 3022 1334 etiam
3048 1287 3338 1348 antequam
3379 1278 3534 1342 fiant,

1955 1347 2052 1402 tibi
2095 1347 2424 1417 patefaciain
2465 1350 2647 1404 omnia
2693 1349 2934 1404 facinora
2983 1349 3165 1404 cordis
3194 1347 3328 1411 mei,
3385 1356 3535 1402 tuam

1953 1417 2384 1473 misericordiam
2408 1419 2686 1474 humiliter
2713 1419 2926 1483 invoco,
2971 1427 3032 1472 ut
3073 1419 3255 1472 omnia
3278 1431 3534 1486 quaecum.

1953 1502 2059 1557 que
2082 1489 2300 1556 peccavi
2348 1503 2532 1560 coram
2564 1497 2636 1554 te,
2687 1499 2742 1545 et
2769 1490 2835 1544 de
2863 1489 3276 1560 quibuscunque
3299 1502 3420 1542 mea
3447 1501 3536 1542 me

1955 1563 2174 1629 accusat
2191 1559 2542 1629 conscientia,
2573 1575 2666 1614 seu
2694 1575 2814 1629 quae
2833 1558 3133 1622 confessus,
3165 1572 3408 1629 seuquai
3435 1571 3535 1629 per

1956 1627 2340 1698 negligentiam
2374 1627 2458 1683 vel
2497 1627 2824 1684 oblivionem
2864 1629 3042 1696 detegi
3068 1631 3120 1684 in
3163 1628 3400 1698 cogitatu
3429 1667 3442 1690 ,
3479 1627 3534 1698 in

269 1703 510 1780 notione,
544 1701 687 1780 qiiod
712 1701 896 1780 _verbn,
926 1700 1066 1768 quod
1082 1697 1468 1780 ’ipsaidcno'qne
1499 1697 1845 1780 cogitndo-ne,
1885 1716 1926 1774 Β
1955 1697 2121 1780 voer
2146 1705 2208 1779 et
2225 1712 2408 1780 opere,
2444 1698 2525 1780 vel
2558 1699 2610 1754 in
2648 1699 2974 1780 negligentia
3001 1714 3141 1780 inea,
3189 1697 3536 1780 .biochomnia

270 1768 539 1827 diabolica
563 1768 759 1826 fraude
781 1770 1025 1824 vitiatum
1046 1779 1149 1833 est,
1181 1777 1236 1823 et
1263 1769 1452 1840 unitati
1481 1769 1726 1840 corporis
1751 1768 1854 1822 Ec-

269 1842 458 1904 clesia:
486 1842 785 1896 membrum
829 1847 932 1895 tua:
964 1839 1344 1910 redemptionis
1385 1839 1632 1910 aduecta,
1661 1848 1716 1894 et
1744 1854 1853 1893 non

269 1911 568 1966 habentem
599 1911 849 1969 fiduciam
896 1909 1000 1964 nisi
1051 1910 1103 1964 in
1135 1909 1223 1962 tua
1265 1909 1637 1964 misericordia
1669 1909 1735 1963 ad
1767 1925 1855 1964 sa-

267 1991 616 2038 cramentum
647 1989 752 2036 tum
783 1979 1238 2035 reconciliationis
1265 1979 1506 2034 admitte.
1536 1977 1641 2034 Per
1670 1976 1854 2034 Jesum

268 2051 555 2106 Christum
583 2050 914 2120 unigenitum
947 2049 1145 2104 Filium
1171 2058 1318 2103 tuum
1345 2048 1628 2103 Dominum
1657 2059 1711 2102 et
1737 2049 1857 2120 Sal-

267 2130 522 2176 vatorem
551 2119 820 2182 nostrum,
851 2120 943 2188 qui
993 2128 1166 2176 tecum
1200 2135 1305 2172 una
1335 2134 1455 2172 cum
1485 2127 1674 2174 sancto
1727 2119 1852 2188 Spi-

271 2193 386 2246 ritu
408 2189 819 2255 unusestDeus,
850 2189 1371 2250 unusestDominns,
1396 2204 1494 2258 per
1526 2189 1855 2244 immortalia

276 2277 516 2332 regnans
544 2260 740 2314 smcula
765 2259 1102 2315 saeculorum.
1125 2258 1318 2313 Amen.

883 2369 1018 2424 Item
1073 2370 1262 2424 oratio.

353 2462 497 2516 Deus
511 2459 778 2530 juslnrum
801 2462 988 2530 gloria,
1016 2468 1071 2514 et
1093 2460 1460 2515 misericordia
1487 2470 1853 2528 peccatorum,

277 2533 370 2601 qui
414 2532 597 2586 dixisti
647 2549 661 2588 :
709 2531 850 2586 Nolo
887 2541 1104 2586 mortem
1137 2532 1450 2600 peccatoris,
1483 2531 1573 2584 sed
1607 2533 1773 2600 magis
1799 2542 1855 2586 ut

276 2612 616 2669 convertatur
651 2612 698 2657 et
729 2603 862 2656 vivat
905 2617 924 2654 :
971 2601 1182 2670 suscipe
1234 2616 1342 2664 me,
1383 2602 1624 2670 piissime
1671 2601 1854 2668 Pater,

272 2672 630 2742 paenitentem
679 2671 939 2726 famulum
979 2680 1154 2735 tuum,
1181 2672 1304 2740 quia
1332 2671 1425 2726 tibi
1453 2671 1715 2742 confiteor
1740 2687 1859 2727 om-

276 2741 366 2808 nia
405 2742 598 2797 delicta
625 2750 680 2795 et
717 2750 937 2810 peccata
983 2757 1120 2805 mea,
1149 2756 1482 2812 (pitecnuque
1509 2741 1725 2812 peccavi
1759 2757 1856 2796 co-

277 2827 398 2882 ram
429 2821 499 2875 te,
523 2819 578 2866 et
603 2826 782 2866 coram
809 2812 1012 2882 sanctis
1034 2811 1239 2882 angelis
1268 2812 1393 2874 tuis,
1427 2812 1479 2865 in
1502 2811 1855 2882 cogitatione,
1877 2815 1890 2826 '

277 2881 334 2952 in
366 2883 554 2946 verbo,
584 2891 638 2935 et
667 2897 848 2950 opere,
898 2881 954 2952 in
985 2881 1249 2952 omnibus
1273 2882 1430 2935 simul
1459 2881 1614 2936 vitiis
1656 2891 1710 2936 et
1734 2897 1860 2952 pec-

277 2949 439 3015 catis,
469 2952 584 3006 sive
629 2949 979 3022 insuperbia
1027 2959 1082 3006 ct
1129 2951 1381 3022 elatione,
1434 2953 1576 3022 unde
1620 2967 1706 3006 me
1733 2949 1858 3022 gra-o

275 3022 503 3088 vissime
545 3036 667 3076 reor
707 3020 828 3076 esse
859 3021 1142 3091 pollutum,
1165 3029 1220 3075 et
1265 3021 1317 3074 in
1345 3020 1596 3091 oninibus
1620 3020 1857 3091 peccatis

275 3108 402 3163 quae
450 3101 750 3163 nascuntur
792 3090 966 3163 esea,
999 3090 1052 3144 in
1083 3090 1467 3163 inobedientia,
1514 3091 1566 3145 in
1597 3090 1857 3163 pansum-

274 3159 464 3234 ptione
486 3161 696 3234 iniqua,
721 3170 882 3234 atque
910 3161 961 3214 in
990 3159 1286 3234 pertinacia
1310 3169 1364 3216 et
1384 3159 1750 3234 contentione,
1769 3163 1857 3216 vel

277 3230 445 3289 etiam
481 3230 538 3286 in
567 3231 878 3303 arrogantia
909 3239 963 3284 et
982 3230 1364 3296 obstinatione,
1395 3231 1508 3287 sive
1544 3233 1597 3286 in
1626 3233 1772 3302 gula,
1800 3233 1854 3288 in

275 3316 384 3372 qua
419 3316 513 3372 me
547 3317 708 3372 super
743 3316 1053 3356 mensuram
1101 3310 1420 3370 occupatum
1457 3303 1690 3370 mstimo,
1718 3304 1855 3358 etin

275 3371 550 3426 universis
585 3371 732 3426 vitiis
776 3387 895 3441 qua:
935 3380 1264 3440 generantur
1287 3386 1352 3425 ex
1376 3387 1460 3437 ea,
1489 3375 1542 3426 in
1571 3373 1855 3428 inhonesta

275 3441 570 3514 i:etitia_,iin
604 3442 932 3514 scurrilitati:
957 3451 1011 3496 et
1040 3441 1173 3503 risu,
1204 3441 1258 3494 in
1285 3443 1616 3514 vaniloquio,
1645 3443 1697 3497 in
1728 3444 1854 3514 Vim-

275 3511 546 3566 munditia
596 3511 756 3567 simul
787 3513 967 3567 cordis
1009 3519 1066 3565 et
1113 3513 1379 3580 corporis,
1422 3511 1855 3568 in'instabilitate

276 3581 502 3644 mentis,
559 3581 613 3634 in
659 3580 882 3635 libidine
929 3589 982 3636 et
1044 3583 1328 3646 ebrietate,
1361 3585 1415 3637 in
1459 3585 1855 3640 comessatione

277 3665 391 3719 non
420 3651 652 3721 modica,
706 3649 760 3704 in
798 3649 1155 3721 fornicatione
1208 3667 1420 3721 quoque
1473 3655 1656 3708 multis
1681 3655 1856 3710 modis

276 3735 367 3774 me
417 3719 678 3788 pollutum
723 3736 844 3775 esse
867 3720 1060 3785 sentio,
1111 3729 1166 3774 et
1215 3723 1269 3774 in
1299 3719 1509 3776 cunctis
1556 3725 1852 3778 sceleribus

273 3803 398 3858 qua:
423 3789 755 3858 pullulantur
781 3803 848 3844 ex
888 3805 976 3853 ea,
1021 3791 1072 3844 in
1105 3791 1346 3845 crecitate
1375 3791 1590 3855 mentis,
1642 3793 1696 3846 in
1735 3793 1854 3846 visu

275 3859 420 3932 malo
449 3871 504 3913 et
527 3859 708 3932 noxio,
742 3859 794 3932 in
823 3861 1005 3914 auditu
1030 3874 1167 3932 vano
1192 3877 1254 3932 ac
1287 3860 1452 3930 turpi,
1482 3860 1535 3914 in
1564 3871 1723 3932 gustu
1754 3861 1856 3914 im-

275 3929 582 4002 moderato,
611 3931 663 4002 in
693 3931 918 4002 odoratu
946 3929 1194 4002 scelesto,
1227 3931 1280 3984 in
1313 3929 1457 4002 tactu
1497 3929 1852 4002 neiiuissimo,

275 3999 330 4053 in
349 4014 616 4054 consensu
633 4001 1005 4055 delectationis
1027 4001 1288 4070 malignae,
1308 4001 1359 4054 in
1383 3999 1646 4056 immenso
1671 4017 1856 4056 amore

273 4071 512 4140 propria:
553 4071 866 4134 voluntatis,
901 4072 952 4124 in
999 4071 1239 4140 periculo
1286 4072 1430 4135 vitae,
1459 4072 1512 4124 in
1543 4071 1763 4126 lascivia
1801 4079 1856 4126 et

274 4141 600 4220 petulantia,
651 4142 706 4220 in
747 4141 1134 4220 inoontinentia
1165 4141 1292 4194 mali
1328 4141 1602 4207 desiderii,
1628 4141 1854 4220 consilio

277 4208 606 4279 iniquitatis,
653 4211 707 4264 in
737 4211 862 4264 odio
892 4213 1264 4265 mandatorum
1296 4220 1531 4276 tuorum,
1579 4223 1633 4267 et
1663 4215 1716 4268 in
1765 4229 1856 4267 ne-

278 4278 534 4349 gligentia
585 4281 825 4350 atquein
857 4281 1344 4335 inconsideratione
1393 4282 1515 4336 vita:
1549 4281 1763 4346 futurae,
1799 4283 1851 4337 in

279 4352 512 4404 avaritia
557 4367 771 4420 quoque
819 4351 1318 4419 superainuulanter
1345 4367 1430 4405 me
1467 4367 1589 4406 reor
1617 4369 1736 4408 esse
1761 4353 1854 4406 de-

1882 3065 1930 3128 C

1957 1765 2211 1838 oblivioni
2236 1765 2292 1822 in
2322 1777 2642 1838 perpetuum
2666 1765 2873 1824 tradas.
2893 1769 2996 1832 'l‘n,
3018 1769 3162 1823 Dens
3188 1766 3415 1838 infinita),
3431 1765 3534 1818 mi-

1957 1836 2285 1907 sericordia,
2315 1836 2702 1907 qui—omnibus
2741 1839 3116 1894 invocantibus
3147 1847 3200 1891 te
3227 1837 3279 1890 in
3307 1837 3540 1890 veritate

1956 1906 2245 1980 subvenire
2283 1906 2545 1980 sclesnte
2587 1909 2833 1980 Supplici
2859 1915 3042 1963 mente
3084 1910 3334 1980 deposco,
3383 1913 3534 1980 utier

1957 1977 2042 2031 his
2063 1977 2314 2048 omnibus
2343 1979 2475 2033 mihi
2521 1979 2572 2032 in
2601 1976 2760 2048 hujus
2786 1977 2912 2032 vitae
2958 1979 3134 2048 spatio
3167 1976 3536 2048 compunctio-

1957 2062 2080 2101 nem
2107 2047 2519 2104 saluberrimam
2541 2064 2604 2102 ex
2629 2046 2818 2104 intimo
2841 2046 3025 2113 corde,
3049 2062 3342 2116 veramque
3364 2046 3539 2117 poeni-

1958 2117 2219 2188 tentiam,
2263 2118 2659 2172 confessionem
2719 2134 2934 2188 puram,
2997 2118 3538 2188 emendationemque

1957 2201 2055 2255 per
2077 2187 2259 2240 omnia
2284 2188 2544 2258 _dignam,
2569 2186 2790 2258 uberem
2819 2189 2984 2242 etiam
3029 2188 3389 2258 lacrymarum
3416 2186 3536 2258 fon-

1959 2264 2067 2328 tem
2111 2271 2219 2328 quo
2244 2256 2492 2328 _tleileam
2535 2257 2679 2312 mala
2730 2273 2850 2328 qua:
2906 2256 3284 2312 commiseram
3325 2256 3539 2328 largire

1957 2324 2216 2395 digneris.
2244 2324 2379 2380 Nam
2409 2327 2453 2380 si
2475 2341 2580 2394 qua
2613 2324 2832 2382 sunt'de
2877 2342 3037 2396 supra
3077 2326 3390 2396 nominatis,
3420 2324 3540 2396 qni-

1958 2396 2060 2466 bus
2090 2411 2194 2450 non
2221 2410 2338 2466 sum
2361 2396 2617 2466 pollutus,
2651 2405 2755 2452 tute
2785 2405 2891 2462 est,
2919 2395 3164 2466 Domine,
3202 2395 3416 2466 pietatis
3438 2395 3528 2449 de-

1959 2463 2155 2540 i‘ensio,
2203 2463 2404 2520 malum
2442 2481 2571 2540 vero
2612 2482 2840 2540 semper
2876 2483 2908 2520 a
2937 2482 3024 2540 me
3069 2463 3270 2540 {notum
3298 2467 3430 2528 scio,
3468 2466 3537 2520 ab

1959 2535 2266 2607 incautione
2294 2551 2413 2591 mea
2436 2537 2520 2592 vel
2551 2537 2716 2592 etiam
2741 2535 3082 2607 ignorantia.
3122 2535 3294 2590 Tuum
3335 2543 3536 2600 tamen,

1960 2605 2204 2672 Domine,
2246 2607 2452 2676 plasma
2501 2623 2644 2673 sum,
2688 2605 2882 2676 meque
2936 2607 3303 2662 sacratissimo
3330 2615 3382 2659 et
3414 2620 3537 2674 pre-

1959 2675 2271 2748 tiosissimo
2295 2677 2556 2748 sanguine
2585 2685 2676 2733 tuo
2706 2675 3001 2732 redemisti.
3033 2677 3288 2732 Miserere
3315 2676 3460 2748 _mibi
3485 2678 3541 2730 et

1959 2747 2218 2816 gemitum
2247 2745 2584 2803 fructiferum
2612 2748 2810 2813 tribue,
2833 2763 2900 2803 ne
2919 2748 3114 2802 iterum
3138 2745 3362 2816 lugenda
3390 2761 3540 2800 com-

1961 2815 2192 2872 mittam.
2223 2818 2348 2899 ‘Tn,
2379 2818 2604 2899 Domine
2632 2817 2894 2899 piissime,
2915 2819 3166 2899 _omnium
3191 2815 3412 2899 largitor
3443 2816 3537 2898 Io—

1960 2901 2178 2959 norum,
2221 2888 2397 2942 tribue
2421 2889 2553 2943 mibi
2583 2886 2771 2944 contra
2798 2888 3048 2959 spiritum
3073 2886 3339 2959 superbia:
3360 2886 3534 2959 humi-

1959 2955 2169 3029 litatem
2211 2973 2416 3029 veram,
2466 2973 2566 3028 per
2595 2974 2754 3029 quam
2781 2955 3033 3029 universa
3080 2955 3220 3013 mala
3257 2955 3537 3029 _superbia'

1961 3027 2172 3100 valeam
2211 3025 2682 3100 vincerefcont'ra
2716 3027 2896 3100 gulam
2944 3037 3000 3083 et
3044 3025 3536 3100 concupiscentiam

1960 3096 2157 3169 malam
2181 3097 2569 3169 continentiam
2591 3095 2838 3169 dignam;
2856 3107 2912 3169 et
2929 3108 3119 3154 contra
3140 3095 3536 3169 immunditiam

1961 3165 2335 3223 fornicationis
2363 3169 2542 3224 cordis
2585 3178 2640 3223 et
2654 3165 2910 3236 corporis
2941 3169 3267 3233 castitatem,
3291 3175 3349 3232 et
3372 3167 3536 3220 totius

1959 3251 2140 3309 pravae
2162 3237 2539 3309 delectationis
2571 3237 3064 3304 mortificationem,
3085 3236 3274 3309 jejunii
3303 3236 3535 3309 veipra-

1959 3307 2121 3362 tionis
2165 3308 2502 3379 instantiam,
2551 3317 2713 3378 atque
2755 3309 3060 3379 vigiliarum
3089 3307 3536 3379 censuetudineni

1957 3385 2201 3432 sanctam
2239 3395 2252 3431 :
2301 3377 2374 3432 ita
2406 3388 2463 3434 ut
2500 3375 2680 3432 omnia
2727 3375 2932 3432 valeam
2979 3386 3310 3434 tentamenta
3339 3375 3537 3432 diaboli

1955 3463 2054 3520 per
2082 3449 2508 3520 misericordiam
2531 3451 2716 3520 gratiae
2738 3458 2845 3520 tua:
2875 3464 3168 3520 superare;
3197 3455 3384 3520 contra
3407 3463 3536 3520 ava-

1957 3518 2135 3572 ritiam
2169 3519 2264 3592 tibi
2311 3517 2567 3592 placitam
2617 3517 2957 3592 largitatem,—
2991 3519 3138 3574 vires
3171 3525 3226 3573 et
3254 3517 3536 3592 scientiam

1957 3589 2243 3656 superandi
2291 3587 2471 3644 omnia
2505 3605 2624 3658 quze
2653 3587 2949 3643 nascuntur
2983 3605 3050 3644 ex
3077 3605 3175 3654 ea;
3207 3597 3394 3658 contra
3443 3587 3537 3640 ira:

1956 3658 2214 3730 impetum
2255 3657 2592 3730 patientiam,
2645 3660 3056 3729 temperantiam
3109 3659 3273 3713 animi
3307 3675 3321 3730 ς
3353 3657 3426 3710 ita
3481 3665 3538 3710 ut

1955 3727 2136 3782 omnia
2175 3727 2296 3796 quin
2324 3731 2593 3800 prodeunt
2639 3744 2703 3782 ex
2742 3727 2805 3800 ca
2847 3731 3264 3800 exstinguuntur
3311 3727 3362 3780 in
3412 3742 3532 3790 me;

1957 3808 2145 3850 contra
2184 3797 2424 3851 accdiam
2465 3799 2588 3851 boni
2618 3799 2818 3866 operis,
2844 3797 3299 3866 perseverantiam
3331 3803 3386 3849 ct
3423 3804 3537 3849 stu-

1957 3867 2104 3920 dium
2135 3867 2306 3920 sancti
2329 3867 2643 3922 certaminis
2669 3867 2734 3921 ad
2759 3867 3084 3935 implendam
3107 3868 3160 3928 in
3181 3867 3430 3921 omnilms
3448 3881 3538 3918 vo-

1956 3935 2216 3990 luntatem
2250 3945 2394 3990 tuam
2435 3945 2696 4006 quantum
2729 3943 2832 4006 tum
2862 3937 2932 3991 sit
2972 3937 3168 3992 donum
3217 3936 3434 4002 pietatis
3481 3935 3534 3990 in

1956 4020 2075 4070 me;
2113 4013 2298 4059 contra
2327 4007 2598 4076 tristitiam
2623 4005 2877 4076 gaudium
2900 4006 3054 4068 mibi,
3088 4007 3331 4076 Domine,
3355 4007 3532 4059 tribue

1957 4076 2274 4148 spiritalem,
2320 4090 2418 4148 per
2441 4075 2581 4146 quod
2623 4075 2805 4130 omnia
2835 4075 3091 4148 vitiorum
3126 4075 3265 4148 mala
3291 4076 3536 4148 penitus

1956 4146 2284 4218 avellantur;
2315 4146 2610 4218 contraque
2663 4160 2858 4218 vanam
2889 4147 3114 4218 gloriam
3154 4146 3530 4218 plenissimam

1959 4216 2140 4280 ﬁdem,
2167 4231 2315 4286 spem
2343 4217 2574 4280 ﬁrmam,
2601 4223 2658 4270 et
2693 4216 3016 4272 chariia'tem
3042 4233 3076 4286 p
3114 4216 3364 4281 rfectam,
3394 4224 3453 4269 ut
3479 4223 3530 4268 te

1956 4295 2070 4340 toto
2109 4287 2290 4350 corde,
2333 4295 2444 4341 tota
2485 4295 2823 4356 mente,tota
2863 4288 3027 4343 etiam
3081 4302 3295 4341 merear
3337 4287 3538 4356 virtute

1957 4357 2202 4438 diligere,
2241 4357 2328 4438 ilic
2357 4372 2571 4438 quoque
2610 4355 2852 4438 omnium
2881 4366 3225 4438 peccatorum
3258 4355 3536 4438 remissio-

280 4434 544 4502 mersum,
570 4417 698 4503 etin
719 4429 829 4503 tota
855 4417 995 4503 serie
1016 4421 1300 4503 eniminuni
1323 4437 1445 4503 qum
1467 4423 1764 4503 procedunt
1786 4437 1852 4503 ex
1883 4417 1932 4474 Ι)
1957 4417 2083 4503 ιιμειιῖ
2118 4417 2350 4503 pleniter
2376 4417 2682 4503 percipere,
2705 4435 2758 4482 et
2791 4429 2863 4503 in_
2881 4417 3070 4503 iuturo
3099 4435 3355 4503 :etennain
3397 4425 3535 4503 initi-_-

278 4503 364 4562 ea,
400 4491 456 4544 in
487 4491 684 4544 invidia
702 4499 764 4562 et
793 4491 936 4557 dolo,
968 4491 1020 4544 in
1051 4491 1196 4562 furto
1224 4500 1278 4562 et
1300 4491 1510 4562 rapina,
1536 4493 1586 4546 in
1619 4491 1856 4561 perjurio

279 4551 444 4642 atque
467 4561 898 4642 mendacio,.neo
925 4551 1042 4642 non
1070 4569 1120 4615 et
1167 4561 1305 4642 falso
1325 4551 1652 4642 testimonio,
1678 4551 1740 4642 _iu
1767 4562 1854 4642 in-

277 4631 594 4698 quietudine
625 4631 837 4694 mentis,
873 4633 926 4684 in
971 4632 1168 4701 injuste
1193 4631 1396 4700 judicio
1423 4633 1504 4686 vel
1538 4631 1746 4696 fraude,
1797 4633 1853 4686 in

275 4701 526 4756 veritatis
552 4709 885 4769 contemptu,
910 4701 962 4755 in
1003 4701 1270 4756 oblivione
1291 4701 1636 4756 beatitudinis
1656 4703 1854 4770 sempi-

275 4775 468 4831 ternae,
500 4779 554 4826 et
593 4771 645 4826 in
677 4771 1031 4826 obduratione
1055 4773 1264 4826 mortis.
1295 4771 1495 4826 Deinde
1533 4773 1587 4825 in
1613 4772 1692 4825 ira
1719 4781 1774 4826 et
1795 4773 1851 4826 in

276 4836 558 4910 iracundia
607 4841 831 4896 nimium
858 4857 945 4896 me
975 4857 1094 4896 esse
1122 4842 1358 4896 arbitror
1399 4842 1768 4910 depravatum,
1797 4850 1854 4897 et

275 4907 330 4961 in
351 4911 829 4966 omnibnsdelictis
851 4913 966 4982 ejus
982 4913 1162 4966 radice
1178 4907 1540 4982 surgentibus,
1565 4912 1618 4982 in
1643 4920 1857 4982 tumore.

275 4981 592 5054 tuentisnin
614 4982 738 5054 _rixa
761 4991 825 5054 iet
852 4980 1199 5054 dissentiouc,
1231 4980 1289 5054 in
1321 4981 1662 5054 contumelia,
1693 4981 1751 5054 in
1771 4981 1853 5035 in—

279 5051 524 5122 iurgandi
547 5051 628 5105 vel
667 5052 958 5108 ulciscendi
991 5069 1196 5117 amore,
1228 5053 1280 5105 in
1309 5053 1452 5114 oiin,
1486 5054 1537 5104 in
1569 5052 1852 5122 impatien-

281 5117 378 5191 tia,
404 5121 459 5174 in
497 5122 962 5177 maledictionibus
1011 5131 1065 5176 et
1098 5122 1468 5191 biaspbemiis,
1501 5122 1552 5176 in
1603 5117 1852 5190 indigna-

278 5187 425 5264 tione
455 5191 660 5264 iniqua,
691 5193 744 5246 in
777 5193 1149 5264 recordatione
1181 5187 1388 5264 injuria:
1411 5207 1564 5264 meae,
1588 5192 1640 5245 in
1664 5187 1850 5246 accdia

277 5259 441 5327 etiam
466 5259 728 5318 immensa
757 5263 918 5317 timeo
944 5259 1031 5327 me
1059 5259 1281 5316 nimium
1311 5262 1605 5315 obnoxium
1631 5276 1772 5326 esse,
1797 5269 1852 5324 et

277 5326 332 5404 in
363 5331 509 5404 omni
537 5332 660 5386 labe
704 5326 1002 5404 facinorum
1032 5348 1096 5404 ex
1147 5333 1264 5404 ejus
1291 5332 1474 5404 fomite
1500 5346 1852 5404 prorumpen-

279 5397 439 5464 sium,
471 5401 531 5470 in,
557 5403 910 5457 somnolentia
954 5410 1010 5468 et
1052 5397 1386 5472 boni'Operis
1413 5397 1661 5472 pigritia,
1687 5397 1738 5455 iii
1771 5401 1852 5455 iu-

279 5473 604 5543 oonstantia,
648 5473 699 5526 in
743 5472 1126 5543 pervagatione
1154 5471 1372 5543 mentis,
1409 5471 1463 5526 in
1497 5473 1854 5543 trepidatione

278 5534 579 5610 laborandi,
606 5543 657 5597 in
687 5534 842 5597 taedio
868 5534 1067 5604 cordis,
1095 5542 1148 5596 in
1181 5534 1478 5596 moratione
1509 5534 1668 5610 atque
1712 5541 1854 5596 dele-

281 5609 536 5676 ctatione,
574 5615 626 5668 in
659 5613 873 5668 tristitia
907 5610 1103 5676 injusta
1131 5611 1199 5665 ab
1225 5611 1446 5680 antiquo
1484 5611 1534 5664 in
1586 5609 1672 5666 me
1700 5611 1852 5676 hoste

281 5682 590 5750 commissa,
617 5693 667 5740 et
697 5685 749 5738 in
777 5683 890 5753 ejus
921 5682 1126 5737 semine
1153 5681 1480 5754 nequissimo
1507 5681 1658 5738 valde
1690 5683 1852 5739 timeo

1960 4498 2087 4551 tiam
2120 4495 2408 4567 possidere
2457 4495 2600 4568 quod
2639 4497 2754 4568 ipse
2779 4498 2932 4552 nobis
2957 4508 3174 4568 prmsta,
3221 4496 3390 4551 Filius
3437 4495 3531 4550 Dei

1959 4583 2182 4649 manens
2203 4576 2256 4622 ct
2283 4567 2512 4649 regnans
2534 4583 2657 4649 cum
2683 4567 2844 4648 Patre
2867 4575 2921 4622 et
2937 4567 3144 4649 Spiritu
3162 4573 3373 4649 sancto,
3399 4581 3539 4649 unns

1959 4636 2115 4709 Deus
2148 4639 2200 4692 in
2238 4635 2478 4709 trinitate
2518 4637 2652 4692 etin
2693 4638 2900 4692 unitate
2929 4635 3175 4709 perfecta
3231 4637 3286 4691 in
3340 4635 3539 4692 sazcula

1957 4707 2295 4762 saeculorum.
2321 4708 2515 4762 Amen.

2065 4819 2250 4877 Oratio
2282 4837 2439 4890 quam
2469 4820 2598 4874 dicit
2632 4821 2876 4874 sacerdos
2902 4837 3058 4890 super
3081 4821 3430 4891 pwnitentem.

2027 4911 2171 4966 Deus
2212 4911 2542 4975 clementiae,
2577 4911 2718 4965 Deus
2758 4910 3158 4972 misericordiae,
3185 4911 3328 4965 Deus
3357 4905 3535 4963 indul-

1958 4981 2175 5053 genlite,
2205 4982 2500 5051 propitiare
2525 4981 2747 5053 dignare
2788 4981 3268 5053 supplicationibus
3296 4979 3534 5053 nostris,

1959 5050 2013 5105 et
2055 5050 2350 5106 clementer
2402 5050 2916 5124 suscipefamulum
2967 5061 3116 5124 tuum
3165 5051 3536 5124 poenitentcm,

1959 5131 2122 5190 atque
2145 5136 2239 5191 per
2262 5132 2476 5176 tuorum
2497 5121 2735 5176 ouantium
2759 5131 3069 5176 sanctorum
3093 5121 3511 5191 intercessiones

1957 5200 2014 5246 et
2053 5190 2266 5256 merita,
2318 5192 2500 5262 cordis
2530 5193 2999 5262 compunctionem
3035 5191 3110 5244 illi
3157 5199 3401 5262 sanctam
3431 5190 3536 5244 lar-

1997 5262 2076 5316 ire
2101 5270 2156 5315 et
2183 5261 2557 5330 paenitentiam
2583 5261 2788 5325 veram,
2815 5275 3116 5330 puramque
3140 5261 3536 5318 confessionem

1991 5347 2022 5386 e
2067 5332 2322 5402 omnibus
2373 5331 2612 5402 peccatis
2658 5331 2774 5386 suis
2822 5332 3130 5402 praeteritis,
3180 5331 3537 5402 pnnsentibus

1952 5411 2117 5471 atque
2166 5400 2385 5472 futuris;
2432 5401 2715 5470 locumque
2766 5400 3154 5456 satisfactionis
3183 5400 3252 5456 'et
3300 5401 3536 5472 spatium

1953 5471 2298 5542 emendandi,
2359 5471 2562 5526 fontem
2610 5487 2833 5542 quoque
2883 5473 3105 5542 uberem
3176 5471 3535 5542 lacrymarmu

1955 5543 2114 5612 digne
2163 5539 2362 5596 deﬂere
2400 5539 2933 5612 suorum'cumulum
2961 5539 3305 5606 delictorum,
3328 5541 3535 5597 cautio-

1956 5611 2186 5682 nemque
2230 5611 2611 5682 necessariam,
2637 5627 2705 5667 ne
2734 5613 2928 5667 iterum
2953 5612 3186 5682 lugenda
3206 5613 3534 5668 committat.

1955 5679 2172 5738 Dimitte
2209 5681 2279 5747 ei,
2303 5681 2546 5748 Domine,
2578 5679 2836 5750 facinora,
2862 5679 3073 5739 diin’ttc
3094 5689 3313 5752 peécata
3341 5681 3528 5740 omnia
