3946 6186
411 240 544 295 H07

1425 237 1518 293 AD
1556 235 1785 292 OPEBA
1822 236 1882 289 Β.
1925 233 2203 290 ΑιϐιῖΙΝΙ
2242 232 2678 288 Αριιιεδυιοεδ.

3518 233 3656 289 1408

403 354 455 406 in
483 349 741 432 cogitatu,
866 350 1216 432 verbosimul
1259 358 1319 432 et
1342 366 1527 432 opere,
1554 362 1785 432 eumque
1814 347 1969 402 dein-
2000 355 2043 409 Α
2077 361 2243 432 mete,
2272 344 2499 432 Domine
2528 346 2873 432 Densumens,
2905 344 3057 432 gula.
3088 345 3391 432 ebrietate...
3412 345 3659 432 fornica-

401 436 529 492 ccps
554 418 610 474 in
658 421 866 492 semitis
885 418 1132 488 iustitiae,
1162 429 1218 475 et
1258 420 1313 475 in
1358 418 1464 475 tua:
1491 419 1783 492 voluntatis
1808 432 1974 492 opeee

400 486 643 563 perfecte
662 486 960 563 corrohora
985 499 1146 562 atque
1186 504 1485 563 conserva,
1509 501 1568 543 ut
1592 488 1734 543 inter
1758 486 1881 543 tuos
1912 486 1979 540 ﬁ-

403 560 549 616 deles
599 560 876 615 ministros
922 561 976 615 in
1027 560 1268 617 custodia
1327 560 1707 614 mandatorum
1758 565 1978 611 tuorum

404 629 575 700 ﬁdelis
623 630 844 685 omnino
900 641 1233 700 permaneat,
1275 629 1365 685 hic
1392 630 1767 684 remissionem
1794 641 1979 700 veram

400 699 706 770 percipiat,
761 708 816 753 et
866 695 929 770 in
948 698 1131 755 futuro
1166 701 1332 754 vitam
1379 708 1634 753 aeternam
1679 695 1977 770 possideat,

400 766 501 839 per
525 766 600 841 te,
650 770 863 841 Christe
906 768 1050 834 Jesu,
1092 770 1184 841 qui
1224 770 1363 826 vivis
1389 778 1443 825 ct
1472 766 1758 839 regnasin
1780 766 1975 822 szccula

405 839 747 894 saeculorum.
784 840 975 894 Amen.

947 928 1216 1000 Confessio
1274 947 1428 1000 pura.

474 1019 704 1076 'l'rnhtin
735 1021 820 1077 dir
855 1021 975 1075 uvir
999 1021 1129 1075 duih
1156 1020 1375 1077 oiaihlik
1404 1020 1570 1075 altero
1615 1020 1823 1073 minero
1848 1033 1979 1072 sun-

476 1037 704 1076 lrnuun
735 1037 820 1077 uir
855 1037 975 1075 uvir
999 1037 1129 1075 num
1156 1037 1206 1075 οι
1246 1037 1375 1074 mur
1404 1037 1570 1075 auero
1615 1037 1823 1073 mmero
1848 1037 1974 1072 sun-

404 1090 555 1146 tiono
607 1092 718 1145 enti
770 1091 1089 1145 missatatio.
1141 1037 1287 1145 Allqcs
1333 1091 1540 1145 desihio
1593 1091 1755 1145 missa
1810 1090 1974 1158 sparh

403 1161 546 1216 eddo
579 1161 854 1215 missateta
905 1160 1045 1216 eddo
1079 1159 1412 1215 missadahta
1448 1170 1641 1216 uvosto
1663 1160 1771 1214 θηιί
1814 1174 1975 1213 uver-

402 1231 508 1285 eho
553 1231 664 1285 enti
694 1231 969 1287 Kidaneho
1007 1231 1416 1285 desihkihukkiu
1465 1230 1656 1285 eddoni
1705 1230 1975 1299 gahnkkiu

403 1299 565 1354 Desib
622 1301 906 1355 uvizzanto
963 1301 1130 1354 hiteta
1166 1303 1306 1355 eddo
1349 1317 1418 1354 un
1464 1301 1750 1354 uvizzanto
1811 1299 1974 1352 notak

402 1370 541 1425 eddo
563 1386 634 1423 un
666 1370 827 1424 notak
856 1369 1087 1425 slatl'anti
1117 1372 1254 1425 ezldo
1285 1371 1570 1425 uvachenti
1597 1371 1738 1424 mein
1769 1371 1975 1424 suartio

404 1438 718 1509 entilugino.
750 1441 1021 1510 Hyridono
1047 1441 1157 1495 enti
1197 1458 1268 1494 un
1298 1440 1656 1496 rehteculizur
1682 1440 1812 1495 heiti
1844 1441 1975 1493 hno-

406 1524 539 1564 rono
567 1510 949 1566 souvieloihsio
976 1511 1163 1565 ssiteta
1191 1512 1302 1565 enti
1336 1527 1409 1565 un
1441 1512 1660 1565 relntero
1689 1510 1974 1564 lirinlustio

407 1579 652 1633 inmuose
717 1580 769 1634 io
817 1581 1041 1635 tranche
1089 1583 1201 1635 enti
1254 1582 1305 1635 in
1364 1597 1434 1636 un
1499 1583 1787 1635 recheteno
1843 1580 1975 1633 stare

403 1649 676 1703 ilaztumir
724 1651 848 1705 truh
911 1652 989 1706 tiu
1057 1652 1223 1706 hinist
1271 1653 1378 1706 enti
1450 1652 1614 1705 hinad
1672 1651 1973 1705 hanverdos

404 1717 555 1799 large
578 1735 725 1799 ‘pan
759 1720 919 1799 tlazih
954 1720 1254 1799 foradinem
1300 1732 1491 1799 uagom
1542 1737 1642 1799 uns
1687 1721 1974 1799 hanientisi
2010 1721 2048 1781 Β

406 1788 516 1841 enti
560 1788 728 1843 dazisi
759 1790 812 1844 in
850 1790 1007 1845 deser
1030 1791 1257 1845 uveralti
1284 1788 1492 1845 minero
1517 1792 1821 1845 missatatio
1865 1792 1976 1844 hri-

405 1871 538 1929 vum
564 1861 684 1929 genti
719 1861 879 1914 haum
909 1860 1245 1929 sharabapcn
1281 1861 1487 1914 mnozzi
1536 1862 1671 1914 solih
1716 1860 1977 1915 hosodino

406 1926 718 1983 miltidasim
771 1929 903 1983 alles
946 1926 1243 1985 uvaltautio
1293 1932 1522 1985 truhtin.
1586 1931 1683 1993 Te,
1728 1931 1976 1995 Domine,

406 1997 531 2065 pius
569 1997 894 2071 dominator,
926 2008 980 2054 et
1026 2000 1333 2056 misericors
1362 2001 1521 2063 Deus,
1564 2002 1831 2071 supplices
1866 2010 1976 2055 tre-

410 2077 727 2140 mentesque
757 2067 1134 2137 deprecamur,
1173 2082 1234 2124 ut
1252 2087 1349 2140 per
1374 2067 1799 2125 misericordiam
1832 2079 1977 2124 tuam

409 2137 907 2211 actionesuostras
958 2146 1048 2192 tua
1091 2137 1268 2211 gratia
1297 2141 1605 2195 illuminare
1644 2141 1899 2211 digneris,
1926 2147 1980 2194 et

406 2205 733 2282 adiuvando
761 2209 1062 2282 inhonum
1095 2205 1272 2265 linem
1308 2211 1614 2282 perducere
1662 2205 1752 2280 qui
1785 2225 1981 2282 regnas

409 2275 552 2399 Reus
595 2278 649 2332 in
692 2276 978 2335 Trinitate.
1020 2276 1124 2334 Per
1172 2275 1352 2335 omnia
1393 2281 1589 2336 saecula
1638 2275 1976 2336 saeculorum.

463 2363 602 2399 men.

463 2363 602 2401 men.

914 2419 1050 2474 Item
1070 2420 1178 2475 alia
1203 2422 1476 2491 confessio.

477 2530 705 2604 Domine
750 2541 958 2604 sancte,
988 2532 1151 2589 Pater
1176 2534 1539 2604 omnipotens,
1571 2543 1626 2589 et
1675 2534 1984 2593 misericors

409 2600 572 2666 Deus,
612 2602 701 2670 qui
732 2601 915 2657 dixisti
946 2600 1406 2673 poenitentiam'te
1439 2603 1599 2659 malle
1635 2614 1983 2673 peccatorum

404 2687 569 2745 quam
600 2680 850 2745 mortem,
887 2682 937 2727 te
983 2674 1250 2745 supplices
1304 2675 1677 2745 deprecamur,
1709 2683 1769 2729 ut
1795 2685 1985 2733 saneta

408 2743 590 2815 gratia
606 2749 697 2796 tua
723 2742 909 2815 cordae
932 2742 1117 2815 nostra
1146 2742 1450 2815 illuminare
1468 2745 1728 2815 digneris,
1754 2754 1810 2800 et
1837 2761 1982 2801 com-

406 2811 752 2882 punctionem
788 2812 950 2886 nobis
988 2813 1172 2884 largiri
1213 2811 1641 2878 saluberrimam,
1672 2832 1779 2885 qua
1815 2817 1982 2886 possi-

410 2896 531 2937 mus
555 2922 570 2947 ,
624 2889 679 2936 et
727 2884 1081 2957 nosmetipsos
1122 2892 1185 2957 et
1220 2893 1440 2957 peccata
1474 2895 1663 2941 nostra
1694 2884 1986 2957 humiliter

413 2965 727 3021 agnoscere,
758 2960 815 3007 et
839 2951 1032 3010 deﬂere
1056 2951 1364 3020 salubriter,
1386 2957 1735 3025 omniumque
1764 2956 1985 3012 delicto-

409 3036 529 3075 rum
583 3031 635 3078 et
680 3031 1024 3092 peccatorum
1090 3034 1397 3081 nostrorum
1452 3027 1519 3081 de
1571 3027 1981 3097 quibuscunque

408 3100 594 3147 nostra
633 3108 739 3147 non
775 3103 992 3166 accusat
1043 3097 1391 3161 conscientia,
1441 3096 1649 3166 puriter
1690 3112 1873 3152 coram
1924 3106 1978 3152 te

411 3171 467 3217 et
497 3178 677 3237 eorum
726 3164 930 3237 sanctis
967 3166 1171 3237 angelis
1215 3167 1321 3221 tuis
1355 3164 1747 3222 confessionem
1790 3181 1974 3237 agere,

410 3239 465 3306 et
501 3232 735 3306 fructum
756 3234 973 3306 dignum
996 3232 1323 3306 poenitentia:
1350 3252 1628 3303 exercere,
1674 3232 1974 3302 sicut'tibi,

410 3301 664 3376 Domine,
689 3301 1040 3361 conti'teamtir
1063 3307 1243 3361 omnia
1270 3315 1489 3376 peccata
1517 3301 1704 3362 nostra
1727 3307 1977 3376 capitalia

412 3381 573 3448 atque
596 3373 823 3448 minuta,
848 3376 914 3429 de
940 3377 1087 3448 omni
1115 3373 1364 3448 superbia
1385 3384 1440 3448 et
1457 3394 1594 3432 vana
1624 3373 1978 3448 gloria—atque

406 3439 684 3519 iactantia,
722 3444 788 3496 de
814 3444 1095 3519 sacrilegio
1137 3439 1194 3519 et
1227 3446 1535 3519 homicidio,
1587 3439 1652 3519 si'
1680 3447 1789 3501 ullo
1818 3439 1977 3519 modo

411 3511 601 3581 polluti
629 3511 815 3581 simus,
854 3513 918 3566 de
945 3511 1301 3571 fornicatione
1331 3525 1385 3569 et
1407 3517 1691 3581 adulterio,
1717 3519 1782 3570 de
1803 3514 1979 3571 omni-

412 3595 516 3648 que
545 3580 778 3652 libidine
825 3597 1146 3652 quocunque
1195 3585 1355 3640 modo
1383 3586 1634 3642 maculati
1665 3580 1871 3651 sumus,
1910 3587 1977 3641 de

411 3649 557 3725 omni
591 3649 901 3725 avaritiaet
920 3649 1352 3725 concupiscentia
1398 3655 1557 3721 mala,
1587 3656 1654 3712 de
1677 3657 1823 3711 omni
1853 3649 1976 3725 gula

410 3728 468 3774 et
490 3719 771 3796 ebrietate,
802 3722 868 3796 de
893 3721 1015 3796 odio
1043 3719 1348 3796 et'invidia,
1375 3725 1442 3780 de
1488 3719 1567 3796 ira
1593 3735 1648 3781 ct
1675 3727 1820 3781 omni
1848 3719 1976 3796 per-

412 3788 718 3867 turbationc
762 3791 948 3867 animi,
974 3792 1039 3846 de
1068 3794 1345 3867 mendacio
1370 3803 1441 3867 ‘et
1482 3794 1618 3852 falso
1647 3788 1974 3861 testimonio,

413 3860 477 3915 de
506 3859 860 3930 multiloqnio,
889 3863 1240 3930 detractione,
1294 3873 1348 3919 et
1370 3859 1443 3920 'de
1480 3869 1628 3922 omni
1656 3868 1830 3923 otioso
1857 3859 1976 3922 ser;

414 3940 782 4007 mone,_at_que
806 3930 1065 4007 periurio,
1086 3935 1153 4007 de
1174 3934 1367 4007 fraude
1389 3944 1443 3991 et
1466 3935 1609 3991 furto
1629 3937 1742 3993 sive
1765 3937 1973 4007 rapina,

412 4000 480 4077 de
510 4000 880 4077 nialcdictione
907 4002 1021 4077 sive
1066 4004 1372 4077 adulatione
1404 4007 1585 4077 iniqua
1609 4017 1769 4077 atque
1799 4000 1866 4061 de
1893 4000 1975 4062 in?-

412 4070 648 4133 djscrcto
674 4071 903 4133 silentio,
932 4073 974 4128 si
1006 4090 1268 4148 pauperes
1295 4070 1590 4148 clamantes
1628 4070 1975 4148 exasperavi-

413 4155 551 4216 inus,
576 4149 631 4194 et
651 4157 840 4216 eorum
875 4158 1061 4216 curam
1102 4145 1456 4216 negleximus,
1486 4149 1627 4216 quod
1654 4145 1895 4202 inﬁrmos
1923 4155 1980 4202 et

412 4210 466 4286 in
488 4210 716 4265 vinculis
736 4213 1056 4286 constitutos
1084 4210 1197 4269 non
1210 4210 1566 4283 visitavimus,
1596 4219 1736 4286 quod
1758 4218 1825 4271 ad
1854 4233 1978 4271 ora-

414 4280 610 4357 tionem
648 4290 889 4336 sanctam
909 4284 1183 4357 pigriores
1212 4294 1289 4357 Aet
1326 4280 1590 4357 tardiores
1616 4280 1788 4354 'quam
1819 4302 1977 4357 opor-

2086 416 2244 479 tione,
2272 416 2514 480 libidine,
2546 416 2795 479 tristitia,
2825 414 3041 481 ace'dia,
3072 414 3463 480 somnolentia,
3490 417 3663 481 negli-

2081 486 2281 555 gentia,
2322 485 2427 550 ira,
2472 486 2786 555 cupiditate,
2833 485 3057 549 invidia,
3101 484 3329 550 malitia,
3369 487 3522 551 odio,

2084 554 2366 627 tractione,
2390 554 2648 625 perjurio,
2678 554 2945 627 falsitate,
2957 555 3261 627 mendacio,
3290 570 3429 611 vana
3459 556 3662 627 gloria,

2080 623 2296 695 levitate
2325 662 2340 688 ,
2390 623 2483 695 'ac_
2516 625 2765 693 superbia
2818 626 3060 695 perditus
3109 640 3268 689 sum,
3324 634 3385 679 et
3433 623 3665 682 omnino

2080 693 2401 763 cogitatione
2419 734 2434 757 ,
2470 693 2738 749 locutione
2756 693 3013 763 ,actione
3032 735 3047 758 ,
3075 703 3234 763 atque
3258 695 3509 751 omnibus
3535 712 3665 750 sen-

2079 762 2228 817 sibus
2271 763 2553 834 exstinctis
2579 803 2594 828 ,
2644 765 2736 834 qui
2775 762 3043 832 justiticas
3089 762 3283 834 impios
3322 773 3377 819 et
3415 765 3665 822 viviﬁcas

2080 841 2341 897 mortuos,
2364 830 2601 899 justitica
2630 830 2737 898 me,
2762 830 2816 887 et
2841 835 3101 889 resuscita
3126 830 3234 896 nie,
3265 834 3492 888 Domine
3518 835 3665 890 Deus

2077 917 2255 1025 ﬁcus,
2304 903 2395 972 qui
2444 903 2580 958 vivis
2627 912 2682 959 et
2731 920 2925 975 regnas
2972 905 3028 958 in
3074 903 3268 959 saecula
3312 903 3664 959 sasculorum.

2131 986 2273 1025 men.

2131 986 2273 1026 men.

2378 1040 2560 1097 Oratio
2586 1060 2618 1101 a
2644 1042 2976 1097 cucharistiae
3003 1043 3352 1113 perceptione.

2146 1128 2372 1201 Domine
2407 1130 2536 1186 Iesu
2562 1131 2797 1197 Christe,
2826 1131 2925 1186 Fili
2954 1132 3050 1186 Dei
3074 1132 3219 1196 vivi,
3253 1133 3345 1201 qui
3374 1147 3444 1187 ex
3472 1133 3669 1188 volun-

2079 1208 2188 1282 tate
2212 1200 2414 1282 Patris,
2458 1201 3029 1282 cooperante-Spiritu
3071 1200 3397 1282 saneto’per
3425 1211 3663 1258 mortem

2079 1278 2224 1324 tuam
2253 1271 2510 1324 mundum
2534 1271 2840 1335 vivificasti,
2874 1271 3041 1326 libera
3067 1287 3154 1325 me
3178 1288 3276 1341 per
3300 1271 3408 1327 hoc
3441 1288 3663 1329 suanm

2077 1354 2274 1411 corpus
2301 1348 2356 1394 et
2381 1341 2694 1411 sanguinem
2725 1351 2877 1396 tuum
2903 1356 2933 1394 a
2959 1342 3167 1396 cunctis
3200 1342 3581 1411 iniquitatibus
3608 1354 3668 1397 et

2076 1405 2344 1465 universis
2374 1405 2549 1482 malis,
2579 1419 2635 1466 et
2661 1409 2748 1465 fac
2780 1425 2868 1464 me
2893 1411 2998 1482 tuis
3024 1411 3245 1482 obedire
3270 1405 3583 1482 praeceptis,
3607 1422 3669 1467 et

2077 1493 2108 1537 a
2137 1487 2186 1535 te
2211 1496 2484 1549 nunquam
2516 1481 2567 1534 in
2594 1489 2914 1550 perpetuum
2938 1480 3180 1550 digneris
3201 1480 3469 1552 separari.

2594 1588 2779 1644 Oratio
2810 1600 2929 1645 ante
2958 1588 3145 1646 altare.

2148 1678 2291 1733 Deus
2316 1678 2582 1749 prepitius
2609 1688 2727 1735 esto
2753 1680 2885 1734 mihi
2911 1680 3203 1750 peecateri,
3230 1680 3359 1750 quia
3393 1689 3451 1736 tu
3477 1696 3542 1736 es
3564 1682 3672 1739 in-

2081 1750 2325 1830 mortalis
2373 1758 2429 1804 et
2468 1750 2591 1830 sine
2626 1759 2882 1830 “peccato.
2912 1750 3017 1830 _'l‘u
3062 1750 3229 1830 solus,
3264 1750 3495 1830 Domine
3525 1752 3673 1809 Deus

2082 1835 2254 1882 meus,
2296 1829 2348 1872 tu
2378 1837 2437 1874 es
2468 1820 2803 1885 benedictus,
2835 1821 2925 1889 qui
2952 1820 3225 1875 benetlicis
3248 1822 3469 1883 omnia;
3512 1829 3571 1875 tu
3607 1836 3671 1878 es

2079 1898 2298 1969 sanctus
2325 1890 2415 1969 qui
2447 1890 2778 1969 sanctiﬁcas,
2821 1890 3043 1946 Domine
3073 1890 3214 1969 Deus
3243 1908 3412 1969 meus,
3443 1890 3673 1962 indulge

2081 1959 2211 2017 mihi
2254 1957 2471 2031 indigno
2508 1959 2708 2013 famulo
2747 1970 2837 2015 tuo
2866 1960 3171 2031 peccatori,
3227 1961 3354 2030 quia
3402 1957 3674 2031 peccator

2081 2043 2199 2096 sum
2240 2037 2296 2099 et
2332 2029 2607 2099 indignus,
2649 2030 2773 2098 quia
2816 2029 3083 2099 praesumo
3112 2029 3176 2082 al
3204 2029 3445 2084 sanctum
3484 2032 3673 2086 altare

2082 2108 2229 2152 tuum
2271 2098 2522 2153 invocare
2561 2109 2643 2164 te;
2691 2098 2829 2169 quia
2854 2101 3071 2169 peccavi
3098 2115 3281 2169 coram
3312 2108 3364 2153 te
3391 2109 3446 2154 et
3471 2115 3670 2154 coram

2082 2168 2287 2238 angelis
2323 2169 2455 2233 tuis;
2496 2170 2588 2224 sed
2622 2168 2797 2225 tribue
2836 2168 2966 2224 mihi
3011 2168 3395 2239 indulgentiam
3433 2170 3670 2225 delicto-

2080 2253 2199 2291 rum
2224 2253 2490 2303 meorum,
2512 2248 2566 2293 et
2584 2239 2842 2294 conﬁrma
2869 2255 2956 2295 me
2986 2240 3038 2293 in
3063 2248 3250 2294 saneta
3278 2239 3522 2294 Ecclesia
3552 2249 3672 2304 tua,

2082 2307 2137 2360 in
2167 2307 2270 2361 (ide
2298 2310 2741 2373 orthodoxorum,
2774 2319 2829 2364 et
2857 2309 2988 2365 doce
3016 2324 3102 2363 me
3128 2308 3307 2363 facere
3330 2310 3672 2364 voluntatem

2082 2385 2228 2451 tuam
2257 2379 2505 2451 omnibus
2530 2380 2723 2451 diebus
2748 2381 2872 2451 vitae
2901 2394 3053 2434 meat.
3088 2379 3190 2446 Qui
3218 2379 3355 2435 vivis
3381 2390 3438 2435 et
3464 2394 3675 2451 regnas

2083 2446 2138 2503 in
2165 2448 2359 2502 saecula
2385 2449 2723 2504 saeculorum.
2752 2448 2945 2504 Amen.

2331 2538 2516 2594 Oratio
2543 2540 2711 2594 sancti
2738 2541 2998 2595 Ambrosii
3027 2550 3149 2595 ante
3180 2541 3416 2595 missam.

2153 2629 2290 2686 Ante
2325 2642 2669 2703 conspectuin
2700 2632 2893 2687 divina:
2932 2631 3229 2702 maiestatis
3269 2642 3377 2688 tua:
3416 2648 3545 2688 reus
3580 2648 3676 2690 as-

2084 2700 2236 2775 sisto,
2277 2702 2368 2771 qui
2399 2700 2649 2775 invocare
2678 2717 2873 2775 nomen
2901 2700 3144 2775 sanetum
3172 2713 3321 2757 tuum
3352 2718 3673 2775 praesumo;

2084 2772 2343 2855 miserere
2379 2772 2546 2855 mihi,
2574 2772 2838 2855 Domine,
2877 2773 3081 2829 homini
3106 2772 3410 2855 peccatori;
3451 2775 3680 2855 ignosce

2085 2841 2305 2913 indigno
2324 2843 2586 2913 sacerdoti
2608 2858 2705 2912 per
2720 2842 2873 2912 cujus
2895 2859 3086 2898 manus
3106 2841 3217 2899 hmo
3236 2843 3436 2898 oblatio
3456 2841 3682 2898 videtur

2083 2910 2286 2966 offerri.
2333 2910 2501 2967 Parce
2525 2910 2870 2982 peccatorum
2899 2913 3021 2968 labe
3100 2930 3170 2968 rte
3205 2914 3419 2968 caeteris
3456 2913 3675 2984 capita-

2084 2979 2216 3035 lium
2244 2981 2471 3037 nolluto.
2495 2993 2551 3037 et
2573 2998 2680 3037 non
2710 2982 2878 3037 intres
2907 2984 2961 3037 in
2988 2931 3189 3037 iudicio
3214 2999 3336 3037 cum
3362 2998 3527 3037 servo
3552 2992 3675 3037 tuo.

2084 2979 2216 3035 lium
2244 2981 2471 3052 polluto,
2495 2979 2680 3037 etnon
2710 2982 2878 3038 intres
2907 2984 2961 3038 in
2983 2979 3189 3052 judicio
3214 2999 3336 3039 cum
3362 2979 3676 3046 servo'tuo,

2085 3052 2212 3120 quia
2254 3067 2375 3125 non
2392 3052 2782 3125 justiticabitur
2821 3055 2875 3125 in
2916 3063 3206 3125 conspectu
3246 3061 3337 3125 tuo
3378 3054 3559 3107 omnis
3594 3055 3680 3125 vi-

2082 3137 2232 3194 vens,
2262 3122 2640 3194 scilicetgvitiis
2671 3138 2735 3178 ac
2763 3122 3127 3194 voluptatibus
3153 3124 3341 3194 carnis
3360 3124 3675 3194 aggravati.

2082 3138 2232 3186 vens,
2262 3138 2470 3178 scilicet
2494 3138 2640 3177 vrtus
2671 3138 2735 3178 ac
2763 3138 2882 3178 votn
2927 3138 3127 3180 talibus
3153 3138 3331 3179 carnis
3360 3138 3675 3194 aggravau.

2078 3189 2385 3247 Recordare
2406 3234 2420 3257 ,
2460 3192 2716 3262 Domine,
2760 3138 2921 3262 quod)
2936 3209 3066 3247 caro
3094 3209 3300 3258 sumus,
3330 3192 3385 3247 in
3419 3202 3512 3247 tuo
3543 3209 3680 3248 con-

2078 3270 2265 3334 spectu
2293 3264 2459 3316 etiam
2482 3261 2611 3334 caeli
2628 3278 2736 3316 non
2760 3261 2884 3317 sunt
2909 3264 3118 3334 mundi,
3140 3273 3342 3334 quanto
3367 3265 3546 3333 magis
3573 3279 3675 3318 nos

2079 3331 2325 3404 homines
2351 3332 2579 3404 terreni,
2601 3332 2861 3404 immundi
2891 3333 3030 3387 sicut
3055 3331 3267 3404 pannus
3291 3331 3671 3404 menstruam.

2075 3399 2280 3472 lndigni
2311 3418 2517 3472 sumus,
2553 3401 2677 3457 Jesu
2708 3402 2944 3467 Christe,
2982 3399 3241 3458 ut'simus
3266 3404 3528 3466 viventes,
3562 3402 3670 3457 sed

2077 3479 2133 3543 tu
2160 3471 2250 3539 qui
2280 3487 2385 3526 non
2413 3471 2494 3526 vis
2533 3480 2763 3527 mortem
2794 3473 3094 3543 peccatoris
3112 3515 3126 3535 ,
3169 3473 3234 3527 da
3267 3473 3420 3543 nobis
3444 3474 3674 3527 veniam

2077 3540 2132 3594 in
2161 3546 2323 3595 carne
2356 3543 2692 3613 constitutis,
2736 3540 2811 3595 ut’
2829 3558 2926 3613 per
2953 3542 3289 3613 poenitentia:
3315 3542 3530 3613 labores
3557 3542 3670 3613 vita

2076 3617 2277 3683 aeterna
2304 3611 2648 3683 perfruamur
2678 3613 2729 3666 in
2747 3611 2899 3667 caelis
2927 3611 3023 3683 per
3042 3623 3113 3678 te,
3147 3612 3276 3667 Jcsu
3304 3612 3546 3677 Christe,
3578 3612 3669 3683 qui

2077 3694 2201 3733 cum
2222 3680 2384 3753 Patre
2409 3690 2464 3735 et
2492 3682 2697 3752 Spiritu
2720 3692 2907 3738 sancto
2930 3680 3066 3738 vivis
3091 3692 3146 3738 et
3168 3699 3364 3753 regnas
3390 3682 3446 3737 in
3469 3680 3674 3738 saecula

2078 3750 2415 3805 saeculorum.
2448 3750 2639 3807 Anien.

2562 3841 2700 3896 Item
2726 3845 2895 3897 oratio
2924 3843 3180 3914 ejusdem.

2144 3930 2398 4013 Ignosce,
2447 3932 2707 4014 Domine_,
2735 3933 2903 4014 ‘quod
2950 3933 3078 3988 dum
3126 3946 3319 4002 rogare
3345 3928 3673 4014 compellor,

2077 3999 2204 4054 dum
2242 4017 2338 4071 per
2367 4002 2642 4055 immunda
2680 3999 2823 4056 labia
2859 4017 2976 4056 mea
3006 3999 3490 4056 nomen'sanetuni
3514 4011 3673 4057 tuum

2077 4085 2329 4134 assumo,
2369 4079 2425 4125 et
2463 4071 2862 4125 immundorum
2890 4080 3109 4126 actuum
3136 4080 3347 4127 secreta
3380 4072 3677 4137 conﬁteor,

2078 4155 2185 4194 non
2224 4140 2398 4195 habeo
2437 4141 2577 4211 apud
2628 4148 2687 4211 te
2723 4142 2888 4196 verba
2936 4141 3055 4197 sine
3091 4141 3339 4196 crimine.
3394 4141 3477 4195 Tu
3521 4143 3675 4197 enim

2078 4211 2420 4265 conscienti-.13
2448 4210 2581 4265 mete
2604 4210 2826 4265 vulnera
2846 4252 2859 4274 ,
2906 4221 2964 4264 tu
3007 4211 3377 4280 cognitionum
3419 4226 3672 4266 meatum

2078 4280 2286 4352 occulta
2316 4281 2488 4352 nosti,
2502 4288 2563 4352 et
2581 4280 2948 4352 immunditias
2970 4296 3119 4335 meas
3141 4289 3197 4334 tu
3219 4281 3367 4352 solus
3388 4284 3667 4352 agnoscis.

413 4350 515 4427 tuit
538 4348 753 4427 fuimus,
779 4348 1010 4427 quod'ad
1030 4354 1313 4410 ecclesiam
1329 4356 1534 4427 tardius
1550 4348 1815 4421 ven-imus,
1833 4348 1977 4427 quod
2009 4419 2047 4427 Δ
2082 4348 2334 4427 Misere"?
2363 4351 2514 4412 mihi,
2547 4350 2789 4427 Ροέῐὶίηθν
2831 4351 3052 4427 ί8η9⁸οεῖ
3078 4351 3319 4427 πιῗξέθτίί
3345 4348 3673 4427 ιιιίῖωςτειθ

412 4420 533 4493 aliis
555 4418 923 4493 jejunantibus
962 4440 1059 4479 nos
1089 4435 1326 4479 nostram
1351 4425 1528 4493 gulam
1568 4443 1672 4480 non
1706 4418 1976 4483 constrin-
2009 4419 2059 4479 D
2086 4418 2359 4484 traclanli.
2408 4434 2508 4493 ηςιρ
2551 4419 2827 4489 indignum
2855 4418 3256 4493 misericordia:
3283 4429 3391 4475 tute
3428 4419 3672 4493 jndiees,

418 4490 613 4567 ximus.
674 4491 747 4567 De
776 4508 962 4567 somno
1017 4503 1178 4567 atque
1221 4490 1426 4567 accdia,
1464 4497 1529 4567 de
1575 4499 1720 4551 omni
1765 4507 1980 4567 torpore

413 4567 469 4613 ct
492 4561 630 4637 otio_,_
657 4562 861 4637 siveﬂde
887 4563 1001 4617 zelo
1034 4561 1246 4637 iniquo,
1287 4565 1352 4619 dc
1380 4566 1627 4637 omnibus
1654 4568 1811 4621 simul
1835 4561 1980 4623 vitiis

410 4639 467 4683 ct
494 4631 831 4705 negligentiis
881 4635 1101 4701 nostris,
1127 4631 1245 4691 sive
1276 4637 1326 4690 in
1373 4635 1632 4705 cogitatu,
1662 4638 1775 4691 sive
1817 4637 1871 4691 in
1902 4638 1979 4692 lo.

414 4701 596 4776 quela,
629 4704 743 4776 sive
783 4703 835 4757 in
866 4720 1028 4773 opere
1052 4706 1214 4768 malo,
1241 4701 1559 4776 quocunque
1586 4708 1746 4761 modo
1782 4723 1974 4776 pecca-

414 4771 615 4845 vimus,
661 4771 915 4845 scienter,
942 4785 1034 4829 aut
1065 4771 1390 4845 ignei-auter,
1438 4771 1737 4831 voluntarie
1766 4771 1846 4831 vel
1890 4778 1976 4831 in-

416 4841 533 4919 viti,
585 4843 915 4919 dortnientlo
957 4841 1411 4919 sive'vigilando,
1458 4848 1975 4919 tuclementissime

413 4909 598 4987 lfatcr,
633 4914 715 4987 _dc
752 4914 1001 4987 omnibus
1044 4909 1281 4984 peccatis
1305 4925 1358 4972 et
1401 4909 1741 4987 'negligentiis
1776 4918 1977 4973 nostris

413 4980 481 5034 de
502 4982 754 5049 omnique
777 4985 983 5039 incuria
1007 4980 1210 5051 nostra,
1235 5004 1418 5042 veram
1443 4980 1501 5042 et
1524 4980 1853 5043 frttctuosam
1879 5004 1978 5044 nos

415 5052 785 5120 paenitentiam
851 5056 1026 5110 tribue
1079 5066 1205 5111 ante
1257 5058 1398 5111 diem
1451 5058 1630 5112 exitus
1681 5059 1872 5122 nostri,
1926 5066 1982 5112 et

415 5123 844 5196 emendationem
886 5127 1205 5195 condignam
1246 5136 1408 5196 atque
1440 5129 1798 5183 necessariam
1826 5129 1983 5184 bonis

416 5193 673 5262 operibus
714 5210 991 5259 exercere,
1024 5193 1083 5250 ut
1117 5213 1214 5266 per
1254 5193 1446 5252 merita
1476 5207 1530 5252 et
1566 5199 1985 5255 intercessiones

415 5271 731 5338 sanctorum
771 5275 825 5320 et
858 5266 1098 5321 omnium
1144 5267 1500 5338 perlectomm
1552 5277 1766 5323 tuorum
1800 5284 1981 5323 veram

417 5332 824 5419 indulgentiam.
844 5332 1158 5418 mercamur
1195 5346 1247 5393 te
1276 5339 1536 5419 largiente
1563 5338 1798 5419 Domino
1822 5350 1984 5409 atque

416 5405 829 5524 insiliantcﬂui
857 5406 994 5462 vivis
1019 5418 1073 5463 et
1102 5424 1294 5479 regnas
1340 5405 1393 5464 in
1416 5409 1611 5465 saecula
1640 5405 1981 5467 saeculorum.

466 5490 605 5524 men.

466 5490 605 5529 IIICI).

522 5563 793 5633 Confessio
828 5567 964 5623 inter
994 5571 1273 5624 missarum
1306 5571 1557 5625 solemnia
1591 5571 1875 5625 recitando.

488 5652 710 5722 Suscipe
759 5655 1150 5715 confessionem
1203 5676 1397 5728 meam,
1432 5661 1586 5717 unica
1631 5677 1752 5732 spes
1802 5660 1988 5718 salutis

2086 4504 2245 4560 quem
2271 4489 2518 4560 proraliis
2544 4505 2735 4559 rogare
2760 4490 3049 4559 permittis,
3092 4497 3151 4560 et
3194 4490 3247 4544 in
3275 4492 3669 4560 quoitestimo-

2086 4557 2233 4615 nium
2266 4557 2390 4612 boni
2416 4560 2595 4629 operis
2616 4557 2727 4613 non
2757 4557 3035 4629 agnoscis,
3065 4557 3307 4629 ofﬁcium
3331 4559 3527 4615 saltem
3556 4560 3671 4615 dis-

2083 4628 2412 4698 pensationis
2453 4628 2674 4683 creditae
2720 4628 2825 4682 non
2870 4644 3106 4691 recuses,
3153 4628 3406 4683 Salvator
3445 4631 3673 4693 mundi,

2083 4699 2173 4767 qui
2204 4714 2325 4771 cum
2355 4699 2516 4771 Patre
2558 4707 2613 4752 et
2654 4698 2859 4771 Spiritu
2882 4708 3078 4771 sancto
3106 4699 3243 4754 vivis
3266 4707 3325 4754 et
3352 4714 3554 4771 regnas
3574 4714 3675 4770 per

2081 4768 2263 4825 utnnia
2288 4767 2484 4824 saecula
2509 4767 2849 4823 saeculOrum.
2879 4768 3072 4824 Amen.

2387 4877 2465 4930 Ad
2495 4877 2758 4931 orationes
2787 4876 3035 4949 speciales
3069 4877 3359 4947 faciendas.

2153 4962 2428 5030 Miserere,
2459 4965 2713 5029 Domine;
2754 4965 3036 5030 miserere,
3064 4965 3310 5032 Christe;
3353 4977 3411 5022 tu
3452 4968 3676 5023 miseri-

2082 5034 2266 5089 cordia
2295 5048 2439 5097 mea,
2470 5036 2730 5089 miserere
2759 5035 2911 5089 mihi.
2965 5035 3240 5100 Miserere,
3272 5038 3539 5103 Domine;
3571 5039 3673 5094 mi—

2085 5119 2289 5168 serere,
2315 5104 2549 5166 Christe,
2581 5113 2636 5158 et
2660 5105 2877 5159 credam
2906 5105 2958 5159 in
2990 5113 3060 5160 te.
3101 5105 3378 5172 Miserere,
3406 5108 3670 5168 Domine;

2086 5174 2376 5238 miserere,
2402 5174 2737 5243 Christe,iut
2769 5189 3092 5243 cognoscam
3126 5184 3196 5230 te.
3249 5176 3536 5237 Miserere,
3565 5179 3671 5232 Do-

2088 5244 2269 5316 mine;
2323 5246 2612 5316 miserere,
2641 5242 2884 5316 Christe,
2923 5253 2985 5300 ut
3011 5244 3232 5316 diligam
3262 5256 3333 5300 te.
3386 5246 3671 5310 Miserere,

2089 5314 2341 5379 Domine;
2374 5315 2652 5377 miserere,
2673 5311 2906 5376 Christe,
2930 5321 2989 5367 ut
3007 5311 3187 5369 anima
3208 5331 3330 5371 mea
3349 5316 3499 5371 vivat
3519 5317 3576 5371 in
3597 5325 3671 5371 te.

2089 5382 2365 5446 Miserere,
2395 5383 2650 5447 Domine;
2702 5384 2982 5447 miserere,
3011 5382 3247 5450 Christe,
3286 5394 3346 5440 ut
3378 5400 3509 5441 caro
3547 5400 3670 5441 mea

2088 5453 2321 5508 exsultet
2346 5454 2399 5508 in
2424 5461 2492 5508 te.
2532 5453 2809 5516 Miserere,
2835 5454 3089 5523 Domine;
3122 5455 3408 5521 miserere,
3429 5453 3671 5523 Christe.

2090 5531 2151 5576 ut
2187 5523 2295 5577 vita
2342 5538 2461 5593 mea
2498 5523 2812 5593 perﬁciatur
2858 5522 2912 5577 in
2960 5532 3032 5578 te.
3089 5523 3367 5590 Miserere,
3399 5522 3672 5589 Domine;

2092 5593 2370 5655 miserere,
2420 5591 2652 5655 Christe,
2703 5591 2970 5657 Salvator,
3021 5593 3165 5648 salus
3210 5609 3355 5658 mea,
3405 5594 3671 5649 fortitudo

2093 5678 2232 5719 mea.
2274 5662 2548 5731 Miserere,
2581 5663 2812 5735 Spiritus
2838 5662 3165 5734 paradetus,
3192 5664 3497 5724 consolatio
3525 5680 3674 5732 mea,
