3946 6186
298 376 439 435 M09

1276 369 1618 428 APPENDIX
1653 370 1740 427 IV.
1781 403 1851 413 —
1883 372 2219 430 LlBELLUS
2252 373 2548 432 PRECUM.

3395 382 3535 442 1410

294 484 619 564 illuminatio
643 498 782 564 mea.
823 484 1098 564 Miserere,
1123 484 1351 564 Domine
1368 484 1533 564 Deus,
1555 482 1794 538 Trinitas
1819 490 1873 538 et
1900 487 1948 546 Α
1975 486 2234 564 Τιςίῐιίιριε2
2286 485 2404 543 Una
2442 487 2607 564 igitur
2630 486 2820 564 Pater,
2842 488 3033 564 λόγος-2-
3049 487 3384 558 Paracletus,
3420 509 3543 564 quae

299 558 511 616 Unitas.
546 557 623 612 Te
650 557 829 622 laudo,
859 564 911 611 te
939 555 1127 619 adoro,
1169 563 1222 608 te
1257 553 1539 616 conﬁteor,
1579 568 1685 623 pax
1716 567 1864 616 mea,

447 640 589 693 mea,
611 624 1228 698 luxmea,ipulch_ritudo
1249 638 1387 698 mea,
1411 623 1688 698 beatitudo
1712 637 1830 675 mea
1851 639 1864 674 :

297 642 427 755 ales
447 642 589 693 mea,
612 642 702 681 tux
721 642 863 691 mea,
884 642 1228 698 putcnrttuuo
1249 642 1387 687 mea,
1412 642 1688 678 Deatltuuo
1712 642 1830 675 tuen
1851 642 1864 674 :

347 698 403 755 bi
433 697 582 762 laus,
629 697 726 751 tibi
753 696 948 764 gloria,
994 694 1092 748 tibi
1133 694 1428 764 gratiarum
1459 693 1629 764 actio,
1655 706 1870 764 semper

299 768 503 839 ubique
537 767 594 822 in
630 762 825 839 saecula
860 762 1204 839 sempiterna.
1260 762 1517 839 Miserere
1539 803 1555 828 ,
1602 762 1865 839 Domine;

299 832 584 901 miserere,
620 835 852 897 Christe,
903 832 1371 889 tu'miserioordia
1409 848 1566 887 mea:
1611 832 1870 886 miserere

300 908 469 974 mihi;
500 909 776 971 miserere,
794 904 1046 968 Domine;
1073 903 1351 974 miserere,
1378 901 1617 974 Christe,
1647 909 1709 974 ut
1734 901 1873 954 bene

302 971 491 1050 regem
518 986 589 1033 te.
640 976 910 1050 Miserere,
938 974 1202 1050 Domine;
1240 973 1517 1050 miserege,
1547 971 1784 1050 Christe,
1812 983 1872 1024 u'

302 1041 634 1120 dignumminus
644 1045 820 1104 facias
837 1044 1104 1120 exaudiri.
1137 1042 1413 1120 Miserere,
1432 1042 1684 1120 Domine;
1711 1041 1872 1120 mise-

303 1109 450 1184 rere,
484 1117 724 1179 Christe,
764 1124 828 1170 ut
854 1113 1111 1169 exaudias
1138 1127 1245 1167 me.
1298 1112 1573 1184 Miserere,
1604 1109 1866 1184 Domine;

304 1181 583 1252 miserere,
619 1185 852 1251 Christe,
879 1192 1210 1256 utisanctam
1236 1182 1577 1256 vnluntateni
1584 1191 1745 1256 tuam
1770 1181 1869 1233 do—

304 1273 432 1314 ceas
458 1250 576 1311 me.
616 1256 894 1320 Miserere,
934 1250 1189 1317 Domine;
1234 1252 1511 1316 miserere,
1538 1250 1773 1320 Christe,
1814 1256 1875 1302 ut

304 1327 362 1382 in
391 1327 660 1382 charitate
699 1334 789 1380 tua
826 1319 1068 1379 enutrias
1104 1337 1209 1376 me.
1264 1320 1518 1376 Miserere
1543 1360 1558 1383 ,
1607 1319 1868 1383 Domine;

306 1397 585 1461 miserere,
600 1395 836 1459 Christe,
852 1401 914 1448 ut
927 1392 1136 1462 Spiritu
1156 1399 1344 1462 sancto
1363 1399 1456 1462 tuo
1478 1389 1744 1444 illumines
1764 1402 1870 1462 me.

306 1457 586 1530 Miserere,
631 1457 885 1529 Domine;
939 1457 1217 1526 miserere,
1265 1459 1500 1525 Christe,
1539 1467 1610 1530 at
1642 1457 1872 1530 credam

307 1535 363 1590 in
412 1545 486 1590 te.
545 1528 829 1597 Miserere,
882 1533 1133 1596 Domine;
1190 1530 1481 1593 miserere,
1525 1528 1770 1590 Christe,
1816 1534 1877 1579 ut

307 1619 630 1677 cognoscam
653 1612 727 1659 te.
746 1603 1032 1677 Miserere,
1048 1601 1307 1677 Domine;
1338 1599 1617 1677 miserere,
1638 1596 1874 1677 Christe,

306 1665 607 1745 utvdiligam
634 1682 708 1745 te.
746 1673 1019 1745 Miserere,
1048 1672 1304 1745 Domine;
1338 1670 1616 1745 miserere,
1637 1665 1872 1745 Christe,

307 1751 369 1798 ut
394 1736 604 1814 spei'em
628 1744 684 1797 in
710 1750 782 1798 te.
828 1742 1097 1803 Miserere,
1125 1740 1379 1814 Domine;
1418 1738 1693 1814 miserere,
1721 1736 1878 1814 Chri-

302 1807 509 1869 stefut
535 1830 566 1868 a
592 1823 765 1867 morte
791 1818 1049 1869 perpetua
1068 1811 1273 1869 eripias
1300 1822 1402 1863 me.
1455 1807 1731 1869 Miserere,
1764 1807 1873 1860 Do-

395 1855 411 1879 .
444 1824 509 1868 ut
535 1830 566 1868 a
592 1823 765 1867 morte
791 1818 1049 1892 perpetua
1068 1818 1273 1880 eripias
1300 1822 1402 1863 me.
1455 1818 1731 1890 Miserere,
1765 1818 1873 1889 Do-
1908 1824 1951 1885 Β
1978 1818 2122 1867 salva
2153 1829 2274 1876 nos,
2299 1818 2534 1882 justilica
2563 1828 2681 1877 nos,
2713 1829 2746 1868 o
2773 1818 2928 1869 beata
2956 1818 3216 1869 Trinitas.
3271 1818 3550 1880 Miserere,

395 1899 486 1950 ne;
537 1883 817 1948 miserere,
847 1881 1081 1952 Christe,
1128 1887 1216 1952 ut“
1236 1880 1303 1934 de
1342 1879 1876 1952 omnibusyeccalls
1948 1910 1953 1917 -
1979 1884 2223 1948 Domine,
2243 1883 2370 1952 quia
2398 1883 2767 1938 misericordia
2797 1891 2887 1937 tua
2917 1884 3165 1939 liberavit
3192 1899 3312 1948 nos,
3335 1901 3367 1938 ο
3392 1884 3550 1939 beata

307 1876 486 1950 mine;
537 1876 817 1948 miserere",
847 1876 1081 1944 Christe,
1128 1876 1193 1950 n't
1236 1880 1303 1934 de
1342 1877 1609 1950 omnibus
1622 1876 1876 1950 peccatis

302 1954 444 2008 meis
473 1948 671 2007 veram
716 1951 1089 2022 pmniteiitiam
1134 1948 1536 2022 tribuas_m_ihi.
1591 1948 1875 2022 Miserere,

309 2023 564 2089 Domine;
597 2016 875 2087 miserere,
888 2020 1129 2084 Christe,
1155 2028 1215 2089 ut
1234 2018 1619 2089 remissionem
1638 2016 1877 2089 omnium

307 2085 665 2165 peccatorum
699 2085 907 2147 tribuas
927 2089 1129 2165 _mihi._
1161 2088 1435 2165 Miserere,
1469 2086 1726 2165 Domine;
1772 2085 1876 2138 mi-

307 2156 514 2229 serere,
542 2161 775 2227 Christe,
804 2169 867 2215 ut
891 2162 959 2216 ab
985 2158 1132 2213 omni
1162 2157 1511 2229 tribulatione
1537 2156 1740 2229 eripias
1770 2167 1875 2229 me:

308 2223 585 2298 Miserere,
618 2223 871 2296 Domine;
926 2229 1209 2298 miserere,
1236 2227 1480 2298 Christe,
1525 2232 1585 2278 ut
1600 2223 1694 2298 ab
1730 2223 1879 2278 omni

298 2293 648 2379 immunditia
676 2293 867 2379 cordis
882 2308 938 2355 et
952 2297 1207 2379 corporis
1231 2296 1429 2379 liberes
1455 2309 1560 2379 me.
1600 2293 1877 2379 Miserere,

308 2373 564 2439 Domine;
618 2372 899 2435 miserere,
947 2362 1193 2433 Christe,
1242 2375 1305 2439 ut
1352 2365 1594 2439 fomitem
1641 2362 1880 2439 iibidinis

306 2435 622 2514 exstinguas
667 2443 720 2514 ia
758 2436 1534 2514 _me.__‘Miserere,___Domine;
1583 2435 1878 2514 miserere,

306 2504 544 2577 Christe,
573 2520 636 2567 ut
660 2512 728 2566 ab
756 2509 965 2566 insidiis
992 2507 1192 2563 diaboli
1220 2507 1553 2577 liberesme.
1598 2504 1878 2577 Miserere,

311 2572 564 2648 Domine;
620 2582 905 2646 miserere,
948 2578 1183 2648 Christe,
1231 2585 1292 2631 u‘t
1314 2577 1388 2631 ab
1423 2574 1700 2648 immunda
1728 2572 1878 2644 cogi-

308 2652 512 2708 tatione
552 2645 752 2705 liberes
790 2663 899 2704 me.
953 2647 1243 2713 Miserere,
1286 2647 1549 2708 Domine;
1598 2645 1879 2710 miserere,

304 2720 542 2785 Christe,
570 2729 633 2775 ut
656 2720 725 2775 ab
748 2719 895 2775 omni
924 2718 1067 2773 malo
1089 2717 1285 2773 liberes
1308 2730 1414 2771 me.
1467 2716 1740 2779 Miserere,
1771 2715 1880 2768 Do-

306 2791 487 2856 mine;
532 2791 811 2855 miserere,
839 2788 1072 2850 Christe,
1100 2798 1162 2842 ut
1187 2788 1367 2841 anima
1397 2800 1515 2840 mea
1542 2785 1691 2838 vivat
1722 2785 1777 2837 in
1804 2792 1878 2838 te.

308 2860 587 2923 Miserere,
619 2860 872 2924 Domine;
924 2858 1206 2920 miserere,
1232 2857 1469 2919 Christe,
1516 2862 1578 2908 ut
1601 2868 1733 2924 caro
1763 2868 1880 2907 mea

306 2931 543 2986 exsultet
566 2931 625 2984 in
648 2937 723 2984 te.
753 2928 1028 2993 Miserere,
1052 2928 1308 2990 Domine;
1339 2926 1620 2990 miserere,
1643 2923 1879 2988 Christe,

310 3010 372 3055 ut
407 3001 517 3055 vita
560 3014 679 3054 mea
719 2998 1032 3068 perﬁciatur
1073 2997 1137 3068 in
1164 3005 1235 3051 te.
1290 2996 1576 3068 Miserere,
1618 2994 1879 3068 Domine,

310 3071 468 3141 Deus,
491 3071 673 3133 Pater,
695 3063 863 3141 gloria
888 3082 1031 3132 mea,
1055 3067 1235 3141 anima
1258 3080 1395 3141 mea.
1428 3065 1699 3141 Miserere,
1725 3063 1883 3117 Chri-

309 3149 412 3205 ste,
444 3133 724 3205 Salvator:
745 3139 890 3194 salus
915 3153 1066 3201 mea,
1109 3136 1367 3192 fortitudo
1406 3150 1548 3189 mea.
1601 3133 1877 3199 Miserere,

568 3182 893 3282 Hither;
920 3182 1218 3263 eonsblatio
1235 3223 1374 3270 mea,
1399 3205 1718 3261 illuminatio
1738 3182 1878 3258 mea:
1909 3182 1952 3245 Ο

366 3282 587 3334 iserere.
639 3282 894 3334 Domine.
946 3281 1117 3334 Deus.
1157 3278 1394 3332 Trinitas
1440 3284 1497 3331 et
1546 3275 1756 3331 Uuitas.
1812 3274 1889 3330 Te

366 3299 382 3335 ι

386 3274 587 3347 serere;
639 3274 894 3345 Domine,
946 3281 1117 3343 Deus,
1157 3278 1394 3332 Trinitas
1440 3284 1497 3331 et
1546 3275 1756 3331 Uuitas.
1812 3274 1889 3330 Te

310 3350 492 3416 laudo,
542 3360 595 3406 te
620 3351 811 3416 adoro,
857 3359 912 3405 te
938 3349 1220 3413 conﬁteor,
1266 3362 1373 3417 pax
1394 3360 1541 3409 mea,
1572 3360 1713 3417 spes
1741 3360 1882 3409 mea,

308 3421 427 3476 laus
455 3415 593 3485 mea,
620 3421 709 3475 lux
738 3415 878 3484 mea,
903 3419 1247 3489 pulchritudo
1269 3415 1415 3489 inea,
1440 3415 1718 3489 beatitudo
1743 3430 1885 3468 mea.

310 3489 432 3561 Tibi
459 3492 598 3556 laus,
627 3492 725 3546 tibi
768 3486 963 3561 gloria,
1008 3488 1125 3561 tibi
1152 3488 1449 3559 gratiarum
1476 3486 1636 3547 actio,
1670 3499 1887 3555 semper

311 3560 511 3631 ubique
535 3561 590 3614 in
615 3558 941 3630 sempiterna
967 3558 1162 3614 saecula

689 3668 767 3725 Ad
797 3670 1009 3723 laudem
1033 3667 1131 3722 Dei
1159 3668 1326 3721 oratio
1354 3684 1509 3736 pura.

318 3808 325 3813 .
384 3763 615 3827 Adesto,
663 3762 843 3816 lumen
870 3775 1092 3824 verum,
1133 3759 1312 3822 Pater,
1352 3760 1695 3828 omnipotens
1725 3761 1883 3814 Deus.

311 3833 537 3899 Adesto,
585 3834 762 3887 lumen
810 3832 878 3887 de
927 3830 1150 3894 lumine,
1195 3828 1435 3899 Verbum
1476 3838 1533 3899 et
1572 3828 1742 3899 Filius
1770 3830 1883 3892 Dei,

312 3906 457 3960 Deus
481 3895 842 3973 omnipotens.
881 3900 1317 3973 Adesto,_sancte
1342 3895 1600 3973 Spiritus,
1631 3898 1808 3973 ljatris
1832 3907 1886 3973 et

311 3973 435 4031 Filii
463 3968 784 4037 concordia,
812 3972 956 4027 Deus
977 3970 1338 4037 omnipotens.
1385 3968 1610 4033 Adesto,
1637 3968 1781 4023 Deus
1806 3969 1889 4021 vi-

313 4060 437 4108 vus,
456 4044 821 4125 omnipotens,
839 4042 1000 4097 Pater
1024 4050 1082 4096 et
1103 4037 1273 4122 ii‘ilins
1299 4047 1355 4094 et
1382 4037 1617 4122 Spiritus
1642 4046 1882 4093 sanctus.

314 4115 459 4170 Doce
485 4115 666 4177 tidem,
704 4122 883 4169 excita
906 4127 1079 4182 spem,
1108 4109 1331 4165 infunde
1357 4111 1701 4182 charttatem.
1735 4107 1885 4182 velle

595 4130 666 4177 ω,
704 4125 883 4169 excita
906 4127 1079 4177 $98!“,
1108 4125 1331 4165 tntunae
1357 4125 1701 4164 cnarttatem.

317 4185 450 4239 mihi
480 4183 720 4252 adiacet,
748 4183 843 4238 sed
867 4180 971 4237 hoc
995 4196 1108 4252 non
1127 4196 1159 4234 a
1186 4194 1300 4245 me,
1328 4180 1425 4235 sed
1455 4195 1487 4232 a
1519 4187 1593 4252 te,
1620 4180 1883 4252 mundum

315 4263 372 4309 et
400 4249 575 4309 terras
602 4255 861 4324 linquere,
909 4259 966 4306 et
1006 4251 1207 4324 emittm
1244 4259 1453 4324 peterg,
1478 4251 1576 4324 sed
1614 4249 1882 4324 imbecilla

316 4324 497 4394 pluma
525 4332 611 4380 est
637 4320 774 4380 velle
819 4322 935 4394 sine
960 4320 1206 4394 subsidio
1235 4328 1346 4394 tuo.
1398 4320 1473 4394 Da
1503 4320 1625 4374 ﬁdei
1652 4333 1880 4389 pennas,

318 4389 378 4449 iit
408 4393 579 4450 volem
605 4408 825 4449 sursum
847 4392 917 4448 ad
940 4399 1014 4446 te.
1073 4390 1227 4445 Nunc
1259 4390 1417 4445 tidem
1455 4389 1511 4443 in
1551 4397 1626 4454 te,
1666 4405 1765 4459 per
1804 4398 1878 4455 te,

315 4464 382 4519 de
408 4474 483 4521 te.
526 4462 799 4519 Conﬁteor
825 4469 877 4517 te
902 4475 1068 4515 unum
1104 4460 1163 4513 in
1197 4460 1530 4525 substantia,
1563 4459 1879 4515 Trinitatem

1971 556 2270 614 substantia
2299 566 2401 629 est,
2434 556 2648 629 o'beata
2673 556 2932 629 Trinitas.
2991 560 3106 616 Una
3142 556 3399 629 essentia,
3428 556 3539 620 una

1970 629 2168 706 virtus,
2192 641 2299 680 una
2325 627 2562 706 bonitas,
2608 641 2641 681 ο
2680 628 2840 684 beata
2879 630 3134 706 Trinitas.
3186 631 3328 687 Deus
3368 627 3542 689 beati-

1971 697 2119 760 tudo,
2155 697 2355 770 in_quo,
2387 705 2443 750 et
2469 712 2498 750 a
2521 712 2649 766 quo,
2680 706 2735 770 et
2758 714 2855 768 per
2879 716 3038 770 quem
3064 699 3219 770 beata
3246 710 3372 756 sunt
3398 718 3546 770 quai-

1970 780 2182 835 cunque
2216 766 2371 820 beata
2402 775 2529 821 sunt
2565 766 2784 830 omnia]
2835 784 2869 824 o
2896 766 3061 824 'beata
3093 769 3349 826 Trinitas.
3401 766 3546 829 Deus

1971 850 2098 918 vera
2126 843 2181 918 et
2207 850 2416 889 summa
2444 836 2575 900 vita,
2609 837 2660 890 in
2691 854 2819 907 quo,
2851 848 2909 894 et
2948 855 2978 894 a
3004 855 3130 918 quo,
3162 848 3218 894 et
3246 857 3342 911 per
3381 858 3544 918 quem

1969 910 2511 979 vivunt_qumcunqite
2544 920 2670 979 vere
2697 924 3012 978 summeque
3042 910 3224 963 vivunt
3252 910 3464 979 Omnia,
3509 927 3545 967 o

1969 976 2129 1031 beata
2150 974 2407 1029 Trinitas.
2432 974 2579 1049 Deus
2604 977 2803 1031 bonum
2832 988 2886 1032 et
2913 974 3213 1048 pulchrum,
3250 982 3304 1034 in
3335 974 3465 1049 quo,
3487 990 3546 1037 et

1972 1060 2003 1120 ξι
2033 1059 2157 1114 quo,
2179 1052 2236 1098 et
2258 1060 2359 1120 per
2374 1059 2531 1113 quem
2559 1046 2701 1100 bona
2727 1056 2782 1120 et
2805 1046 3028 1120 pulchra
3058 1058 3182 1120 sunt
3207 1046 3545 1120 quaecunque

1970 1113 2111 1169 bona
2140 1123 2192 1169 et
2220 1113 2444 1181 pulchra
2477 1123 2600 1169 sunt
2628 1113 2831 1181 omnia,
2861 1134 2893 1172 o
2918 1118 3071 1173 beata
3102 1113 3359 1174 Trinitas.
3402 1113 3549 1177 Deus

1973 1185 2057 1266 cui
2084 1199 2202 1266 nos_
2215 1184 2345 1266 fides
2372 1185 2602 1266 excitat,
2633 1201 2754 1266 spes
2782 1188 2973 1258 erigit,
3010 1190 3250 1266 pliaritas
3271 1188 3479 1266 jungit,
3513 1205 3549 1245 o

1972 1255 2130 1337 beata
2162 1254 2419 1337 Trinitas.
2441 1254 2616 1337 “Deus
2649 1254 2751 1337 Qui
2786 1254 2969 1337 petere
3003 1256 3189 1337 jubgs,
3219 1254 3547 1337 et'invenire

1975 1325 2128 1389 l'acis,
2158 1333 2214 1378 et
2240 1324 2579 1395 pulsantibus
2605 1324 2817 1395 aperis',
2857 1343 2890 1382 o
2918 1324 3072 1381 beata
3101 1328 3357 1382 Trinitas.
3408 1327 3549 1383 Deus

1974 1409 2133 1474 supra
2163 1409 2323 1474 quem
2354 1394 2515 1474 nihil,
2532 1394 2700 1474 Extra
2731 1412 2889 1466 quem
2916 1398 3079 1460 nihil,
3114 1398 3229 1474 sine
3256 1413 3361 1467 quo
3391 1399 3544 1460 nihil,

1974 1478 2007 1517 ο
2036 1463 2193 1519 beata
2219 1463 2477 1518 Trinitas.
2532 1465 2607 1519 Te
2655 1463 2990 1530 invocamus,
3041 1476 3093 1520 te
3137 1463 3447 1532 adoramus,
3495 1477 3549 1523 te

1976 1532 2273 1597 laudamus,
2305 1549 2338 1588 o
2365 1535 2521 1589 beata
2550 1534 2806 1590 Trinitas.
2839 1536 3065 1599 Exaudi,
3089 1537 3308 1600 exaudi,
3331 1537 3549 1600 exaudi,

1975 1618 2009 1658 ο
2036 1604 2195 1659 beata
2224 1603 2503 1675 Trinitas;
2539 1602 2676 1675 Spes
2702 1615 2885 1675 nostra
2903 1647 2918 1672 ,
2948 1605 3094 1660 salus
3124 1616 3311 1660 nostra
3331 1647 3347 1671 ,
3375 1608 3548 1661 honor

1977 1683 2178 1737 noster,
2210 1688 2244 1727 ο
2272 1673 2428 1746 beata
2461 1672 2716 1746 Trinitas.
2752 1674 2902 1746 Auge
2930 1676 2983 1746 in
3006 1677 3167 1746 nobis
3198 1676 3379 1746 tidem,
3407 1691 3547 1745 auge

1977 1758 2147 1814 spem,
2170 1759 2313 1814 auge
2329 1744 2670 1814 charitatem,
2692 1759 2725 1799 o
2745 1743 2901 1799 beata
2925 1744 3179 1800 Trinitas.
3207 1743 3403 1800 Libera
3425 1743 3543 1808 nos,

1978 1812 2128 1894 salva
2153 1812 2274 1876 nos,
2299 1813 2534 1894 justilica
2563 1828 2681 1894 nos,
2699 1829 2746 1894 _o
2773 1814 3216 1894 beata_Trinitas.
3271 1814 3581 1894 Miserere“

1978 1952 2234 2008 Trinitas.
2298 1952 2572 2017 Miserere,
2606 1953 2852 2023 Domine,
2883 1954 3009 2023 quia
3057 1954 3424 2010 misericordia
3462 1961 3554 2009 tua

1977 2023 2249 2077 credimus
2275 2023 2329 2075 in
2358 2030 2428 2086 te,
2461 2034 2493 2076 o
2518 2023 2677 2076 beata
2706 2022 2964 2078 Trinitas.
3000 2022 3277 2088 Miserere,
3302 2024 3551 2089 Domine,

1978 2093 2104 2161 quia
2134 2092 2509 2162 misericordia
2557 2099 2647 2145 tua
2691 2093 3039 2162 cognovimus
3083 2100 3156 2157 te,
3186 2108 3220 2147 ο
3247 2095 3401 2147 beata
3431 2092 3554 2148 Tri—

1978 2160 2138 2215 nitas.
2171 2160 2448 2232 Miserere,
2480 2161 2726 2232 Domine_,
2755 2160 2882 2232 quia
2912 2163 3284 2232 misericordia
3315 2171 3404 2216 tua
3433 2179 3556 2232 spe-

1978 2247 2162 2285 ramus
2206 2231 2260 2283 in
2304 2237 2376 2295 te,
2420 2243 2452 2283 o
2496 2229 2653 2283 beata
2684 2229 2941 2284 Trinitas.
2988 2231 3269 2296 Miserere,
3298 2229 3551 2296 Domine,

2018 2302 2103 2356 uia
2129 2299 2496 2354 misericordia
2526 2307 2616 2352 tua
2645 2314 2891 2354 amamus
2921 2307 3004 2363 te,
3040 2316 3074 2356 o
3106 2302 3263 2355 beata
3289 2299 3550 2356 Trinitas.

2024 2385 2055 2424 e
2101 2371 2390 2425 adoramus
2434 2370 2613 2424 cuncti
2665 2385 2830 2423 unum
2865 2370 3170 2435 Dominum,
3214 2370 3455 2436 Patrem,
3498 2379 3556 2425 et

1978 2440 2196 2504 Filium,
2225 2448 2580 2509 sanctumque
2611 2438 2891 2509 Spiritum,
2935 2455 2969 2494 ο
2992 2442 3147 2495 beata
3177 2439 3436 2494 Trinitas.
3476 2440 3556 2495 Da

1978 2511 2218 2582 peccatis
2238 2510 2471 2582 veniam,
2491 2517 2688 2582 prm_sta
2710 2510 3174 2582 aeternamvitam,
3202 2511 3342 2582 dona
3365 2524 3553 2582 pacem

1980 2579 2036 2636 et
2063 2581 2312 2653 gloriam,
2324 2596 2373 2653 _o
2398 2580 2555 2653 beata
2583 2579 2935 2653 TiinitasLiQ
2963 2579 3142 2646 beata,
3161 2579 3554 2653 sthenedicta,

1980 2658 2035 2707 ct
2064 2647 2294 2722 gloriosa
2321 2649 2581 2722 Trinitas,
2611 2647 2803 2722 Pater,
2828 2647 3018 2722 Filius,
3064 2659 3119 2707 et
3157 2648 3391 2722 Spiritus
3430 2665 3557 2722 san--

1980 2718 2137 2777 ctus!
2174 2721 2219 2776 Ο
2240 2722 2395 2775 beata
2416 2720 2690 2774 Trinitas!
2721 2718 2765 2775 Ο
2790 2720 2972 2785 beata,
2996 2718 3299 2785 benedicta,
3321 2720 3556 2785 gloriosa

1982 2790 2205 2854 Unitas,
2258 2789 2440 2862 Pgter,
2489 2789 2690 2853 Filius,
2742 2789 2978 2862 Spiritus
3023 2789 3371 2862 sanctus!_0
3399 2790 3555 2862 beata

1982 2862 2221 2918 Trinitas
2244 2862 2256 2914 !
2289 2860 2334 2916 Ο
2361 2873 2517 2930 vera,
2538 2858 3137 2930 summm—sempiterna
3160 2860 3420 2923 Trinitas,
3448 2858 3553 2914 Pa-

1983 2939 2082 2993 ter,
2115 2939 2169 2984 et
2193 2930 2383 3000 Filius,
2415 2938 2469 2984 et
2498 2929 2732 3000 Spiritus
2761 2929 3017 2986 sanctus!
3056 2930 3099 2985 0
3127 2946 3283 2994 vera,
3313 2945 3522 2984 summa
3542 2969 3556 2993 ,

1983 3002 2311 3071 sempiterna
2345 2998 2744 3071 Unitas'Pater,
2790 3001 2980 3065 Filius,
3026 3000 3261 3071 Spiritus
3288 3000 3550 3071 sanctus!

1984 3068 2241 3126 Miserere
2275 3070 2429 3124 nobis
2447 3110 2462 3135 ,
2508 3071 2767 3127 miserere
2794 3071 2988 3134 nobis;
3038 3068 3298 3125 miserere
3324 3068 3502 3135 nobis,
3526 3084 3560 3124 o

1984 3141 2142 3195 beata
2161 3140 2429 3212 Trinitas.
2473 3139 2592 3195 Tibi
2612 3141 2757 3212 laus,
2788 3141 2889 3212 tibi
2916 3141 3106 3212 gloria,
3138 3140 3234 3212 tibi
3260 3139 3559 3212 gratiarum

1991 3212 2132 3266 actio
2156 3211 2209 3265 in
2237 3211 2430 3265 saecula
2455 3210 2805 3275 sempiterna,
2826 3226 2859 3265 o
2876 3208 3035 3265 beata
3057 3208 3312 3264 Trinitas.
3336 3208 3561 3273 Quando

1992 3282 2304 3352 cogitatione
2340 3297 2486 3353 vanw
2522 3280 2703 3353 gloria:
2740 3280 2817 3335 vel
2846 3280 3106 3353 superbia:
3142 3291 3191 3334 te
3206 3281 3561 3353 impugnant,

1990 3349 2316 3421 perscrutare
2345 3359 2393 3404 te
2412 3349 2610 3421 ipsum,
2643 3351 2688 3404 si
2717 3350 2889 3421 omnia
2915 3349 3169 3421 inundata
3196 3349 3291 3421 Dei
3320 3350 3557 3421 sei-pasti,

1990 3418 2036 3503 si
2071 3421 2307 3501 inimigos
2344 3418 2581 3503 diligam.
2607 3421 2652 3501 si
2683 3420 2878 3503 gaudes
2913 3421 2971 3501 in
3009 3419 3176 3502 gloria
3214 3418 3524 3503 inimici'ti'u'
3546 3459 3562 3482 ,

1989 3492 2036 3545 si
2073 3491 2400 3571 contristaris
2445 3488 2502 3571 in
2545 3488 2832 3571 deiectione
2875 3488 3021 3571 ejus;
3054 3488 3373 3571 si‘apuflnte
3407 3488 3565 3571 Italica

1987 3561 2237 3631 quoniam
2270 3576 2447 3615 servus
2483 3555 2718 3627 inutilis,
2758 3555 3083 3631 etiamnilms
3112 3555 3409 3631 hominibus
3444 3555 3562 3628 plus

1988 3628 2262 3700 peccator;
2297 3640 2346 3683 et
2378 3632 2567 3684 iterum
2596 3646 2662 3685 ea:
2686 3628 2855 3700 cubile
2891 3640 2980 3700 tuo
3017 3629 3234 3700 praprio
3253 3643 3407 3700 mane
3435 3644 3561 3700 conf

1988 3696 2203 3769 surgens
2228 3708 2508 3769 antequam
2529 3700 2586 3750 in
2606 3715 2735 3769 opus
2757 3698 2968 3769 aliquod
2992 3696 3395 3769 o'ccuparis,_dic
3419 3696 3563 3764 quod

1987 3765 2175 3838 omnes
2203 3765 2450 3821 homines
2476 3765 2854 3838 ingrediuntur
2882 3767 2934 3820 in
2963 3765 3187 3838 regnum
3217 3765 3310 3819 Dei
3342 3772 3566 3833 propter

1981 3836 2223 3905 justitias
2255 3851 2404 3899 suas,
2432 3850 2531 3905 ego
2562 3844 2742 3889 autem
2772 3834 2919 3889 solus
2945 3834 3166 3905 propter
3190 3843 3413 3905 peccata
3440 3848 3561 3905 mea

1989 3902 2154 3960 timeo
2175 3920 2261 3959 me
2280 3902 2813 3973 pmnas‘hmreditare
2833 3902 3144 3973 perpetuas,
3161 3902 3266 3958 nisi
3290 3903 3566 3973 miseratio

1988 3984 2077 4029 tua
2101 3972 2411 4031 subvenerit
2429 3975 2580 4028 mihi.
2612 3973 2857 4038 Peccavi,
2880 3972 3128 4038 Demine,
3151 3973 3412 4027 miserere
3432 3972 3563 4039 mei,

1986 4053 2042 4100 et
2064 4059 2132 4099 ne
2153 4044 2435 4114 permittas
2456 4060 2542 4099 me
2564 4044 2743 4114 perire
2763 4042 3028 4114 facturam
3053 4052 3222 4108 tuam,
3239 4043 3331 4097 sed
3355 4043 3564 4111 respice

1987 4116 2040 4170 in
2068 4112 2175 4180 me,
2202 4123 2362 4184 atque
2390 4131 2418 4170 a
2448 4112 2686 4184 peccatis
2714 4114 2850 4168 meis
2878 4112 3072 4168 faciem
3101 4120 3263 4184 tuam
3279 4121 3483 4184 averte,
3507 4123 3567 4168 et

1984 4201 2172 4241 omnes
2201 4181 2513 4255 iniquitates
2544 4200 2694 4239 meas
2723 4184 2859 4251 dele,
2891 4191 2946 4239 et
2972 4191 3194 4255 propter
3215 4181 3443 4253 gloriam
3472 4197 3566 4239 no-

1985 4256 2149 4338 minis
2175 4256 2270 4338 tui,
2297 4253 2549 4338 Domine,
2576 4255 2747 4311 libera
2771 4271 2887 4338 nos,
2919 4262 2973 4309 et
3001 4253 3268 4325 propitius
3294 4260 3413 4309 esto
3434 4268 3566 4329 pec-
3620 4260 3623 4263 '

1985 4326 2121 4382 catis
2148 4326 2349 4383 nostris
2374 4334 2597 4398 propter
2622 4340 2820 4381 nomen
2847 4333 3017 4378 tuum.

1984 4436 2062 4492 De
2081 4446 2196 4493 octo
2218 4438 2354 4492 vitiis
2372 4435 2767 4509 principalibus,
2787 4451 3011 4507 quorum
3026 4433 3245 4488 nomina
3266 4433 3378 4487 hwc
3399 4442 3519 4487 sunt
3538 4448 3560 4488 :

318 4534 373 4605 in
400 4535 695 4605 personis._
719 4531 1092 4605 Conﬁteoret
1132 4537 1248 4584 tres
1274 4544 1443 4605 unum
1473 4523 1529 4585 et
1556 4544 1719 4584 unum
1749 4539 1877 4584 tres.
1914 4530 1963 4591 θ
2041 4529 2337 4605 Superbia,
2378 4529 2519 4605 gula,
2559 4527 2867 4605 fornicatio,
2906 4524 3164 4605 avaritia,
3205 4523 3319 4605 ii'a,
3357 4523 3565 4605 accdia,

315 4598 620 4669 Conﬁteor,
665 4603 828 4657 Pater
870 4610 925 4656 et
968 4600 1157 4666 Filius,
1186 4608 1244 4655 et
1271 4598 1506 4669 Spiritus
1546 4607 1803 4665 sanctus,
1848 4615 1883 4655 ο

314 4674 475 4729 beata
513 4674 767 4729 Trinitas.
802 4673 962 4736 Deus,
987 4671 1261 4733 Dominus,
1288 4670 1617 4736 Paracletus,
1655 4684 1690 4724 o
1725 4671 1883 4725 beata

317 4742 573 4798 Trinitas.
624 4743 895 4807 Charitas,
925 4741 1128 4810 gratia,
1157 4740 1603 4803 cornmunicatio,
1650 4755 1684 4795 ο
1724 4740 1883 4795 beata

319 4811 578 4875 Trinitas.
628 4811 882 4867 Charitas
906 4812 1049 4867 Deus
1086 4818 1189 4876 est,
1232 4811 1406 4876 gratia
1442 4810 1707 4873 Christus,
1737 4825 1885 4865 eom-

317 4882 611 4937 muuicatio
641 4882 875 4951 Spiritus
903 4889 1151 4946 sanctus;
1180 4896 1214 4936 ο
1240 4879 1682 4951 ὺθθωᾉᾟιὶῃίαιε.
1716 4879 1885 4951 Geni—

318 4961 424 5022 tor,
463 4949 700 5022 genitus,
747 4963 1091 5022 regenerans,
1135 4965 1169 5004 o
1198 4951 1354 5022 beata
1381 4949 1663 5022 Trinitas;
1684 4950 1881 5022 Verum

316 5017 498 5077 lumen
525 5035 588 5077 ex.
621 5017 841 5085 lumine,
869 5036 997 5075 vera
1018 5020 1360 5083 illuminatio,
1384 5034 1419 5073 ο
1444 5020 1599 5072 beata
1622 5017 1879 5073 Trinitas.

316 5091 625 5157 Invisibilis,
650 5090 1009 5156 invisibiliter,
1032 5090 1278 5155 visibilis,
1306 5088 1662 5151 invisibiliter,
1691 5090 1881 5144 invisi-

314 5160 439 5229 bilis
483 5162 787 5225 visibiliter,
834 5176 869 5229 o
916 5161 1075 5216 beata
1123 5159 1378 5215 Trinitas.
1426 5157 1601 5229 Fons,
1651 5157 1880 5223 ﬂumen,

315 5230 585 5301 irrigatio,
603 5247 638 5285 ο
660 5232 819 5286 beata
839 5228 1093 5285 Trinitas.
1120 5230 1207 5284 Ab
1232 5228 1692 5301 uno‘omnia,iper
1715 5245 1880 5283 unum

315 5290 545 5380 omnia,_
570 5290 623 5355 in
652 5316 764 5356 uno
782 5301 963 5380 omnia
980 5339 995 5364 ,
1023 5315 1058 5380 ρ
1083 5290 1612 5380 heata_T_rinitas._;i_\'
1630 5313 1757 5368 quo,
1783 5314 1883 5380 per

316 5384 502 5439 quem,
532 5371 586 5425 in
615 5385 722 5439 quo
751 5370 952 5439 omnia,
980 5384 1015 5422 o
1039 5370 1196 5423 beata
1227 5369 1483 5439 Trinitas.
1524 5369 1718 5439 Vivens
1745 5369 1876 5435 vita,

316 5437 431 5495 vita
460 5455 491 5493 a
520 5437 754 5503 vivente,
788 5438 1088 5493 viviﬁcator
1112 5437 1429 5502 viventium,
1455 5453 1490 5492 o
1518 5438 1672 5492 beata
1703 5438 1881 5492 Trini-

318 5519 423 5565 tas.
478 5508 627 5564 Unus
654 5524 687 5562 Β
716 5525 797 5571 se,
840 5523 978 5561 unus
1004 5508 1074 5562 ab
1102 5523 1234 5572 uno,
1263 5521 1406 5562 unus
1427 5506 1498 5562 ab
1520 5508 1801 5571 ambobus,
1848 5524 1881 5564 ο

318 5580 477 5636 licata
497 5577 749 5633 Trinims.
785 5576 869 5631 On
896 5594 926 5632 a
951 5593 1030 5643 se,
1054 5595 1125 5633 on
1145 5577 1214 5632 ab
1230 5578 1423 5642 altero,
1446 5593 1513 5631 on
1535 5578 1604 5633 ab
1627 5589 1877 5647 utroque,

319 5664 354 5705 o
377 5649 532 5705 beata
559 5648 812 5704 Trinitas.
858 5647 1030 5703 Omne
1066 5656 1241 5703 autem
1270 5664 1337 5701 on
1365 5661 1577 5718 semper
1605 5648 1657 5701 in
1686 5648 1879 5713 tribus,

321 5728 378 5774 et
402 5733 560 5775 omne
588 5736 656 5773 on
679 5719 1039 5789 aequaliterin
1060 5718 1322 5789 singulis,
1366 5733 1401 5789 o
1440 5718 1593 5789 beata
1618 5718 1873 5773 Trinitas.

324 5790 499 5848 Vera:
519 5789 696 5856 Pater,
724 5787 921 5847 veritas
946 5788 1131 5855 Filius,
1152 5787 1352 5843 veritas
1378 5787 1632 5857 Spiritus,
1662 5803 1696 5843 ο
1723 5790 1879 5843 beata

1986 4592 2227 4665 tristiiia,
2257 4592 2574 4664 ceno'doxia,
2606 4599 2658 4653 id
2687 4608 2770 4652 est
2794 4592 2930 4650 vana
2961 4594 3151 4667 gloria.
3204 4594 3281 4649 De
3311 4592 3563 4667 superbia

1986 4662 2230 4725 nascitur
2280 4669 2455 4724 omnis
2503 4662 2900 4732 inobedientia,
2948 4662 3127 4720 omnis
3174 4662 3561 4734 praesumptio,

1985 4741 2162 4796 omnis
2187 4739 2501 4810 pertinacia,
2531 4731 2928 4810 contentiones,
2948 4731 3205 4810 haereses,
3228 4731 3561 4810 arrogantia.

1987 4812 2064 4865 De
2100 4802 2222 4877 gul'a
2262 4802 2504 4863 nascitur
2532 4809 2711 4877 inepta
2740 4803 3316 4877 lmtitia,sct_trrilitas_,
3350 4802 3561 4861 levitas.

1986 4874 2374 4949 vaniloquium,
2400 4874 2739 4949 immunditia
2772 4876 3033 4949 corporis,
3061 4874 3389 4949 instabilitas
3414 4887 3565 4949 men-

1988 4951 2081 5015 tis,
2108 4942 2367 5013 ebrietas,
2394 4948 2579 5003 libido.
2611 4948 2688 5002 De
2712 4942 3070 5002 fornicatione
3091 4942 3566 5015 nasciturczecitas

1989 5013 2202 5082 mentis,
2244 5018 2603 5074 inconstantia
2631 5016 2932 5081 oculorum,
2971 5029 3125 5070 amor
3158 5013 3563 5082 immoderatus,

1987 5080 2284 5172 pericuium
2309 5087 2738 5172 iiuna-lascivia
2767 5080 2925 5172 vitm,
2952 5083 3245 5172 pet'tilantia
3292 5090 3350 5172 et
3387 5080 3564 5135 omnis

1990 5152 2403 5223 incontinentia,
2428 5157 2608 5212 odium
2635 5152 3010 5213 mandatorum
3036 5154 3154 5218 Dei,
3184 5152 3383 5223 mentis
3408 5165 3565 5205 ener-

1986 5230 2151 5294 vatio,
2194 5221 2406 5299 injustas
2430 5227 2785 5299 cupiditates,
2824 5225 3150 5299 negligentia
3185 5224 3309 5299 vita;
3345 5221 3560 5299 inituris.

1986 5300 2064 5355 De
2089 5290 2313 5353 avaritia
2340 5290 2584 5353 nasciiur
2607 5290 2829 5361 invidia,
2857 5290 3018 5358 fu'rta,
3056 5292 3353 5353 latrocinia,
3387 5290 3562 5361 homi-

1986 5370 2152 5449 cidia,
2183 5368 2481 5449 mendacia,
2506 5366 2777 5449 periuria,
2796 5359 3017 5449 rapina,
3045 5363 3318 5449 violentia,
3350 5359 3565 5449 iiiquie—

1986 5430 2147 5503 tudo,
2185 5430 2646 5560 injustabiudicizi,
2687 5430 3028 5506 contemptus
3057 5432 3321 5498 veritatis,
3367 5430 3562 5485 futurze

1986 5508 2332 5560 beatitudinis
2352 5525 2386 5560 ο
2442 5507 2571 5560 ivio.
2592 5506 2877 5560 obduratio
2901 5503 3098 5560 cordis.
3124 5503 3308 5558 Deira
3333 5499 3562 5560 pullulat

1985 5499 2332 5564 beatitudinis
2342 5499 2571 5583 _oinvio,
2592 5499 2877 5583 obduratio
2901 5499 3098 5583 cordis.
3124 5503 3206 5558 .De
3228 5499 3563 5583 irapulluiat

1986 5587 2163 5634 tumor
2191 5578 2387 5632 mentis
2412 5592 2538 5641 rete,
2569 5575 2930 5640 contumelia,
2970 5573 3193 5637 clamor,
3234 5571 3557 5641 indignatio,

1983 5648 2355 5718 ρτωευωριίο,
2383 5640 2740 5718 blasphemia,
2780 5645 3057 5718 sanguinis
3081 5642 3294 5706 effusio,
3329 5640 3561 5718 homici—

1986 5709 2093 5782 dia,
2125 5709 2416 5773 ulciscendi
2460 5709 2745 5787 cupiditas",
2792 5709 3114 5787 iniuriarum
3150 5710 3431 5787 memnria‘.
3484 5709 3562 5787 De

1987 5778 2169 5843 aeedia
2199 5788 2439 5843 nascitur
2483 5778 2869 5852 somnolentia',
2915 5783 3131 5855 pigritia
3180 5782 3361 5853 operis
3404 5778 3556 5839 boui,
