3946 6186
384 378 512 437 NH

378 569 608 651 piditas,
648 558 1198 651 laborandi'igedium,
1244 558 1423 651 cor‘dis
1462 559 1857 651 marmoratio,
1903 565 1959 651 et

380 627 746 706 inaniloquia.
790 636 863 706 De
908 632 1134 706 tristitia
1181 627 1712 706 nascitur_malitia_,
1766 642 1962 706 [ειυς.οτ

382 708 567 772 animi,
596 698 1034 777 pusillanimitas,
1066 698 1741 777 amaritudo,desperatio.
1774 700 1847 751 De
1874 712 1963 750 ee-

380 765 635 841 nodoxia,
680 776 732 828 il
778 783 862 828 est
904 765 1038 826 vana
1087 770 1275 841 gloria,
1326 765 1774 841 indejaetantia,
1805 784 1960 841 arro-

384 849 566 919 gantia
587 888 601 911 ,
623 838 968 919 indignatio,
999 838 1291 919 discordia,
1317 838 1507 919 ‘inauis
1538 838 1960 919 glorimncup-itlo,

382 906 438 973 ἕι
465 906 791 988 hypocrisis:
824 914 874 988 id
905 921 987 988 est
1014 910 1288 988 simulatio
1317 906 1444 988 boni
1473 906 1687 988 operis._
1719 906 1827 961 Per
1849 908 1964 988 ha3c

384 978 708 1041 ista-omnia
748 984 884 1037 mala
934 982 1160 1038 Domino
1210 978 1502 1033 auxiliante
1550 979 1688 1032 vinci
1739 986 1966 1046 possunt

382 1057 576 1111 leviter
611 1057 786 1127 primo
824 1052 1074 1127 superbia
1120 1064 1217 1120 per
1250 1049 1650 1127 humilitatem,
1701 1048 1822 1127 gula
1869 1062 1965 1118 per

385 1118 785 1187 abstinentiam,
820 1118 1101 1177 fornicatio
1120 1118 1230 1191 per
1257 1120 1586 1191 castitatem,
1613 1118 1836 1191 avaritia
1861 1133 1965 1191 per

384 1197 731 1267 sapientiam,
750 1195 828 1247 ira
842 1188 1306 1267 perpatieutiam,
1326 1190 1510 1267 _ace_d_ia
1536 1204 1631 1258 per
1655 1188 1965 1267 instantiam

383 1259 512 1321 belli
542 1266 755 1334 operis,
787 1259 1010 1334 tristitia
1036 1262 1177 1315 mala
1207 1275 1304 1334 per
1326 1260 1568 1313 ltetitiam
1599 1259 1963 1328 spiritualem,

383 1348 526 1391 vana
550 1330 720 1406 gloria
747 1349 841 1403 per
864 1332 1183 1387 charitatem
1212 1330 1327 1384 Dei.

886 1444 1071 1499 Oratio
1110 1452 1291 1497 contra
1328 1443 1469 1497 vitia.
1535 1430 1541 1435 ’

455 1538 682 1595 Domine
718 1547 926 1601 sancte,
973 1536 1137 1589 Pater
1163 1534 1522 1603 omnipotens,
1565 1540 1765 1587 :eterne
1802 1532 1966 1594 Deus,

384 1608 817 1666 misericordiam
846 1613 991 1660 tuam
1020 1619 1085 1659 ex
1117 1606 1309 1658 intimo
1335 1604 1495 1657 corde
1522 1603 1884 1671 deposcimus,
1913 1610 1971 1655 ut

386 1695 485 1754 per
510 1678 786 1754 orationes
827 1686 881 1731 et
919 1676 1110 1754 merita
1147 1676 1385 1730 omnium
1415 1682 1725 1754 sanctorum
1756 1681 1969 1754 tuorum

386 1744 595 1804 tribuas
616 1748 770 1801 nobis
793 1746 1175 1801 conscientiam
1202 1759 1417 1813 puram,
1440 1752 1643 1796 terram
1667 1744 1967 1811 despicere,

329 1881 336 1888 ,
386 1828 442 1898 et
464 1820 660 1898 emtum
688 1818 1201 1898 aspicereimprccata
1230 1816 1404 1877 odire,
1427 1813 1694 1898 justitiam
1723 1813 1964 1898 diligere.
2003 1840 2044 1898 Β

386 1888 554 1943 Aufer
591 1904 621 1941 a
657 1882 811 1940 nobis
859 1882 1278 1940 sollicitudinem
1324 1882 1637 1939 srecularem
1665 1924 1679 1947 ,
1731 1893 1784 1937 et
1827 1882 1967 1937 dona

388 1960 545 2013 nobis
593 1966 743 2011 tuum
791 1962 1036 2009 sanetum
1082 1954 1321 2024 perfecte
1363 1954 1633 2008 timorem.
1694 1951 1908 2023 Depelle
1938 1968 1969 2007 a

391 2028 549 2085 nobis
578 2026 873 2096 appetitum
905 2025 1042 2096 gula:
1066 2023 1093 2089 ,7
1123 2032 1182 2096 et
1224 2023 1291 2096 da
1320 2025 1575 2096 virtutem
1606 2023 1966 2096 abstinentire.

387 2098 539 2177 [fuga
571 2093 795 2177 a'nobis
831 2093 1078 2177 spiritum
1112 2094 1589 2177 forn‘ieatiouishet
1621 2093 1840 2176 infunde
1884 2109 1972 2177 ar-

389 2162 577 2225 dor'em
624 2162 980 2221 sanctissima:
1028 2162 1315 2220 castitatis.
1379 2164 1673 2225 Exstingue
1721 2164 1773 2217 in
1817 2164 1972 2218 nobis

388 2253 604 2294 omnem
638 2235 1134 2304 concupiscentiam
1165 2235 1361 2288 malam
1382 2276 1396 2300 ,
1429 2243 1483 2288 et
1516 2234 1692 2304 tribue
1728 2234 1975 2288 volunta-

397 2310 532 2362 riam
561 2302 954 2388 paupertat-em.
1012 2304 1217 2387 Cohibe
1260 2321 1290 2358 a
1331 2305 1483 2388 nobis
1514 2302 1848 2388 iracundiam
1868 2344 1891 2388 ,_
1917 2312 1972 2358 et

391 2373 627 2433 aceende
667 2373 722 2429 in
768 2376 921 2430 nobis
959 2374 1334 2430 suavissimam
1372 2375 1465 2429 Dei
1497 2382 1551 2429 et
1578 2373 1808 2443 proximi
1844 2376 1976 2430 cha-

396 2450 628 2504 ritatem.
653 2445 729 2499 Et
773 2446 875 2500 elle
896 2461 925 2499 a
948 2445 1104 2500 nobis
1120 2444 1437 2513 iactantiam
1462 2453 1623 2514 atque
1651 2460 1841 2499 vanam
1864 2445 1977 2514 glo-

397 2520 555 2569 riam.
582 2526 637 2569 et
662 2461 841 2569 tribue
866 2516 1022 2569 nobis
1044 2515 1513 2569 comnuuctionem
1538 2514 1972 2568 saluberrimam.

397 2520 555 2578 riam,
582 2526 637 2571 et
662 2514 841 2571 tribue
866 2516 1022 2569 nobis
1044 2515 1513 2586 compunctionem
1538 2514 1972 2586 saluberrimam.

395 2591 612 2654 Depone
648 2602 677 2639 a
710 2587 866 2640 nobis
899 2583 1206 2654 superbiam
1226 2626 1240 2650 ,
1289 2592 1344 2640 et
1377 2584 1575 2654 perﬁce
1607 2583 1848 2654 innobis
1880 2587 1978 2639 hu-

397 2600 471 2646 De
511 2602 612 2642 one
648 2602 677 2639 a
710 2600 866 2640 nonis
899 2600 1206 2654 superbiam
1226 2626 1240 2650 ,
1289 2600 1344 2640 et
1416 2600 1575 2639 cruce
1607 2600 1661 2637 tn
1694 2600 1848 2638 DODIS
1880 2600 1977 2639 uu-

397 2604 684 2714 miritatem
716 2656 1223 2737 veraru.__l_)isperge
1255 2671 1284 2709 a
1316 2600 1811 2737 no‘l’tis‘miserieors
1835 2656 1977 2737 Deus

392 2743 582 2783 omnes
614 2726 820 2797 pariter
844 2724 1075 2797 divitias
1091 2724 1368 2790 vitiorum,
1397 2735 1453 2780 et
1475 2724 1653 2797 tribue
1679 2724 1837 2797 nobis
1861 2732 1979 2797 tuo-

396 2812 519 2853 rum
560 2794 857 2852 custodiam
901 2796 1299 2863 mandatorum.
1348 2797 1551 2851 Contra
1584 2794 1978 2863 impatientiam

393 2868 616 2925 infunde
647 2866 959 2936 patientiam
998 2860 1233 2936 justam,
1279 2875 1465 2920 contra
1514 2860 1697 2920 odium
1744 2874 1799 2919 et
1842 2865 1980 2918 invi-

398 2939 542 2993 diam
570 2934 891 2991 charitatem
920 2934 1240 3000 fraternam,
1267 2945 1453 2991 contra
1479 2935 1869 2989 detractionem
1896 2935 1976 2990 vel

398 3007 885 3064 murmurationem
910 3014 1055 3060 tuam
1085 3022 1301 3076 semper
1324 3006 1719 3076 sanctissimam
1743 3005 1976 3071 laudem,

396 3088 695 3148 contraque
730 3078 890 3132 simul
927 3078 1106 3148 omnia
1139 3075 1269 3131 vitia
1304 3075 1695 3148 benedictionis
1724 3076 1975 3147 gratiam.

400 3146 624 3203 Suscita
650 3148 701 3202 in
733 3148 886 3201 nobis
919 3146 1119 3201 fontem
1154 3148 1375 3203 uberem
1403 3146 1784 3216 lacrymarum,
1809 3156 1863 3200 et
1884 3162 1981 3201 cor

1387 375 1474 431 AD
1513 372 1745 430 ΟΡΕιὶᾹ
1779 372 1840 428 Β.
1882 371 2160 429 Αιουικι
2199 368 2643 428 APPENDICES.

296 560 299 561 γ
378 494 705 562 instabilitas
740 491 877 556 loci,
920 489 1236 562 pervagatio
1265 487 1330 543 de
1358 487 1477 562 loco
1512 487 1565 541 in
1596 486 1806 562 locum,
1846 495 1955 540 tre-
1988 497 2031 552 Α
2059 485 2159 562 {uit
2182 482 2474 562 conliteor,
2507 487 2831 562 cooperante
2878 476 3086 562 Spiritu
3131 485 3322 562 sancto
3349 485 3539 562 natum
3582 496 3653 562 ex

3510 366 3649 425 ηις

2066 554 2231 608 Maria
2262 554 2491 623 virgine,
2532 549 2718 623 verum
2754 549 2948 623 Deum,
2982 559 3037 602 et
3067 564 3258 623 verum
3284 549 3562 605 hominem
3597 552 3654 606 in

2064 626 2274 679 duabus
2309 618 2540 686 naturis,
2567 621 2749 676 divina
2785 618 3034 674 vialelicet
3067 627 3119 673 et
3155 619 3425 685 humana,
3463 623 3563 675 sed
3599 623 3655 679 in

2066 711 2168 748 una
2200 710 2464 762 persona,
2503 708 2665 747 carne
2699 705 2915 760 passum
2937 731 2952 753 ,
2993 699 3300 762 mortuum,
3344 691 3651 761 sepultum,

2065 759 2405 819 descendisse
2438 764 2507 817 ad
2539 759 2741 816 inferos
2768 775 2871 814 non
2896 775 3146 828 corpore,
3182 759 3276 814 sed
3312 759 3516 826 anima,
3546 777 3654 817 non

2064 836 2261 887 amissa
2290 832 2591 896 divinitate,
2620 843 2678 888 et
2703 831 2862 885 tertia
2887 831 2972 884 die
2999 830 3361 884 resurrexisse
3386 831 3440 886 in
3462 832 3657 887 eadem

2066 920 2229 958 carne
2260 919 2367 972 qua
2400 913 2643 959 mortuus
2673 910 2861 972 est,et
2891 902 3201 972 ascendisse
3240 901 3293 953 in
3327 901 3526 955 etclam
3548 942 3566 967 ,
3602 913 3659 956 et

2067 974 2262 1027 iterum
2282 971 2572 1027 venturum
2604 987 2725 1027 cum
2756 971 2924 1041 gloria
2953 981 3006 1024 et
3031 971 3421 1040 judicaturum,
3454 982 3509 1026 et
3535 973 3657 1027 ται.

2068 1044 2306 1097 diturum
2335 1043 2626 1113 unicuique
2653 1042 2947 1113 secundum
2976 1056 3139 1113 Opera
3176 1056 3292 1094 sua.
3344 1041 3547 1097 Fateor
3572 1060 3660 1097 me

2068 1117 2293 1168 credere
2326 1112 2570 1167 sanetam
2613 1112 2910 1167 Ecclesiam
2946 1112 3309 1174 catholicam,
3364 1120 3419 1166 et
3466 1116 3660 1168 remis-

2069 1184 2273 1238 sionem
2310 1192 2656 1254 peccatorum
2691 1184 2805 1237 sive
2840 1198 2935 1250 per
2964 1183 3252 1250 baptisma,
3281 1182 3396 1237 sive
3421 1199 3520 1253 per
3544 1198 3658 1252 pm-

2070 1253 2387 1319 nitentiam,
2433 1264 2488 1308 et
2528 1261 2961 1308 resurrecturum
3011 1253 3065 1323 in
3113 1253 3303 1306 eadem
3330 1270 3505 1323 carne
3550 1271 3658 1323 qua

2071 1340 2214 1379 nunc
2244 1325 2364 1378 vivo
2400 1324 2453 1377 in
2489 1325 2653 1377 vitam
2693 1332 2970 1377 :eternam.
3024 1322 3150 1375 Haec
3189 1331 3272 1377 est
3315 1322 3452 1378 ﬁdes
3491 1322 3659 1385 vera,

2071 1411 2189 1463 qua}
2229 1395 2415 1465 paucis
2451 1395 2632 1448 verbis
2671 1393 2915 1447 ﬁdelibus
2950 1402 3079 1465 nota
3112 1403 3227 1457 est,
3281 1402 3342 1446 ut
3386 1396 3661 1449 credendo

2071 1464 2341 1536 subjugati
2369 1475 2514 1519 recte
2543 1466 2752 1536 vivant,
2789 1473 2937 1536 recte
2960 1464 3125 1536 Avivrn
3146 1466 3197 1515 to
3227 1478 3324 1518 cor
3348 1465 3623 1536 umuudeut
3642 1506 3657 1527 ,

2072 1533 2514 1589 corde'mundato
2534 1535 2678 1603 quod
2701 1533 2927 1589 credunt
2956 1533 3278 1603 intelligant,
3306 1535 3477 1587 vitam
3502 1544 3663 1589 ater-

2073 1621 2198 1659 nam
2227 1606 2480 1659 habeant.

2143 1717 2581 1771 Commemoratio
2620 1717 2685 1770 de
2729 1716 2911 1771 ordine
2946 1715 3267 1787 quotidiana:
3307 1719 3590 1771 orationis;

2146 1808 2283 1871 IIoc,
2305 1808 2609 1862 venerabilis
2658 1807 2839 1872 Pater,
2867 1810 3095 1877 primum
3124 1808 3335 1862 verbum
3361 1808 3425 1865 de
3458 1827 3553 1864 ore
3584 1828 3659 1864 res

2071 1891 2180 1933 stro
2230 1878 2496 1948 procedat,
2551 1879 2616 1932 de
2663 1895 2846 1932 somno
2897 1889 3189 1948 surgentes,
3244 1878 3492 1943 Domine,
3520 1880 3664 1935 labia

2073 1965 2191 2004 mea
2227 1950 2475 2019 aperies,
2526 1958 2575 2003 et
2618 1949 2840 2018 reliqua.
2881 1949 3084 2003 Deinde
3132 1965 3152 2003 :
3187 1948 3362 2004 Verba
3401 1967 3524 2005 mea
3570 1967 3661 2005 au-

2073 2020 2225 2089 ribus
2253 2020 2489 2089 pereipe,
2536 2019 2779 2082 Domine,
2830 2019 3066 2088 intellige
3113 2019 3402 2075 clamorem
3432 2037 3662 2085 meum;

2075 2088 2293 2146 intende
2318 2088 2433 2144 voei
2463 2089 2725 2144 orationis
2750 2105 2905 2153 meze,
2924 2106 3019 2146 rex
3052 2105 3206 2145 meus
3230 2099 3287 2145 et
3308 2091 3450 2145 Deus
3478 2107 3663 2155 meus,

2074 2160 2332 2229 quoniam
2352 2160 2420 2215 ad
2446 2169 2497 2215 te
2518 2160 2717 2224 orabo;
2746 2160 2991 2224 Domine,
3018 2175 3177 2215 mane
3197 2162 3458 2216 exaudies
3475 2176 3665 2219 vocem

2076 2246 2274 2295 meam,
2307 2245 2464 2285 mane
2487 2230 2675 2286 astabo
2708 2230 2801 2284 tibi
2832 2239 2888 2284 et
2910 2231 3105 2285 videbo
3135 2240 3203 2293 te,
3226 2230 3478 2286 Domine.
3510 2231 3669 2287 Post-

2076 2318 2137 2371 σα
2170 2314 2188 2352 ;
2219 2299 2402 2355 Gloria
2432 2300 2487 2371 in
2517 2300 2747 2371 excelsis
2784 2301 2893 2355 Deo
2919 2310 2975 2355 et
3009 2302 3066 2354 in
3109 2309 3255 2356 terra
3295 2319 3405 2371 pax
3431 2304 3669 2357 homini-

2076 2370 2179 2426 bus
2204 2372 2357 2426 bona:
2384 2369 2697 2425 voluntatis.
2728 2370 3034 2427 Laudamus
3063 2386 3138 2436 te,
3184 2369 3559 2428 benedicimus
3587 2383 3664 2435 te,

2078 2441 2366 2495 adoramus
2420 2450 2504 2504 te,
2545 2440 2912 2512 glorificamus
2951 2451 3025 2505 te,
3055 2442 3261 2512 gratias
3311 2444 3529 2512 agimus
3570 2443 3667 2498 tibi

2078 2519 2299 2582 propter
2325 2510 2576 2582 magnam
2607 2511 2834 2580 gloriam
2881 2520 3049 2575 tuam,
3106 2510 3524 2567 Domine'Deus
3572 2526 3668 2568 res

2078 2580 2338 2652 cmlestis,
2368 2580 2510 2652 Deus
2542 2580 2715 2652 Pater
2743 2582 3106 2652 omnipotens,
3154 2583 3383 2637 Domine
3413 2583 3518 2638 Fili
3546 2585 3671 2638 nni-

2116 2652 2258 2724 enite
2280 2648 2667 2724 JesuuChriste,
2698 2648 2942 2716 Domine,
2968 2653 3129 2724 Dens,
3154 2669 3327 2724 agnus
3356 2654 3470 2716 Dei,
3500 2653 3538 2707 F
3546 2655 3672 2708 ilius

2124 2721 2291 2785 atris;
2332 2722 2422 2790 qui
2448 2721 2588 2776 tollis
2610 2730 2831 2791 peccata
2857 2723 3063 2786 mundi,
3087 2721 3302 2793 suscipe
3327 2725 3675 2793 deprecatio:-

2080 2808 2203 2846 nem
2230 2800 2472 2845 nostram
2504 2807 2517 2845 :
2551 2793 2645 2860 qui
2675 2793 2829 2848 sedes
2867 2793 2936 2846 ad
2965 2793 3245 2847 dexteram
3277 2792 3477 2858 Patris,
3512 2798 3674 2850 mise-

2081 2877 2203 2917 rere
2231 2862 2386 2915 nobis
2414 2876 2428 2914 :
2454 2863 2709 2929 quoniam
2743 2873 2797 2917 tu
2834 2860 2981 2919 solus
3000 2875 3256 2929 sanctus,
3291 2873 3346 2918 tu
3380 2865 3537 2920 solus
3567 2866 3673 2920 Bt)"

2082 2877 2203 2917 rere
2231 2877 2386 2915 DODIS
2414 2877 2428 2914 :
2454 2877 2709 2985 quoniam
2743 2877 2797 2917 tu
2834 2877 2981 2919 setas
3000 2877 3256 2929 sanctus,
3291 2877 3346 2918 tu
3380 2877 3537 2920 sotus
3567 2877 3673 2920 W

2082 2933 2282 2995 minus,
2318 2942 2373 2984 tu
2413 2947 2475 2986 so
2498 2948 2561 2988 us
2597 2933 2912 2997 altissimus,
2948 2932 3076 2993 Jesu
3123 2933 3358 2997 Christe,
3391 2951 3522 2991 cum
3547 2952 3675 2991 sans

2082 3011 2172 3076 eto
2201 3002 2408 3076 Spiritu
2462 3003 2524 3076 in
2562 3002 2731 3076 gloria
2786 3003 2879 3059 Dei
2927 3003 3123 3058 Patris.
3169 3004 3366 3059 Amen.
3410 3005 3671 3076 Dignare,

2082 3066 2329 3135 Domine,
2356 3066 2443 3144 die
2460 3066 2707 3129 isto‘siue
2719 3082 2942 3144 peccato
2971 3090 3071 3129 nos
3101 3076 3396 3130 custodire.
3414 3066 3671 3130 Etvtunci

2084 3143 2226 3215 Deus
2249 3144 2301 3197 in
2334 3143 2658 3215 adiutorium
2685 3143 2862 3215 meum
2881 3145 3119 3215 intende,
3149 3144 3397 3209 Domine,
3421 3147 3491 3199 ad
3520 3147 3677 3215 adjm

398 3220 595 3274 durum
639 3218 890 3273 mollitica
921 3234 1018 3288 per
1143 3218 1421 3272 nitentium
1450 3211 1631 3272 veram
1651 3256 1665 3278 ,
1713 3225 1767 3270 et
1797 3218 1979 3271 omnia
2008 3211 2053 3273 C
2084 3214 2319 3267 vandum
2347 3211 2433 3268 me
2462 3212 2657 3269 festina
2685 3234 2698 3268 :
2731 3213 2919 3267 Tribus
2947 3214 3143 3268 vicibus
3182 3216 3401 3285 genibus
3426 3211 3602 3285 ﬂexis
3624 3224 3676 3271 et

399 3304 734 3341 mmeeunoue
772 3290 824 3341 in
859 3290 1013 3341 nobis
1048 3230 1184 3341 ﬁgite
1231 3295 1545 3341 nernetuam
1578 3288 1806 3341 gratiam
1848 3302 1979 3341 one—
2086 3286 2240 3339 tertio
2265 3283 2468 3338 Gloria.
2501 3284 2717 3341 Deinde.
2754 3284 2913 3339 Pater
2940 3293 3145 3340 noster.
3198 3286 3419 3341 Deinde.
3460 3288 3675 3341 sicnan

399 3304 734 3360 quaecunque
772 3290 824 3342 iu
859 3290 1013 3343 nobis
1049 3288 1184 3360 bona
1231 3295 1545 3360 perpetuam
1578 3288 1806 3357 gratiam
1848 3302 1979 3356 ope—

399 3354 538 3414 reris
568 3360 635 3413 ad
650 3354 817 3412 tuam
855 3372 950 3429 per
983 3354 1166 3411 omnia
1200 3354 1425 3427 gloriam
1464 3354 1757 3426 deputare,
1794 3368 1847 3411 et
1883 3354 1983 3413 nos

401 3444 615 3497 semper
639 3437 955 3498 peccatores
981 3441 1100 3482 esse
1131 3436 1470 3498 segttoscerc,
1502 3442 1601 3480 nec
1632 3435 1811 3480 tamen
1835 3444 1863 3481 a
1892 3437 1983 3481 tua

401 3445 615 3497 semper
678 3445 955 3483 eccatores
981 3445 1100 3482 esse
1131 3445 1470 3498 cognoscere,
1502 3445 1601 3480 nec
1632 3445 1811 3480 tamen
1835 3445 1863 3481 a
1892 3445 1983 3481 tua

399 3499 558 3552 laude
583 3445 673 3550 νοΐ
695 3513 858 3567 opere
890 3497 1177 3564 aliquando
1210 3510 1454 3559 cessare,
1490 3498 1585 3550 sed
1612 3498 1983 3567 perseveranti

404 3568 512 3622 ﬁne
544 3575 688 3620 tuam
721 3566 934 3637 Semper
958 3567 1219 3635 perﬁcere
1246 3567 1593 3619 voluntatem.
1630 3566 1751 3619 Per.

1016 3680 1146 3735 Item
1180 3698 1372 3753 preces.

479 3772 553 3845 De
580 3771 1123 3845 cliaritateLDiligam
1162 3772 1515 3845 te,Domiue,
1552 3773 1809 3829 fortitudo
1840 3791 1980 3830 mea.

401 3840 483 3898 De
512 3843 670 3897 laude
702 3842 815 3895 Dei.
865 3840 1183 3898 Bene'licam
1232 3844 1517 3897 Dominum
1566 3845 1618 3899 in
1658 3846 1806 3900 omni
1850 3854 1986 3901 tem-

442 3912 687 3986 ore.__De
715 3912 841 3986 ﬁde:
888 3913 1130 3986 Domine,
1170 3929 1306 3986 auge
1338 3914 1494 3968 nobis
1526 3915 1708 3970 ﬁdem.
1760 3915 1836 3971 De
1874 3933 1982 3986 spe.

427 3983 612 4039 Exaudi
648 3998 767 4047 nos,
818 3984 960 4055 Deus
1009 3983 1261 4055 salutaris
1311 3994 1515 4055 noster,
1573 4001 1696 4055 spes
1741 3983 1986 4041 omnium

404 4054 592 4108 ﬁnium
622 4063 800 4107 teri-ie.
842 4053 917 4107 De
944 4055 1180 4109 custodia
1206 4054 1322 4108 Dei.
1356 4054 1578 4110 Custodi
1604 4053 1709 4120 me,
1735 4055 1983 4122 Domine,

404 4134 463 4179 ut
503 4123 761 4195 pupillam
791 4123 929 4177 oculi
952 4165 966 4188 ,
1012 4126 1112 4195 sub
1141 4125 1331 4179 umbra
1368 4125 1575 4195 alarum
1603 4133 1819 4181 tuarum
1856 4141 1985 4195 pro-

404 4192 525 4257 tege
559 4192 663 4247 tite.
722 4192 799 4246 De
847 4194 1196 4248 conversione.
1248 4194 1472 4250 Domine
1499 4235 1514 4257 ,
1567 4194 1779 4251 dimitte
1810 4192 1896 4251 me
1930 4205 1986 4251 ut

404 4263 694 4348 refrigerer
718 4263 1039 4348 priusquam
1070 4264 1257 4348 abeam
1280 4305 1294 4330 ,
1338 4274 1393 4319 et
1434 4264 1663 4348 amplius
1710 4281 1984 4348 nonnero.

407 4333 487 4388 De
509 4332 837 4404 fortitudine.
868 4332 1259 4389 Fortitudinem
1287 4348 1462 4389 meam
1486 4332 1553 4389 ad
1582 4343 1631 4390 te
1656 4335 1986 4401 custodiam,

402 4403 532 4474 quia
564 4403 706 4458 Deus
734 4412 1013 4473 susceptor
1043 4418 1217 4474 meus,
1244 4404 1385 4460 Deus
1418 4420 1589 4470 meus,
1614 4406 1986 4462 misericordia

404 4472 524 4541 ejus
553 4474 843 4555 praeveniet
872 4472 977 4555 me.
1025 4473 1109 4555 .De
1136 4476 1309 4555 gratia
1341 4474 1455 4555 Dei.
1491 4474 1856 4555 Misericordia
1895 4487 1988 4532 tua

445 4544 697 4599 maveniet
732 4559 854 4617 me,
884 4553 938 4599 et
969 4544 1337 4617 misericordia
1366 4554 1455 4599 tua
1487 4547 1847 4617 subsequetur
1879 4563 1985 4602 me.

445 4561 697 4599 nevemet
732 4561 835 4608 me,
884 4561 938 4599 et
969 4561 1337 4600 misericordia
1366 4561 1455 4599 tua
1487 4561 1847 4617 sunsequetur
1879 4563 1985 4602 me.

404 4561 484 4669 IDe
524 4623 752 4685 extremo
801 4614 903 4667 die.
959 4612 1222 4681 Quoniam
1279 4622 1335 4670 tu
1383 4631 1443 4670 es
1495 4626 1766 4685 protector
1810 4633 1987 4684 meus,

405 4684 653 4755 Domine,
695 4684 746 4737 in
786 4698 977 4755 manus
1004 4686 1477 4755 tuascommcndo
1498 4684 1750 4755 Spiritum
1782 4704 1984 4742 meum.

407 4754 563 4809 Item.
604 4754 765 4817 Erue,
796 4753 1041 4820 Domine,
1068 4773 1097 4809 a
1128 4754 1331 4810 framea
1357 4753 1593 4810 animam
1620 4772 1817 4822 meam,
1845 4767 1901 4811 ct
1922 4758 1989 4812 de

410 4840 574 4879 manu
603 4825 756 4879 canis
790 4824 1001 4879 unicam
1041 4840 1238 4880 meam.
1280 4825 1435 4880 Item.
1478 4825 1521 4879 Ο
1552 4824 1795 4891 Domine,
1821 4828 1988 4883 libera

406 4894 691 4965 animam,
737 4895 1046 4965 misericors
1080 4895 1370 4965 Dominus,
1418 4906 1473 4952 et
1514 4896 1717 4965 justus,
1756 4909 1811 4952 et
1848 4899 1991 4954 Deus

407 4974 592 5037 noster
622 4964 927 5037 miseretur.
982 4964 1060 5019 De
1093 4966 1287 5037 visions
1312 4962 1431 5037 Dei.
1469 4962 1641 5023 Unam
1672 4969 1797 5037 petii
1829 4984 1859 5021 a
1888 4970 1991 5023 Do-

409 5034 1046 5105 tniuorhancrequiram,
1081 5045 1139 5090 ut
1179 5035 1473 5091 inhabitem
1513 5038 1564 5091 in
1593 5034 1754 5093 domo
1779 5039 1988 5093 Domini

409 5104 661 5160 omnibus
691 5104 879 5161 diebus
908 5106 1030 5160 vitm
1063 5122 1212 5161 mem.
1268 5105 1419 5160 Item.
1458 5105 1524 5163 Ut
1549 5107 1760 5163 videam
1803 5109 1991 5163 volun-

409 5185 574 5247 tatem
606 5175 840 5241 Domini,
874 5184 930 5230 et
959 5176 1169 5231 visitem
1203 5177 1457 5247 templum
1489 5178 1624 5247 ejus.
1660 5178 1814 5232 Item.
1844 5180 1988 5234 Beati

409 5245 499 5313 qni
536 5247 784 5302 habitant
815 5247 869 5300 in
895 5247 1056 5302 domo
1084 5256 1192 5308 tua,
1224 5245 1468 5310 Domine,
1505 5245 1559 5302 in
1592 5250 1786 5304 s:ccnla
1820 5266 1990 5305 szecu-

405 5313 582 5372 lorum
613 5316 906 5372 laudabunt
940 5324 1011 5371 te.
1070 5315 1148 5371 De
1176 5318 1298 5386 ﬁde.
1335 5316 1609 5373 Conﬁteor
1639 5335 1723 5373 me
1765 5323 1990 5375 credere

409 5386 693 5457 Dominum
722 5388 959 5457 Patrem,
992 5387 1085 5457 qui
1132 5388 1337 5443 creavit
1376 5389 1588 5454 omnia;
1621 5398 1677 5443 et
1704 5388 1989 5445 Dominum

409 5454 603 5529 Filium
624 5456 777 5529 ,χιιιίΔ
800 5459 870 5511 ab
900 5472 965 5512 eo
993 5454 1206 5529 genitus
1249 5467 1335 5513 est
1367 5468 1491 5514 ante
1528 5459 1757 5525 szecula;
1802 5469 1857 5516 et
1888 5460 1993 5516 Do-

412 5524 613 5602 mimum
636 5524 1171 5602 spiritum_satictum
1205 5529 1272 5583 ab
1299 5530 1561 5585 ambobus
1586 5524 1991 5602 procedentem,

413 5592 467 5663 id
504 5604 588 5649 est
618 5592 858 5651 sanctam
885 5598 1224 5663 Trinitatem,
1252 5615 1416 5654 unum
1453 5592 1637 5655 verum
1676 5592 1995 5656 naturaliter

413 5659 723 5741 Dominum,
755 5677 999 5741 nonrtres
1033 5663 1192 5732 Deos,
1214 5659 1325 5741 sel
1354 5676 1465 5724 tres
1504 5686 1767 5741 personas
1802 5671 1853 5725 in
1886 5687 1994 5725 una

414 5729 717 5787 substantia
749 5744 802 5789 et
829 5729 1201 5809 divinitateac
1228 5729 1646 5809 majestate'sine
1676 5742 1830 5796 initio
1855 5758 1996 5796 sem—

413 5814 512 5872 per
533 5816 672 5869 esse,
698 5804 1055 5875 eumdemque
1080 5804 1416 5880 Filiuquui
1445 5826 1659 5879 semper
1685 5827 1807 5866 cum
1836 5811 1997 5868 Patre

2086 3286 2240 3357 tertio
2265 3283 2468 3338 Gloria.
2501 3284 2717 3357 Deinde,
2747 3284 2913 3357 Pater
2940 3293 3146 3357 noster.
3186 3283 3435 3351 Deinde,
3460 3288 3675 3357 signan

2086 3352 2259 3423 fronte
2302 3364 2351 3408 et
2399 3354 2584 3427 oculis,
2616 3355 2954 3424 omnibusque
2992 3355 3237 3427 membris
3276 3357 3424 3427 signa
3471 3352 3675 3422 crucis,

2087 3434 2210 3477 tunc
2238 3423 2502 3494 evangelio
2544 3425 2600 3478 in
2636 3442 2797 3479 manu
2834 3423 3066 3495 accepto,
3086 3436 3134 3478 et
3160 3425 3298 3495 facie
3324 3423 3391 3480 ad
3415 3426 3679 3484 orientem

2086 3510 2333 3548 conversa
2361 3495 2641 3549 dicendum
2668 3509 2685 3546 :
2723 3495 3005 3549 Matthaaus
3035 3505 3089 3549 et
3132 3496 3302 3551 Isaias
3332 3497 3679 3554 intercedant

2086 3575 2187 3633 pro
2210 3579 2313 3617 me.
2354 3562 2422 3616 Et
2463 3573 2587 3618 tunc
2632 3564 2766 3633 facie
2816 3565 2885 3619 ad
2928 3577 3167 3620 austrum
3210 3584 3457 3622 conversa
3490 3568 3678 3623 dicens

2086 3633 2213 3708 dum
2244 3648 2261 3685 :
2294 3633 2505 3708 Marcus
2529 3644 2588 3708 et
2614 3633 2876 3690 Jeremias
2903 3636 3243 3708 intercedant
3261 3654 3362 3708 pro
3393 3654 3500 3693 me.
3531 3638 3677 3692 Tunc

2088 3704 2223 3829 Emit:
2268 3704 2339 3757 ad
2391 3705 2706 3759 occidentem
2761 3713 3009 3760 conversa
3058 3703 3339 3762 dicendum
3365 3723 3385 3759 :
3412 3708 3592 3764 Lucas
3625 3718 3679 3762 et

2135 3774 2338 3829 zechiel
2380 3773 2671 3829 defendant
2717 3791 2819 3829 me.
2874 3776 2943 3829 Et
2972 3778 3028 3829 in
3074 3779 3344 3829 sinistram
3374 3779 3513 3829 facie
3557 3788 3679 3829 con-

2135 3774 2342 3849 zechiei
2380 3773 2671 3849 deiendan}
2717 3791 2819 3831 me.
2874 3776 2943 3830 Et
2972 3778 3028 3829 in
3074 3779 3344 3849 sinistram
3372 3779 3513 3849 facit
3557 3788 3681 3833 eon-

2088 3862 2235 3899 versa
2287 3843 2600 3900 dicendum:
2625 3845 2862 3902 Joannes
2896 3856 2955 3900 et
3005 3848 3191 3902 Daniel
3230 3843 3545 3904 custodiant
3569 3864 3677 3904 me.

2091 3913 2159 3969 Et
2208 3924 2386 3989 postea
2415 3914 2599 3970 dicetis
2630 3917 2819 3989 :Crus
2849 3918 2981 3989 mihi
3026 3918 3315 3989 refugium.
3349 3934 3487 3975 crux
3540 3920 3677 3974 mihi

2089 3984 2238 4040 certa
2272 3984 2451 4059 salus,
2480 4001 2611 4059 cru;
2660 3987 2876 4059 Domini
2925 3984 3169 4049 mecum,
3195 4005 3328 4044 crux
3376 3998 3461 4045 est
3514 3998 3681 4059 quam

2089 4070 2303 4130 semper
2338 4056 2526 4130 adoro.
2574 4056 2794 4130 Deinde,
2839 4056 3003 4130 Pater
3028 4066 3233 4114 noster.
3288 4060 3354 4113 Et
3386 4056 3571 4130 postia
3599 4062 3683 4113 di-

2089 4127 2310 4179 cendum
2342 4140 2359 4177 :
2387 4127 2466 4181 Da
2498 4128 2672 4191 nobis,
2701 4127 2945 4192 Domine,
2978 4128 3333 4193 intellectum,
3356 4127 3419 4183 u't
3438 4131 3680 4185 sciamus

2091 4195 2399 4267 testimonia
2430 4205 2542 4267 tua.
2568 4196 2729 4267 Aperi
2771 4198 2926 4252 nobis
2962 4214 3151 4255 sensus
3177 4209 3234 4254 et
3261 4200 3451 4256 oculos
3471 4199 3676 4264 cordis,-

2090 4265 2233 4340 sicut
2261 4266 2522 4336 aperuisti
2561 4265 2757 4340 sensus
2784 4270 3171 4340 apostolorum,
3198 4278 3259 4325 ut
3285 4272 3563 4340 possimus
3604 4271 3684 4324 ins

2092 4336 2350 4411 telligere_
2379 4346 2600 4411 sanctas
2645 4336 2974 4411 Scripturas.
3023 4339 3092 4393 Et
3128 4336 3313 4411 αρετιό
3340 4341 3675 4411 Δεειριπσριὶενς

2090 4406 2535 4479 ᾳηῳραρίηιιηυιζ
2559 4406 2783 4479 ἀνωίόξ
2805 4426 2866 4463 eo
2902 4410 3108 4463 intenta
3130 4406 3304 4465 mente
3328 4406 3595 4479 legentir,
3620 4418 3680 4463 ut

2093 4475 2377 4551 impleatur
2402 4475 2535 4531 illud
2553 4478 2694 4551 quod
2713 4478 2911 4551 dictum
2933 4489 3011 4551 est
3046 4497 3065 4534 :
3097 4480 3153 4534 In
3180 4481 3300 4551 lege
3340 4475 3558 4535 [Rimini
3584 4494 3680 4535 vod

2095 4545 2274 4631 luntas
2316 4546 2442 4631 gius
2487 4566 2500 4599 :
2548 4545 2619 4611 et,
2664 4550 2717 4631 in
2758 4548 2877 4631 lege
2924 4550 3043 4631 ejus
3085 4545 3573 4631 mediiahiturdie
3615 4564 3681 4631 ac

2093 4625 2271 4689 nocte.
2305 4617 2375 4670 Et
2405 4618 2593 4689 iterum
2626 4632 2645 4669 :
2676 4617 2836 4672 Beati
2873 4617 2967 4689 qui
3012 4630 3330 4689 scrutantur
3367 4622 3679 4676 testimonia

2091 4685 2225 4753 ejus,
2247 4687 2300 4741 in
2322 4696 2437 4741 toto
2454 4688 2616 4742 corde
2635 4685 2927 4753 exquirunt
2949 4706 3095 4744 eum.
3120 4688 3316 4744 Postea
3341 4691 3423 4745 vel
3452 4708 3561 4745 una

2092 4708 2225 4753 qus,
2247 4708 2300 4741 ιη
2322 4708 2437 4741 ιοιο
2454 4708 2616 4742 εοτυε
2635 4708 2699 4742 εκ
2743 4708 2927 4743 ιιιηωι
2949 4708 3095 4744 eum.
3120 4708 3316 4744 rostea
3341 4708 3421 4745 νει
3452 4708 3561 4745 una

2092 4758 2216 4827 gina
2244 4757 2560 4830 derepistolis
2589 4708 2751 4830 Pauli
2771 4758 2999 4828 legatur,
3028 4770 3085 4814 ut
3107 4761 3397 4815 secundum
3438 4708 3682 4830 reguli;

2093 4827 2444 4902 evangelicum
2464 4839 2511 4881 et
2524 4827 2876 4902 apostolicam
2906 4831 3049 4902 sciat
3083 4832 3302 4902 quisque
3328 4831 3467 4902 quid
3484 4827 3553 4885 de
3585 4830 3676 4902 Dei

2094 4899 2304 4971 servitio
2324 4914 2479 4971 agere
2498 4896 2664 4959 debet,
2683 4897 2763 4952 vel
2788 4900 2914 4969 quid
2937 4900 3060 4954 aliis
3083 4896 3391 4971 prrrdicafe.
3424 4901 3634 4955 Deinde
3659 4914 3678 4951 :

2094 4966 2309 5041 Christe
2330 4969 2454 5041 audi
2478 4983 2597 5031 nos,
2625 4978 2673 5021 et
2698 4966 2888 5041 cetera
2913 4986 3031 5040 qua!
3059 4966 3349 5041 sequuntur
3366 4970 3434 5024 de
3463 4971 3675 5025 (itania.

2092 5037 2316 5111 Deinde,
2339 5036 2501 5111 Pater
2532 5047 2735 5111 noster.
2754 5038 2840 5111 Et
2867 5036 2994 5093 tunc
3018 5036 3319 5111 inprimis
3345 5041 3679 5095 orationibus

2094 5106 2161 5182 ili
2185 5106 2394 5177 psalmi,
2422 5108 2477 5182 id
2497 5118 2595 5182 est,
2614 5108 2859 5182 Domine,
2889 5124 2958 5165 ne
2984 5111 3039 5166 in
3063 5106 3248 5164 furore
3277 5119 3370 5165 tuo
3389 5122 3610 5182 muas.
3629 5112 3676 5163 Ι.

2095 5177 2406 5247 Usquequu,
2440 5178 2683 5233 Domino.
2712 5178 2766 5232 2.
2795 5178 3065 5236 Dominus
3096 5182 3238 5247 regit
3265 5195 3371 5234 me.
3399 5177 3577 5235 5.Ἀά
3604 5188 3676 5244 te,

2094 5248 2340 5312 Domine,
2369 5249 2538 5302 levavi
2566 5250 2802 5302 animam
2849 5264 3045 5305 meam.
3077 5251 3130 5303 4.
3164 5248 3444 5305 Dominus
3478 5250 3679 5304 illumi-

2094 5319 2240 5373 natio
2293 5335 2430 5373 mea.
2487 5318 2539 5370 5.
2582 5318 2837 5373 Miserere
2882 5321 3012 5385 mei,
3064 5321 3227 5383 Deus,
3255 5321 3578 5375 secundum.
3620 5319 3681 5375 ϐε

2095 5389 2270 5453 Deus,
2321 5389 2376 5442 in
2426 5389 2644 5443 nomine
2686 5398 2797 5443 tuo.
2845 5389 2895 5441 7.
2943 5391 3086 5445 Deus
3125 5391 3454 5445 misereatur
3499 5390 3679 5447 nobis.

2094 5460 2149 5513 8.
2182 5461 2356 5523 Deus,
2399 5459 2451 5512 in
2484 5458 2806 5525 adiutorium
2843 5474 3045 5514 meum.
3072 5461 3126 5516 9.
3160 5460 3526 5516 Benedixisti.
3577 5460 3680 5515 Do-

2096 5529 2260 5584 mine.
2284 5530 2368 5583 to.
2394 5528 2617 5592 lnclina,
2641 5530 3089 5594 Domine,aurem
3119 5539 3287 5585 tuam.
3306 5532 3391 5585 ll.
3420 5530 3503 5584 Ad
3526 5539 3584 5585 te
3604 5530 3687 5583 ιε-

2094 5602 2213 5653 vavi
2265 5600 2450 5655 oculos
2497 5614 2665 5654 meos.
2713 5599 2796 5653 l3.
2830 5600 2905 5654 De
2950 5599 3378 5670 profundis.~l.'5.
3428 5596 3679 5664 Domine,

2097 5672 2337 5738 probasti
2389 5685 2495 5733 me,
2525 5678 2580 5724 et
2623 5670 2940 5740 cognovisti
2969 5685 3073 5725 me.
3118 5670 3205 5724 Η.
3238 5670 3402 5740 Eripe
3431 5686 3539 5729 me.
3572 5671 3649 5740 Do

2100 5741 2265 5803 mine,
2302 5741 2370 5794 ab
2415 5740 2630 5795 homine
2677 5738 2836 5795 malo.
2880 5739 2965 5793 lii.
3022 5741 3268 5804 Domine,
3314 5738 3535 5795 exaudi.
3592 5738 3659 5793 lG

2100 5810 2299 5865 Deinde
2348 5826 2364 5864 :
2413 5810 2653 5866 Laudato
2720 5810 3005 5865 Dominum
3058 5811 3114 5866 in
3169 5812 3374 5866 sanctis
3422 5810 3562 5882 ejus.
3612 5808 3684 5862 Et
