3946 6186
364 410 507 469 1415

401 585 500 647 clis
530 590 636 645 tuis
674 585 1064 643 confessionem
1111 601 1271 657 agere
1322 585 1518 657 tribue,
1548 593 1603 639 et
1652 600 1835 639 veram
1872 600 1937 657 ac

401 608 500 647 eus
530 608 636 645 ulls
674 608 1064 643 comesswnem
1111 608 1271 657 agere
1324 608 1518 649 trtuue,
1548 608 1603 639 ut
1655 608 1835 639 veram
1872 608 1936 638 nc

361 608 695 716 fructuosam
742 656 1117 727 pmnitentiam
1160 655 1715 727 emendationemque
1742 654 1936 727 condi-

358 747 524 801 gnam
554 738 678 801 ante
702 724 842 801 diem
868 727 1043 781 exitus
1067 726 1195 801 mei,
1225 725 1337 779 sive
1363 725 1434 801 sit
1459 725 1512 778 in
1540 724 1792 801 superbia
1819 739 1934 801 ma-

363 793 448 855 tre
472 799 712 856 omnium
743 798 1017 861 vitiorum,
1036 797 1148 851 sive
1176 796 1229 848 in
1252 794 1514 864 sacrilego
1552 794 1731 863 aliquo
1756 793 1933 864 modo,

363 870 480 925 sive
500 871 555 924 in
584 867 871 923 homicidio
892 866 1152 936 corporali
1174 865 1258 918 vel
1291 863 1536 933 spiritali,
1576 864 1687 918 sive
1711 864 1765 936 in
1791 863 1939 936 atlulf

368 940 509 996 terio
539 947 594 994 et
620 939 672 992 in
704 938 850 991 omni
880 933 1218 990 immunditia
1243 936 1422 989 cordis
1458 944 1513 989 et
1550 934 1817 1003 corporis,
1854 933 1938 987 vel

367 1012 533 1066 etiam
562 1009 615 1062 in
642 1006 931 1076 voluptatis
959 1022 1142 1059 amore
1160 1046 1175 1069 ,
1204 1006 1317 1059 sive
1354 1006 1407 1059 in
1441 1004 1576 1059 falso
1607 1004 1935 1076 testimonio,

367 1080 453 1135 vel
479 1081 645 1134 verbo
696 1072 979 1139 mendacii,
1005 1085 1096 1131 aut
1125 1076 1285 1128 etiam
1313 1076 1506 1138 otioso,
1530 1076 1642 1128 sive
1670 1076 1723 1128 in
1760 1072 1939 1143 perju-

365 1151 482 1213 rio,
518 1156 616 1202 aut
652 1146 703 1200 in
738 1145 1071 1214 juramento,
1096 1146 1207 1200 sive
1238 1146 1290 1198 in
1335 1145 1479 1198 furto
1505 1145 1703 1213 aliquo,
1742 1145 1854 1198 sive
1885 1143 1938 1197 in

368 1220 552 1287 rapina
579 1216 661 1271 vel
683 1216 891 1295 fraude,
922 1216 1037 1270 sive
1058 1216 1257 1295 inedia
1275 1215 1356 1267 vel
1379 1216 1578 1295 invidia
1603 1214 1939 1295 ergaproxif

370 1285 516 1343 mum
544 1302 722 1340 meum
775 1286 1031 1353 aliquem,
1057 1286 1140 1339 vel
1182 1286 1234 1338 in
1282 1287 1631 1339 meditatione
1667 1285 1773 1338 doli
1803 1302 1816 1336 :
1848 1290 1941 1338 aut

364 1357 421 1412 in
448 1356 562 1411 zelo
598 1355 755 1419 malo,
781 1357 894 1410 sive
926 1356 977 1408 in
1009 1356 1358 1419 detractione,
1377 1355 1458 1408 vel
1494 1355 1936 1417 murmuratione,

368 1427 481 1481 sive
511 1427 564 1480 in
591 1426 955 1488 animositate,
990 1425 1074 1479 vel
1102 1425 1152 1478 in
1178 1425 1453 1479 iracundia
1483 1425 1702 1494 injusta,
1728 1425 1812 1478 vel
1840 1424 1939 1476 im-

367 1496 665 1559 moderata,
704 1495 815 1549 sive
847 1496 918 1549 sit
942 1495 996 1548 in
1034 1494 1259 1548 avaritia
1286 1496 1524 1550 omnium
1566 1495 1829 1548 malorum
1855 1508 1941 1547 ra-

363 1566 500 1625 dice,
531 1566 645 1619 sive
687 1565 740 1618 in
770 1564 891 1634 gula
931 1563 1013 1618 vel
1059 1564 1337 1626 ebrietate,
1370 1566 1422 1618 in
1462 1565 1714 1633 omnique
1744 1579 1942 1634 concu-g

368 1636 631 1716 piscentia
660 1633 822 1715 mala,
860 1644 1021 1716 atque
1049 1635 1441 1716 tenacia,.si\'e_
1459 1635 1512 1689 in
1548 1634 1831 1716 jactantia,
1854 1633 1939 1715 vel

368 1704 547 1774 inanis
566 1704 750 1774 glorim
777 1705 1037 1773 appetitu,
1068 1704 1118 1756 in
1152 1705 1403 1772 omnique
1428 1705 1719 1773 hypocrisi,
1750 1704 1860 1757 sive
1886 1704 1939 1757 in

366 1773 606 1853 acedia,“
603 1774 684 1853 vel
710 1783 949 1853 torpore,
989 1774 1041 1827 in
1068 1774 1322 1853 omnique
1356 1775 1590 1853 pigritia,
1621 1775 1938 1853 negligentia

366 1843 548 1924 operis
569 1843 685 1906 Dei,
716 1843 828 1896 sive
855 1843 915 1923 in
953 1843 1337 1924 supplicatione
1365 1846 1547 1932 l‘ratqis
1565 1843 1832 1932 .alicujps,
1858 1843 1939 1897 vel
1971 1872 2014 1932 Β

367 1914 424 1966 in
471 1921 778 1980 contemptu
821 1912 958 1981 ejus,
1009 1914 1122 1966 sive
1171 1913 1371 1982 injuste
1406 1913 1637 1981 judicio,
1688 1914 1769 1967 vel
1805 1929 1937 1968 con-

366 1982 714 2052 demnatione
732 1982 1107 2052 innocentum,
1157 1983 1271 2036 sive
1318 1983 1370 2036 in
1426 1999 1491 2038 eo
1540 1983 1681 2052 quod
1726 1984 1940 2051 corpori

366 2065 491 2106 meo
519 2051 650 2132 plus
672 2051 873 2132 laboris
904 2051 1120 2132 indulsi,
1150 2068 1312 2132 quam
1327 2053 1493 2132 debui
1518 2051 1570 2106 in
1592 2054 1737 2132 omni
1767 2062 1943 2132 trans-

363 2121 638 2192 gressione
659 2121 1034 2175 mandatorum
1062 2122 1293 2192 Domini.
1327 2122 1527 2177 Deinde
1560 2125 1723 2178 etiam
1748 2124 1813 2178 de
1842 2123 1944 2176 mi-

367 2191 516 2263 nutis
545 2192 783 2263 peccatis
820 2200 1021 2263 quanta
1054 2191 1132 2244 vel
1156 2191 1339 2263 qualia
1360 2193 1489 2257 sint,
1522 2202 1782 2263 quantum
1814 2209 1939 2247 sen-

366 2260 444 2316 tio
472 2271 527 2316 et
566 2260 1257 2331 intelligo,velquantaex
1296 2262 1377 2317 eis
1402 2260 1742 2318 dinumerare
1769 2263 1942 2328 valeo,

370 2330 798 2403 quotiescunque
836 2330 1092 2403 instinctu
1118 2332 1257 2402 gula:
1289 2333 1342 2386 in
1362 2331 1507 2403 rcibo,
1536 2333 1619 2387 vel
1662 2342 1792 2403 potu
1821 2335 1941 2403 plus

364 2400 752 2472 sumpsiquam
786 2400 917 2472 mibi
971 2400 1483 2467 esset'necessitas,
1528 2403 1612 2457 vel
1662 2400 1784 2459 etim
1820 2400 1942 2472 plus

365 2468 595 2550 dormivi
608 2468 783 2550 quam
807 2469 1057 2550 deberem
1075 2513 1089 2534 ,
1118 2472 1202 2525 vel
1240 2488 1362 2550 cum
1386 2472 1504 2550 plus
1549 2468 1837 2550 loquebar,
1857 2475 1943 2529 vel

366 2538 490 2612 plus
519 2538 660 2612 tacui
677 2556 837 2610 quam
853 2538 1057 2607 justum
1088 2551 1250 2606 esset,
1276 2538 1496 2612 velplus
1520 2538 1794 2612 quassatio
1816 2538 1942 2600 e-xe-

364 2610 554 2679 gisset,
569 2610 652 2664 vel
665 2625 985 2680 quocunque
1007 2612 1166 2666 modo
1183 2610 1517 2680 iniquitatem
1536 2610 1938 2680 consenseram,

365 2688 421 2733 et
447 2680 819 2756 delinquentes
840 2697 945 2734 non
975 2682 1241 2750 corripui,
1285 2683 1714 2756 quandocunque
1745 2700 1945 2756 paupe-

367 2765 455 2826 res
478 2751 547 2803 ad
571 2765 655 2805 me
681 2752 979 2826 clamantes
1000 2767 1324 2826 exasperare
1350 2769 1454 2806 non
1478 2751 1647 2817 timui,
1664 2751 1837 2826 neque
1852 2751 1944 2826 ge-

367 2820 558 2890 mitum
578 2834 765 2874 eorum
792 2818 992 2885 audivi,
1013 2818 1185 2890 neque
1205 2822 1469 2877 dolentem
1495 2818 1807 2878 consolatus
1822 2818 1942 2880 sum

365 2904 490 2964 eum
514 2886 668 2964 juxta
697 2890 839 2964 vires
887 2898 943 2944 et
985 2886 1293 2964 facultatem
1347 2908 1520 2948 meam
1568 2903 1731 2964 atque
1766 2895 1944 2949 scien-

366 2958 521 3032 tiam,
553 2959 935 3032 indigentibus,
968 2968 1021 3015 et
1070 2961 1247 3017 minus
1296 2964 1604 3032 potentibus
1643 2958 1945 3020 subvenire

367 3028 600 3100 neglexi,
625 3028 687 3086 et
708 3029 1102 3102 eleemosyuam
1148 3028 1327 3087 minus
1366 3043 1459 3088 aut
1491 3034 1701 3090 arctius
1729 3034 1947 3090 exercui

1370 404 1463 459 AD
1499 400 1726 460 OPERA
1764 404 1825 460 Β.
1866 404 2141 461 ALCUINI
2178 402 2616 460 APPENDICES.

363 521 504 589 laus,
535 526 592 575 tu
636 517 767 573 mihi
779 531 986 642 Ipuram
1014 530 1198 572 coram
1230 522 1283 570 te
1311 521 1365 570 et
1392 530 1579 571 coram
1606 513 1809 569 sanctis
1833 529 1932 568 an-
1962 521 2009 580 Α

365 591 500 642 uelis
530 590 636 642 tuis
674 604 772 642 con
798 587 1064 642 essionem
1111 601 1271 642 agere
1322 585 1518 642 tribue.
1548 593 1603 639 et
1652 600 1835 639 veram
1872 600 1937 638 ac

3487 403 3625 458 HIS

2034 530 2197 584 quam
2242 514 2529 578 deberem,
2573 520 2668 584 aut
2712 526 2834 584 cum
2871 526 2978 584 non
3013 510 3251 584 jejunavi
3293 526 3420 584 eum
3446 513 3621 581 valui,

2034 581 2119 639 vel
2136 584 2321 648 debui,
2352 600 2475 639 eum
2502 582 2707 637 tardius
2734 582 2802 636 ad
2831 581 3105 636 orationes
3121 590 3178 636 et
3200 581 3416 653 vigilias
3436 599 3625 639 resur-

2034 655 2187 719 rexi,
2208 670 2370 723 quam
2406 668 2522 707 mea
2545 660 2689 707 esset
2714 653 3031 723 necessitas,
3050 660 3149 723 aut
3176 652 3300 706 cum
3331 652 3389 723 in
3426 663 3621 709 sancta

2036 722 2263 779 ecclesia
2294 724 2379 777 vel
2402 724 2457 777 in
2480 737 2807 793 quocunque
2830 722 3091 793 orationis
3117 723 3235 777 loco
3262 722 3346 776 vel
3372 732 3623 793 tempore

2035 794 2092 847 in
2121 795 2323 848 otiosas
2349 802 2403 848 et
2427 790 2640 863 iniquas
2668 790 2756 845 me
2782 790 2995 863 fabulas
3035 792 3318 862 occupavi,
3348 801 3405 846 et
3449 790 3620 848 insta-

2036 863 2161 919 bilis
2210 872 2265 917 et
2298 880 2464 933 vagus
2517 861 2668 917 eram
2696 862 2748 914 in
2788 861 2969 916 animo
3003 877 3142 925 meo,
3170 861 3293 917 eum
3335 878 3497 918 orare
3529 864 3621 920 vel

2039 933 2205 987 Deum
2232 934 2454 987 laudare
2481 934 2801 995 debueram;
2836 941 2931 985 aut
2974 948 3095 987 cum
3138 933 3191 986 in
3240 933 3490 997 vinculis,
3531 937 3621 990 vel

2040 1003 2092 1056 in
2126 1004 2580 1066 tribulationibus,
2610 1005 2723 1057 sive
2748 1004 2801 1055 in
2834 1002 3146 1056 infirmitate
3171 1004 3362 1071 positis
3382 1019 3490 1057 non
3510 1007 3622 1058 mi-

2039 1074 2286 1138 nisuavi,
2326 1089 2496 1143 neque
2526 1087 2618 1126 eos
2646 1073 2884 1136 visitavi,
2916 1087 3039 1125 cum
3087 1073 3368 1127 discordes
3418 1082 3475 1127 et
3509 1076 3624 1130 dis-

2038 1145 2276 1198 sidentes
2319 1144 2386 1198 ad
2431 1143 2776 1197 concordiam
2827 1157 2933 1195 non
2981 1144 3248 1207 revocavi,
3277 1144 3323 1196 si
3372 1147 3621 1200 seniores

2039 1228 2207 1276 meos,
2239 1215 2323 1267 vel
2358 1215 2666 1268 confratres
2692 1213 2773 1265 vel
2805 1226 3153 1283 quascunque
3197 1228 3457 1282 personas
3496 1215 3622 1283 plus

2040 1286 2351 1353 exasperavi
2378 1299 2546 1353 quam
2589 1282 2979 1353 oportetmihi,
3009 1283 3094 1335 vel
3135 1299 3256 1336 cum
3298 1282 3534 1352 aliquem
3556 1296 3622 1339 et

2040 1352 2252 1423 injustis
2292 1352 2567 1408 blanditiis
2605 1352 2848 1416 de-Iiaivi,
2879 1352 2961 1405 vel
2990 1367 3111 1405 cum
3142 1354 3469 1407 maledicere
3497 1354 3623 1410 aliis

2041 1440 2145 1477 non
2171 1425 2343 1488 timui,
2377 1438 2549 1492 neque
2578 1425 2711 1477 alios
2729 1422 3134 1490 blasphemare;
3168 1433 3261 1476 aut
3281 1438 3406 1477 cum
3430 1424 3623 1478 imbe-

2040 1494 2192 1547 diens
2236 1495 2310 1549 fui
2340 1496 2432 1549 Dei
2464 1493 2769 1564 prmeeptis,
2818 1492 2901 1564 vel
2948 1493 3183 1545 hominis
3232 1494 3299 1545 ad
3343 1492 3619 1561 justitiam

2040 1572 2134 1617 aut
2164 1564 2390 1619 aliorum
2427 1563 2687 1617 bonorum
2730 1563 2931 1616 monita
2979 1565 3302 1631 contempsi,
3344 1579 3471 1617 cum
3500 1563 3621 1633 plus

2039 1634 2377 1703 praesumpsi,
2409 1643 2503 1687 aut
2524 1634 2754 1703 amplius
2780 1634 2835 1685 in
2865 1633 3211 1686 contentione
3234 1634 3419 1703 iniqua
3453 1634 3541 1687 vel
3566 1634 3622 1688 in

2039 1702 2335 1775 pertinacia
2390 1702 2661 1774 permansi
2692 1718 2855 1775 quam
2905 1703 3199 1775 deberem,
3249 1702 3519 1775 velgcum
3568 1704 3623 1756 in

2041 1773 2277 1843 ineptam
2310 1773 2550 1829 lmtitiam
2571 1814 2586 1839 ,
2633 1782 2688 1827 et
2726 1773 2778 1825 in
2806 1773 3212 1843 scurrilitatem,
3246 1773 3300 1825 in
3328 1773 3526 1843 risum,
3571 1782 3630 1827 et

2045 1845 2097 1898 iu
2123 1842 2306 1912 jecum
2330 1860 2527 1898 vanum
2554 1843 2946 1912 meoccupavi,
2980 1842 3063 1894 vel
3082 1857 3203 1895 cum
3228 1842 3627 1897 contumeliosa

2042 1915 2164 1969 aliis
2193 1916 2355 1968 verba
2381 1915 2526 1983 loqui
2556 1930 2659 1968 non
2690 1914 2889 1975 metui,
2935 1920 3045 1983 aut,
3065 1913 3200 1966 alios
3224 1912 3470 1982 despexi,
3506 1914 3627 1966 sive

2042 2000 2164 2039 cum
2203 1985 2269 2039 de
2317 1982 2528 2055 injuriis
2566 1982 3083 2055 velcontumeliosis
3131 1996 3261 2055 erga
3307 1998 3391 2055 me
3420 1984 3625 2055 verbis

2041 2055 2302 2109 ultionem
2336 2052 2540 2109 reddidi
2587 2054 2671 2109 vel
2700 2052 2924 2107 reddere
2950 2053 3212 2123 cogitavi,
3260 2061 3313 2106 et
3362 2052 3628 2120 injustam

2044 2125 2463 2179 amaritudinem
2490 2126 2543 2178 in
2565 2126 2730 2178 corde
2756 2123 2974 2187 reiinui,
3002 2124 3117 2176 sive
3140 2138 3262 2176 cum
3297 2123 3417 2192 plus
3461 2139 3632 2177 mun-

2043 2195 2169 2249 dum
2209 2196 2353 2249 hunc
2398 2210 2560 2265 quam
2606 2196 2772 2265 Deum
2815 2194 3011 2265 dilexi;
3045 2194 3112 2246 de
3134 2192 3263 2265 istis
3300 2207 3519 2265 quoque
3569 2201 3631 2265 et

2045 2266 2111 2319 de
2140 2266 2258 2321 aliis
2288 2263 2445 2319 malis
2470 2264 2719 2319 omnibus
2745 2263 3042 2332 majoribus
3079 2263 3161 2318 vel
3188 2264 3512 2326 minoribus,
3534 2263 3626 2316 vel

2046 2350 2275 2405 quorum
2298 2336 2573 2399 recordor,
2615 2342 2708 2388 aut
2740 2349 2845 2387 nou
2891 2334 3166 2397 recordor,
3209 2333 3265 2405 in
3291 2333 3634 2405 quibusmu-

2046 2404 2151 2473 Que
2179 2405 2262 2459 vel
2291 2420 2611 2475 quocunque
2642 2405 2799 2458 modo
2828 2405 3070 2475 peccavi,
3105 2404 3457 2475 autAdeliqui,
3490 2404 3630 2475 tibi;

2045 2472 2287 2545 piissime
2309 2472 2627 2545 Dominator
2651 2475 2811 2538 Deus,
2847 2474 3051 2545 pariter
3088 2472 3356 2528 conﬁteor
3389 2490 3405 2526 :
3434 2484 3493 2545 tu
3524 2474 3636 2545 Do.

2048 2543 2214 2611 mine,
2270 2559 2368 2615 per
2416 2544 2740 2600 ineﬂ‘abilcm
2792 2544 3135 2615 clementiam
3183 2553 3330 2597 tuam
3358 2584 3373 2608 ,
3427 2543 3495 2597 de
3540 2543 3637 2597 bis

2048 2614 2299 2670 omnibus
2325 2616 2378 2668 in
2418 2616 2519 2686 hac
2559 2615 2669 2668 vita
2701 2614 2951 2686 praesenti
2990 2614 3383 2668 confessionem
3409 2627 3630 2682 puram,

2048 2693 2104 2740 et
2127 2701 2310 2740 veram
2340 2701 2404 2739 ac
2427 2685 2756 2740 fructuosam
2784 2685 3153 2755 penitentiam
3181 2699 3341 2754 agere
3362 2686 3631 2743 concede,

2048 2764 2104 2811 et
2134 2757 2221 2810 hic
2254 2770 2351 2825 per
2397 2754 2825 2810 misericordiam
2879 2763 3027 2808 tuam
3075 2769 3197 2807 cum
3243 2754 3631 2825 emendatione

2050 2823 2314 2897 condigna
2339 2826 2552 2880 veniam
2597 2826 2914 2896 promereri,
2965 2840 3164 2897 perque
3210 2823 3643 2897 intercessiones

2050 2905 2105 2950 et
2135 2894 2327 2950 merita
2353 2894 2662 2950 sanctorum
2697 2903 2911 2949 tuorum
2953 2894 3021 2949 ad
3045 2904 3303 2949 aeternam
3328 2909 3419 2949 me
3449 2894 3637 2948 tribue

2050 2965 2439 3021 beatitudinem
2484 2967 2786 3036 pervenire,
2820 2966 2913 3034 qui
2967 2980 3176 3027 manes,
3204 2973 3258 3019 et
3304 2964 3447 3023 vivis
3490 2964 3645 3019 Deus

2052 3050 2285 3107 regnans
2317 3037 2371 3091 in
2398 3035 2594 3091 srecula
2632 3035 2975 3091 cenaculorum.
3003 3035 3195 3089 Arnen.

383 3170 2758 3200 *ψῃ-*ΨΜ

1028 3290 1057 3319 ι
1093 3274 1463 3335 ANNALES
1494 3278 1522 3318 δ
1565 3275 1669 3337 UT
1714 3275 2069 3337 VIDETUR
2111 3227 2458 3339 ALCUINI.
2502 3278 2634 3338 AN.
2670 3278 2966 3338 782—797.

1564 3417 1756 3480 (Pertz,
1780 3417 2094 3468 Monumenta
2120 3418 2289 3470 Germ.
2315 3420 2455 3483 hist.)

1801 3522 2189 3543 ——-————o

371 3586 509 3642 Pars
541 3585 705 3658 prior,
732 3603 821 3641 an.
847 3583 1104 3658 782—787,
1126 3602 1192 3640 ea:
1214 3587 1334 3658 eod.
1360 3586 1417 3641 S.
1450 3586 1698 3644 Germani
1727 3598 1775 3643 et
1805 3589 1947 3644 Ann.
1975 3592 2022 3653 ο
2125 3591 2247 3646 790.
2289 3592 2371 3647 Ad
2395 3593 2771 3648 Wormatiam.

956 3653 1356 3711 Juvamst'bu.

441 3748 564 3805 782.
594 3747 653 3802 In
678 3746 974 3802 Carisiaco.

441 3819 566 3875 783.
599 3817 655 3873 In
683 3814 1092 3872 Theudunvilla.

443 3888 545 3945 784
573 3887 740 3945 (786).
770 3886 827 3941 In
854 3886 1128 3942 Aristalle.

443 3888 545 3945 7st
597 3888 698 3942 786
730 3930 740 3941 .
770 3888 827 3941 In
854 3888 1128 3942 Aristalle.

441 3958 547 4015 735
572 3888 742 4027 imi
770 3957 827 4013 In
854 3957 1170 4028 Eresburgi.‘

440 4028 544 4083 786
577 4028 746 4097 (788).
783 4028 1049 4097 Attinago.

439 4100 542 4155 787
572 4097 740 4155 (790i.
776 4098 958 4152 Roma:
980 4097 1273 4153 celebravit
1301 4097 1509 4154 Pascha
1539 4099 1787 4155 domnus.

439 4187 577 4244 Pars
603 4189 791 4255 altera,
822 4206 909 4243 an.
936 4187 1192 4252 788—797,
1217 4204 1282 4243 ea:
1308 4188 1446 4245 Ann.
1472 4189 1874 4245 Juvavensﬂms.

440 4282 562 4339 788.
607 4282 845 4337 Domnus
888 4297 982 4337 rex
1028 4279 1253 4336 Carolus
1295 4281 1590 4337 celebravit
1642 4282 1846 4339 Pascha
1893 4282 1948 4337 in

366 4348 724 4439 luglimbaim.
1218 4410 1227 4415 Α

448 4423 565 4479 ι89.
603 4423 661 4477 lu
688 4421 877 4492 Aquis.

439 4566 466 4625 ξ
501 4553 578 4608 Ex
607 4553 793 4625 codice
820 4552 1163 4625 bibliothecae
1189 4550 1387 4625 Regiae,
1419 4570 1473 4607 n.
1500 4553 1626 4621 989,
1655 4571 1816 4610 manu
1846 4571 1948 4611 sa:-

365 4623 475 4681 culi
506 4624 634 4694 noni
662 4623 899 4694 ineuntis
925 4624 1148 4694 scripto.

439 4694 467 4734 ι)
501 4693 559 4750 ld
587 4702 671 4749 est
697 4702 839 4748 noue
865 4692 1103 4749 locorum
1130 4693 1327 4764 quibus
1354 4692 1580 4750 Carolus
1615 4710 1707 4751 rex
1739 4696 1947 4752 Pascha

2130 3662 2254 3716 791.
2292 3662 2517 3719 Carolus
2542 3665 2593 3717 in
2623 3662 2919 3720 Pannonia.

2131 3732 2254 3806 179?-
2294 3733 2375 3806 Ad
2406 3734 2804 3806 Basenesburc.

2131 3803 2252 3857 793.
2292 3802 2374 3859 Ad
2403 3802 2849 3859 Frauchouofurt.

2126 3873 2251 3945 79d.
2291 3874 2374 3929 Ad
2400 3873 2585 3945 Aquis.

2129 3942 2255 4016 295-
2296 3944 2376 4016 Ad
2402 3942 2589 4016 Adnis-

2131 4013 2253 4085 799.
2292 4013 2374 4085 Ad
2397 4013 2583 4085 Aquis.

2121 4083 2244 4137 797.
2281 4083 2362 4138 Ad
2385 4083 2572 4154 Aquis.

2104 4225 2298 4282 Manus
2324 4228 2504 4282 amuli
2532 4245 2585 4283 ix
2610 4231 2837 4283 ineuntis
2862 4231 2919 4284 in
2952 4232 3068 4284 cod.
3100 4229 3157 4287 S.
3188 4229 3367 4288 Germ.
3395 4235 3549 4291 addit
3569 4250 3591 4294 :

2048 4359 2242 4484 mill-4.
2271 4376 2306 4413 v
2331 4358 2447 4415 Kal.
2476 4361 2633 4417 Febr.
2660 4362 2792 4417 obiit
2832 4362 3058 4420 Carolus
3099 4364 3346 4439 [Magnus
3370 4368 3424 4441 ε]
3466 4376 3651 4441 impe-

2053 4561 2360 4618 celebravit.

2118 4644 2148 4671 ·ο
2186 4634 2300 4689 Vos
2333 4633 2559 4705 Magnus
2584 4651 2743 4692 manu
2774 4638 2954 4694 seculi
2981 4656 3013 4693 x
3043 4640 3279 4695 ineuntis
3303 4641 3513 4698 addita.

388 4839 3622 4870 ._...____.__________________________________________

954 4953 1405 5082 Ellllllllllll
1488 4950 2117 5081 HISTORICUM
2204 4955 2517 5080 BEATI
2605 4955 3041 5088 ALCUlNl.

1488 5116 1721 5181 (MabilL,
1748 5117 1855 5168 Act.
1883 5118 1974 5167 SS.
1996 5116 2104 5166 ord.
2129 5117 2183 5166 S.
2210 5116 2512 5176 Benedlcti.)

886 5260 1115 5319 CAPUT
1152 5261 1443 5319 PRIMUM.

366 5351 542 5408 Albini
580 5363 828 5424 quatuor,
854 5352 1068 5409 Marini
1105 5357 1252 5481 enutrio
1297 5357 1532 5422 nomina,
1566 5358 1739 5428 patria
1769 5368 1818 5412 et
1857 5377 1951 5431 pa-

1066 5442 1121 5479 n
1179 5443 1252 5480 es.

1066 5442 1232 5480 ηηιεε
1238 5466 1252 5480 .

442 5531 492 5584 l.
534 5530 645 5590 Hoc
701 5535 754 5612 in
790 5535 1002 5612 limine__
1025 5536 1383 5612 distinguendi
1419 5548 1544 5612 sunt
1590 5540 1767 5596 Albini
1816 5557 1950 5612 qua-

368 5606 513 5681 tuor,
543 5618 610 5656 ne
637 5607 762 5681 qt_tis_
779 5606 1212 5681 cum'_aliquibus
1244 5609 1377 5681 viris
1420 5610 1593 5665 doctis
1620 5612 1675 5665 in
1704 5606 1949 5669 errorem

371 5674 649 5754 impingat.
676 5674 889 5754 Primus
911 5676 1015 5754 fuit
1029 5674 1262 5754 Mbinus
1287 5680 1454 5754 abbas
1476 5684 1791 5754 monasterii
1813 5682 1950 5738 Can-

372 5744 691 5819 εμεῃσὶεδιιειιίεῖι,Δ
711 5744 961 5819 laudatus
1002 5747 1057 5801 in
1099 5747 1349 5819 Historia:
1377 5750 1598 5819 prologo
1626 5753 1951 5808 venerabilis

368 5808 547 5879 Beda,
573 5821 629 5868 et
677 5813 731 5866 in
774 5814 866 5867 lib.
896 5832 945 5879 v,
986 5831 1104 5886 cap.
1133 5818 1224 5882 2|,
1258 5819 1325 5872 ad
1369 5808 1746 5888 quemvexstat
1792 5823 1949 5879 Bedac

1983 5275 2030 5332 ι)
2056 5263 2485 5348 eplstola._Alter
2509 5265 2858 5348 [nit-Albiups
3010 5269 3293 5348 Aletrinas,
3322 5273 3388 5348 de
3417 5289 3529 5345 quo
3558 5276 3643 5332 hic

2058 5336 2288 5406 agimus,
2318 5336 2473 5412 logge
2510 5337 2696 5412 junior
2722 5338 2900 5412 primo
2928 5338 3019 5395 illo
3041 5340 3259 5412 Albino,
3278 5336 3381 5412 'qui
3415 5336 3484 5398 ἑο
3510 5350 3648 5401 tem-

2056 5422 2322 5486 pureque
2358 5406 2523 5486 Beda
2548 5406 2842 5486 Historiam
2884 5425 3035 5486 suam
3076 5406 3323 5486 scribere
3355 5428 3648 5486 aggressus

2057 5484 2160 5539 est,
2193 5477 2303 5543 jam
2330 5492 2362 5531 e
2392 5477 2527 5531 vivis
2551 5477 2778 5543 abierat,
2808 5487 2869 5532 ut
2896 5480 3029 5535 satis
3059 5496 3123 5536 ex
3150 5477 3311 5537 Beda:
3348 5477 3535 5540 véFbis
3564 5484 3645 5540 in-

2057 5546 2334 5616 telligitur,
2366 5562 2487 5601 cum
2514 5546 2777 5602 Alcuinus
2823 5550 3058 5606 nondum
3101 5561 3261 5607 natus
3285 5563 3427 5608 erat.
3454 5554 3529 5608 Et
3556 5563 3644 5610 ta-

2056 5618 2760 5692 men_unum_eumd_emque
2798 5617 2963 5675 fuisse
3007 5622 3215 5692 putavit
3242 5622 3641 5680 illustrissimus

2056 5687 2347 5756 cardinalis
2369 5686 2653 5749 Baronius,
2674 5686 2831 5756 cujus
2864 5686 3162 5749 auctoritas
3191 5692 3326 5749 alios
3357 5694 3642 5750 nonnullos

2057 5758 2224 5810 traxit
2250 5754 2301 5810 in
2328 5772 2589 5811 errorem.
2625 5754 2844 5815 Tertius
2885 5759 2986 5815 fuit
3009 5761 3235 5818 Albinus
3261 5763 3460 5819 Leonis

2059 5777 2224 5810 traxu
2250 5777 2301 5810 In
2328 5777 2589 5811 errorem.
2628 5777 2659 5812 ι
2671 5777 2844 5815 ornus
2885 5777 2986 5815 nm
3009 5777 3235 5818 Albinus
3262 5777 3460 5819 Leonis

2059 5826 2201 5881 tertii
2245 5827 2627 5894 cubicularius,
2669 5843 2734 5883 ex
2773 5830 3059 5901 Eginhardi
3088 5831 3385 5889 Annalibus
3430 5777 3643 5889 am
