3946 6186
449 367 584 421 1127

1435 365 1525 420 AD
1563 364 1788 422 OPERA
1829 363 1888 417 Β.
1931 362 2205 418 ΛΜΙΕΙΝΙ
2242 361 2681 418 APPENDICES.

3560 357 3692 417 {1'28

512 481 601 537 40.
643 480 931 536 Monachus
971 495 1037 536 eo
1077 481 1130 536 in
1168 481 1288 537 loco
1330 479 1632 548 perstitisse
1674 479 1888 532 vivente
1927 476 2016 548 Al-
2045 485 2090 543 Α
2119 474 2427 548 singillatim
2460 489 2556 529 eos
2597 474 2684 529 his
2721 473 2901 548 verbis
2930 491 2945 548 ε
2977 471 3205 548 Parente
3229 473 3419 548 hunc,
3459 481 3522 548 et
3554 473 3695 548 hunc

443 553 605 608 cuine
637 552 800 609 certis
827 552 959 606 mihi
992 551 1177 606 videor
1212 547 1628 618 deprehendisse
1662 547 2011 618 argumentis.

443 619 675 697 [therius
699 621 1241 697 abbasMsrtinianus
1267 617 1541 697 primariis
1567 617 1761 697 listeris
1789 617 1856 697 de
1883 631 2015 697 eun.—

446 692 647 753 ditione
683 691 914 749 coenobii
943 686 1363 746 Cormaricetisis
1399 704 1536 740 anno
1564 688 1635 741 25
1663 686 1839 741 Caroli
1883 687 2016 756 regis

444 760 735 816 subscribit
758 779 877 816 eum
911 762 1112 830 aliquot
1144 758 1455 830 monasterii
1481 758 1560 811 sui
1592 757 1875 830 coenobitis
1904 775 1916 808 :
1946 771 2015 830 ex

444 831 642 900 quibus
674 833 764 900 qui
792 826 1091 901 presbyteri
1123 839 1212 883 aut
1248 827 1457 901 diaconi
1490 828 1908 901 erant,_omisso
1937 826 2018 896 (ut

444 898 560 956 tum
580 898 852 974 mos'erat)
877 898 1125 974 monachi
1149 898 1321 974 titulo,
1343 898 1585 952 ordinem
1607 898 1834 974 quisque
1861 911 2016 974 suum

445 980 720 1042 apponunt
761 965 1044 1042 presbyter,
1087 970 1199 1042 sive
1224 968 1530 1042 diaconus:
1571 965 1686 1042 qui_
1706 982 1833 1042 vero
1879 965 2018 1020 infra

446 1037 544 1094 hos
568 1037 769 1103 gradus
789 1037 963 1103 erant,
995 1039 1233 1093 monac/ii
1264 1038 1623 1092 subscrihunt.
1657 1037 1855 1090 Deinde
1878 1052 2020 1088 mor-

446 1118 540 1166 tuo
568 1108 764 1165 Itherio
788 1110 1043 1164 Alcuinus
1071 1111 1122 1162 in
1148 1108 1451 1163 etenobium
1473 1108 1881 1160 Cormariccnse
1907 1122 2021 1160 mo-

447 1181 652 1234 nachos
681 1181 918 1248 induxit,
950 1180 1232 1248 impetrato
1263 1177 1438 1231 Caroli
1469 1177 1818 1248 privilegio,__c
1857 1186 1914 1248 ut
1945 1176 2023 1248 lo-

445 1265 540 1304 cus
569 1249 657 1304 ille
684 1265 788 1302 non
820 1246 1126 1304 auferretur
1152 1249 1217 1302 de
1257 1255 1520 1304 potestate
1549 1248 1719 1299 sancti
1759 1246 1973 1298 Martini
2007 1263 2018 1296 :

445 1328 538 1388 sed
569 1328 624 1373 ut
649 1320 722 1374 ibi
747 1320 976 1388 pleniter
997 1319 1098 1372 sub
1128 1315 1309 1388 regula
1338 1316 1508 1369 sancti
1537 1315 1811 1388 Benedicti
1842 1315 2024 1388 vivant

443 1387 700 1457 degentes
729 1386 1010 1452 monachi,
1039 1396 1096 1442 et
1132 1386 1366 1442 habeant
1390 1386 1782 1457 protectionem
1800 1393 1873 1457 et
1899 1386 2026 1439 sub-

445 1454 642 1512 sidium
670 1459 736 1512 ab
766 1459 1050 1513 abbatibus
1089 1454 1410 1512 monasterii
1443 1455 1612 1508 sancti
1657 1454 1906 1518 Martini,
1937 1469 1956 1504 s
1993 1469 2024 1506 a

445 1529 644 1599 quibus
670 1529 768 1599 ipsi
799 1537 1134 1599 regerentur,
1159 1525 1602 1599 datodiplomalc
1629 1541 1766 1599 anno
1788 1523 1858 1576 “22
1881 1525 2025 1599 regni

491 1596 648 1663 aroli,
691 1592 754 1653 'id
798 1592 886 1654 est
925 1615 1066 1652 anno
1109 1598 1306 1652 Christi
1352 1592 1818 1666 octingentesimo.
1848 1592 2026 1666 _Atq_ui

445 1669 604 1748 longe
633 1677 744 1748 tum
781 1670 849 1722 ab
887 1670 1073 1748 optimi
1101 1663 1536 1748 princip‘ishtunt‘
1557 1665 1623 1718 ab
1651 1664 1878 1748 Alcuini
1897 1663 2024 1717 reli-

445 1735 623 1809 gione,
648 1747 760 1792 tum
786 1754 814 1791 a
837 1735 1078 1809 moribus
1101 1735 1241 1809 illius
1259 1737 1433 1809 aetatis
1454 1735 1801 1809 abhorrebat,
1827 1745 2024 1809 utmo-

447 1803 743 1864 uaehorum
779 1808 1022 1865 cmnobia
1047 1807 1320 1862 canonicis
1352 1804 1744 1872 subjicerentur
1785 1820 1815 1857 a
1852 1803 2024 1872 prima

447 1879 527 1932 sui
556 1878 912 1933 institutione.
934 1876 1080 1931 Adde
1102 1876 1385 1930 Alcuinum
1410 1874 1683 1942 paululum
1714 1882 1837 1928 ante
1864 1888 2023 1941 quam

447 1947 716 2003 Turonico
754 1947 1080 2003 monasterio
1119 1946 1499 2015 praeﬁceretur,
1547 1943 1895 2015 Martinianos
1934 1958 2028 2015 ap—

515 2017 673 2072 llasse
709 2017 1002 2071 monachos
1040 2016 1092 2069 in
1122 2013 1358 2086 epistola
1391 2013 1514 2086 jam
1542 2013 1894 2086 citata_num.
1918 2014 2022 2086 59.

493 2088 686 2156 enique
719 2087 931 2141 Alcuini
973 2082 1254 2140 successor
1291 2100 1355 2138 ac
1387 2082 2026 2156 discipulusdiridugisus

447 2159 590 2213 inter
601 2152 809 2212 'fratres
833 2157 1165 2224 conscriptos
1191 2153 1498 2209 monasterii
1529 2153 1700 2224 sancti
1723 2152 1892 2217 Galli,
1919 2169 2026 2206 non

449 2243 574 2284 cum
615 2227 912 2291 canonicis,
955 2223 1061 2281 sed
1087 2241 1210 2281 cum
1247 2224 1522 2278 monachis
1562 2223 1674 2277 suis
1718 2230 2028 2277 reeensetur

449 2298 553 2356 hoc
592 2297 752 2353 modo
778 2311 793 2350 :
831 2315 850 2348 ι
886 2295 1117 2350 Nomina
1146 2295 1370 2364 fratrum
1400 2293 1464 2346 de
1484 2292 1714 2364 Turonis
1741 2309 1759 2346 :
1785 2292 2029 2362 Fridegi-

447 2383 541 2424 sus
563 2368 721 2432 abba,
751 2365 1103 2422 Flodomarus
1129 2361 1445 2428 monachus,
1471 2361 1880 2417 Gisledramnus
1914 2361 2029 2418 mo-

451 2440 672 2508 nachus,
695 2437 1020 2508 Ansegarius
1039 2434 1354 2508 monachus,
1377 2433 1688 2508 Adilleodus
1710 2432 2026 2508 monachus,

451 2502 782 2572 Helmoinus,
818 2502 957 2563 {etc
987 2547 1003 2570 ,
1037 2506 1176 2574 apud
1206 2504 1538 2574 Goldastnm.
1578 2502 1654 2574 Es
1675 2503 1874 2574 quibus
1910 2518 2027 2556 ma-

449 2576 705 2634 nifestum
730 2585 814 2631 est
853 2572 1132 2646 Fridugiso
1171 2590 1265 2628 seu
1296 2572 1796 2646 Fridegiso_abbate
1835 2588 2026 2646 mona-

449 2649 582 2705 chos
600 2663 665 2702 eo
685 2645 790 2702 loci
811 2641 1119 2716 aliquandiu
1144 2641 1538 2716 perseverasse.
1566 2641 1782 2696 Falsum
1806 2643 2029 2716 proinde

451 2718 505 2772 id
539 2718 682 2787 quod
721 2719 776 2771 in
816 2712 1086 2771 Turonieo
1121 2712 1378 2787 chronico
1415 2712 1630 2787 legitur,
1675 2730 1693 2762 ‹
1733 2727 1898 2787 _anno_
1928 2712 2030 2787 796

450 2781 702 2848 Carolum
725 2802 907 2855 regem
931 2785 1230 2840 instituisse
1254 2781 1542 2855 canonicus
1562 2783 1616 2855 in
1638 2781 1863 2855 ecclesia
1885 2783 2030 2855 beati

451 2855 662 2912 Martini
693 2851 1014 2912 auctoritate
1053 2854 1275 2908 Adriani
1307 2868 1483 2922 papae,
1525 2853 1711 2920 eisque
1746 2851 2030 2908 Alcuinum

453 2928 769 3001 magistrum
810 2942 966 2981 suum
1005 2921 1332 3001 priefecisse’.
1367 2921 1387 2975 ι
1420 2923 1578 2977 Certe
1618 2923 1734 2990 ipso
1771 2938 1914 3001 anno
1940 2921 2032 3001 Al-

451 2993 644 3058 cuinus
671 2996 759 3052 isti
784 2993 1111 3052 monasterio
1137 2993 1422 3064 praefectus
1451 3001 1556 3057 est,
1587 3007 1694 3064 non
1725 3000 1784 3045 ut
1811 2993 2032 3064 canoni-

451 3082 546 3126 cos
585 3067 867 3122 monachis
906 3062 1225 3121 substitutos
1251 3070 1481 3128 regeret,
1513 3062 1607 3117 sed
1652 3068 1709 3115 ut
1736 3063 2030 3117 monachos

451 3121 738 3196 solutiores
780 3134 846 3191 ad
892 3145 1095 3190 rectam
1140 3121 1353 3190 vivendi
1398 3121 1662 3187 rationem
1711 3132 2027 3195 reduceret,

451 3224 680 3280 quorum
706 3207 884 3280 aliise
917 3205 1233 3280 monachos,
1266 3203 1354 3280 alii
1383 3202 1682 3280 canonicos
1697 3217 1755 3255 se
1787 3201 2031 3280 ferebant

452 3271 588 3342 tum,
631 3293 754 3333 eum
780 3275 1002 3331 Carolus
1037 3291 1135 3344 pro
1165 3272 1462 3344 Theoduli'o
1502 3271 1877 3325 Aurelianensi
1917 3272 2030 3341 epi-

451 3362 614 3429 scopo
642 3347 924 3429 epistolam
940 3344 1026 3429 ‘ad
1042 3343 1148 3399 eos
1185 3343 1402 3429 scripsit
1432 3361 1443 3394 :
1477 3357 1584 3410 quo
1613 3349 1851 3410 tempore
1879 3358 2028 3396 vene-

451 3415 632 3482 rabilis
659 3415 911 3470 Atcuinus
940 3415 1058 3470 loco
1082 3422 1329 3482 prmcrat.

520 3486 610 3540 £1.
650 3485 980 3540 Crediderim
1010 3479 1188 3536 tamen
1216 3481 1494 3535 monachis
1519 3479 1838 3536 substitutos
1865 3479 2031 3536 fuisse

453 3554 742 3634 canonicos
762 3553 872 3634 sub.
885 3552 1140 3622 regimine
1163 3549 1450 3634 Fridulgisi
1472 3549 1886 3634 abbatis.‘(_3er‘t_e
1907 3559 2032 3631 ante

453 3625 688 3684 medium
715 3617 972 3679 saeculum
1001 3636 1196 3674 nonum
1223 3617 1336 3687 jam
1355 3617 1419 3673 in
1447 3618 1676 3687 ecclesia
1707 3618 2030 3674 Martiniana

453 3689 701 3752 canonici
730 3699 905 3748 erant.
929 3691 1084 3744 Patet
1107 3705 1171 3744 ex
1203 3686 1525 3744 testamento
1546 3686 1791 3752 Ansegisi
1821 3690 2032 3744 abbatis

455 3708 701 3752 canente:
730 3706 905 3748 erant.
931 3706 1084 3744 Patet
1107 3706 1171 3744 ex
1203 3706 1525 3744 tesramento
1546 3706 1688 3742 Altsc
1727 3706 1791 3743 151
1821 3706 2032 3744 annaus

455 3763 898 3826 Fontanellensis,
925 3761 1016 3832 qui
1044 3775 1186 3814 anno
1206 3759 1310 3815 855
1341 3778 1358 3809 ι
1388 3756 1674 3832 Canonieis
1689 3706 2033 3832 ilartinianis

453 3832 882 3906 legavit_libram
922 3827 1116 3895 unam,
1157 3838 1264 3906 net
1290 3845 1357 3884 ex
1396 3827 1622 3906 historia
1647 3829 2033 3906 _translationis

453 3898 626 3962 sancti
656 3903 867 3957 Martini
895 3916 924 3954 a
960 3910 1148 3956 saneto
1171 3899 1356 3954 Odone
1393 3899 1615 3968 scripta,
1647 3898 1698 3951 in
1731 3914 1837 3968 qua
1865 3915 2031 3954 cano—

454 3974 563 4030 nici
588 3974 758 4028 sancti
790 3970 1001 4027 Martini
1032 3986 1172 4025 anno
1199 3969 1304 4026 855,
1339 3983 1534 4038 corpus
1569 3983 1784 4038 sacrum
1811 3985 1878 4023 ex
1903 3969 2034 4024 urbe

455 4044 724 4100 Turonica
745 4041 1000 4098 detulisse
1023 4041 1295 4104 dicuntur,
1322 4037 1458 4107 quos
1483 4037 1768 4107 Audradus
1795 4038 2034 4094 Modicus

455 4113 670 4178 clericos
698 4112 876 4166 domm’
907 4109 1126 4164 Martini
1158 4106 1425 4178 appellat,
1451 4115 1506 4164 et
1534 4108 1589 4161 in
1619 4106 1906 4177 diplomate
1933 4108 2036 4162 Ca-

457 4181 557 4250 roli
603 4183 750 4238 Calvi
795 4181 1004 4251 llugoni
1051 4177 1249 4251 abbati:
1274 4193 1537 4251 concesso
1561 4192 1716 4251 anno
1762 4178 1912 4251 regni
1941 4177 2030 4242 30,

457 4245 656 4320 Christi
685 4253 812 4316 860,
853 4245 1062 4320 pttefati
1090 4249 1303 4320 εωθιρρξὶ
1333 4245 1646 4320 venerabiles
1675 4245 1913 4320 canoriigi
1942 4264 2036 4320 vo-

457 4268 656 4314 [inrisu
685 4268 812 4316 δυυ,
892 4268 1060 4320 νωιαιι
1090 4268 1303 4302 εαξηοου
1333 4268 1646 4302 υεηειϊιυιιεε
1676 4268 1913 4302 σαηοητσι
1943 4268 2036 4302 ΥΟ-

457 4316 667 4388 cantur,
684 4323 821 4393 apud
847 4268 1120 4393 £abheum
1139 4319 1190 4393 in
1207 4317 1818 4393 Miseellanciseuriosis.
1852 4317 2036 4393 EXJllS

490 4381 958 4462 olligo'canonicos
979 4389 1258 4462 monachis
1271 4402 1342 4462 eo
1367 4388 1420 4440 in
1439 4387 1568 4462 loco
1580 4381 2036 4462 su_cces_sisse_Fri-

490 4409 648 4462 Olllgo
667 4409 958 4448 canonicos
979 4409 1258 4444 ῐῐιυηθυιιιδ
1279 4409 1342 4441 ευ
1367 4409 1420 4440 ιιι
1449 4409 1565 4440 ιυυυ
1580 4409 1903 4440 δυυυεδδιδδκ
1921 4409 1947 4439 ιν
1965 4409 2030 4440 ιΊ-

457 4409 646 4528 dugiso
661 4464 874 4524 abbate,
901 4468 1074 4528 atque
1089 4458 1248 4512 modo
1271 4457 1323 4510 id
1341 4457 1618 4528 acciderit,
1636 4456 2030 4528 inquirendum.

2116 541 2355 614 percute.
2384 544 2632 613 Cumque
2659 557 2784 598 eum
2808 543 2900 614 qui
2930 543 3046 614 hzec
3080 541 3409 614 intuebatur,
3435 543 3696 614 voluisses

2117 611 2388 683 appetere,
2413 611 2613 670 emissa
2638 629 2768 668 voce
2793 611 3056 681 adjuravit
3079 627 3208 683 eum
3232 611 3419 667 dicens
3448 632 3461 665 :
3491 613 3695 683 Adiuro

2117 681 2170 739 te
2187 681 2292 752 “per
2310 684 2478 738 Deum
2501 685 2792 746 viventem,
2821 692 2880 736 ut
2907 699 3012 737 non
3041 681 3331 736 interﬁcias
3358 698 3472 738 me.
3498 682 3694 736 Statim

2116 769 2404 822 percussor
2426 753 2659 824 gladium
2684 753 2979 818 contraxit,
3018 761 3072 807 et
3101 753 3213 822 ipse
3244 753 3392 808 solus
3418 755 3597 808 evasit
3628 766 3695 808 ex

2116 825 2385 879 omnibus.
2420 843 2438 876 ι

2189 895 2278 948 45.
2322 894 2445 948 Ηωο
2477 894 2649 949 sancti
2677 893 2918 948 Audonis
2957 895 3226 957 narratio,
3259 909 3420 962 quam
3459 892 3698 950 Joannes

2121 965 2415 1020 monachus
2459 981 2522 1019 ex
2576 965 2745 1033 ipsius
2768 980 2864 1018 ore
2889 965 3126 1034 accepit;
3179 980 3298 1033 qua:
3327 981 3458 1019 sane
3488 981 3698 1033 magna:

2122 1035 2462 1089 auctoritatis
2485 1051 2605 1089 esse
2639 1036 2816 1095 debet,
2864 1043 2974 1088 tum
3011 1036 3080 1088 ob
3114 1036 3214 1088 viri
3265 1035 3434 1088 sancti
3469 1035 3697 1104 gravita.

2122 1115 2251 1166 tem,
2287 1114 2395 1158 tum
2415 1106 2485 1159 ob
2511 1105 2561 1159 id
2601 1106 2741 1174 quod
2781 1104 2857 1158 rei
2876 1114 3040 1173 gesta:
3061 1105 3382 1174 sub-.cqualis
3413 1115 3552 1159 erat.

2192 1174 2281 1227 44.
2319 1175 2482 1228 Paulo
2531 1175 2688 1228 aliter
2720 1189 2834 1228 rem
2877 1176 3111 1244 explicat
3163 1176 3467 1228 Adcmarus
3520 1175 3699 1228 Eroti-

2123 1245 2353 1299 smensis
2379 1246 2677 1299 monachus
2700 1245 2752 1298 in
2775 1245 3061 1309 Chronico,
3095 1245 3186 1298 ubi
3215 1247 3279 1298 de
3305 1244 3500 1298 Carolo
3532 1244 3702 1298 Calvo

2123 1325 2178 1368 et
2204 1317 2269 1369 de
2297 1315 2543 1382 ingressu
2574 1315 2957 1368 monachorum
3006 1317 3058 1368 in
3096 1315 3484 1369 monasterium
3523 1316 3699 1368 sancti

2128 1385 2424 1438 Martialis:
2483 1384 2644 1451 «Qua
2716 1392 3032 1452 tempestate
3064 1405 3083 1437 ι
3144 1387 3337 1454 inquit,
3401 1386 3700 1440 «monachi

2126 1455 2300 1522 sancti
2338 1454 2552 1508 Martini
2595 1454 2849 1517 Turonis,
2883 1456 3099 1509 nemine
3128 1465 3377 1521 cogente,
3417 1463 3546 1509 ante
3574 1470 3718 1508 cor-~

2126 1539 2227 1593 pus
2269 1524 2532 1593 ejusdem,
2581 1523 2795 1590 abiecto
2843 1526 3090 1578 monachi
3133 1526 3430 1587 schemate,
3479 1526 3696 1578 schema

2128 1595 2357 1648 induunt
2387 1595 2716 1659 canonicale,
2753 1596 3106 1649 sacramentis
3138 1597 3238 1649 hoc
3279 1595 3505 1648 ﬁrmato
3542 1610 3701 1662 super

2129 1679 2324 1732 corpus
2358 1665 2498 1719 beati
2525 1664 2760 1718 Martini.
2797 1664 2864 1717 Et
2888 1665 3140 1719 carnibus
3165 1665 3367 1727 refecti,
3400 1680 3531 1719 mox
3553 1675 3701 1732 peste

2129 1735 2389 1803 correpti,
2442 1749 2600 1789 mane
2645 1736 2789 1789 facto
2818 1735 2872 1788 in
2910 1735 3062 1789 lectis
3093 1736 3292 1805 reperti
3321 1743 3448 1805 sunt
3499 1736 3698 1788 mortui

2059 1826 2101 1886 Β
2130 1819 2320 1886 omnes
2358 1820 2388 1858 a
2419 1805 2625 1886 majore
2662 1805 2730 1886 a_d
2753 1805 3029 1886 minorem
3053 1804 3262 1886 ;_\et"de
3305 1804 3518 1886 reliquo
3555 1805 3702 1886 locus

2131 1876 2244 1943 ipse
2295 1890 2324 1928 a
2356 1876 2631 1929 canonicis
2678 1875 2972 1928 habitatur.
3013 1895 3030 1928 ι
3067 1875 3242 1929 Pestis
3291 1876 3596 1929 szevissima
3651 1877 3701 1928 in

2128 1943 2298 1999 Gallia
2328 1944 2427 1999 fuit
2451 1946 2608 2000 annis
2645 1945 2748 1999 8i9
2769 1953 2824 1998 et
2844 1945 2934 2009 25,
2963 1953 3100 1998 teste
3125 1945 3444 2014 Eginhardo.
3495 1945 3703 1998 Forsan

2129 2015 2394 2069 alterutro
2417 2030 2558 2070 anno
2587 2015 2812 2084 contigit
2836 2016 2950 2069 hmo
2970 2015 3170 2069 clades.

2197 2085 2287 2139 45.
2319 2085 2661 2154 Fridugisum
2693 2083 2817 2140 huic
2855 2086 3140 2139 mutationi
3170 2083 3328 2140 facile
3368 2101 3572 2139 manus
3613 2085 3702 2139 de-

2128 2155 2272 2209 disse
2308 2156 2538 2225 eonjicio
2563 2171 2631 2210 ex
2661 2155 2823 2208 simili
2857 2156 3028 2218 facto,
3064 2156 3207 2224 quod
3233 2156 3470 2224 patravit
3500 2157 3557 2208 in
3589 2171 3704 2208 mo-

2129 2227 2370 2300 nasterio
2419 2226 2699 2300 Sithiensi,
2737 2226 2828 2300 cui
2869 2227 3032 2300 etiam
3061 2235 3308 2300 praeerat.
3350 2225 3492 2300 Illam
3539 2225 3704 2300 sh_has

2128 2294 2479 2351 ecclesiarum
2525 2297 2696 2350 sancti
2737 2296 2940 2350 Bertini
2967 2296 3235 2350 etosancti
3261 2296 3563 2349 Audomari
3593 2294 3702 2348 fac-

2129 2373 2217 2420 tus
2245 2381 2387 2420 anno
2413 2365 2536 2428 8‘20,
2589 2385 2607 2416 ι
2641 2381 2762 2420 cum
2798 2376 3045 2420 cerneret
3077 2365 3350 2419 abbatiam
3391 2365 3702 2419 universam

2132 2442 2210 2490 tot
2238 2436 2625 2490 monachorum
2653 2435 2839 2490 usibus
2860 2437 3178 2506 delegatam,
3239 2445 3298 2489 ut
3321 2445 3453 2506 puta
3483 2445 3697 2506 centum

2129 2514 2184 2560 et
2223 2507 2445 2576 triginta
2486 2507 2871 2576 monachorum
2918 2505 3060 2562 inter
3103 2516 3331 2574 utraque
3375 2505 3703 2559 monasteria

2130 2575 2456 2647 degentium,
2493 2575 2734 2647 nihilque
2759 2591 2977 2647 suarum
3019 2576 3352 2645 voluptatum
3381 2576 3574 2630 usibus
3618 2589 3703 2628 sc-

2129 2645 2484 2714 questratum,
2527 2646 2770 2700 avaritiae
2797 2645 2976 2713 jaculo
3018 2655 3269 2710 emeatus,
3313 2647 3368 2700 in
3417 2647 3706 2715 capitaneo

2129 2717 2302 2770 sancti
2330 2716 2534 2770 Bertini
2564 2716 2704 2780 loco,
2755 2717 2844 2770 ubi
2871 2717 3141 2785 octoginta
3187 2724 3241 2769 et
3291 2725 3408 2770 tres
3449 2717 3708 2770 monachi

2130 2786 2502 2841 deserviebant
2531 2785 2776 2846 Domino,
2828 2787 3105 2854 sexaginta
3129 2800 3224 2854 pro
3251 2787 3495 2840 humana
3528 2788 3710 2855 potius

2131 2856 2286 2910 laude
2306 2872 2467 2925 quam
2489 2871 2587 2926 pro
2610 2856 2703 2909 Dei
2731 2871 2912 2910 amore
2939 2857 3191 2922 retinuit;
3224 2856 3466 2925 reliquos
3492 2855 3711 2909 distric-

2131 2927 2287 2981 tioris
2313 2927 2436 2981 vita:
2461 2927 2627 2989 viros,
2660 2940 2796 2994 quos
2823 2941 2934 2980 suae
2969 2927 3314 2995 perversitati
3340 2927 3563 2994 putavit
3601 2942 3707 2980 non

2129 3011 2508 3078 consensuros,
2540 2998 2605 3051 de
2632 2997 2961 3078 monasterio
2989 2997 3211 3078 expulit.
3237 2997 3296 3078 in
3323 2997 3513 3077 sancti.
3538 2996 3713 3050 Audo-

2130 3066 2266 3120 mari
2315 3081 2544 3138 quoque
2579 3067 2929 3138 monasterio,
2978 3066 3071 3138 ubi
3108 3067 3433 3138 regulariter
3459 3067 3710 3138 viventes

2133 3136 2763 3218 aderanthqnadraginta
2814 3137 3082 3218 monachi,
3121 3136 3364 3218 triginta
3413 3136 3713 3217 canonicos

2134 3206 2427 3276 deputavit.
2456 3206 2523 3260 Et
2548 3206 2672 3274 quia
2699 3209 2993 3262 canonicus
3020 3214 3158 3273 erat,
3189 3206 3311 3261 cum
3339 3207 3629 3262 canonicis
3659 3207 3714 3263 in

2134 3277 2306 3331 sancti
2332 3276 2626 3330 Audomari
2666 3279 2994 3332 monasterio
3035 3277 3370 3331 saeculariter
3412 3277 3657 3330 vivebat.
3689 3296 3708 3327 υ

2133 3347 2259 3401 Haec
2315 3363 2379 3417 ex
2423 3355 2645 3417 auctore
2692 3362 2962 3417 anonymo
3012 3347 3068 3400 in
3123 3347 3214 3400 lib.
3271 3347 3385 3401 ide
3432 3346 3712 3400 Miraculis

2133 3417 2306 3471 sancti
2334 3416 2558 3481 Bertini,
2582 3431 2702 3486 cap.
2735 3417 2786 3481 6,
2819 3416 2909 3486 Qui
2945 3425 3135 3472 auctor
3163 3418 3218 3471 in
3243 3418 3418 3486 capite
3444 3417 3709 3486 sequenti

2133 3487 2210 3541 ait
2247 3486 2587 3555 Fridogisum
2635 3495 2905 3540 mortuum
2933 3503 3054 3541 esse
3097 3506 3115 3537 ε
3142 3497 3335 3556 quarto
3371 3487 3590 3541 decimo
3625 3501 3714 3541 re-

2133 3556 2348 3627 giminis
2378 3556 2653 3627 suianno,
2686 3576 2705 3607 ι
2739 3558 2994 3627 nimirum
3023 3555 3315 3612 annosa.
3350 3555 3425 3610 Ex
3443 3557 3536 3611 his
3569 3559 3712 3610 veri-

2133 3625 2307 3697 simile
2328 3635 2412 3680 est
2437 3625 2776 3697 Fridogisum
2801 3626 3104 3694 hujusmodi
3135 3627 3458 3697 mutationis
3483 3627 3539 3680 in
3567 3627 3708 3680 Mar-

2133 3696 2341 3751 tiniano
2366 3695 2633 3761 emnobio',
2660 3697 2705 3749 si
2737 3713 2842 3751 non
2860 3707 3156 3763 auctorem,
3183 3706 3236 3751 at
3262 3706 3410 3752 certe
3438 3696 3708 3752 fautorem

2133 3775 2188 3820 et
2218 3767 2629 3836 approbatorem
2664 3767 2848 3822 fuisse.

2203 3836 2290 3890 46.
2328 3836 2571 3906 Qualiter
2617 3845 2740 3906 post
2783 3838 2932 3893 illam
2984 3839 3338 3893 mutationem
3395 3837 3708 3892 ordinatum

2135 3907 2220 3978 sit_
2248 3905 2685 3978 monasterium,
2713 3909 2935 3961 tradunt
2971 3908 3248 3978 Philippus
3275 3909 3537 3974 deeanus,
3579 3907 3707 3961 Bai-

2135 3975 2346 4048 naldusg
2393 3977 2785 4048 thesaurarius,
2851 3975 3486 4048 totumque’capitulum
3569 3977 3710 4048 beati

2136 4046 2350 4099 Martini
2391 4047 2738 4109 Turonensis,
2777 4049 2830 4101 in
2859 4047 3086 4116 epistola
3117 4046 3361 4116 Philippo
3399 4047 3710 4102 Coloniensi

2136 4064 2350 4099 marum
2399 4064 2738 4109 mronensns,
2777 4065 2830 4101 in
2859 4065 2888 4102 e
2929 4064 3086 4102 iswta
3118 4064 3361 4116 rnnnpo
3399 4064 3710 4102 wronrensr

2136 4116 2542 4187 archiepiscopo
2570 4118 2768 4187 scripta
2795 4121 2859 4172 de
2891 4064 3010 4172 sita
3048 4119 3222 4172 sancti
3246 4065 3466 4171 Martini
3501 4128 3557 4173 et
3593 4118 3711 4186 qui-

2135 4185 2361 4240 busdam
2439 4185 2608 4257 ipsius
2680 4185 2976 4243 miraculis.
3049 4206 3067 4238 ‹
3102 4188 3352 4254 Multis,»
3436 4185 3707 4257 inquiunt,

2143 4273 2160 4304 ‹
2189 4265 2312 4324 post
2347 4257 2460 4310 haec
2486 4256 2642 4310 annis
2674 4257 2899 4312 evolutis
2928 4259 3278 4313 mutationem
3303 4269 3360 4312 et
3389 4256 3623 4321 ordinis,
3657 4267 3710 4311 et

2136 4325 2540 4380 consuetudinis
2581 4341 2740 4396 passa
2779 4336 2862 4382 est
2895 4328 3121 4386 ecclesia
3152 4329 3325 4382 sancti
3366 4328 3586 4382 Martini
3615 4347 3628 4380 :
3657 4336 3710 4381 et

2174 4411 2235 4449 ro
2279 4396 2579 4467 monachis,
2633 4397 2718 4450 vel
2760 4407 2980 4466 propter
3023 4399 3298 4463 inertiam,
3348 4398 3434 4452 vel
3488 4407 3712 4467 propter

2161 4466 2598 4537 requentantium
2643 4467 3066 4536 inquietudinem
3116 4469 3325 4537 integre
3365 4466 3712 4537 non’prose

564 4532 616 4586 2ο
657 4532 791 4588 Rem
821 4531 902 4608 βία
927 4524 1110 4608 Mirm!
1139 4536 1360 4608 δεξηοῑρὲ
1374 4525 1682 4608 Οάίξέὶυῦίιε
1709 4524 1848 4594 illm“
1872 4525 2032 4608 δοξιη·
2057 4529 2110 4590 Ι)
2135 4524 2442 4603 quentibus,
2473 4524 2737 4608 canonici'
2768 4552 2797 4590 a
2833 4538 3163 4608 principibus
3213 4524 3374 4592 (terra:
3424 4524 3707 4608 substituti

459 4617 582 4662 nem
625 4601 948 4657 monachum
995 4600 1048 4652 in
1095 4599 1263 4668 ipsius
1301 4597 1436 4652 Vita:
1482 4595 1573 4650 lib.
1619 4611 1720 4668 tu,
1771 4611 1891 4664 cap.
1936 4597 1960 4649 l
2013 4615 2024 4650 :

464 4690 490 4728 ι,
517 4673 658 4727 Ante
696 4673 794 4726 hos
833 4684 1002 4724 annos
1039 4665 1362 4737 persistente
1403 4665 1698 4737 monastica
1740 4681 2030 4737 cgngrega-

459 4743 605 4811 tione
629 4745 769 4813 apud
795 4733 1078 4813 ecclesiam
1113 4739 1255 4792 beati
1286 4736 1498 4790 Martini
1527 4749 1645 4813 quae
1667 4743 1751 4789 est
1779 4733 2025 4813 Turonis,

458 4805 738 4884 eruperunt
794 4810 1011 4884 modum
1071 4823 1226 4884 suum
1278 4805 1807 4884 consuetudinesque
1863 4806 2028 4884 relin-

458 4876 648 4952 quere,
675 4898 739 4937 ae
772 4879 1008 4952 propriis
1033 4877 1396 4952 voluntatibus
1417 4876 1581 4930 vitam
1607 4891 1758 4952 suam
1777 4877 2030 4952 proposi-

457 4945 678 5022 tumque
705 4945 1068 5022 corrumpere.
1107 4948 1328 5003 Relictis
1362 4961 1592 5022 namque
1627 4945 1822 5000 nativis
1856 4954 1910 5022 st
1945 4961 2030 5001 as-

455 5014 623 5078 suetis
668 5014 1025 5083 vestimentis,
1074 5024 1357 5088 coeperunt
1398 5016 1605 5088 fucatas
1649 5023 1814 5085 atque
1857 5014 2030 5088 ﬂuxas

494 5092 722 5162 allioque
764 5097 986 5146 ornatas
1023 5085 1652 5162 circumferrecucullas
1695 5087 2024 5162 et_tunieas.

494 5106 722 5162 auroque
764 5106 986 5146 ornatas
1023 5106 1370 5144 crreumrerre
1415 5106 1652 5140 cucuuas
1695 5106 1750 5140 Cl
1796 5106 2024 5140 ιυιιιείιδ.

452 5106 828 5241 ἒαιρθειηεηια
854 5171 1067 5241 quoque
1087 5158 1282 5241 quibus
1307 5156 1684 5241 induebsntur,
1717 5155 1852 5241 adeo
1873 5163 2028 5241 erant

451 5232 690 5298 cocleata
733 5246 796 5286 ac
837 5224 1024 5293 nitida,
1069 5224 1129 5282 ut
1164 5229 1396 5281 vitreum
1441 5225 1674 5280 colorem
1718 5224 2030 5298 viderentur

452 5294 746 5358 assumere.
779 5299 861 5354 Ad
897 5299 1084 5354 laudes
1119 5310 1350 5366 namque
1387 5303 1701 5366 nocturnas,
1741 5308 1808 5347 ne
1847 5294 2027 5366 aliquo

520 5374 640 5428 dem
668 5372 828 5426 modo
853 5364 1372 5442 oﬂ‘ende_rent,_eum
1405 5365 1523 5420 luce
1560 5364 1668 5418 diei
1695 5364 2022 5442 surgebant.

503 5451 555 5497 ta
581 5450 637 5497 et
677 5441 868 5495 horum
911 5438 1105 5493 similia
1138 5437 1305 5491 multa
1337 5443 1529 5504 contra
1558 5434 1756 5504 regula:
1791 5432 1913 5504 jura
1945 5432 2027 5486 fa-

448 5511 680 5568 ciebant.
720 5509 924 5579 Quibus
958 5509 1119 5562 rebus
1158 5522 1281 5562 cum
1325 5501 1650 5579 decrevisset
1688 5504 1828 5557 Deus
1862 5501 2026 5558 ﬁnem

449 5574 775 5649 imponere,"
793 5587 952 5649 nocte
992 5579 1224 5648 quadam
1263 5589 1450 5649 omnes
1495 5574 1849 5649 quiescentes,
1899 5589 2024 5649 c_u_t_n

447 5642 585 5703 unus
604 5664 671 5704 ex
693 5642 775 5704 eis
799 5642 1044 5703 eamdem
1073 5649 1263 5702 horam
1293 5642 1590 5700 insomnem
1619 5644 1861 5706 duceret,
1892 5642 2027 5697 vidit

446 5710 581 5787 duos
605 5719 751 5773 vinos
777 5717 1151 5772 dormitorium
1177 5714 1597 5787 ingredi,sunum
1616 5711 1880 5787 videlicet
1905 5711 2022 5780 gla-

446 5786 594 5846 dium
618 5801 781 5859 manu
809 5795 1077 5856 tenentem
1096 5826 1110 5854 ,
1136 5786 1222 5840 cui
1237 5781 1384 5840 'alius
1411 5782 1707 5853 imperabat
1723 5823 1738 5850 ,
1772 5781 2015 5837 indicans

2133 4613 2275 4678 sunt,
2308 4607 2566 4660 trecentis
2595 4622 2715 4676 quae
2757 4617 2884 4661 tmte
2915 4607 3172 4676 temporis
3199 4616 3357 4662 erant
3400 4607 3710 4678 prazbendis

2131 4676 2200 4759 ad
2228 4691 2510 4759 numerum
2540 4686 2756 4759 centum
2785 4676 3486 4759 quinquagintamestrictis.
3518 4678 3598 4759 _E_t
3644 4679 3710 4730 ad

2133 4746 2536 4816 temperandum
2568 4746 2818 4801 laborem
2837 4746 2983 4801 illum
3010 4746 3345 4802 fastidiosum
3376 4756 3431 4801 et
3451 4747 3710 4802 intolera-

2129 4814 2311 4900 bilem,
2330 4815 2487 4900 juges
2514 4816 2623 4900 illa;
2643 4826 2699 4870 et
2720 4818 3143 4900 interininabiles
3160 4817 3510 4900 psallentium
3540 4818 3710 4900 Elter-

2131 4887 2377 4940 nationes
2418 4887 2484 4940 ad
2514 4894 2694 4941 certas
2729 4895 2784 4940 et
2807 4887 3090 4951 discretas,
3129 4887 3268 4943 sicut
3301 4888 3354 4941 in
3383 4887 3509 4941 aliis
3535 4887 3596 4942 ﬁt
3623 4903 3710 4942 ec—

2130 4955 2328 5019 clesiis,
2373 4957 2534 5013 horas
2571 4957 2838 5011 distinctae
2865 4965 3010 5011 sunt.
3053 4958 3128 5012 De
3157 4957 3422 5012 reditibus
3440 4965 3629 5011 autem
3654 4968 3708 5011 et

2131 5026 2398 5081 thesauris
2413 5026 2654 5082 ecclesia:
2683 5028 2852 5096 ipsius
2887 5041 3014 5096 pars
3035 5028 3270 5082 maxima
3289 5026 3469 5081 decisa
3493 5038 3580 5081 est
3601 5045 3616 5078 :
3641 5030 3706 5080 de

2127 5110 2230 5166 qua
2265 5099 2863 5166 trescongregationes,
2903 5111 3025 5165 quae
3049 5097 3118 5150 ad
3141 5097 3533 5152 eanonieorum
3560 5098 3706 5150 arbi-

2129 5165 2290 5236 trium
2319 5164 2710 5236 subsert'ireut,
2740 5164 3059 5222 constructa:
3087 5175 3143 5220 et
3164 5168 3354 5221 dicata:
3385 5176 3518 5220 sunt
3542 5185 3555 5219 :
3585 5182 3704 5236 qua:

2126 5234 2306 5304 omnia
2356 5235 2624 5304 hodieque
2669 5237 2723 5289 in
2747 5236 2952 5291 Christi
2995 5237 3212 5293 nomine
3251 5243 3525 5290 constant.
3565 5234 3702 5290 {Ita

2127 5303 2441 5376 illicirciter
2465 5320 2664 5376 annum
2693 5305 3028 5376 {illiillanc
3053 5321 3182 5361 vero
3210 5306 3496 5376 epistolam
3521 5307 3576 5376 in
3598 5322 3700 5360 ms.

2125 5373 2310 5436 codice
2337 5374 2513 5443 reperi
2542 5375 2684 5430 inter
2707 5375 2840 5430 alias
2851 5375 3082 5432 Wiberti
3107 5373 3319 5431 abbatis
3347 5375 3704 5431 Gemblacen-

2125 5443 2223 5509 sis,
2259 5443 2350 5512 qui
2381 5453 2492 5497 tum
2522 5443 2765 5499 ﬂorebat.

2709 5512 2936 5570 CAPUT
2959 5515 3098 5570 .Vlll.

2195 5599 2399 5656 Scholte
2446 5601 2722 5656 Turonicte
2751 5613 2798 5657 et
2835 5604 2957 5658 alia:
2990 5605 3111 5658 aliis
3143 5606 3198 5658 in
3232 5604 3398 5670 locis;
3419 5604 3634 5660 Διειύηί

2637 5671 2744 5726 alia
2779 5673 2920 5742 facta
2949 5673 3189 5728 Turonis.

2196 5781 2284 5838 47.
2325 5781 2439 5838 Non
2468 5781 2640 5838 solum
2675 5782 3058 5838 monachorum
3085 5781 3482 5857 Turonieorum
3523 5799 3705 5842 more:
