3946 6186
349 355 487 412 4-139

1358 351 1446 408 AD
1483 353 1710 409 OPEllA
1749 352 1809 406 Β.
1851 351 2126 409 ALCUlNl
2161 351 2603 409 APPENDICES.

3477 356 3615 412 mo

348 484 514 534 nens;
575 464 851 520 fatendum
871 472 954 520 est
982 462 1037 519 id
1065 470 1190 519 ante
1215 461 1391 518 Caroti
1412 463 1622 519 obitum
1661 462 1824 519 scribi
1841 478 1934 535 po-
1966 468 2010 526 Α
2039 465 2133 541 qui
2164 464 2581 541 h_abet_divitias,
2617 474 2672 521 et
2696 482 2801 521 non
2825 468 2989 541 habet
3018 477 3148 534 ;‘est
3174 470 3267 541 qui
3294 487 3399 525 non
3427 471 3615 538 habet,

350 542 538 596 tuisse.

418 612 506 665 70.
546 609 617 662 At
639 622 760 677 qua:
788 603 948 660 retuli
975 611 1321 677 argumenta
1345 604 1659 677 manifestc__
1678 604 1931 673 probant,

347 683 403 739 ni
420 679 596 741 fallor,
623 674 905 732 A'lcuinum
925 674 1233 745 pervenisse
1255 674 1321 729 ad
1341 690 1540 728 annum
1557 674 1662 729 8l5
1682 684 1936 729 autccrte

349 767 550 808 annum
577 748 682 805 810
700 744 1021 802 excessisse.
1041 745 1225 814 Itaque
1252 745 1630 815 corrigendum
1653 758 1772 799 esse
1801 744 1936 799 Vita:

349 825 674 893 scriptorem
704 818 945 893 aliosque
988 824 1235 893 auctores
1265 816 1678 893 subsequentes,
1719 816 1810 884 qui
1835 815 1933 893 Αιτ

351 885 495 950 cuitii
532 890 736 944 obitum
782 888 850 941 ad
868 885 1080 940 annum
1106 885 1211 941 804
1259 885 1579 940 retulerunt.
1633 885 1792 940 Certe
1832 885 1934 939 etsi

352 962 533 1036 magni
578 959 822 1015 facienda
874 958 945 1010 sit
987 957 1270 1025 scriptoris
1323 954 1507 1024 hujus,
1549 965 1609 1010 ut
1631 964 1763 1079 (pote
1823 955 1934 1011 fere

352 1032 594 1079 τρηιιειιίς-
624 1029 936 1079 auctoritas.
960 1025 1064 1079 alia
1094 1038 1275 1079 tamen
1303 1036 1483 1079 errata
1510 1041 1629 1079 dum
1669 1042 1754 1079 am
1783 1041 1934 1079 com-

352 1025 594 1103 aequalis,
624 1029 936 1103 auctoritas,
960 1025 1064 1087 alia
1080 1038 1275 1103 _tamen
1303 1036 1483 1103 errata
1510 1025 1754 1103 quendam
1783 1041 1934 1081 com-

352 1096 517 1164 misit.
569 1099 891 1172 quteipsum
923 1112 1028 1172 non
1077 1097 1134 1151 in
1180 1096 1429 1172 omnibus
1451 1098 1781 1172 sequendum
1815 1111 1935 1172 esse

351 1166 605 1246 probant:
661 1166 854 1224 Nescio
889 1184 954 1221 an
982 1168 1097 1246 haec
1123 1167 1493 1246 subodoratus
1518 1175 1602 1246 est
1629 1166 1936 1246 Harpesl‘el:

352 1236 492 1306 ilius,
512 1243 595 1296 vir
614 1249 879 1297 emunctae
903 1238 1069 1302 naris,
1095 1237 1187 1307 qui
1213 1236 1425 1292 Alcuini
1446 1238 1653 1292 obitum
1673 1252 1815 1292 anno
1828 1237 1935 1294 809

352 1314 656 1371 collocavit.

427 1385 512 1438 77.
555 1381 764 1437 Alcuini
801 1394 998 1448 corpus
1036 1379 1087 1432 in
1120 1378 1349 1434 ecclesia
1397 1377 1569 1433 sancti
1607 1377 1823 1433 Martini
1849 1393 1937 1433 se—

391 1455 560 1510 ultum
581 1462 683 1515 est,
742 1457 976 1505 testante
1019 1449 1158 1504 Vitae
1212 1449 1508 1518 scriptore;
1567 1464 1672 1503 non
1704 1464 1830 1504 vero
1881 1448 1935 1502 in

432 1522 749 1580 rmaricensi
778 1520 1127 1583 monasterio,
1163 1527 1220 1573 ut
1248 1520 1457 1590 putavit
1481 1518 1783 1590 Willelmus
1807 1518 1937 1573 Mal-

352 1592 740 1652 mesburiensis
795 1591 1076 1646 monachis
1117 1591 1171 1662 in
1198 1589 1291 1662 lib.
1314 1590 1429 1662 ide
1464 1590 1702 1662 Regibus
1739 1589 1938 1661 Anglo-

355 1683 497 1730 rum,
548 1679 668 1734 cap.
694 1664 760 1734 ὃς
815 1675 989 1734 neque
1038 1661 1091 1715 in
1122 1660 1618 1734 ilersl'eldensi,__'ut
1644 1662 1819 1715 visum
1852 1668 1937 1734 est

353 1730 693 1803 Browero'in
713 1732 1107 1803 Antiquitatum
1137 1730 1482 1803 Fultlensium
1508 1731 1581 1785 lib
1602 1748 1647 1803 ζ,
1685 1746 1805 1803 cap.
1844 1731 1933 1803 10.

2037 546 2092 589 ct
2119 535 2298 617 habet.
2337 536 2621 623 llqminem
2653 550 2783 623 vero
2838 538 2907 620 ad
2952 553 3131 623 [neum
3158 535 3433 623 nunquam
3462 535 3619 623 coni}

2035 606 2218 676 paravi
2243 608 2522 661 servitium
2548 624 2564 662 :
2596 609 2690 664 sed
2724 609 2897 676 magis
2933 610 3126 665 devota
3153 606 3419 668 charitate
3441 616 3622 669 omni-

2036 675 2137 730 bus
2166 675 2366 731 Christi
2404 677 2495 731 Dei
2533 680 2635 733 mei
2676 675 2891 733 famulis
2935 681 3142 735 servire
3171 681 3510 746 desiderans,
3544 687 3621 739 ad

2035 746 2189 823 cujus
2219 748 2428 823 servitii
2459 746 2775 823 facultatem
2811 749 3019 816 divina,
3068 759 3143 823 ut,
3180 753 3364 823 credo,
3385 752 3624 823 iubente

2035 817 2438 891 dispensatione
2475 820 2542 872 ad
2577 820 2869 891 gloriosum
2916 828 2971 874 et
3002 822 3151 877 omni
3194 817 3403 878 honore
3440 827 3624 879 nomi-

2036 888 2274 941 nandum
2306 887 2478 964 h_ujus_
2502 887 2652 964 reg'ni
2706 891 3011 964 principem
3055 902 3111 964 et
3146 908 3329 964 regem
3360 893 3620 950 Carolum

2034 966 2259 1032 vocatus
2278 959 2500 1032 adveni.
2547 959 2584 1013 »⁷
2607 959 2867 1016 Excusari
2897 961 3123 1030 proinde
3145 959 3325 1032 potest
3356 964 3409 1018 in
3433 964 3620 1020 Alcui-

2037 1044 2123 1104 no_
2141 1028 2450 1104 divitiarum
2474 1032 2665 1104 copia,
2689 1040 2801 1085 tum
2835 1028 2977 1101 quod
3009 1032 3077 1087 ab
3101 1028 3288 1088 earum
3318 1035 3621 1104 cupiditate

2036 1100 2278 1153 animum
2329 1100 2556 1172 haberet
2600 1100 2867 1166 alienum,
2893 1112 3006 1156 tum
3044 1104 3188 1172 quod
3220 1119 3317 1159 eas
3348 1100 3499 1161 recte
3533 1108 3619 1162 di-

2036 1177 2317 1245 spensaret
2353 1170 2407 1224 in
2468 1170 3077 1245 usu_sAmonachorum,'
3106 1174 3302 1243 quibus
3363 1186 3618 1245 przeerat.

2036 1239 2193 1294 Certe
2219 1249 2479 1316 quantum
2528 1239 3155 1316 abfueritadivitiarum
3184 1239 3500 1316 cupiditate,
3537 1256 3622 1302 te-

2036 1318 2235 1386 statum
2277 1311 2454 1366 reddit
2504 1312 2835 1386 cpistola§7
2879 1312 3070 1386 (nunc‘
3105 1311 3360 1386 mil—ad
3413 1315 3621 1371 Eadam

2036 1382 2410 1451 presbyterum
2433 1399 2445 1436 :
2472 1402 2490 1434 ι
2526 1382 2874 1439 Orationibus
2888 1382 3199 1439 devotionis
3224 1394 3419 1441 vestra:
3448 1386 3624 1442 deduc

2038 1467 2137 1525 nos
2172 1452 2503 1525 inicumdem
2564 1454 2899 1525 paupertatis
2935 1455 3181 1525 gradum,
3237 1456 3292 1509 in
3317 1471 3428 1525 quo
3459 1458 3620 1525 perli-

2038 1523 2213 1594 ciente
2234 1524 2344 1577 Deo
2368 1523 2659 1594 salubriter
2675 1523 2956 1580 consistis.
2977 1524 3056 1578 Tu
3087 1533 3239 1581 tenes
3266 1526 3319 1580 in
3336 1523 3622 1594 manibus,

2038 1592 2180 1661 quod
2207 1609 2306 1648 nos
2357 1593 2486 1648 olim
2533 1604 2717 1649 tenere
2752 1595 3108 1664 cogitavimus
3134 1614 3147 1649 :
3179 1596 3273 1651 sed
3300 1595 3498 1653 ﬂuctus
3522 1592 3624 1653 se;

2038 1664 2142 1737 culi
2180 1674 2420 1737 nostram
2465 1666 2767 1721 naviculam
2818 1665 3131 1737 procellosis
3155 1668 3331 1721 ventis
3372 1669 3427 1723 in
3462 1683 3626 1723 vora-

2040 1733 2551 1807 ginemdivitiarum
2580 1733 2892 1805 rapuerunt.
2934 1735 3041 1807 Sed
3093 1746 3145 1792 te
3196 1753 3411 1807 precor,
3450 1747 3515 1794 ut
3540 1754 3630 1795 me

355 1805 592 1886 ξεξιθιξκιιηῌΔ
612 1803 957 1886 occasionem
978 1801 1245 1886 Erowero
1265 1802 1510 1886 praebuit.
1535 1801 1817 1886 cujusdam
1839 1801 1934 1884 Αιτ
1974 1821 2015 1879 Β
2045 1804 2266 1886 pictatis
2296 1806 2557 1886 precibus
2587 1801 2659 1861 in_
2688 1814 2906 1886 portum
2954 1806 3153 1886 quietis
3191 1801 3447 1886 revocare
3512 1817 3629 1886 stu-

356 1877 469 1932 bini
492 1873 845 1945 epitaphium,
871 1871 1010 1945 quod
1041 1887 1212 1945 nuper
1233 1871 1289 1926 in
1308 1871 1938 1945 Ecclesia__lie_rsfeldeusi

354 1941 653 2002 exstabatf
681 1941 1029 2011 Epitaphium
1052 1942 1212 2004 istud,
1263 1943 1408 2011 quod
1428 1942 1611 1997 retth
1629 1942 1939 2007 Brovrerus,

356 1959 623 2002 exstabat.
681 1959 725 1998 ιιι
766 1959 1212 2011 uapniumisma,
1263 1959 1408 2011 quoa
1428 1959 1939 2007 retuntnrovrerus,

356 2026 411 2071 et
456 2031 521 2072 ex
554 2014 670 2084 ipso
696 1959 979 2084 C‘hesuius
995 2021 1117 2084 post
1152 2012 1602 2084 VitamAlcuiui,
1630 2028 1733 2084 nec
1762 2013 1940 2084 magni

357 2081 617 2142 momenti
655 2091 758 2147 est,
790 2099 891 2138 nec
921 2081 1145 2137 Alcuino
1196 2082 1360 2137 tribui
1394 2083 1574 2149 debet,
1618 2083 1714 2138 sed
1758 2081 1941 2139 forsan

355 2158 551 2221 Aluiuo
587 2171 679 2210 seu
725 2152 1349 2223 Albuinollersl‘eldensi
1401 2153 1686 2217 monacho,
1731 2152 1798 2208 de
1834 2169 1943 2223 quo

358 2229 473 2282 haec
498 2226 750 2296 leguntur
770 2225 821 2278 in
841 2223 1096 2296 chronica
1114 2222 1631 2296 llildenesbeimensi
1659 2222 1940 2296 adannum

360 2298 517 2353 1054.
558 2293 596 2346 ἰ
626 2295 813 2350 Eidem
838 2308 967 2349 vero
992 2293 1230 2348 Brunoni
1273 2293 1327 2347 in
1361 2293 1635 2353 Nieubum
1662 2294 1942 2350 Alhwinus

358 2370 411 2423 in
441 2366 833 2438 philosophica.
854 2372 970 2420 arte
991 2364 1414 2438 eruditissimus,
1465 2364 1779 2438 Hersleldite
1802 2381 1941 2438 pra:-

357 2434 588 2510 pos'itus,
629 2434 720 2506 qui
754 2434 857 2510 luit
880 2443 1040 2510 au_tea
1094 2434 1292 2490 schola:
1317 2436 1602 2510 -magister
1647 2434 1944 2491 famosissi-

358 2504 503 2575 inns,
534 2504 817 2564 successit.
856 2524 874 2556 ι
930 2504 1123 2561 Postea
1154 2520 1284 2561 vero
1310 2504 1645 2575 ﬁeri'potuit,
1697 2514 1757 2559 ut
1819 2522 1943 2561 cum

363 2579 610 2635 monachi
635 2576 1040 2632 Hersleldcnses
1079 2591 1111 2629 a
1162 2575 1460 2646 majoribus
1507 2576 1845 2645 accepissent
1886 2577 1942 2631 in

356 2650 586 2707 ecclesia
619 2664 713 2705 sua
743 2646 1015 2717 sepultum
1046 2660 1170 2717 esse
1205 2646 1519 2712 Albuinum,
1546 2659 1734 2701 ermre
1771 2648 1944 2717 nomi-

359 2722 445 2777 nis
467 2718 778 2791 putaverint
806 2716 1244 2791 tesseAAlhinum
1298 2731 1577 2791 magnum,
1608 2731 1708 2772 seu
1758 2716 1943 2772 Alcui-

359 2787 513 2851 nuui,
568 2790 761 2857 dequo
788 2788 919 2842 rude
961 2787 1104 2841 istud
1140 2787 1468 2855 epitaphium
1498 2796 1939 2855 composuerunt.

430 2863 517 2917 78.
557 2858 770 2914 Alcuini
792 2857 1108 2912 memoriam
1135 2866 1188 2911 et
1212 2858 1625 2913 sanctimoniam
1646 2859 1945 2927 praedicant

362 2933 656 3001 scriptores
682 2929 851 2999 ipsius
885 2928 1030 2982 aetati
1050 2927 1357 2983 viciniores.
1412 2929 1581 3001 Eum,
1610 2945 1731 3001 cum
1762 2929 1941 3001 adhuc

362 2998 582 3063 viveret,
618 2998 769 3071 opere
789 3008 836 3052 et
863 3008 1380 3071 sermonepotentem
1410 2998 1739 3071 Theodull‘us
1767 2998 1939 3071 Aure-

363 3072 616 3128 lianensis
651 3068 944 3141 episcopus
981 3068 1035 3123 in
1067 3068 1170 3141 lib.
1214 3085 1304 3141 Atil,
1353 3070 1594 3125 carmine
1623 3071 1673 3135 l,
1700 3079 1754 3141 et
1770 3068 1937 3125 Jonas

360 3141 639 3199 Tlteodulli
666 3138 946 3196 successor
967 3138 1305 3195 uenerabilem
1328 3141 1634 3209 magistrum
1654 3140 1933 3196 Alcuinum

361 3223 520 3269 vocat
568 3214 623 3268 in
647 3212 740 3267 lib.
771 3227 829 3264 ιιι
853 3210 1318 3282 ⁸(Ῐσδίίηεῑίιιιιίοιιθ
1356 3211 1665 3275 Laicorum,
1712 3228 1831 3282 cap.
1883 3213 1935 3265 ti.

362 3284 622 3339 Eumdem
648 3282 819 3338 sacris
844 3279 1001 3351 lastis
1026 3281 1298 3349 inscripsit
1320 3282 1574 3338 Rabanus
1602 3279 1944 3351 ipsiusdisei-

361 3356 516 3424 polus
530 3352 741 3424 xn'Kal.
755 3351 902 3407 Junii
915 3350 1209 3424 hisverbis:
1230 3351 1493 3423 Depositio
1507 3350 1688 3424 dontni
1700 3352 1939 3418 Alcwini;

359 3422 414 3479 ct
431 3427 483 3479 in
511 3422 737 3493 epistola
757 3422 1163 3493 commentariis
1176 3422 1380 3491 Regum
1396 3423 1612 3491 praeﬁxa
1638 3423 1803 3493 beatis
1831 3439 1942 3477 me-

361 3491 810 3562 moriis—Albinum
833 3491 1143 3562 m_agistr_unt
1191 3506 1354 3562 suum,
1384 3493 1634 3562 appellat.
1689 3492 1945 3547 llincma—

362 3581 455 3619 rus
478 3577 605 3617 vero
627 3562 682 3616 in
701 3559 931 3630 epistola
949 3561 1015 3614 ad
1038 3559 1317 3614 Rabanum
1338 3559 1544 3615 beatum
1564 3562 1870 3628 Alcuinmn,
1887 3571 1943 3619 et

364 3636 417 3689 in
444 3630 672 3703 epistola
706 3631 773 3685 dc
794 3644 900 3703 non
925 3630 1065 3703 trina
1097 3630 1306 3703 Deitate
1333 3640 1572 3703 sanctum
1609 3640 1658 3703 et
1694 3648 1941 3703 generan-

362 3698 494 3759 ὀιιηὶ
519 3701 803 3756 Alcuinum
834 3698 1019 3771 laudat
1044 3718 1059 3768 ;
1097 3708 1152 3756 et
1173 3701 1226 3755 in
1277 3700 1506 3771 epistola
1537 3703 1563 3756 1
1590 3700 1942 3757 ad‘Carolum

365 3783 554 3830 contra
574 3843 578 3844 ν
598 3769 1038 3837 Gothescalcum,
1077 3769 1562 3844 meminitillcu‘ini
1586 3773 1682 3828 viri
1712 3772 1943 3844 religiosi

363 3857 408 3900 ct
441 3843 602 3908 docti,
630 3855 864 3915 cumque
888 3850 1138 3915 recenset
1164 3842 1306 3897 inter
1330 3841 1449 3900 illos
1476 3841 1937 3915 Patres,pqua'rum

362 3916 519 3984 ﬁdem
537 3923 584 3970 et
605 3912 898 3985 doctrinam
921 3912 1067 3968 sedes
1094 3912 1333 3985 Romana
1354 3930 1467 3985 non
1490 3914 1660 3968 solum
1683 3912 1944 3985 benignis-

361 3982 490 4041 sime
541 3982 847 4052 acceptavit,
885 4000 1065 4037 verum
1112 3993 1162 4037 et
1211 3983 1388 4039 multis
1434 3982 1681 4040 laudibus
1731 3982 1937 4039 extulit.

360 4057 507 4112 Ardo
543 4057 598 4111 in
623 4054 763 4110 libro
785 4052 853 4107 de
880 4054 1003 4109 Vita
1031 4054 1304 4110 Benedicti
1347 4054 1573 4110 Aniana:
1608 4054 1822 4111 abbatis
1850 4056 1942 4110 Al-

361 4128 571 4182 coinum
598 4122 854 4195 sapientia
881 4123 1217 4195 praclarum,
1266 4127 1562 4195 sanctitatis
1588 4126 1775 4180 merito
1795 4142 1943 4179 vene-

363 4196 584 4251 rabilem
608 4193 758 4249 dicit.
798 4193 1039 4263 Denique
1070 4194 1124 4249 in
1152 4194 1452 4250 Annalibus
1492 4194 1852 4252 Fuldensibus
1873 4196 1941 4250 ad

363 4282 567 4337 annum
592 4264 696 4337 794
743 4264 849 4319 hoc
878 4264 1050 4336 elogio
1084 4266 1512 4337 commendatur.
1572 4264 1671 4320 His
1697 4268 1941 4337 tempori-

364 4338 458 4391 bus
500 4335 776 4398 Alcuinus,
813 4335 1170 4404 cognomenta,
1211 4336 1266 4390 id
1307 4345 1390 4391 est
1426 4336 1532 4390 alio
1567 4335 1811 4401 nomine,
1849 4335 1943 4388 Αι.

363 4408 536 4468 binus,
591 4406 871 4460 sanctitate
914 4413 963 4459 et
1014 4405 1257 4460 doctrina
1290 4406 1468 4461 clarus
1512 4406 1750 4460 habetur.
1791 4406 1858 4461 Et
1886 4408 1939 4462 in

362 4478 511 4532 brevi
561 4475 819 4531 chronico
851 4475 1121 4530 Turonico
1146 4489 1161 4528 :
1192 4476 1343 4531 Anno
1372 4477 1476 4532 804
1500 4486 1714 4531 sanctus
1762 4476 1941 4531 Alcai-

1966 3180 2013 3242 Ο

2043 1875 2193 1949 deas.
2227 1874 2418 1949 Cupio,
2465 1877 2560 1931 sed
2590 1874 2705 1932 non
2736 1878 2892 1933 facio.
2934 1896 2955 1949 ε
2973 1874 3197 1949 Ἠωοίθι
3217 1878 3323 1933 alia
3358 1880 3516 1949 plura
3540 1880 3630 1934 vir

2080 1945 2163 2017 ius
2196 1945 2263 2000 ad
2288 1945 2516 2017 Eadam,
2542 1964 2701 2017 quem
2745 1947 3072 2002 monachum
3122 1948 3287 2004 fuisse
3310 1945 3441 2004 satis
3466 1950 3632 2003 intel-

2062 2015 2246 2089 igitur.
2284 2015 2458 2089 Porro
2494 2015 2593 2089 hic
2621 2026 2805 2089 aperte
2830 2018 3102 2088 signiﬁcat
3133 2019 3387 2074 Alcuinus
3417 2036 3478 2075 se
3525 2020 3633 2074 ali-

2042 2087 2271 2160 quando
2289 2087 2599 2160 constitisse
2730 2087 2896 2160 portui
2912 2089 3117 2159 quietis,
3152 2090 3204 2145 id
3232 2099 3315 2144 est
3352 2089 3404 2144 in
3435 2104 3636 2145 mona-

2044 2156 2232 2216 sterio,
2260 2156 2313 2211 iu
2345 2173 2516 2227 eoque
2554 2156 2861 2213 divitiarum
2910 2156 3190 2228 expertem
3213 2160 3403 2225 vitam,
3434 2162 3493 2215 in
3516 2176 3635 2215 mo-

2015 2227 2251 2282 nastica
2308 2229 2519 2283 scilicet
2565 2229 2876 2297 frugalitate
2905 2227 3100 2300 egisse,
3132 2230 3199 2283 ad
3221 2245 3384 2299 quem
3445 2239 3632 2287 ortum

2046 2297 2284 2353 revocari
2316 2307 2553 2357 exontat.
2579 2310 2639 2356 ut
2669 2300 2918 2357 suoerius
2940 2301 3195 2356 notaham
3221 2316 3372 2355 num.

2046 2297 2284 2353 revocari
2316 2307 2553 2369 exoptat,
2579 2310 2639 2356 ut
2669 2300 2918 2370 superius
2940 2297 3195 2356 notaham
3221 2297 3372 2355 num.

2630 2413 2859 2469 CAPUT
2895 2414 3037 2469 XIV.

2408 2482 2682 2538 Iudicium
2710 2485 2774 2538 de
2796 2483 3007 2538 Alcuini
3031 2485 3258 2555 scriptis.

2114 2574 2203 2629 80.
2233 2571 2513 2629 Postremo
2539 2573 2609 2629 ad
2634 2574 2846 2645 Alcuini
2874 2575 3077 2645 scripta
3101 2575 3242 2643 quod
3263 2575 3461 2631 attinet
3478 2616 3493 2639 ,
3516 2575 3632 2632 fere

2045 2645 2226 2701 omnia
2255 2645 2398 2699 edita
2422 2653 2549 2699 sunt
2576 2645 2643 2700 ab
2664 2643 2879 2700 Andrea
2901 2643 3135 2701 Chesnio
3149 2645 3380 2701 Lutetia:
3401 2645 3635 2701 Parisio-

2046 2731 2165 2768 rum
2193 2729 2333 2769 anno
2364 2715 2520 2781 1617,
2548 2716 2789 2786 exceptis
2817 2715 3106 2782 nonnullis,
3134 2732 3254 2787 qua:
3277 2725 3468 2787 postea
3494 2716 3635 2772 refe-

2046 2801 2182 2839 ram.

2114 2857 2202 2929 8t.
2232 2855 2382 2929 lnca
2419 2871 2554 2929 vero
2566 2856 2829 2929 editione
2845 2857 2980 2929 viris
3005 2856 3232 2913 erudilis
3259 2859 3636 2929 supposititius

2046 2927 2258 3000 videtur
2280 2926 2416 3000 liber
2431 2927 2497 3000 de
2525 2926 2937 3000 divinisOlliciis
2961 2946 2974 2982 :
3007 2936 3118 2982 tum
3146 2928 3270 2997 quia
3304 2926 3527 3000 farrago
3553 2938 3637 2984 est

2043 3012 2108 3050 ex
2140 2997 2368 3052 diversis
2390 2997 2558 3070 ipsius
2581 2997 2793 3070 Alcuini
2820 2998 3156 3067 aliorumque
3184 2997 3482 3070 auctrix-umw
3518 3000 3636 3070 ipso

2044 3069 2402 3136 posteriorum
2435 3068 2650 3138 scriptis
2675 3069 2899 3124 collecta
2922 3109 2939 3135 ,
2960 3084 3094 3139 nam
3122 3078 3286 3139 caput
3312 3069 3384 3123 40
3408 3078 3495 3124 est
3521 3068 3640 3124 t'ra-

2044 3146 2221 3210 elatus
2253 3139 2480 3207 Remigii
2514 3138 3001 3210 Antissiodorensis
3043 3138 3294 3194 monachi
3319 3140 3386 3194 de
3408 3140 3638 3210 Exposi-

2047 3208 2189 3264 tione
2215 3210 2425 3274 missae;
2456 3216 2510 3264 et
2532 3210 2581 3263 in
2604 3210 2780 3280 capite
2808 3210 2869 3264 l8
2892 3208 3125 3264 refertur
3149 3210 3375 3280 epistola
3401 3208 3505 3264 llel
3540 3212 3637 3267 rici

2047 3281 2320 3333 Inmiachi.
2366 3279 2460 3333 qui
2488 3280 2699 3333 videtur
2722 3296 2843 3333 esse
2867 3279 3169 3333 Hilnericus
3201 3228 3636 3333 Sancti—Canen-

2044 3281 2320 3346 inenachi,
2366 3279 2460 3349 qui
2488 3279 2699 3334 videtur
2722 3296 2843 3335 esse
2867 3279 3636 3349 HilpericusSancti—Callon.

2043 3351 2119 3404 sis
2145 3350 2438 3405 monachus
2465 3350 2660 3405 saeculo
2684 3367 2738 3404 xi
2764 3368 2778 3416 ;
2813 3358 2924 3404 tum
2954 3350 3081 3420 quia
3111 3351 3342 3420 ineptias
3372 3360 3425 3405 et
3450 3361 3632 3405 errata

2043 3419 2288 3491 qumdam
2333 3421 2573 3491 continet
2616 3420 2841 3491 Alcuino
2871 3419 3085 3491 indigna
3111 3461 3126 3483 ,
3177 3419 3335 3490 quale
3379 3429 3458 3475 est
3494 3422 3632 3476 illud

2043 3490 2278 3560 (proditi
2309 3504 2428 3558 cap.
2464 3491 2486 3543 -l
2530 3490 2744 3560 legitur,
2792 3490 3069 3560 Christum
3114 3493 3396 3546 Dominum
3436 3500 3636 3546 natum

2042 3557 2160 3616 esse
2194 3557 2427 3630 Sulpicio
2459 3570 2507 3613 et
2554 3557 2831 3615 Camerino
2875 3559 3202 3630 consulibus,
3248 3562 3391 3630 quod
3431 3561 3635 3617 falsum

2042 3639 2163 3693 est;
2204 3628 2334 3701 item
2363 3630 2691 3701 baptizatum
2722 3648 2862 3686 anno
2904 3628 3096 3685 Tiberii
3129 3648 3230 3695 xv,
3267 3628 3556 3701 Valeriano
3587 3643 3638 3686 et

2042 3700 2275 3754 Asiatico
2307 3700 2607 3755 consulibus
2631 3716 2649 3753 :
2699 3717 2820 3756 cum
2858 3701 3037 3756 dicere
3066 3701 3364 3765 debuisset,
3425 3700 3636 3756 Valerio

2042 3771 2275 3825 Asiatico
2304 3781 2352 3825 et
2385 3770 2614 3826 Messala
2658 3770 2979 3842 consulibus,
3032 3772 3125 3842 qui
3172 3781 3355 3827 tamen
3384 3773 3638 3842 consules

2042 3858 2148 3913 non
2178 3849 2335 3897 erant
2358 3857 2499 3897 anno
2528 3842 2727 3913 Tiberii
2758 3858 2845 3896 xv.
2879 3841 3011 3896 Item
3038 3841 3180 3913 quod
3204 3851 3398 3898 auctor
3422 3841 3637 3898 Pascha

2042 3911 2285 3967 Graecam
2317 3928 2503 3967 vocem
2529 3928 2648 3968 esse
2689 3912 2819 3967 dicit
2844 3920 3033 3968 contra
3056 3911 3379 3982 expressam
3420 3913 3635 3969 Alcuini

2042 3982 2363 4037 sententiam
2390 3983 2481 4037 lib.
2522 3998 2572 4037 γι
2606 3983 2656 4037 in
2693 3982 2974 4046 Joannem,
3005 3999 3126 4051 cap.
3169 3983 3261 4047 32,
3296 3985 3382 4038 his
3410 3985 3632 4039 verbis:

2044 4053 2274 4117 Pascha,
2305 4053 2514 4121 fratres,
2554 4054 2849 4124 non,_sicut
2876 4053 3093 4124 quidam
3124 4055 3453 4119 existimant,
3485 4052 3636 4108 Gnt-

2041 4141 2159 4176 cum
2192 4138 2379 4177 nomen
2414 4133 2510 4187 est,
2537 4124 2627 4178 scd
2662 4121 2962 4194 lubricum.
3005 4124 3243 4193 Denique
3277 4125 3423 4194 quod
3458 4127 3633 4194 impu-

2041 4194 2368 4265 dicinomen
2400 4194 2664 4249 derivata
2710 4193 2920 4265 podice,
2954 4194 3007 4248 in
3038 4210 3156 4265 cap.
3201 4195 3268 4248 13
3295 4193 3310 4261 ξ
3342 4196 3492 4265 quod
3527 4193 3632 4248 Sa-

2042 4264 2221 4335 cerdos
2254 4263 2503 4335 Grmcum
2534 4264 2852 4320 vocabulum
2883 4279 3004 4335 esse
3025 4263 3176 4319 ait'in
3199 4280 3319 4335 cap.
3344 4263 3453 4331 56;
3490 4266 3633 4335 quod

2041 4333 2439 4405 ineptascrihit
2465 4335 2530 4390 de
2558 4334 2726 4390 cidari
2756 4351 2876 4405 cap.
2908 4334 2997 4390 58.

2109 4406 2197 4458 8'2.
2230 4404 2286 4459 In
2315 4405 2647 4461 carminibus
2688 4404 2851 4477 etiam
2886 4407 3133 4477 qutedam
3164 4406 3333 4477 notha
3364 4414 3421 4460 et
3449 4405 3637 4477 spuria

2041 4484 2203 4529 sunt:
2238 4484 2296 4529 ut
2325 4491 2545 4531 carmen
2590 4491 2683 4531 seu
2729 4476 3059 4547 epigramma
3086 4475 3120 4528 ὅ
3145 4475 3213 4531 de
3252 4476 3454 4547 Bugga,
3482 4475 3635 4547 quod

364 4564 462 4602 nus
515 4547 664 4611 obiit,
703 4546 961 4618 nimirum
1004 4561 1105 4618 xiv
1139 4544 1266 4600 Kal.
1316 4545 1491 4611 Junii,
1533 4554 1591 4600 ut
1623 4556 1841 4618 constat
1870 4563 1935 4603 ex
1966 4548 2013 4608 Ι)
2041 4547 2298 4618 scriptum
2326 4555 2410 4600 est
2452 4556 2709 4618 regnante
2738 4544 2837 4600 nm
2870 4545 3289 4618 Wcstsaxonum
3335 4544 3631 4618 regni—qui

364 4619 506 4683 Vita,
537 4618 780 4683 Rabauo,
804 4623 862 4673 et
886 4615 1131 4673 Hariull‘o
1155 4618 1419 4673 monacho
1443 4617 1775 4673 Centulcusi.
1798 4617 1936 4673 Nus-

361 4703 523 4757 quam
559 4698 740 4743 tamen
768 4728 783 4753 ,
811 4687 955 4756 quod
980 4689 1170 4751 sciam,
1196 4687 1409 4743 Alcuini
1452 4688 1595 4743 diem
1622 4686 1821 4744 festum
1844 4705 1936 4745 co-

362 4758 460 4813 luit
488 4758 747 4822 Ecelesia,
772 4771 841 4812 ne
872 4758 1088 4826 quidem
1112 4758 1459 4815 Turonensis.

436 4830 521 4884 79.
564 4830 736 4900 Erunt
771 4827 1000 4883 fortasse
1028 4828 1120 4900 qui
1177 4829 1233 4884 in
1253 4830 1482 4886 Alcuino
1512 4828 1752 4899 culpent,
1789 4832 1934 4900 quod

362 4899 547 4969 plures
599 4899 847 4954 abbatias
895 4899 1171 4966 tenuerit;
1223 4900 1367 4969 quod
1418 4901 1671 4956 habuerit
1734 4899 1934 4958 multos

362 4987 569 5035 servos,
609 4969 660 5024 id
686 4977 784 5031 est,
819 4969 876 5042 si
894 4969 1162 5042 ‘Elipando
1185 4970 1443 5026 Toletano
1469 4971 1722 5042 episeopo
1757 4973 1933 5027 credi-

362 5057 505 5106 mus,
570 5041 750 5112 viginti
808 5040 1292 5097 millia’servorum.
1362 5040 1552 5097 Verum
1603 5040 1688 5096 est
1720 5044 1937 5111 quidem

360 5127 484 5166 etim
528 5111 777 5168 abbatias
812 5111 1051 5167 tenuisse
1092 5113 1275 5181 plures
1305 5114 1360 5168 in
1383 5113 1574 5176 Callia,
1618 5112 1937 5168 Ferrarieu-

360 5200 474 5237 sem
508 5200 630 5238 cum
682 5181 828 5237 Cella
883 5183 1057 5238 sancti
1111 5181 1322 5249 Judoci,
1385 5183 1709 5238 Trecensem
1764 5184 1939 5239 sancti

362 5254 515 5324 Lupi,
554 5254 881 5309 Turonicam
915 5254 1091 5309 sancti
1122 5254 1339 5309 Martini
1386 5269 1507 5308 cum
1542 5254 1691 5310 Cella
1713 5254 1939 5309 Corma-

362 5325 579 5380 ricensi.
615 5325 686 5380 At
713 5339 806 5379 eas
830 5325 1025 5389 tenuit,
1056 5341 1163 5380 non
1219 5334 1277 5380 ut
1313 5341 1380 5380 ex
1402 5325 1469 5380 iis
1495 5324 1812 5394 locupletior
1842 5325 1938 5381 tle-

366 5405 466 5461 ret,
505 5398 598 5468 sed
625 5406 685 5468 u_t
711 5396 1008 5468 monachos
1041 5397 1110 5450 ad
1160 5396 1423 5468 laxiorem
1457 5396 1621 5468 vitam
1658 5395 1938 5467 prolapsos

361 5466 693 5522 emendaret.
731 5466 799 5520 Et
852 5481 1038 5522 servos
1086 5466 1320 5521 habebat
1363 5482 1471 5521 non
1502 5466 1657 5532 alios,
1684 5476 1745 5521 ut
1780 5466 1930 5536 puto,

361 5548 525 5601 quam
561 5538 905 5592 monasteriis
954 5538 1067 5591 suis
1095 5537 1359 5593 addictos.
1394 5536 1529 5591 Nam
1574 5537 1793 5607 plurimi
1819 5545 1932 5592 tum

359 5608 704 5678 orant_servi
761 5608 1167 5663 monachorum.
1225 5607 1447 5673 Verum,
1499 5617 1720 5678 praestat
1760 5609 1934 5677 ipsum

361 5673 669 5749 auscultarc
699 5678 767 5749 ad
790 5686 1082 5749 utrumque
1123 5678 1392 5749 obiectum
1441 5673 1855 5748 respondentem
1881 5680 1934 5732 in

361 5743 589 5820 epistola
616 5746 862 5820 praeﬁxa
882 5743 1035 5802 libris
1050 5743 1320 5820 adversus
1346 5743 1685 5820 Elipau'dum.
1723 5768 1742 5800 ς
1777 5749 1933 5803 Aliud

360 5822 446 5878 est
474 5814 675 5871 habere
706 5816 982 5885 szeculum,
1016 5818 1159 5874 aliud
1199 5828 1283 5875 est
1311 5814 1497 5876 haberi
1536 5837 1563 5873 a
1589 5820 1803 5876 smculo.
1845 5821 1938 5874 Est

2044 4615 2159 4670 uno
2186 4615 2297 4671 fere
2328 4616 2523 4670 smculo
2552 4616 2837 4671 Alcuinum
2880 4616 3196 4687 prtecessit;
3242 4617 3312 4673 48
3353 4615 3425 4671 de
3464 4615 3637 4671 Ethil-

2044 4687 2208 4753 drita,
2258 4688 2399 4756 quod
2425 4697 2511 4757 est
2541 4687 2697 4743 Beda:
2725 4686 3059 4757 Venerabilis
3087 4704 3101 4752 ;
3148 4687 3246 4741 l7?
3274 4688 3418 4757 quod
3445 4688 3635 4757 Angit-

2043 4758 2182 4812 berti
2221 4758 2435 4813 abbatis
2468 4756 2845 4817 Centulcusis;
2896 4756 3131 4826 denique
3175 4757 3297 4821 178,
3344 4758 3391 4813 si
3429 4768 3516 4813 est
3544 4756 3637 4812 Αι-

2042 4829 2208 4894 cuini,
2255 4828 2539 4883 dicendum
2584 4836 2668 4883 est
2710 4828 2990 4883 basilicam
3033 4828 3207 4883 sancti
3254 4828 3401 4882 Petri
3447 4827 3636 4883 Roma:

2041 4899 2322 4968 spoliatam
2353 4914 2475 4953 esse
2518 4907 2643 4954 ante
2668 4914 2866 4952 annum
2910 4898 3036 4963 840,
3076 4914 3183 4968 quo
3217 4898 3269 4953 id
3314 4896 3521 4953 factum
3564 4900 3635 4953 ab

2043 4968 2330 5025 Saracenis
2374 4970 2584 5040 legitur.
2637 4970 2702 5024 Et
2748 4969 2968 5038 quidem
3004 4984 3127 5023 cum
3174 4984 3243 5040 eo
3284 4968 3336 5023 in
3378 4970 3637 5040 carmine

2041 5049 2231 5112 agatur
2261 5041 2328 5094 de
2348 5039 2546 5095 insultu
2574 5055 2903 5112 paganorum
2929 5040 2981 5112 in
3010 5039 3342 5112 Britinniam
3374 5039 3632 5112 insulam,

2042 5110 2198 5166 facile
2228 5112 2554 5166 crediderim
2601 5109 2721 5166 esse
2753 5109 2989 5176 Alcuini,
3042 5111 3197 5180 cujus
3223 5118 3465 5180 tempore
3498 5110 3633 5164 Dani

2040 5181 2271 5236 insulam
2295 5180 2441 5236 illam
2476 5182 2843 5250 impeticrunt.
2893 5181 3094 5236 Versus
3111 5179 3371 5242 ’morales.
3402 5195 3544 5248 quos
3565 5196 3633 5235 ex

2037 5252 2265 5377 ﬁguino
2318 5252 2452 5307 citat
2501 5251 2683 5324 Lupus
2730 5252 2783 5306 in
2834 5250 3061 5323 epistola
3118 5251 3223 5317 ‘20,
3278 5259 3363 5305 est
3407 5265 3630 5305 carmen

2108 5393 2199 5448 85.
2243 5393 2301 5449 In
2332 5393 2567 5449 editione
2600 5392 2904 5448 Chesniana
2934 5391 3308 5448 desiderantur
3342 5390 3635 5447 Commen-

2038 5465 2160 5519 tarii
2191 5465 2244 5519 in
2277 5474 2511 5533 quatuor
2543 5463 2812 5534 Epistolas
2848 5462 3019 5523 Pauli,
3069 5464 3138 5517 ad
3175 5463 3442 5534 Ephesios
3488 5461 3633 5518 scili.

2036 5544 2143 5598 cet,
2182 5536 2249 5591 ad
2277 5532 2477 5600 Titum,
2507 5535 2577 5590 ad
2590 5532 2976 5589 Philemonem
3003 5542 3057 5587 et
3082 5533 3149 5587 ad
3174 5532 3432 5595 Hebraeos
3456 5551 3472 5597 ;
3503 5535 3631 5588 item

2040 5605 2290 5661 Praelatio
2314 5606 2366 5660 in
2391 5605 2629 5675 psalmos
2651 5603 3053 5673 ptenitentiales
3074 5604 3431 5675 adAruonem
3456 5604 3632 5660 Salu-

2038 5677 2358 5747 burgensem
2385 5674 2718 5747 episcopum,
2755 5690 2880 5747 quae
2894 5684 3073 5747 exstat
3099 5675 3153 5747 in
3177 5674 3451 5747 Spicilegii
3484 5684 3628 5747 torno

2040 5746 2109 5800 IX
2136 5743 2163 5811 ;’
2205 5748 2331 5801 item
2370 5743 2611 5816 cpistola:
2646 5753 2757 5801 tres
2799 5744 2963 5816 editae,
2986 5746 3040 5799 in
3075 5743 3315 5816 ejusdem
3349 5743 3624 5815 spicilegii

2041 5828 2185 5873 to.uo
2203 5817 2287 5874 VII
2306 5836 2318 5885 ;
2338 5814 2449 5872 tuin
2472 5816 2696 5889 cpistola
2729 5815 2794 5870 ad
2818 5814 3115 5871 Candidum
3139 5826 3193 5871 ct
3212 5814 3620 5881 Nathanaclem,
