3946 6186
303 249 428 304 ιιιι

1304 242 1648 297 API‘ENDIX
1675 242 1773 297 .IV.
1814 274 1882 282 —
1921 239 2231 296 ELOGIIIM
2272 237 2566 293 ALCUINI.

3442 238 3505 294 1-1
3521 238 3581 294 12

300 364 455 434 cujus
476 358 837 434 fragmentum
872 358 1050 434 infra_._
1072 357 1421 434 Iloniiliarurii
1456 360 1560 413 duo
1582 358 1887 423 volumina;
1919 367 1966 420 Α
1992 370 2187 434 papam
2212 354 2462 434 Romam.
2512 353 2712 434 Canisii
2742 353 3110 423 conjecturam
3152 354 3396 434 Andreas
3416 352 3586 434 Ches-

302 428 680 501 Eipositiones
696 430 777 501 in
796 428 1111 501 Proverbia
1126 428 1426 501 et_Cantic_a
1444 469 1459 492 ,
1511 445 1894 501 quaercomnie-

303 498 587 557 morantur
622 499 677 552 in
719 499 854 554 Vita:
896 515 1015 568 cap.
1054 499 1141 552 12.
1190 498 1286 553 His
1329 498 1574 553 addenda
1610 498 1894 568 Confessio

309 572 433 626 ﬁdei
478 579 714 639 quatuor
740 567 985 638 partibus
1011 577 1290 634 constans,
1321 577 1375 624 et
1398 569 1536 624 liber
1560 570 1626 624 de
1650 567 1773 624 .Vita
1792 569 1896 624 Ca-

308 639 660 765 rolidMagni,
709 639 775 695 de
822 654 930 709 quo
963 647 1194 709 utroque
1228 655 1392 709 opere
1419 639 1663 709 quaedam
1707 639 1897 694 obser-

308 728 411 765 van
454 726 505 764 a.

307 726 505 766 V2003.

377 781 466 835 84.
494 779 777 836 Confessio
802 780 919 834 haec
950 794 980 832 a
1003 777 1163 834 Petro
1182 778 1478 835 Francisco
1505 778 1773 834 Cbitlletio
1798 777 1895 834 So-

310 852 524 907 cietatis
561 850 691 906 Jesu
716 850 1034 921 presbytero
1077 850 1288 904 erudito
1330 850 1468 921 typis
1491 850 1725 921 primum
1751 851 1898 906 edita

312 922 538 977 Divione
564 928 648 976 est
690 918 832 974 anno
874 918 1010 973 1656
1035 918 1440 991 εκνρεννειυείο
1465 918 1654 991 codice
1690 920 1901 991 Lugdu-

312 992 489 1055 nensi,
540 992 631 1060 qui
675 1003 872 1060 nomen
918 990 1156 1060 auctoris
1203 989 1441 1060 praefert.
1500 990 1581 1043 An
1621 989 1900 1045 Confessio

312 1062 431 1116 huic
457 1058 823 1131 sitgcnuinus
842 1059 1052 1114 Alcuini
1080 1058 1241 1125 fetus,
1269 1061 1517 1115 dubitant
1539 1062 1755 1131 quidam
1779 1076 1902 1116 eru-

314 1130 433 1195 diti,
477 1130 707 1198 quorum
734 1131 1034 1199 praecipuas
1069 1131 1307 1185 rationes
1335 1132 1517 1185 videre
1564 1132 1692 1185 licet
1719 1132 1773 1185 in
1816 1131 1902 1185 In-

314 1202 434 1257 dice
462 1202 744 1263 historico,
770 1201 860 1269 qui
880 1200 1071 1256 Ofﬁcio
1091 1202 1157 1255 de
1183 1201 1524 1261 sanctissimo
1549 1200 1902 1257 Sacramento

314 1271 591 1341 subjectus
610 1279 715 1342 est.
755 1269 1010 1325 Censura:
1051 1272 1166 1326 haec
1195 1288 1425 1326 summa.
1468 1271 1683 1326 Priores
1720 1282 1905 1342 partes

313 1342 437 1396 dure
471 1341 749 1411 praeclarze
796 1350 922 1396 sunt
963 1349 1017 1395 et
1046 1343 1168 1411 pia),
1208 1342 1303 1397 sed
1344 1342 1635 1410 plurimum
1675 1358 1741 1397 ex
1784 1343 1905 1397 aliis

311 1412 531 1483 Alcuiui
559 1411 835 1483 operibus,
883 1413 1152 1482 pmcipue
1181 1427 1248 1467 ex
1291 1413 1627 1467 orationibus
1655 1413 1907 1483 deprom-

312 1490 442 1553 ptw.
475 1481 611 1553 Pars
645 1481 804 1553 tertia
830 1497 936 1536 non
968 1483 1201 1553 cohaeret
1225 1498 1347 1553 cum
1377 1482 1585 1538 duabus
1610 1481 1903 1551 prioribus,

313 1550 383 1605 ex
412 1552 613 1621 quibus
647 1550 815 1605 multa
865 1553 1059 1620 repetit
1103 1552 1171 1606 ad
1220 1552 1440 1622 verbum
1471 1550 1661 1622 :quod
1698 1553 1753 1608 in
1797 1567 1906 1607 uno

312 1622 620 1691 eodemque
636 1635 800 1691 opere
824 1622 1003 1676 nullus
1029 1632 1219 1684 auctor
1246 1621 1450 1676 fecerit.
1496 1621 1764 1679 Praeterea
1790 1624 1906 1679 haec

385 1706 446 1745 rs
466 1706 532 1745 ex
548 1691 912 1764 Confessione
948 1691 1149 1760 Pelagii
1194 1700 1249 1746 et
1275 1708 1337 1747 ex
1369 1692 1508 1749 libro
1550 1694 1615 1748 de
1644 1693 1907 1764 dogmati-

386 1776 413 1832 s
450 1762 835 1832 ecclesiasticis
860 1762 1139 1832 desumpta
1177 1773 1279 1828 est,
1325 1764 1587 1818 correctis
1623 1762 1803 1819 tamen
1841 1765 1910 1819 iis

308 1829 490 1904 locis,
509 1847 631 1904 qua:
651 1831 993 1904 Pelagianam
1016 1829 1263 1887 hicresim
1292 1833 1529 1902 sapiunt.
1563 1834 1696 1889 Pars
1721 1843 1913 1904 quarta

309 1901 522 1976 desinit
551 1903 604 1956 in
633 1901 868 1976 capiter9
894 1918 909 1964 ;
937 1918 1060 1956 nam
1085 1918 1203 1976 quae
1233 1901 1554 1976 sequuntur,
1581 1901 1795 1976 farrago
1830 1913 1914 1960 est

305 1970 655 2045 diversarum
672 1970 988 2045 orationum
1012 1970 1158 2045 male
1183 1970 1588 2045 cobaérentiuni.
1619 1970 1802 2045 Stytns
1824 1991 1915 2030 ac-

306 2043 426 2112 cedi
448 2050 467 2096 t
489 2043 558 2097 ad
584 2042 782 2112 stylum
812 2043 1047 2108 Alcuini,
1094 2058 1203 2098 non
1232 2043 1389 2112 plane
1418 2052 1621 2098 tersum
1646 2042 1700 2097 et
1722 2060 1912 2099 emen-

306 2059 426 2096 ceut
448 2059 467 2096 ι
489 2059 558 2097 aa
584 2059 634 2097 ει
673 2059 782 2096 tum
812 2059 1047 2108 AIClIltll,
1094 2059 1203 2098 non
1232 2059 1389 2112 plane
1418 2059 1621 2098 tersum
1646 2059 1700 2097 et
1722 2060 1912 2099 emen-

304 2110 531 2174 datum,
555 2059 668 2167 εείῖ
674 2112 868 2168 fortem
892 2128 958 2167 ac
982 2113 1183 2182 pietate
1204 2112 1524 2167 ferventem.
1554 2115 1702 2168 Vixit
1726 2124 1915 2169 auctor

303 2192 451 2237 ante
480 2183 932 2237 scholasticorum
960 2191 1196 2247 atatem,
1230 2198 1359 2237 usus
1383 2184 1658 2237 nonnullis
1684 2186 1915 2239 vocabu-

301 2251 395 2317 lis,
424 2267 561 2320 aqua:
588 2252 1035 2307 scholasticorum
1069 2260 1202 2307 :ntas
1243 2268 1349 2306 non
1391 2251 1547 2307 facile
1586 2254 1911 2309 admisisset.

306 2323 570 2391 Denique
628 2323 830 2377 fatetur
869 2321 1068 2377 Indicis
1112 2331 1302 2377 auctor
1346 2336 1414 2375 ex
1458 2322 1542 2377 his
1590 2323 1916 2392 conjecturis

306 2392 457 2446 nihil
492 2402 702 2447 certum
741 2392 952 2448 deﬁniri
980 2408 1156 2462 posse.
1183 2393 1400 2448 Addunt
1427 2393 1588 2462 aliqui
1616 2395 1778 2449 aliam
1811 2396 1914 2449 du-

310 2463 530 2518 hitandi
573 2464 861 2527 rationem,
909 2465 1053 2533 quod
1090 2464 1145 2518 in
1188 2478 1252 2518 ea
1281 2463 1631 2519 Confessione
1659 2465 1912 2521 nonnulla

315 2542 574 2603 excerpta
618 2534 728 2588 sint
766 2550 831 2589 ex
862 2533 1296 2589 Meditationibus
1345 2535 1518 2590 sancti
1550 2534 1809 2589 Anselmi.
1846 2536 1916 2590 At

315 2603 443 2671 quis
473 2605 596 2668 scit,
620 2620 748 2657 num
766 2604 1049 2659 Anselmus
1073 2620 1136 2658 ex
1166 2605 1394 2660 Alcuino
1410 2621 1475 2661 ea
1505 2615 1779 2661 mutuatus
1803 2607 1918 2661 sit?

316 2672 440 2726 Non
480 2674 679 2726 mirum
715 2675 760 2727 si
803 2674 1062 2729 Alcuiuus
1091 2676 1344 2730 adhibeat
1378 2675 1781 2733 Confessionem
1809 2676 1915 2733 Pe-

317 2743 471 2812 lagii,
495 2758 621 2815 qua;
644 2752 755 2797 tum
786 2745 959 2815 sancti
993 2744 1309 2815 Hieronymi
1335 2761 1454 2802 esse
1481 2748 1823 2813 credebatur,
1857 2757 1917 2802 ut

313 2820 563 2888 patet_ex
592 2813 687 2888 lib.
718 2829 787 2888 ut
807 2814 1043 2869 Carolini
1069 2813 1251 2888 operis
1274 2826 1464 2888 contra
1488 2817 1769 2888 imagines,
1792 2834 1914 2888 cap.

320 2883 412 2937 I0.
456 2882 607 2949 Quod
634 2885 879 3005 quadam
906 2901 1012 2939 non
1044 2882 1177 2941 satis
1203 2887 1534 2952 cohaereant,
1578 2882 1918 2957 répetantu'r-

320 2967 429 3005 nue
457 2968 640 3005 nonnu
667 2955 739 3005 la.
793 2955 847 3005 id
871 2956 1158 3005 provenire
1198 2964 1377 3005 potest
1422 2965 1533 3005 tum
1576 2973 1641 3005 ex
1675 2972 1742 3005 en
1773 2959 1915 3005 mind

315 2967 429 3029 que
457 2955 739 3029 npnnulla,
793 2955 847 3008 id
871 2956 1158 3024 provenire
1198 2964 1377 3029 potest
1422 2965 1533 3011 tum
1576 2955 1654 3011 cf
1675 2972 1742 3013 eo
1773 2959 1916 3029 quod

317 3021 440 3077 haec
474 3021 754 3079 Confessio
800 3021 1010 3081 constet
1047 3040 1115 3079 ex
1162 3021 1329 3081 variis
1356 3028 1574 3091 Patrum
1605 3021 1911 3094 sententiis,

317 3109 456 3173 quur
473 3094 525 3146 in
553 3093 692 3173 idem
722 3096 964 3173 recidunt
984 3113 1003 3173 _:
1037 3103 1149 3173 turn
1174 3112 1241 3150 ex
1267 3106 1416 3173 metu
1441 3097 1703 3173 ferventis
1718 3100 1914 3173 animi,

316 3163 497 3236 quiin
520 3162 781 3236 ejusmodi
813 3166 1195 3236 agitationibus
1226 3162 1588 3223 nullo'ordine
1616 3170 1670 3223 in
1701 3162 1913 3225 diversa

320 3234 556 3303 rapitur.
604 3233 808 3310 Auctor
824 3233 887 3310 in
921 3238 1092 3310 partis
1130 3252 1181 3290 IV
1209 3252 1328 3306 cap.
1362 3239 1428 3293 15
1459 3255 1488 3293 a
1519 3239 1629 3293 Deo
1655 3240 1911 3310 postulat,

316 3319 380 3380 se
412 3323 431 3353 ε
467 3307 792 3380 necessariis
816 3306 1189 3380 famulantium
1233 3310 1510 3378 obsequiis
1534 3318 1588 3364 et
1616 3306 1858 3380 impensa
1882 3327 1913 3365 a

314 3372 586 3454 fratribus
620 3376 933 3454 reverentia
962 3393 1236 3447 nunquam
1278 3372 1465 3454 extolli
1493 3396 1507 3434 :
1538 3400 1564 3454 ρ
1592 3372 1726 3454 quae
1749 3383 1912 3454 verba

315 3446 463 3500 satis
481 3452 667 3514 aperte
688 3446 918 3501 innuunt
936 3446 1213 3503 auctorem
1242 3449 1491 3505 abbatem
1529 3446 1713 3515 fuisse,
1745 3452 1915 3505 multo

314 3531 344 3568 ε
367 3529 606 3592 τγοῐ-ιι-ηι
633 3523 689 3579 et
712 3518 1099 3592 monachorum
1129 3535 1356 3592 numero
1380 3530 1437 3576 et
1462 3523 1719 3575 comitatu
1748 3523 1914 3592 stipa-

317 3592 465 3663 tum:
504 3582 562 3635 Id
590 3598 717 3638 vero
737 3586 1174 3663 planeconvenlt
1192 3590 1249 3663 in
1271 3589 1579 3653 Alcuinum,
1611 3592 1703 3663 qui
1733 3582 1913 3663 viginti

315 3651 497 3728 millia
527 3651 801 3728 servorum
822 3656 1073 3728 habuisse
1099 3658 1319 3728 dicitur,
1352 3668 1410 3712 ut
1443 3651 1692 3728 superius
1709 3651 1909 3717 notavi.

317 3720 535 3800 subdit.
555 3719 1140 3800 'Confessionis_auctor
1168 3719 1488 3800 inuejnsdem
1508 3719 1691 3797 'partis
1717 3746 1768 3784 IV
1792 3734 1911 3800 cap.

317 3793 412 3845 I7.
456 3809 475 3841 ι
508 3789 678 3845 Amisi
709 3791 881 3847 locum
916 3794 1127 3848 dilectae
1153 3789 1476 3861 solitudinis,
1513 3789 1744 3852 {unicum
1781 3789 1917 3853 md:-

316 3862 489 3925 roris,
520 3860 803 3934 quietiset
820 3864 1186 3931 ptenitudinis,
1216 3880 1378 3934 quem
1408 3860 1476 3920 ab
1503 3868 1723 3922 ineunte
1758 3876 1916 3922 astate

315 3947 543 4005 semper
573 3931 759 4005 dilexi.
790 3932 996 3989 Idcirco
1024 3934 1075 3988 in
1107 3931 1357 4005 angustia
1394 3943 1450 3991 et
1477 3952 1712 3992 maerore
1744 3938 1915 3993 multo

314 4004 503 4080 posita
529 4003 822 4080 est_anima
862 4019 1002 4070 mea,
1042 4003 1201 4080 tuum'
1220 4021 1381 4080 super
1404 4023 1462 4063 se
1487 4008 1743 4080 ignorans
1764 4007 1913 4080 judig

314 4073 472 4128 cium
501 4090 514 4124 :
548 4073 680 4148 quia
703 4084 974 4148 secretum
1003 4076 1174 4148 solrta:
1201 4073 1400 4147 quietis
1425 4087 1483 4132 et
1502 4073 1817 4148 opportuna:
1847 4079 1915 4133 ad

314 4156 374 4199 te
402 4143 733 4207 vacationis,
770 4146 913 4213 quod
938 4145 1101 4200 semel
1134 4143 1381 4202 incautus
1419 4143 1597 4214 amisi,
1632 4151 1808 4205 denuo
1833 4150 1917 4204 in-

316 4214 520 4270 venire
568 4228 673 4268 non
704 4215 874 4290 potui.
926 4215 1039 4290 Hoc
1075 4226 1256 4290 autem
1300 4227 1429 4288 opto
1460 4221 1655 4285 adhuc,
1705 4223 1917 4290 suspiro
1981 4241 1992 4255 ο

311 4292 372 4341 ct
398 4297 593 4361 qner
620 4302 633 4337 :
663 4286 768 4361 sed
790 4286 1237 4361 praepedientihus
1256 4286 1494 4361 peccatis
1515 4291 1649 4345 meis
1679 4286 1918 4361 reperire

311 4352 433 4431 non
451 4352 638 4431 Δν-ίιιερ.
664 4373 683 4406 ι
728 4352 983 4412 Eamdem
1006 4358 1173 4431 animi
1215 4352 1299 4412 sui
1320 4361 1686 4431 agitationem
1711 4352 1915 4416 descri-

1995 423 2119 482 nius
2144 427 2198 481 in
2239 424 2474 479 editione
2502 423 2712 478 Alcuini
2739 439 2962 494 operum
2992 424 3317 494 approbasse
3348 423 3582 479 videtur.

1995 497 2086 552 Ivo
2126 495 2478 552 Carnotensis
2523 495 2807 564 episcopus
2848 495 2903 548 in
2950 494 3251 564 Panormia:
3290 503 3445 563 parte
3486 510 3586 552 vn!

1995 567 2225 637 adducih
2264 563 2629 637 fragmentum
2653 580 2739 637 et:
2786 566 2941 637 gestis
2984 564 3161 620 Caroli
3200 563 3383 637 Magni
3426 564 3588 637 jua‘ta

1996 636 2286 691 Alcwinum
2330 635 2384 689 in
2414 635 2529 689 Itth
2558 635 2721 688 verba
2753 649 2767 688 :
2815 653 2834 685 ι
2866 635 3075 706 Rogatu
3115 643 3169 688 et
3194 635 3446 706 precibus
3481 635 3590 689 Ad-

1996 706 2138 763 riani
2165 706 2424 762 Romana
2452 706 2604 759 urbis
2645 706 2883 775 episcopi
2916 703 3171 760 eioratns
3196 703 3421 759 Carolus
3470 720 3586 768 rex,

1994 775 2197 831 bellum
2248 782 2440 832 contra
2497 775 2880 844 Longobardos
2929 776 3210 843 suscepit:
3251 776 3393 843 quod
3441 775 3592 843 prius

1999 847 2216 914 quidem
2246 856 2301 903 et
2347 845 2681 915 supplicante
2709 861 2847 916 papa
2874 847 2941 901 ab
2983 848 3098 917 ejus
3127 853 3280 917 patre
3307 861 3429 899 cum
3475 860 3590 917 ma-

2000 932 2103 985 gna
2132 917 2447 972 difﬁcultate
2491 924 2797 985 susceptum
2839 926 2941 971 est.
2980 915 3113 970 {At
3161 915 3591 985 totidema'erba

2001 984 2219 1042 exstant
2265 988 2318 1042 in
2366 988 2503 1041 libro
2543 986 2834 1057 Eginhardi
2882 987 2948 1041 de
2999 988 3117 1043 Vita
3164 985 3339 1041 Caroli
3389 984 3588 1056 Magni,

2002 1073 2163 1126 quem
2192 1058 2387 1111 librum
2420 1057 2715 1127 Eginhardi
2746 1072 2865 1112 esse
2886 1066 3118 1113 constat.
3542 1066 3549 1075 '

2074 1128 2162 1182 86.
2198 1128 2255 1182 In
2288 1127 2561 1197 Spicilegii
2607 1134 2753 1181 tomo
2781 1127 2869 1191 IV,
2917 1145 3038 1198 pag.
3081 1128 3206 1193 485,
3247 1130 3337 1182 ubi
3368 1129 3595 1182 habetur

2004 1197 2243 1269 thesauri
2269 1198 2615 1269 Centulensis
2643 1197 2932 1268 descriptio
2954 1213 3096 1253 anno
3123 1200 3218 1253 851
3246 1200 3398 1269 jussu
3422 1198 3595 1269 Ludo-

2005 1268 2109 1322 vici
2139 1268 2365 1339 Augusti
2394 1268 2555 1333 facta,
2590 1277 2959 1339 memorantur
2990 1287 3008 1318 ‹
3048 1268 3279 1324 Missalis
3305 1268 3564 1339 Gregoria
3589 1296 3593 1299 -

2006 1354 2109 1393 nus
2132 1348 2189 1393 et
2232 1337 2554 1409 Celasianus
2598 1337 2871 1394 modernis
2917 1340 3246 1409 temporibus
3291 1340 3359 1393 ab
3400 1337 3596 1409 Albino

2006 1410 2306 1474 ordinatus,
2357 1418 2411 1464 et
2459 1408 2832 1465 Lectionarius
2870 1409 3143 1479 plenarius
3178 1426 3208 1463 a
3250 1424 3412 1479 supra
3453 1408 3597 1463 dicto

2005 1479 2202 1562 Albino
2226 1479 2528 1562 ordinatus,
2566 1500 2615 1562 ID.
2638 1479 2845 1562 scilicet
2870 1479 3235 1562 Epistolarum
3251 1489 3322 1562 oet
3352 1480 3597 1562 Evange-

2008 1549 2224 1618 liorum,
2273 1560 2333 1605 ut
2358 1565 2424 1604 ex
2467 1550 2647 1605 verbis
2677 1565 2741 1605 eo
2780 1549 2882 1604 loci
2917 1549 3220 1605 intersertis
3251 1552 3595 1619 interpretor.

2010 1620 2229 1675 Librum
2255 1620 2488 1691 denique
2520 1620 2587 1675 de
2627 1619 2957 1691 Imaginibus
2984 1622 3263 1690 scripsisse
3289 1620 3485 1674 dicitur
3511 1635 3601 1691 su-

1938 1717 1983 1776 B
2009 1706 2105 1776 pra
2132 1708 2280 1746 num.
2312 1692 2373 1746 51
2399 1689 2419 1745 Ξ
2448 1691 2592 1776 quod
2619 1690 2802 1776 nescio
2829 1707 2894 1746 an
2914 1689 3111 1776 parum
3139 1691 3474 1776 explet-arum
3506 1689 3597 1776 sit.

2015 1760 2236 1817 Certum
2282 1776 2412 1816 vero
2441 1769 2523 1816 est
2564 1775 2688 1814 eum
2722 1761 2887 1815 libros
2914 1760 3123 1816 Veteris
3166 1760 3231 1815 ac
3256 1760 3387 1814 Novi
3414 1760 3603 1815 Testa-

2015 1833 2180 1887 menti
2211 1831 2436 1902 jubente
2460 1830 2653 1886 Carolo
2679 1830 3017 1897 emendasse,
3045 1847 3205 1901 supra
3244 1847 3390 1885 num.
3423 1829 3510 1883 75.

2083 1903 2171 1957 87.
2216 1900 2521 1972 Antequam
2569 1902 2975 1956 observationes
3017 1903 3083 1956 de
3112 1900 3337 1957 ’Alcuini
3385 1900 3603 1970 scriptis

2014 1971 2160 2036 ﬁnio,
2210 1987 2314 2027 non
2345 1971 2414 2027 ab
2444 1986 2513 2042 re
2531 1972 2636 2025 erit
2679 1972 2769 2026 hic
2810 1983 3080 2042 exponere
3113 1973 3309 2026 seriem
3342 1986 3602 2040 quarum-

2013 2044 2137 2097 dam
2176 2043 2294 2112 ejus
2328 2041 2700 2112 epistolaruln,
2722 2041 3031 2112 secundum
3070 2042 3315 2097 ordinem
3344 2042 3606 2112 temporis

2014 2128 2121 2185 quo
2147 2111 2365 2180 scriptae
2393 2118 2558 2165 sunt:
2609 2111 2785 2181 qualis
2826 2113 2959 2167 mihi
2988 2128 3081 2166 eas
3117 2113 3416 2185 perlegcnti
3458 2111 3606 2167 tenit

2016 2183 2070 2236 in
2101 2192 2356 2235 mentem.

2085 2250 2242 2305 Anno
2283 2250 2387 2305 790
2433 2250 2486 2304 in
2529 2250 2718 2319 Anglia
2750 2251 2950 2320 scripta
2978 2259 3061 2306 est
3096 2251 3323 2320 epistola
3372 2253 3439 2307 ad
3478 2252 3604 2306 Col-

2017 2336 2164 2385 cum,
2209 2322 2462 2375 nimirum
2493 2337 2634 2375 anno
2660 2323 2907 2392 proximo
2931 2332 3051 2391 post
3078 2322 3321 2377 devictos
3349 2338 3378 2375 a
3410 2322 3604 2377 Carolo

2017 2391 2256 2455 Sclavos,
2308 2393 2375 2445 ad
2407 2406 2564 2461 quem
2594 2406 2652 2447 se
2680 2391 3001 2446 mittendum
3032 2407 3155 2447 esse
3181 2392 3315 2446 dicit
3342 2408 3440 2461 pro
3467 2407 3601 2461 pace

2017 2463 2158 2533 inter
2184 2462 2356 2532 ipsum
2400 2462 2653 2533 Carolumﬁ
2680 2470 2736 2516 et
2762 2462 2936 2517 Otfam
2966 2477 3119 2533 reges
3154 2464 3511 2530 procuranda,
3546 2471 3605 2517 ut

2016 2532 2218 2596 legitur
2262 2534 2315 2588 in
2360 2548 2420 2587 ea
2468 2532 2716 2603 epistola,
2761 2548 2922 2602 quam
2972 2532 3115 2587 inter
3161 2532 3478 2588 Hibernicas
3525 2534 3607 2586 in-

2016 2611 2224 2673 tegram
2273 2603 2440 2673 edidit
2476 2604 2743 2666 Usserius,
2785 2604 2875 2673 qui
2915 2619 3035 2658 eam
3061 2619 3167 2657 non
3195 2604 3333 2660 bene
3362 2606 3501 2659 Ioca'.
3536 2604 3605 2658 ad

2017 2672 2219 2745 annum
2246 2672 2368 2745 795,
2404 2682 2462 2745 ut
2487 2675 2664 2729 notavi
2693 2672 2943 2745 superius
2964 2690 3110 2745 num.
3133 2674 3222 2729 28.

2086 2742 2243 2816 Anno
2271 2744 2374 2816 794
2399 2743 2635 2816 Adriano
2665 2742 2817 2815 papae
2830 2744 3021 2800 scribit
3043 2745 3323 2815 epistolam
3350 2744 3418 2800 65
3441 2746 3607 2816 (nunc

2019 2814 2108 2885 18)
2135 2830 2233 2883 per
2272 2814 2680 2886 Angilbertum,
2727 2814 2820 2884 qui
2863 2823 2983 2870 acta
3018 2814 3230 2871 concilii
3276 2814 3605 2871 Francofur-

2020 2886 2187 2957 lensis
2230 2886 2455 2940 Romam
2485 2886 2694 2957 detulit.
2744 2886 2916 2940 Aliam
2962 2887 3090 2957 item
3119 2887 3338 2957 scripsit
3367 2889 3432 2943 de
3475 2902 3607 2943 nece

2019 2956 2294 3028 ἕψεις-ειη
2340 2956 2505 3028 regis,
2551 2955 2713 3028 cujus
2749 2956 2990 3028 epistola:
3032 2955 3391 3028 fragmentum
3437 2957 3607 3012 refert

2021 3024 2328 3082 Willelmns
2378 3024 2871 3082 Malmesburiensis
2913 3024 3212 3082 monachus
3248 3027 3303 3082 in
3350 3028 3446 3084 lib.
3494 3032 3607 3085 Ide

2020 3096 2258 3168 Regibus
2290 3096 2605 3168 Anglorum,
2640 3112 2758 3168 cap.
2789 3098 2844 3152 5.

2086 3112 2258 3221 lgibus
2290 3112 2605 3167 .mgtorum,
2640 3112 2758 3168 cap.
2789 3112 2844 3152 o.

2136 3182 2244 3222 uno
2268 3167 2370 3240 796
2406 3167 2574 3240 Leoni
2617 3183 2768 3240 papa:
2790 3168 3004 3240 scribit
3028 3168 3311 3240 epistolam
3337 3168 3406 3223 72
3441 3168 3606 3238 (nunc

2017 3237 2109 3310 24)
2156 3253 2253 3310 per
2280 3237 2805 3310 AngilbertumfAd
2852 3237 3105 3310 hocrriter
3147 3241 3316 3310 etiam,
3360 3237 3604 3310 spectant

2017 3307 2197 3382 Caroli
2212 3310 2452 3382 epistola:
2465 3308 2535 3382 85
2550 3317 2605 3363 et
2618 3308 2687 3382 8-1
2702 3307 2720 3380 (
2729 3308 2826 3382 Rat
2836 3310 2941 3382 rel:
2954 3309 3180 3376 XCVIII,
3202 3309 3327 3381 907)
3343 3307 3483 3365 inter
3497 3313 3607 3382 epi-

2017 3379 2187 3451 stolas
2212 3379 2445 3451 Alcuini.
2464 3379 2666 3451 Itberio
2695 3380 2875 3451 abbati
2896 3380 3217 3436 Martiniano
3234 3379 3403 3451 inerti
3424 3379 3606 3451 proii-

2018 3464 2107 3520 mo
2157 3448 2672 3520 dirigitrepistolam
2718 3448 2785 3503 75
2819 3454 3002 3519 (nunc
3043 3451 3173 3520 52).
3230 3448 3464 3507 Homero
3509 3469 3603 3507 seu

2014 3519 2333 3595 Angilbcrto
2365 3519 2549 3595 Roma:
2577 3520 2859 3595 exsistenti
2887 3519 3167 3595 epistolam
3198 3522 3266 3576 92
3297 3522 3461 3594 (mine
3488 3522 3603 3595 25).

2015 3591 2209 3645 Carolo
2236 3592 2518 3660 (egrotanti
2546 3591 2815 3654 condolct,
2866 3601 2919 3645 et
2958 3593 3026 3645 ob
3070 3591 3383 3647 Hunnorum
3422 3610 3483 3647 su
3517 3591 3597 3661 je-

2016 3661 2538 3731 ctionemrcaptivos
2583 3662 2801 3715 liberari
2851 3661 3084 3731 postulat
3122 3665 3280 3731 epist.
3327 3662 3395 3717 9t)
3440 3668 3605 3731 (llllltc

2014 3729 2127 3797 57).
2169 3730 2370 3785 Eodem
2410 3739 2619 3798 spectat
2646 3729 2872 3799 epistola
2902 3733 2963 3786 9t
3003 3729 3171 3802 (nunc
3193 3732 3284 3786 58)
3324 3734 3393 3787 ad
3428 3729 3609 3803 Pippi~

2017 3814 2165 3852 num.

2084 3868 2241 3922 Anno
2284 3866 2386 3944 797
2417 3867 2483 3944 de
2519 3868 2783 3944 electione
2814 3869 3072 3944 Eanbaldi
3111 3872 3343 3941 junioris
3367 3874 3603 3944 episcopi

2016 3937 2384 4012 Eboracensis
2399 3939 2558 4006 epist.
2588 3939 2662 3992 88
2684 3938 2848 4012 (nunc
2868 3939 2956 4012 54)
2972 3956 2985 4005 ;
3004 3942 3084 4012 de
3106 3937 3255 3997 Saltu
3298 3937 3435 3997 luna:
3462 3937 3604 3997 anno

2017 4007 2210 4085 ultimo
2252 4007 2387 4085 cyrli
2412 4007 2880 4085 dccenurorenalis
2913 4007 3084 4085 _t_EpiSl.
3129 4013 3163 4068 5
3191 4012 3355 4085 (nunc
3395 4013 3505 4085 76).
3545 4014 3604 4070 In

2017 4079 2249 4155 epistola
2278 4077 2382 4155 112
2404 4078 2553 4155 (nunt
2588 4080 2679 4150 59)
2703 4078 2769 4134 ad
2797 4077 3079 4155 Paulinum
3111 4077 3358 4155 meminit
3386 4077 3608 4155 legatio-

2017 4152 2102 4203 nis
2130 4150 2199 4203 ab
2223 4149 2417 4203 Avaris
2442 4149 2545 4203 hoc
2569 4165 2712 4204 anno
2741 4151 2920 4205 missae
2944 4152 3010 4206 ad
3036 4151 3310 4208 Carnhun.

2086 4220 2243 4273 Anno
2268 4219 2370 4274 799
2396 4218 2654 4284 libellum,
2702 4228 2762 4275 ut
2796 4230 2975 4285 vocat,
3023 4234 3214 4278 contra
3247 4225 3495 4279 haeresim
3539 4226 3606 4281 de

2017 4291 2305 4368 adoptione
2328 4290 2496 4368 mittit
2519 4306 2639 4368 cum
2662 4292 2886 4368 epistola
2916 4293 2983 4368 15
3012 4293 3183 4368 (nunc
3203 4296 3355 4368 lOI).
3376 4297 3447 4368 pe
3473 4295 3607 4348 Leo-

2020 4363 2103 4439 nis
2126 4361 2655 4439 paprcﬂmutilatione
2684 4364 2793 4432 agit
2816 4364 2870 4419 in
2895 4364 3137 4435 epistolis
3165 4365 3231 4419 12
3259 4361 3314 4421 et
3346 4366 3406 4419 15
3440 4376 3605 4439 (nunc

308 4426 396 4480 bit
433 4423 702 4502 Alculnus
731 4440 891 4502 supra
930 4442 1078 4481 num.
1125 4430 1195 4482 60
1222 4437 1278 4483 et
1304 4423 1400 4502 6t:
1434 4431 1513 4485 Ex
1536 4431 1730 4502 quibus
1759 4433 1910 4487 aliis-

2023 4432 2084 4486 96
2111 4423 2167 4487 ét
2193 4423 2338 4502 tua).

310 4511 427 4564 que
474 4493 1118 4567 colligitur,‘ipsummet
1171 4514 1292 4554 esse
1343 4500 1498 4557 istius
1546 4493 1914 4559 Confessionis

310 4582 343 4619 a
350 4576 488 4620 ueto
496 4579 631 4618 rem.

389 4636 487 4712 85.
525 4633 1217 4712 CaroliMagniAVitamrab
1254 4642 1445 4712 eodem
1492 4643 1749 4712 scriptam
1793 4659 1915 4700 esse

308 4707 546 4780 probat_
550 4704 606 4780 in
635 4704 839 4780 primis
852 4708 1177 4780 subscriptio
1202 4711 1336 4767 Viue
1359 4704 1795 4780 ejusdem-Caroli
1820 4732 1918 4769 au-

311 4774 477 4855 ctore
508 4774 834 4855 Eginhardo,
863 4774 1080 4855 adjecta
1102 4784 1159 4855 in_
1177 4783 1361 4855 codice
1385 4774 1664 4855 'Tbuaneo,
1693 4793 1749 4855 et
1774 4785 1915 4855 apud

310 4846 622 4901 Cliesnium
659 4847 714 4900 in
739 4855 883 4903 temo
911 4846 953 4902 II
979 4850 1123 4905 edita
1145 4851 1201 4904 in
1225 4854 1370 4925 hunc
1393 4854 1610 4925 modum
1644 4846 1658 4907 ἑ
1690 4846 1914 4925 Reliqua

311 4927 545 4971 actuum
566 4931 680 4994 ejus
703 4927 869 4985 gesta,
887 4935 989 4994 seu
1011 4930 1058 4994 et
1076 4938 1193 4994 qum
1216 4922 1273 4994 in
1296 4923 1619 4976 carminibus
1642 4923 1792 4994 vulgo
1817 4922 1912 4978 ca-

313 4996 531 5063 ungitur
556 4987 726 5063 dﬁeheo,
751 5003 857 5040 non
877 4989 963 5063 hic
985 4987 1211 5063 pleuiter
1236 4991 1497 5063 descripta
1525 5003 1649 5048 sunt
1674 5010 1688 5058 ;
1713 4987 1804 5047 ἔθει
1833 5011 1915 5048 re-

311 5053 908 5142 4!‘_'€"':,,Y?%.ruae
930 5053 1186 5142 ᾼΙαυίςιιξε
1207 5062 1273 5142 de
1291 5078 1353 5142 eo.
1376 5053 1595 5142 scribit:
1622 5053 1684 5119 αι’
1707 5064 1913 5120 Batavus

311 5122 495 5181 etiam
525 5122 701 5204 Vitarn
730 5122 906 5183 Caroli
937 5128 1109 5197 Magni
1141 5132 1283 5204 inter
1324 5133 1537 5204 Alcuini
1569 5122 1732 5204 opera
1759 5151 1912 5189 com-

311 5202 611 5275 memorat:
641 5196 756 5275 Qua
803 5214 860 5252 re
890 5196 1190 5275 commotus
1236 5200 1516 5275 Henricus
1538 5196 1787 5260 Canisius
1813 5205 1911 5259 Al—

311 5265 493 5325 cuino
521 5264 711 5321 tribuit
750 5282 971 5324 carmen
995 5270 1062 5325 de
1084 5271 1332 5327 Adventu
1362 5272 1540 5329 Caroli
1579 5276 1647 5332 ad
1675 5275 1910 5331 Leonem

2091 4505 2262 4579 Anno
2277 4501 2383 4579 800
2416 4502 2976 4579 Liudgardaarreginze
3000 4506 3206 4579 obitum
3256 4506 3400 4579 luget
3445 4509 3603 4579 epist.

2019 4572 2081 4628 21
2117 4583 2173 4628 ct
2198 4574 2269 4645 22
2294 4574 2461 4645 (nunc
2496 4572 2607 4645 I06
2643 4584 2700 4629 et
2742 4572 2887 4645 I07).
2933 4575 3051 4631 Non
3090 4577 3206 4631 vult
3251 4572 3339 4632 ire
3377 4572 3601 4633 Ruinam

2020 4645 2178 4714 epist.
2207 4644 2425 4720 I3,'_I'_7,_
2448 4644 2515 4720 l9
2540 4646 2706 4720 (nunc
2727 4644 2858 4720 I07,
2890 4646 3010 4712 152,
3044 4646 3186 4720 154).
3231 4648 3469 4705 ϐειιιιιιίῐξ
3511 4651 3602 4703 Vi-

2022 4724 2129 4789 tam
2155 4715 2604 4789 sanctirltirharii
2632 4717 2874 4789 scribere
2902 4726 3141 4789 rogatus.

2088 4785 2270 4859 Anno;
2287 4785 2384 4859 801
2418 4784 2613 4859 Carolo
2656 4802 2723 4859 ea
2768 4787 2917 4859 Italia
2962 4784 3256 4843 revertenti
3302 4788 3606 4859 gratulatur

2016 4855 2174 4924 epist.
2202 4855 2273 4909 25
2295 4854 2463 4929 (nunc
2496 4856 2635 4928 129).
2686 4857 2945 4929 Eumdem
2976 4859 3044 4913 ab
3072 4854 3411 4929 expeditione
3436 4861 3604 4915 Bene»

2019 4935 2255 5000 veulana
2276 4926 2603 4981 dehortatur
2617 4928 2772 5000 epist.
2799 4927 2869 5000 21
2897 4929 3062 5000 (nunc
3099 4926 3242 5000 155).

2085 4996 2174 5070 88.
2210 4995 2337 5070 llaec
2379 5005 2505 5050 sunt
2539 4995 2666 5070 quae
2685 4999 2752 5054 de
2794 4995 3008 5070 Alcuini
3054 4995 3273 5070 scriptis
3313 5000 3602 5056 observare

2013 5067 2181 5137 ρειοιί.
2208 5066 2469 5135 Superest
2493 5076 2555 5122 ut
2576 5068 2938 5141 fragmentum
2963 5069 3080 5139 ejus
3107 5066 3345 5141 epistola:
3371 5074 3437 5125 ad
3461 5074 3603 5125 Caua

2014 5137 2196 5191 diduin
2225 5147 2281 5191 et
2314 5135 2697 5195 Natbanaelem
2724 5141 3011 5196 exhibeam
3037 5157 3105 5196 ex
3132 5141 3348 5196 schedis
3377 5152 3599 5197 nostras.

2015 5209 2091 5261 uti
2139 5207 2430 5283 pollicitus
2452 5224 2603 5283 sum.
2657 5211 2812 5283 (Vide
2857 5212 3000 5267 inter
3052 5212 3310 5283 epistolas
3361 5213 3598 5278 Alcuini,

2012 5286 2144 5332 toni.
2178 5278 2240 5333 c.
2272 5278 2374 5334 col.
2403 5279 2553 5352 408.)

1537 5524 2372 5571 ψο-
