4346 6682
89 587 152 640 15
755 594 1177 653 DOGMATICA.
1210 628 1279 639 -—-
1315 599 1402 654 DE
1441 600 1597 656 FIDE
1636 600 1694 656 S.
1737 598 2128 659 TRINITATIS
2164 601 2346 661 LIBRI
2381 603 2466 661 III.
2506 605 2635 663 LIB.
2676 608 2716 664 Ι.
3308 607 3375 678 ἀι

87 702 319 768 devotio,
372 705 502 775 quid
545 706 770 764 liberius
812 709 1053 776 aﬁ‘erret,
1101 726 1202 766 nec
1258 712 1389 782 quid
1439 711 1674 782 regalem
1705 723 1750 782 Α
1781 729 1911 769 num
1956 728 2126 784 genus
2163 714 2276 771 sola
2303 713 2564 784 vivillcat,
2596 719 2708 774 sola
2740 721 3062 788 sanctiﬁcat,
3102 730 3377 800 veraciter

83 793 516 852 benevolentiam
553 799 761 869 gratius
792 801 1071 871 accepisse
1106 812 1380 873 putarem.
1414 801 1554 869 Quid
1584 817 1680 858 ex-

83 883 208 940 inde
233 883 452 941 efﬁcere
491 887 564 942 sit
589 896 770 943 ratum
807 889 964 963 [Μδε.
998 891 1139 959 Quid
1166 893 1361 948 exinde
1387 892 1675 960 eﬁicerem,

80 977 275 1031 omisso
303 978 375 1033 sit
395 979 624 1053 ratum],
649 984 1207 1070 vcstrz‘e‘probationis
1226 993 1504 1055 exspectat
1523 985 1676 1058 ldis,

80 1067 312 1141 spectat]
356 1070 647 1141 judicium,
680 1073 724 1128 si
753 1067 914 1145 digne
937 1091 1093 1130 meus
1115 1076 1216 1132 iste
1238 1076 1392 1132 labor
1423 1078 1477 1132 in
1504 1093 1682 1132 sacer-

79 1159 290 1217 dotales
319 1163 616 1232 procedere
649 1165 830 1220 valeat
865 1181 1048 1222 aures.
1092 1167 1236 1240 Ergo
1275 1177 1470 1223 vestrae
1498 1169 1676 1241 digni-

79 1251 210 1307 tatis
255 1252 480 1308 dextera
527 1255 688 1310 dante
716 1257 783 1312 ad
815 1257 1123 1330 legendum,
1175 1275 1337 1315 nemo
1371 1259 1516 1330 justc
1557 1277 1676 1316 mea

79 1345 224 1398 dicta
248 1361 504 1416 spernere
536 1349 755 1419 poterit,
785 1350 912 1421 quia
934 1351 1215 1420 probantis
1239 1352 1535 1407 auctoritas
1560 1352 1678 1422 plu-

79 1436 158 1490 ris
201 1437 504 1493 mstimatur
543 1454 710 1510 quam
757 1442 1047 1498 scribentis
1094 1443 1329 1498 devotio.
1381 1442 1546 1498 Multa
1593 1451 1678 1498 est

76 1526 334 1583 erunibus
377 1529 627 1586 ﬁdelibus
667 1533 722 1588 in
770 1541 952 1589 vestra
987 1534 1190 1604 pietate
1216 1534 1480 1606 gloriandi
1507 1533 1670 1590 facul-

80 1624 186 1682 tas,
212 1618 338 1673 dum
367 1620 673 1678 clementia:
705 1633 903 1681 vestrae
927 1625 1231 1681 sollicitudo
1257 1626 1673 1695 sacerdotalem,

78 1716 142 1763 ut
179 1709 355 1776 decet,
389 1712 557 1766 habet
577 1713 632 1768 in
658 1715 1042 1783 praedicatione
1081 1717 1233 1772 verbi
1274 1716 1370 1772 Dei
1412 1717 1671 1788 vigorem,

79 1809 137 1855 et
163 1802 459 1873 perfectam
486 1807 542 1860 in
569 1807 837 1863 catholica
861 1808 967 1864 ﬁde
990 1810 1298 1875 scientiam,
1326 1819 1382 1866 et
1402 1811 1676 1867 sanctissi-

78 1911 224 1950 mam
236 1911 334 1966 pro
349 1896 632 1953 hominum
648 1897 828 1972 [Mss.,
845 1901 1110 1975 omnium]
1127 1903 1298 1957 salute
1312 1904 1671 1959 devotionem.

73 1986 420 2058 Quapropter
465 1991 844 2048 universorum
886 1996 1140 2066 precibus
1189 1997 1430 2053 ﬁdelium
1480 2009 1673 2068 Optan-

75 2081 204 2134 dum
241 2089 348 2146 est,
378 2090 439 2136 ut
469 2082 526 2138 in
550 2099 768 2140 omnem
794 2087 1024 2158 gloriam
1064 2097 1306 2144 vestrum
1351 2091 1676 2146 extendatur
1707 2077 1750 2140 Β

71 2171 398 2242 imperium;
445 2183 509 2229 ut
553 2177 764 2234 scilicet
801 2179 1070 2234 catholica
1117 2179 1271 2248 ﬁdes,
1313 2196 1434 2252 quae
1481 2181 1670 2237 huma-

1784 806 1838 860 in
1879 821 1986 861 una
2027 805 2368 863 confessione
2414 818 2733 866 cunctorum
2779 813 3035 869 cordibus
3078 818 3367 891 inﬁgatur:

1781 907 2050 968 quatenus
2076 899 2272 956 summi
2308 899 2472 974 Regis
2498 903 2730 960 donante
2765 906 2986 977 pietate,
3020 913 3211 969 eadem
3240 932 3364 974 san.

1779 999 1880 1047 clm
1905 993 2053 1062 pacis
2079 999 2134 1048 et
2160 991 2412 1063 perfectae
2440 995 2744 1063 cltarilatis,
2769 1014 2961 1056 omnes
2983 1003 3185 1075 ubique
3215 1016 3368 1077 regat

1777 1090 1834 1138 et
1877 1086 2152 1140 custodiat
2193 1087 2394 1141 unitas.
2430 1086 2540 1143 Nec
2566 1089 2711 1145 aliud
2735 1091 3090 1162 omnipotenti
3117 1096 3228 1153 Deo
3248 1116 3366 1155 mu—

1778 1187 1880 1226 nus
1906 1173 2194 1230 amabilius
2221 1189 2342 1232 esse
2369 1178 2648 1246 probatur,
2679 1195 2842 1250 quam
2874 1182 2928 1237 in
2963 1185 3230 1244 catholica
3261 1189 3369 1247 ﬁde

1778 1262 1974 1319 divina:
2001 1266 2306 1322 concordia:
2339 1268 2578 1324 Charitas
2621 1271 2776 1342 [Μση
2814 1277 3106 1332 concordia
3133 1279 3371 1337 Charita—

1778 1352 1894 1426 tis],
1931 1363 1991 1410 ut
2015 1370 2205 1411 omnes
2250 1373 2418 1413 unum
2446 1361 2554 1414 sint
2585 1360 2640 1416 in
2663 1361 2903 1429 Christo,
2935 1368 3028 1436 qui
3059 1384 3160 1439 pro
3185 1371 3364 1428 omni-

1775 1445 1877 1499 bus
1906 1453 2152 1502 mortuus
2176 1457 2296 1504 est:
2326 1465 2423 1518 per
2450 1468 2610 1522 quem
2636 1455 2817 1510 cuncti
2848 1460 3134 1517 credentes
3167 1462 3221 1518 in
3243 1479 3368 1521 eum

1775 1535 2077 1592 efﬁciantur
2103 1537 2197 1594 ﬁlii
2221 1547 2438 1596 αξιοι-ηπ)
2457 1542 2826 1600 beatitudinis.

1847 1669 1892 1724 0
1920 1669 2036 1723 Rex
2067 1679 2296 1742 augusto
2321 1671 2624 1730 clarissime
2649 1677 2840 1746 dignus
2874 1678 3103 1747 honore,

1918 1761 1985 1815 Et
2014 1761 2141 1827 dux,
2167 1769 2217 1817 et
2247 1763 2456 1828 doctor,
2490 1773 2545 1820 et
2570 1767 2733 1823 decus
2757 1769 2989 1837 imperii.

1849 1854 1924 1910 Te
1947 1855 2109 1912 Pater
2161 1865 2321 1927 atque
2345 1857 2524 1914 Patris
2549 1859 2759 1929 Proles,
2786 1871 2838 1918 te
2861 1863 3097 1936 Spiritus
3123 1868 3298 1926 almus

1921 1948 2196 2020 Protegat,
2235 1950 2457 2017 exaltet,
2486 1952 2679 2018 salvet,
2711 1954 2957 2022 honoret,
2985 1969 3148 2014 amet.

1849 2039 2022 2108 Quem
2045 2049 2135 2096 tua
2155 2057 2254 2113 per
2273 2043 2517 2114 populos,
2534 2055 2728 2110 terras,
2744 2061 2842 2116 per
2862 2063 3047 2118 regna,
3066 2065 3164 2120 per
3180 2052 3363 2119 urbes,

1924 2131 2073 2187 Mens
2096 2133 2185 2204 pia
2212 2133 2534 2202 permandet
2562 2150 2779 2206 semper
2803 2152 2988 2196 amare
3014 2139 3206 2196 Deum.

90 2317 3356 2360 “mm

1240 2441 1600 2514 705-706
1656 2440 1892 2502 LIBER
1936 2444 2252 2506 PRIMUS.

1585 2569 1881 2582 ——-—-

428 2627 801 2685 PREFATIO
842 2629 919 2701 (is
938 2646 1087 2686 amr.
1115 2646 1233 2686 car.
1268 2631 1330 2701 ι).

142 2739 200 2796 1η
229 2741 449 2796 nomine
476 2749 680 2796 sanctae
706 2739 1289 2806 Trinitatis.Quamvis
1315 2741 1460 2796 enim
1483 2741 1536 2794 in
1567 2741 1670 2794 lm-

66 2831 154 2902 jus
174 2832 354 2887 exsilii
382 2846 748 2889 aerumnosam
771 2834 1076 2890 cazcitatem
1112 2850 1210 2906 pro
1237 2834 1517 2904 originalis
1547 2849 1675 2905 pec-

68 2929 176 2982 cati
221 2926 528 2995 justissima
565 2942 747 2997 poma,
793 2925 989 2997 gaudio
1016 2925 1149 3000 [Al.,
1177 2942 1207 2981 a
1248 2925 1468 2999 gaudio]
1498 2928 1672 2982 beata:

70 3019 349 3076 fclicitatis
378 3018 570 3087 dejecti
623 3020 814 3087 simus,
846 3036 955 3075 non
987 3028 1166 3076 tamen
1196 3020 1272 3074 ita
1304 3021 1428 3074 inde
1456 3020 1671 3091 ρι’ωείδί

72 3119 234 3182 atque
265 3112 483 3181 abrupti
513 3127 699 3166 sumus
727 3152 742 3176 ,
789 3119 852 3166 ut
881 3111 1046 3166 etiam
1077 3113 1130 3166 in
1161 3110 1280 3166 istis
1322 3109 1674 3166 mutabilibus

71 3212 123 3258 et
151 3202 940 3273 temporalibusaeternitatem,
960 3203 1266 3268 veritatem,
1280 3201 1671 3257 beatitudinem

69 3310 320 3366 qumrere
348 3293 431 3349 vel
475 3294 786 3350 desiderare
812 3295 1144 3368 ignoremus.
1171 3293 1324 3361 Quod
1346 3309 1414 3349 ex
1439 3309 1504 3348 eo
1546 3309 1671 3364 per-

1777 2633 1904 2702 quia
1926 2633 2041 2686 sine
2083 2632 2200 2702 ipsa
2225 2647 2323 2687 nec
2360 2633 2414 2687 in
2447 2634 2549 2689 hoc
2576 2636 2772 2691 smculo
2795 2639 3079 2709 quisquam
3103 2640 3364 2712 iustiﬁca-

1775 2723 1937 2776 tionis
1967 2723 2318 2793 consequitur
2347 2725 2596 2794 gratiam,
2626 2742 2723 2782 nec
2747 2729 2799 2784 in
2829 2728 3013 2786 futuro
3040 2734 3205 2790 vitam
3243 2753 3368 2807 pos-

1774 2811 1971 2867 sidebit
1995 2821 2275 2868 aeternam.
2299 2814 2378 2901 Et
2401 2816 2446 2871 si
2472 2818 2593 2887 quis
2631 2819 2721 2873 hic
2750 2835 2853 2875 non
2889 2823 3246 2883 ambulaverit
3269 2843 3367 2900 per

1773 2905 1956 2974 ﬁdem,
1986 2921 2095 2962 non
2123 2909 2403 2978 perveniet
2433 2913 2499 2966 ad
2525 2913 2758 2981 speciem
2787 2916 2960 2973 beata:
3008 2919 3231 2977 visionis
3263 2922 3366 2978 Do-

1774 2999 1908 3052 mini
1937 2999 2107 3054 nostri
2130 2998 2258 3055 Jesu
2278 2999 2500 3057 Christi.
2525 3002 2759 3060 Proinde
2787 3009 2962 3063 omnis
2990 3011 3172 3068 anima
3203 3016 3365 3073 ratio.

1775 3090 1918 3148 nalis
1963 3100 2124 3148 actate
2151 3108 2390 3165 congrua
2419 3094 2593 3150 discat
2635 3097 2794 3153 ﬁdem
2842 3102 3200 3169 catholicam,
3243 3121 3366 3162 ma-

1775 3185 1920 3240 xime
1948 3186 2132 3257 populi
2169 3187 2556 3258 praedicatores
2581 3189 2896 3259 Christiani,
2936 3203 2991 3250 et
3011 3196 3366 3256 ecclesiarum

1775 3276 1871 3332 Dei
1893 3278 2162 3344 doctores,
2194 3289 2255 3334 ut
2282 3281 2491 3352 possint
2513 3282 2724 3338 veritati
2750 3285 3246 3348 contradicentibus
3271 3309 3362 3348 re-

70 3388 322 3458 spicum“
348 3388 618 3458 est’quod
671 3403 774 3443 nec
815 3347 953 3442 ,ξοτί
977 3429 991 3454 ,
1042 3401 1144 3442 nec
1167 3387 1278 3442 fam
1306 3429 1319 3452 ν
1352 3403 1452 3443 προ
1485 3388 1668 3444 miseri
1697 3347 1744 3410 (ἶ
1773 3369 1988 3458 sistere,
2035 3377 2092 3426 et
2139 3371 2462 3442 catholicam
2509 3376 2815 3431 amantibus
2863 3393 3050 3449 pacem
3087 3385 3364 3453 prodesse.

67 3493 189 3534 esse
216 3477 552 3533 voluntatem
575 3477 859 3534 habemus.
891 3477 1046 3535 Unde
1071 3494 1140 3534 ex
1170 3480 1274 3535 hoc
1303 3479 1537 3534 naturali
1589 3480 1672 3533 in-

69 3571 273 3625 stinctu
299 3569 490 3624 beatos
521 3585 640 3624 esse
667 3569 805 3626 velle
827 3568 1124 3643 [omnibus]
1152 3585 1438 3626 commune
1465 3579 1552 3626 est
1573 3573 1672 3626 ho—

70 3663 344 3727 minibus;
399 3661 526 3717 licet
562 3663 777 3718 diverso
807 3663 967 3718 modo
1009 3663 1062 3717 in
1089 3663 1287 3720 animis
1338 3663 1672 3734 singulorum

67 3755 425 3812 beatitudinis
447 3757 716 3827 appetitus
737 3755 851 3810 ﬁat.
877 3755 1106 3822 Quidam
1133 3772 1263 3812 vero
1282 3757 1501 3812 beatum
1526 3757 1672 3811 aesti-

68 3851 300 3905 mabant
324 3848 458 3921 [Al.,
496 3849 789 3923 :estimant]
818 3865 939 3906 esse
990 3867 1160 3923 regno
1203 3851 1366 3921 potiri
1394 3845 1668 3917 terreno;

69 3941 159 3995 alii
183 3941 392 3996 divitiis
418 3939 728 4006 abundare;
761 3941 851 3996 alii
910 3942 1208 3998 honoribus
1239 3941 1499 4008 exaltari;
1552 3945 1674 4012 qui-

67 4030 193 4084 dam
224 4045 358 4085 vero
398 4029 647 4086 laudibus
671 4029 917 4087 celebres
964 4046 1084 4088 esse
1110 4033 1376 4104 gaudent;
1400 4031 1492 4086 alii
1521 4033 1672 4086 volu-

67 4121 316 4193 ptatibus
346 4122 557 4178 inhiant
591 4122 938 4190 carnalibus;
995 4125 1090 4179 sed
1119 4139 1462 4194 nequaquam
1488 4124 1545 4178 in
1572 4123 1674 4179 hu-

62 4213 152 4284 jus
178 4217 309 4269 vitae
336 4213 674 4271 volubilitate
711 4231 840 4272 vera
869 4215 1100 4270 inveniri
1140 4215 1341 4286 poterit
1371 4214 1671 4270 beatitudo.

69 4307 343 4375 Quocirca
372 4315 490 4362 tota
522 4317 837 4364 sanctarum
859 4309 1028 4364 series
1058 4307 1472 4380 Scripturarum
1513 4325 1612 4364 nos
1641 4325 1672 4364 a

69 4400 308 4456 terrenis
337 4400 408 4456 ad
441 4400 685 4457 coelestia
738 4401 874 4470 erigi
903 4401 1224 4457 adhortatur
1247 4443 1261 4466 ,
1313 4400 1404 4455 ubi
1453 4416 1582 4455 vera
1619 4413 1677 4456 et

68 4499 405 4570 sempiterna
430 4503 515 4551 est
556 4495 865 4560 beatitudo;
911 4495 977 4551 ad
1013 4510 1176 4565 quam
1207 4494 1310 4549 nisi
1360 4510 1460 4566 per
1511 4496 1674 4550 ﬁdem

67 4589 355 4649 catholicae
376 4587 549 4660 pacis,
577 4595 904 4656 cooperante
925 4585 1191 4642 charitate
1220 4585 1317 4642 Dei
1343 4594 1400 4639 et
1414 4584 1673 4657 proximi,

67 4684 344 4740 neminem
375 4681 665 4752 pervenire
689 4695 847 4752 posse
881 4679 1250 4737 certissimum
1277 4687 1380 4734 est.

229 4817 391 4889 707
417 4815 648 4874 CAPUT
686 4814 959 4872 PRIMUM
990 4815 1068 4886 (ut
1094 4832 1242 4871 non.
1264 4832 1384 4870 car.
1410 4816 1495 4887 ιι).

77 4932 233 5000 Quod
267 4933 336 4986 ad
358 4936 528 4989 veram
563 4933 938 4989 beatitudinem
965 4934 1066 4988 nisi
1101 4951 1194 5004 per
1233 4933 1392 5002 ﬁdem
1439 4933 1663 4989 catholi-

457 5021 573 5059 cam
599 5006 867 5075 perrenire
889 5021 1038 5059 nemo
1060 5006 1265 5076 poterit.

139 5118 388 5188 Denique
409 5119 477 5174 ad
508 5133 693 5174 veram
743 5119 1134 5174 beatitudinem
1162 5121 1449 5190 pervenire
1481 5121 1666 5176 volen-

70 5211 218 5267 tibus
250 5211 429 5280 primo
465 5212 711 5266 omnium
736 5209 870 5267 ﬁdes
912 5213 1221 5268 necessaria
1251 5221 1354 5277 est,
1377 5214 1518 5268 sicut
1541 5229 1672 5285 apo-

67 5303 263 5358 stolica
291 5304 446 5359 docet
475 5303 796 5368 auctoritas,
826 5303 1050 5358 dicens:
1074 5303 1186 5358 sine
1219 5304 1326 5373 ﬁde
1351 5305 1672 5377 impossibile

67 5407 144 5450 est
173 5395 283 5450 Deo
309 5395 515 5466 placere
548 5393 738 5468 (Hebr.
767 5411 847 5460 xu,
881 5396 957 5466 6).
988 5393 1214 5451 Constat
1238 5411 1369 5467 ergo
1395 5397 1668 5451 neminem

66 5492 136 5546 ad
176 5504 367 5544 veram
398 5490 685 5559 pervenire
729 5505 890 5560 posse
935 5490 1325 5546 beatitudinem
1355 5532 1371 5556 ,
1425 5491 1528 5546 nisi
1562 5490 1674 5546 Deo

66 5583 310 5652 placeat;
341 5591 398 5636 et
427 5581 538 5636 Deo
565 5583 838 5637 neminem
886 5581 1104 5652 placere
1131 5597 1314 5654 posse,
1347 5583 1448 5637 nisi
1489 5597 1588 5653 per
1609 5582 1672 5636 ﬁ-

67 5675 214 5728 dem.
258 5673 418 5728 Fides
444 5687 677 5742 namque
716 5671 844 5745 [est]
888 5673 1156 5728 bonorum
1185 5672 1428 5728 omnium
1473 5672 1668 5728 funda-

68 5773 340 5819 mentum.
380 5763 537 5820 Fides
566 5774 650 5820 est
668 5762 918 5819 humanae
943 5764 1134 5818 salutis
1153 5763 1396 5829 initium;
1428 5764 1544 5818 sine
1565 5763 1670 5819 hac

67 5873 235 5912 nemo
250 5857 320 5912 ad
351 5857 583 5912 ﬁliorum
613 5857 709 5914 Dei
759 5865 940 5928 potest
967 5859 1298 5914 consortium
1346 5857 1666 5927 pervenire;

1773 3457 2055 3526 Quomodo
2080 3461 2295 3518 docebit
2323 3465 2444 3534 quis
2483 3466 2625 3535 quod
2654 3482 2759 3522 non
2787 3468 3016 3526 didicit?
3057 3473 3153 3531 Vel
3182 3476 3362 3546 quali~

1776 3561 1856 3608 ter
1899 3562 2086 3625 pastor
2121 3571 2240 3611 csse
2276 3558 2502 3626 poterit,
2555 3561 2600 3614 si
2633 3576 2774 3630 pane
2824 3563 2946 3619 vitae
2995 3582 3210 3638 gregem
3260 3570 3364 3625 sibi

1774 3647 2121 3702 commissqu
2148 3662 2371 3717 pascere
2402 3648 2650 3719 ignorat?
2678 3650 2789 3707 Nec
2803 3655 3093 3712 erubescat
3111 3659 3361 3714 nesciens

1773 3738 1981 3794 discere
2009 3739 2153 3810 quod
2197 3742 2426 3811 ignorat,
2477 3757 2575 3797 nec
2624 3744 2801 3799 sciens
2827 3747 3012 3801 tardus
3065 3749 3136 3804 sit
3169 3750 3364 3805 docere

1773 3831 1915 3899 quod
1947 3833 2113 3887 novit.
2148 3832 2296 3888 Sciat
2335 3841 2568 3906 uterque
2617 3851 2676 3890 se
2710 3852 2809 3891 suo
2851 3837 3078 3894 Domino
3130 3851 3366 3913 accepta:

1772 3925 2015 3993 pecunia:
2060 3927 2321 3980 rationem
2356 3927 2712 3984 redditurum.
2742 3929 2894 3987 Tunc
2945 3933 3361 3992 desiderabilem

1773 4013 1948 4068 ﬁdelis
1973 4030 2164 4072 servus
2204 4018 2387 4071 audiet
2417 4033 2605 4074 vocem
2656 4020 2869 4076 Domini
2919 4023 3184 4081 dicentis:
3215 4026 3365 4100 Euge

1772 4122 1917 4160 serve
1956 4107 2086 4163 bone
2116 4118 2164 4163 et
2195 4109 2388 4178 ﬁdelis,
2418 4113 2542 4182 quia
2565 4129 2721 4184 super
2744 4131 2914 4185 pauca
2963 4116 3112 4186 fuisti
3152 4119 3324 4188 ﬁdelis
3349 4163 3365 4187 ,

1773 4213 1934 4267 supra
1963 4197 2130 4252 multa
2157 4210 2206 4254 te
2234 4203 2573 4269 constituam,
2597 4205 2738 4257 intra
2779 4204 2836 4260 in
2878 4208 3130 4277 gaudium
3156 4209 3368 4267 Domini

1772 4287 1872 4343 Dei
1896 4291 1976 4342 tui
2007 4287 2223 4360 (Matth.
2258 4307 2385 4355 xxv,
2408 4291 2522 4358 2i).

2133 4420 2361 4479 CAPUT
2399 4421 2442 4477 II
2475 4422 2550 4494 (IN
2577 4442 2724 4482 ευιτ.
2751 4442 2867 4483 cae.
2896 4429 3002 4501 ut).

1920 4548 1946 4576 II
1975 4537 2054 4591 De
2084 4538 2283 4592 unitate
2309 4537 2584 4596 Trinitatis
2611 4553 2659 4597 et
2691 4543 2949 4601 Triuitate
2978 4549 3213 4603 unitatis.

1847 4650 2038 4709 Omnis
2099 4653 2282 4726 itaque
2310 4654 2589 4727 Scriptura
2617 4659 2832 4716 Veteris
2888 4677 2951 4718 ac
2997 4661 3130 4718 Novi
3181 4662 3368 4721 Testa-

1701 4727 1751 4789 θ
1775 4745 1941 4800 menti
1969 4745 2225 4801 divinitus
2240 4748 2521 4818 inSpirata,
2546 4751 2590 4806 si
2619 4752 2884 4808 catholice
2905 4753 3242 4827 intelligitur,
3263 4757 3367 4813 hoc

1775 4838 2015 4894 insinuat
2062 4839 2206 4909 quod
2257 4841 2421 4896 Pater
2466 4851 2521 4898 et
2559 4844 2729 4900 Filius
2772 4855 2828 4902 et
2868 4846 3101 4918 Spiritus
3148 4858 3368 4906 sanctus

1774 4944 1914 4985 unus
1941 4930 2012 4984 sit
2038 4931 2436 5002 Deusejusdem
2463 4935 2798 5002 substantiae,
2827 4938 3094 5008 uniusque
3116 4941 3368 4996 essentia:

1775 5032 1938 5094 atque
1956 5025 2334 5096 inseparabilis
2357 5027 2410 5081 in
2433 5027 2715 5083 divinitate
2735 5029 2978 5084 unitatis.
3005 5029 3236 5101 Ideoque
3257 5047 3366 5086 non

1775 5124 1901 5170 sunt
1924 5125 2035 5172 tres
2063 5118 2159 5182 dii,
2189 5118 2282 5172 sed
2314 5134 2454 5174 unus
2481 5117 2624 5174 Deus
2650 5119 2812 5175 Pater
2832 5129 2888 5176 et
2910 5121 3082 5176 Filius
3109 5129 3166 5177 et
3191 5120 3368 5192 Spiri-

1773 5214 1860 5261 tus
1890 5221 2130 5274 sanctus,
2161 5209 2411 5279 quamvis
2444 5208 2609 5266 Pater
2634 5211 2827 5266 Filium
2858 5212 3122 5282 genuerit,
3149 5221 3204 5268 et
3243 5212 3370 5270 ideo

1773 5298 1944 5356 Filius
1961 5317 2069 5357 non
2100 5303 2170 5357 sit
2189 5303 2281 5373 qui
2307 5303 2469 5359 Pater
2496 5312 2609 5370 est;
2629 5303 2903 5374 Filiusque
2923 5322 2952 5359 a
2983 5306 3148 5363 Patre
3175 5306 3244 5362 sit
3273 5323 3365 5377 ge-

1773 5393 1939 5458 nitus,
1964 5404 2019 5449 et
2045 5394 2165 5450 ideo
2193 5395 2356 5450 Pater
2377 5411 2483 5450 non
2514 5398 2583 5451 sit
2625 5398 2715 5467 qui
2758 5396 2927 5451 Filius
2955 5406 3071 5462 est;
3129 5398 3366 5468 Spiritus

1774 5496 1996 5543 sanctus
2032 5505 2132 5544 nec
2161 5488 2324 5544 Pater
2341 5490 2427 5552 sit,
2454 5506 2557 5545 nec
2587 5491 2778 5555 Filius,
2817 5489 2909 5545 sed
2949 5499 3158 5546 tantum
3187 5491 3366 5548 Patris

1775 5585 1829 5632 et
1855 5578 1975 5632 Filii
2003 5575 2263 5650 Spiritus,
2293 5580 2442 5636 Patri
2467 5589 2522 5636 et
2543 5581 2682 5637 Filio
2710 5583 2874 5637 etiam
2910 5583 3027 5652 ipse
3049 5581 3361 5653 eomqualis,

1774 5679 1828 5724 et
1853 5671 1922 5724 ad
1949 5670 2230 5726 Trinitatis
2254 5670 2530 5740 pertinens
2569 5674 2853 5729 unitatem.
2895 5673 2964 5728 Et
2984 5673 3100 5730 lucc
3127 5673 3366 5729 Trinitas

1773 5777 1915 5816 unus
1936 5770 2020 5815 est
2042 5763 2202 5827 Deus,
2225 5778 2291 5816 ex
2323 5778 2429 5832 quo
2461 5764 2641 5818 omnia
2671 5763 2792 5834 [per
2835 5778 2996 5833 quem
3043 5765 3224 5818 omnia
3247 5803 3265 5829 ,
3305 5763 3364 5818 in

1776 5869 1883 5925 quo
1923 5852 2168 5925 omnia],
2215 5855 2375 5910 beato
2407 5854 2573 5909 Paul.)
2619 5854 2860 5924 apostolo
2903 5862 3192 5909 attestaute
3218 5892 3234 5918 ,
3270 5851 3362 5906 ubi

141 5986 165 6015 ο
207 5971 322 6035 AL,
341 5971 472 6038 Quae
499 5973 565 6028 sit
592 5989 711 6027 uera
741 5972 1038 6042 ﬁdes?l\l.,
1057 5971 1211 6037 Quod
1229 5973 1294 6025 sit
1326 5988 1478 6026 verus
1504 5970 1669 6039 Deus,
1712 5969 1870 6026 Pater
1898 5978 1946 6022 ct
1979 5965 2150 6023 ("ilius
2176 5977 2224 6022 et
2284 5966 2512 6038 Spiritus
2540 5978 2776 6033 sanctus,
2814 5977 2861 6021 ct
2889 5975 3064 6020 tamen
3100 5964 3362 6020 distinetur

69 6045 211 6098 inter
233 6059 544 6104 “persona:
573 6043 764 6100 divina:
793 6053 1065 6100 coa’terme
1095 6054 1142 6098 et
1185 6042 1562 6099 rocssentialcs.

4085 257 4092 288 ἰ
4217 267 4246 306 ἐξ

4149 315 4164 334 ὀί

4079 369 4094 406 .'
4235 361 4246 404 ἱ

4087 451 4096 498 ζ’
4153 429 4176 494 ἓ
4233 461 4278 506 3‘

4087 517 4092 522 ι
4199 523 4202 526 ,

4089 557 4096 562 η
4239 543 4250 568 s

4083 647 4100 716 ς

4201 687 4208 700 ³
4243 685 4252 706 λ·

4091 719 4098 762 ἶ
4255 719 4258 722 .

4085 769 4100 800 3
4243 771 4254 792 γ

4087 801 4098 840 l
4211 857 4218 860 ῃ
4243 811 4262 852 ,ἰ

4085 843 4100 926 l
4207 879 4224 928 .7

4089 929 4100 994 ς
4245 929 4260 974 ἱ

4181 981 4190 992 ρ
4217 979 4264 1000 ,δι’

4087 1007 4100 1064 ἕ
4175 1027 4178 1030 .
4213 1015 4224 1030 ι

4085 1145 4100 1184 ,ξ
4247 1163 4272 1180 τ-

4083 1205 4100 1236 ε
4193 1187 4264 1220 31:0

4087 1239 4098 1276 ἲ
4169 1249 4172 1252 ’

4085 1285 4098 1332 Ξ
4197 1305 4236 1332 .r
4259 1293 4270 1300 ’

4087 1337 4098 1394 ξ
4161 1245 4268 1398 ε

4083 1397 4100 1440 3
4253 1417 4272 1446 ξ

4087 1445 4098 1480 i
4201 1473 4212 1480 .
4253 1449 4266 1478 ξ

4087 1483 4098 1516 t
4213 1479 4268 1532 ξε

4191 1589 4202 1596 .
4233 1525 4280 1608 xi“-

4107 1655 4112 1678 :
4225 1633 4274 1678 ξ’ἔι

4085 1695 4104 1742 ι

4089 1753 4100 1826 ξ
4199 1763 4258 1798 θεν

4089 1851 4104 1884 ἑ

4091 1919 4106 1956 ι
4219 1923 4272 1976 si.

4097 1985 4102 2008 :
4191 1983 4274 2022 ,ἐκ

4093 2019 4118 2056 :"
4233 2011 4272 2056 ιζ

4073 2077 4076 2080 ,
4263 2055 4272 2076 ι

4091 2085 4104 2138 ἶ
4171 1955 4272 2202 ἒξ

4091 2163 4106 2198 ;
4211 2151 4272 2200 ξέεὲ

4093 2227 4102 2248 ς
4175 2199 4270 2284 fg:

4077 2283 4082 2290 ‘
4179 2243 4268 2304 "nil:-

4177 2313 4202 2334 η
4231 2311 4248 2330 ιτ

4175 2329 4200 2368 ξ·

4103 2519 4108 2522 ,
4173 2473 4196 2518 ὲ.

4077 2539 4082 2554 .-
4221 2525 4242 2554 ζ’

4077 2561 4110 2596 ζ,
4171 2559 4198 2588 .‘7
4217 2557 4228 2590 ἒ
4249 2579 4262 2590 ~.

4095 2663 4108 2716 ξ
4219 2663 4268 2718 4.4;

4097 2793 4108 2806 δ
4173 2789 4212 2810 "_'
4237 2791 4248 2802 ο

4177 2829 4190 2842 κ
4223 2833 4244 2858 ἀ

4077 2857 4102 2908 ς’
4221 2881 4248 2898 ει

4075 3047 4082 3088 ί

4055 3197 4082 3324 ἱ

4055 3329 4106 3500 ἱ..

4075 3375 4082 3394 1
4175 3401 4180 3404 _
4217 3369 4248 3406 ξ.
4265 3371 4278 3396 ιλ

4177 3403 4238 3436 3"
4265 3411 4278 3418 ’

4175 3445 4186 3460 r
4207 3439 4264 3460 ~‘-

4077 3483 4082 3502 ι
4169 3471 4184 3486 '
4223 3459 4248 3492 δ’
4267 3465 4280 3480 ι’

4057 3501 4082 3582 ξε
4171 3503 4180 3520 ι
4213 3507 4250 3530 τι.
4271 3515 4276 3536 .-

4105 3547 4108 3552 -
4173 3539 4182 3552 ν
4223 3531 4242 3560 ξ
4271 3539 4276 3560 :

4057 3577 4078 3632 l~

4191 3693 4200 3710 ,
4225 3693 4232 3702 ε
