  <div class='ocr_page' id='page_1' title='image "/cluster/home/n/w/nwhite01/storage/ocr_20150623/101/umn.31951002477394h/021.png"; bbox 0 0 4346 6612; ppageno 0'>
   <div class='ocr_carea' id='block_1_1' title="bbox 801 383 2517 446">
    <p class='ocr_par' dir='ltr' id='par_1_1' title="bbox 801 387 2517 446">
     <span class='ocr_line' id='line_1_1' title="bbox 801 387 2517 446; baseline 0 -3"><span class='ocrx_word' id='word_1_1' title='bbox 801 389 875 443; x_wconf 67' lang='grc' dir='ltr'>ης</span> <span class='ocrx_word' id='word_1_2' title='bbox 1644 387 1708 442; x_wconf 65' lang='grc' dir='ltr'><strong>Β.</strong></span> <span class='ocrx_word' id='word_1_3' title='bbox 1754 388 1812 442; x_wconf 82' lang='lat' dir='ltr'><strong>F.</strong></span> <span class='ocrx_word' id='word_1_4' title='bbox 1856 388 2079 444; x_wconf 70' lang='lat' dir='ltr'><strong>ALBINI</strong></span> <span class='ocrx_word' id='word_1_5' title='bbox 2121 388 2250 446; x_wconf 79' lang='lat' dir='ltr'><strong>SEU</strong></span> <span class='ocrx_word' id='word_1_6' title='bbox 2291 388 2517 446; x_wconf 69' lang='lat' dir='ltr'><strong>ALCUI!</strong></span> 
     </span>
    </p>
   </div>
   <div class='ocr_carea' id='block_1_2' title="bbox 2387 383 4103 446">
    <p class='ocr_par' dir='ltr' id='par_1_2' title="bbox 2387 383 4103 446">
     <span class='ocr_line' id='line_1_2' title="bbox 2387 383 4103 446; baseline -0.002 -1"><span class='ocrx_word' id='word_1_7' title='bbox 2387 388 2567 446; x_wconf 77' lang='lat' dir='ltr'><strong>CUlNi</strong></span> <span class='ocrx_word' id='word_1_8' title='bbox 2606 386 2892 446; x_wconf 75' lang='lat' dir='ltr'><strong>OPEBUM</strong></span> <span class='ocrx_word' id='word_1_9' title='bbox 2933 384 3112 442; x_wconf 73' lang='lat' dir='ltr'><strong>PARS</strong></span> <span class='ocrx_word' id='word_1_10' title='bbox 3149 383 3236 442; x_wconf 84' lang='grc' dir='ltr'>ιιι.</span> <span class='ocrx_word' id='word_1_11' title='bbox 4023 388 4103 442; x_wconf 66' lang='grc' dir='ltr'><strong>(ὅ</strong></span> 
     </span>
    </p>
   </div>
   <div class='ocr_carea' id='block_1_3' title="bbox 805 501 2474 572">
    <p class='ocr_par' dir='ltr' id='par_1_3' title="bbox 805 501 2474 572">
     <span class='ocr_line' id='line_1_3' title="bbox 805 501 2474 572; baseline -0.002 -14"><span class='ocrx_word' id='word_1_12' title='bbox 805 506 882 558; x_wconf 90' lang='lat' dir='ltr'><strong>ait</strong></span> <span class='ocrx_word' id='word_1_13' title='bbox 909 522 918 555; x_wconf 95' lang='lat'>:</span> <span class='ocrx_word' id='word_1_14' title='bbox 953 501 1211 568; x_wconf 76' lang='lat' dir='ltr'><strong>Quoniam</strong></span> <span class='ocrx_word' id='word_1_15' title='bbox 1243 517 1304 554; x_wconf 73' lang='grc' dir='ltr'>επ</span> <span class='ocrx_word' id='word_1_16' title='bbox 1342 501 1472 568; x_wconf 81' lang='lat' dir='ltr'><strong>ipso,</strong></span> <span class='ocrx_word' id='word_1_17' title='bbox 1501 510 1547 553; x_wconf 80' lang='lat' dir='ltr'><strong>et</strong></span> <span class='ocrx_word' id='word_1_18' title='bbox 1593 517 1684 569; x_wconf 85' lang='lat' dir='ltr'><strong>per</strong></span> <span class='ocrx_word' id='word_1_19' title='bbox 1706 503 1871 570; x_wconf 85' lang='lat' dir='ltr'><strong>ipsum</strong></span> <span class='ocrx_word' id='word_1_20' title='bbox 1891 543 1904 567; x_wconf 85' lang='lat'><strong>,</strong></span> <span class='ocrx_word' id='word_1_21' title='bbox 1963 511 2010 555; x_wconf 84' lang='lat' dir='ltr'><strong>et</strong></span> <span class='ocrx_word' id='word_1_22' title='bbox 2038 502 2092 556; x_wconf 89' lang='lat' dir='ltr'><strong>in</strong></span> <span class='ocrx_word' id='word_1_23' title='bbox 2122 503 2230 572; x_wconf 85' lang='lat' dir='ltr'><strong>ipso</strong></span> <span class='ocrx_word' id='word_1_24' title='bbox 2275 512 2396 556; x_wconf 87' lang='lat' dir='ltr'><strong>sunt</strong></span> <span class='ocrx_word' id='word_1_25' title='bbox 2429 508 2474 564; x_wconf 78' lang='grc' dir='ltr'>Α</span> 
     </span>
    </p>
   </div>
   <div class='ocr_carea' id='block_1_4' title="bbox 807 593 2391 667">
    <p class='ocr_par' dir='ltr' id='par_1_4' title="bbox 807 593 2391 667">
     <span class='ocr_line' id='line_1_4' title="bbox 807 593 2391 667; baseline -0.002 -17"><span class='ocrx_word' id='word_1_26' title='bbox 807 596 1114 667; x_wconf 85' lang='lat' dir='ltr'><strong>omnia,ipsi</strong></span> <span class='ocrx_word' id='word_1_27' title='bbox 1144 593 1311 666; x_wconf 83' lang='lat' dir='ltr'><strong>gloria</strong></span> <span class='ocrx_word' id='word_1_28' title='bbox 1341 594 1394 645; x_wconf 85' lang='lat' dir='ltr'><strong>in</strong></span> <span class='ocrx_word' id='word_1_29' title='bbox 1423 594 1616 647; x_wconf 78' lang='lat' dir='ltr'><strong>sa&#39;cula</strong></span> <span class='ocrx_word' id='word_1_30' title='bbox 1640 594 1952 648; x_wconf 76' lang='lat' dir='ltr'><strong>swculorum</strong></span> <span class='ocrx_word' id='word_1_31' title='bbox 1982 595 2154 665; x_wconf 79' lang='lat' dir='ltr'><strong>(Rom.</strong></span> <span class='ocrx_word' id='word_1_32' title='bbox 2187 594 2391 664; x_wconf 69' lang='lat'><strong>11,56).</strong></span> 
     </span>
    </p>
   </div>
   <div class='ocr_carea' id='block_1_5' title="bbox 810 685 2398 763">
    <p class='ocr_par' dir='ltr' id='par_1_5' title="bbox 810 685 2398 763">
     <span class='ocr_line' id='line_1_5' title="bbox 810 685 2398 763; baseline -0.004 -18"><span class='ocrx_word' id='word_1_33' title='bbox 810 689 894 763; x_wconf 83' lang='lat' dir='ltr'><strong>[in</strong></span> <span class='ocrx_word' id='word_1_34' title='bbox 922 703 1053 744; x_wconf 88' lang='lat' dir='ltr'><strong>mss.</strong></span> <span class='ocrx_word' id='word_1_35' title='bbox 1079 688 1167 743; x_wconf 87' lang='lat' dir='ltr'><strong>hic</strong></span> <span class='ocrx_word' id='word_1_36' title='bbox 1206 694 1289 740; x_wconf 91' lang='grc' dir='ltr'><strong>εει</strong></span> <span class='ocrx_word' id='word_1_37' title='bbox 1340 685 1550 741; x_wconf 90' lang='lat' dir='ltr'><strong>initium</strong></span> <span class='ocrx_word' id='word_1_38' title='bbox 1581 701 1702 757; x_wconf 88' lang='lat' dir='ltr'><strong>cap.</strong></span> <span class='ocrx_word' id='word_1_39' title='bbox 1755 685 1834 758; x_wconf 81' lang='lat'><strong>3.]</strong></span> <span class='ocrx_word' id='word_1_40' title='bbox 1877 685 2180 741; x_wconf 87' lang='lat' dir='ltr'><strong>Teneamus</strong></span> <span class='ocrx_word' id='word_1_41' title='bbox 2233 685 2398 756; x_wconf 93' lang='lat' dir='ltr'><strong>igitur</strong></span> 
     </span>
    </p>
   </div>
   <div class='ocr_carea' id='block_1_6' title="bbox 809 776 2396 846">
    <p class='ocr_par' dir='ltr' id='par_1_6' title="bbox 809 776 2396 846">
     <span class='ocr_line' id='line_1_6' title="bbox 809 776 2396 846; baseline -0.004 -11"><span class='ocrx_word' id='word_1_42' title='bbox 809 780 1116 836; x_wconf 76' lang='lat' dir='ltr'><strong>ﬁrmissime</strong></span> <span class='ocrx_word' id='word_1_43' title='bbox 1147 778 1360 832; x_wconf 78' lang='lat' dir='ltr'><strong>Patrem</strong></span> <span class='ocrx_word' id='word_1_44' title='bbox 1411 786 1464 831; x_wconf 88' lang='lat' dir='ltr'><strong>et</strong></span> <span class='ocrx_word' id='word_1_45' title='bbox 1506 776 1700 832; x_wconf 89' lang='lat' dir='ltr'><strong>Filium</strong></span> <span class='ocrx_word' id='word_1_46' title='bbox 1729 787 1784 831; x_wconf 91' lang='lat' dir='ltr'><strong>et</strong></span> <span class='ocrx_word' id='word_1_47' title='bbox 1831 776 2094 846; x_wconf 81' lang='lat' dir='ltr'><strong>Spiritum</strong></span> <span class='ocrx_word' id='word_1_48' title='bbox 2146 786 2396 831; x_wconf 88' lang='lat' dir='ltr'><strong>sanctum</strong></span> 
     </span>
    </p>
   </div>
   <div class='ocr_carea' id='block_1_7' title="bbox 810 866 2398 938">
    <p class='ocr_par' dir='ltr' id='par_1_7' title="bbox 810 866 2398 938">
     <span class='ocr_line' id='line_1_7' title="bbox 810 866 2398 938; baseline -0.003 -13"><span class='ocrx_word' id='word_1_49' title='bbox 810 887 976 925; x_wconf 87' lang='lat' dir='ltr'><strong>unum</strong></span> <span class='ocrx_word' id='word_1_50' title='bbox 1003 883 1122 925; x_wconf 85' lang='lat' dir='ltr'><strong>esse</strong></span> <span class='ocrx_word' id='word_1_51' title='bbox 1162 869 1487 923; x_wconf 76' lang='lat' dir='ltr'><strong>naturaliter</strong></span> <span class='ocrx_word' id='word_1_52' title='bbox 1535 867 1743 922; x_wconf 85' lang='lat' dir='ltr'><strong>Deum:</strong></span> <span class='ocrx_word' id='word_1_53' title='bbox 1777 882 1951 938; x_wconf 88' lang='lat' dir='ltr'><strong>neque</strong></span> <span class='ocrx_word' id='word_1_54' title='bbox 1990 875 2170 922; x_wconf 89' lang='lat' dir='ltr'><strong>tamen</strong></span> <span class='ocrx_word' id='word_1_55' title='bbox 2218 866 2398 936; x_wconf 89' lang='lat' dir='ltr'><strong>ipsum</strong></span> 
     </span>
    </p>
   </div>
   <div class='ocr_carea' id='block_1_8' title="bbox 809 958 2398 1030">
    <p class='ocr_par' dir='ltr' id='par_1_8' title="bbox 809 958 2398 1030">
     <span class='ocr_line' id='line_1_8' title="bbox 809 958 2398 1030; baseline -0.004 -12"><span class='ocrx_word' id='word_1_56' title='bbox 809 963 1025 1018; x_wconf 82' lang='lat' dir='ltr'><strong>Patrem</strong></span> <span class='ocrx_word' id='word_1_57' title='bbox 1064 976 1188 1018; x_wconf 88' lang='lat' dir='ltr'><strong>esse</strong></span> <span class='ocrx_word' id='word_1_58' title='bbox 1223 961 1315 1030; x_wconf 87' lang='lat' dir='ltr'><strong>qui</strong></span> <span class='ocrx_word' id='word_1_59' title='bbox 1352 959 1522 1014; x_wconf 86' lang='lat' dir='ltr'><strong>Filius</strong></span> <span class='ocrx_word' id='word_1_60' title='bbox 1542 968 1646 1024; x_wconf 91' lang='lat' dir='ltr'><strong>est,</strong></span> <span class='ocrx_word' id='word_1_61' title='bbox 1679 974 1781 1014; x_wconf 87' lang='lat' dir='ltr'><strong>nec</strong></span> <span class='ocrx_word' id='word_1_62' title='bbox 1819 958 2015 1014; x_wconf 86' lang='lat' dir='ltr'><strong>Filium</strong></span> <span class='ocrx_word' id='word_1_63' title='bbox 2059 959 2234 1028; x_wconf 87' lang='lat' dir='ltr'><strong>ipsum</strong></span> <span class='ocrx_word' id='word_1_64' title='bbox 2277 971 2398 1013; x_wconf 90' lang='lat' dir='ltr'><strong>esse</strong></span> 
     </span>
    </p>
   </div>
   <div class='ocr_carea' id='block_1_9' title="bbox 808 1049 2399 1124">
    <p class='ocr_par' dir='ltr' id='par_1_9' title="bbox 808 1049 2399 1124">
     <span class='ocr_line' id='line_1_9' title="bbox 808 1049 2399 1124; baseline -0.004 -14"><span class='ocrx_word' id='word_1_65' title='bbox 808 1055 902 1124; x_wconf 86' lang='lat' dir='ltr'><strong>qui</strong></span> <span class='ocrx_word' id='word_1_66' title='bbox 929 1055 1092 1110; x_wconf 89' lang='lat' dir='ltr'><strong>Pater</strong></span> <span class='ocrx_word' id='word_1_67' title='bbox 1115 1061 1218 1119; x_wconf 87' lang='lat' dir='ltr'><strong>est,</strong></span> <span class='ocrx_word' id='word_1_68' title='bbox 1248 1066 1347 1107; x_wconf 90' lang='lat' dir='ltr'><strong>nec</strong></span> <span class='ocrx_word' id='word_1_69' title='bbox 1376 1049 1640 1121; x_wconf 80' lang='lat' dir='ltr'><strong>Spiritum</strong></span> <span class='ocrx_word' id='word_1_70' title='bbox 1661 1059 1909 1106; x_wconf 89' lang='lat' dir='ltr'><strong>sanctum</strong></span> <span class='ocrx_word' id='word_1_71' title='bbox 1941 1051 2117 1120; x_wconf 92' lang='lat' dir='ltr'><strong>ipsum</strong></span> <span class='ocrx_word' id='word_1_72' title='bbox 2151 1063 2271 1104; x_wconf 88' lang='lat' dir='ltr'><strong>esse</strong></span> <span class='ocrx_word' id='word_1_73' title='bbox 2304 1050 2399 1120; x_wconf 86' lang='lat' dir='ltr'><strong>qui</strong></span> 
     </span>
    </p>
   </div>
   <div class='ocr_carea' id='block_1_10' title="bbox 808 1139 2398 1202">
    <p class='ocr_par' dir='ltr' id='par_1_10' title="bbox 808 1139 2398 1202">
     <span class='ocr_line' id='line_1_10' title="bbox 808 1139 2398 1202; baseline -0.004 -2"><span class='ocrx_word' id='word_1_74' title='bbox 808 1143 972 1202; x_wconf 87' lang='lat' dir='ltr'><strong>Pater</strong></span> <span class='ocrx_word' id='word_1_75' title='bbox 1005 1145 1284 1201; x_wconf 84' lang='lat' dir='ltr'><strong>autFiiius</strong></span> <span class='ocrx_word' id='word_1_76' title='bbox 1312 1153 1416 1199; x_wconf 90' lang='lat' dir='ltr'><strong>est.</strong></span> <span class='ocrx_word' id='word_1_77' title='bbox 1450 1142 1569 1200; x_wconf 90' lang='lat' dir='ltr'><strong>Una</strong></span> <span class='ocrx_word' id='word_1_78' title='bbox 1597 1151 1682 1198; x_wconf 90' lang='lat' dir='ltr'><strong>est</strong></span> <span class='ocrx_word' id='word_1_79' title='bbox 1720 1143 1864 1198; x_wconf 92' lang='lat' dir='ltr'><strong>enim</strong></span> <span class='ocrx_word' id='word_1_80' title='bbox 1891 1140 2069 1196; x_wconf 86' lang='lat' dir='ltr'><strong>Patris</strong></span> <span class='ocrx_word' id='word_1_81' title='bbox 2094 1149 2151 1194; x_wconf 90' lang='lat' dir='ltr'><strong>et</strong></span> <span class='ocrx_word' id='word_1_82' title='bbox 2174 1139 2295 1194; x_wconf 86' lang='lat' dir='ltr'><strong>Filii</strong></span> <span class='ocrx_word' id='word_1_83' title='bbox 2342 1147 2398 1195; x_wconf 91' lang='lat' dir='ltr'><strong>et</strong></span> 
     </span>
    </p>
   </div>
   <div class='ocr_carea' id='block_1_11' title="bbox 813 1231 2394 1306">
    <p class='ocr_par' dir='ltr' id='par_1_11' title="bbox 813 1231 2394 1306">
     <span class='ocr_line' id='line_1_11' title="bbox 813 1231 2394 1306; baseline -0.004 -16"><span class='ocrx_word' id='word_1_84' title='bbox 813 1234 1046 1306; x_wconf 85' lang='lat' dir='ltr'><strong>Spiritus</strong></span> <span class='ocrx_word' id='word_1_85' title='bbox 1075 1235 1248 1291; x_wconf 85' lang='lat' dir='ltr'><strong>sancti</strong></span> <span class='ocrx_word' id='word_1_86' title='bbox 1273 1233 1527 1289; x_wconf 85' lang='lat' dir='ltr'><strong>essentia.</strong></span> <span class='ocrx_word' id='word_1_87' title='bbox 1552 1232 1610 1286; x_wconf 90' lang='lat' dir='ltr'><strong>In</strong></span> <span class='ocrx_word' id='word_1_88' title='bbox 1658 1247 1763 1302; x_wconf 89' lang='lat' dir='ltr'><strong>qua</strong></span> <span class='ocrx_word' id='word_1_89' title='bbox 1785 1247 1891 1287; x_wconf 89' lang='lat' dir='ltr'><strong>non</strong></span> <span class='ocrx_word' id='word_1_90' title='bbox 1917 1239 2001 1286; x_wconf 88' lang='lat' dir='ltr'><strong>est</strong></span> <span class='ocrx_word' id='word_1_91' title='bbox 2019 1231 2164 1286; x_wconf 86' lang='lat' dir='ltr'><strong>aliud</strong></span> <span class='ocrx_word' id='word_1_92' title='bbox 2193 1231 2355 1286; x_wconf 86' lang='lat' dir='ltr'><strong>Pater</strong></span> <span class='ocrx_word' id='word_1_93' title='bbox 2380 1269 2394 1296; x_wconf 93' lang='lat'><strong>,</strong></span> 
     </span>
    </p>
   </div>
   <div class='ocr_carea' id='block_1_12' title="bbox 811 1323 2398 1395">
    <p class='ocr_par' dir='ltr' id='par_1_12' title="bbox 811 1323 2398 1395">
     <span class='ocr_line' id='line_1_12' title="bbox 811 1323 2398 1395; baseline -0.004 -13"><span class='ocrx_word' id='word_1_94' title='bbox 811 1330 956 1383; x_wconf 80' lang='lat' dir='ltr'><strong>aliud</strong></span> <span class='ocrx_word' id='word_1_95' title='bbox 986 1326 1172 1390; x_wconf 85' lang='lat' dir='ltr'><strong>Filius.</strong></span> <span class='ocrx_word' id='word_1_96' title='bbox 1200 1327 1342 1381; x_wconf 79' lang='lat' dir='ltr'><strong>aliud</strong></span> <span class='ocrx_word' id='word_1_97' title='bbox 1367 1325 1604 1395; x_wconf 87' lang='lat' dir='ltr'><strong>Spiritus</strong></span> <span class='ocrx_word' id='word_1_98' title='bbox 1631 1333 1883 1390; x_wconf 89' lang='lat' dir='ltr'><strong>sanctus;</strong></span> <span class='ocrx_word' id='word_1_99' title='bbox 1934 1323 2182 1395; x_wconf 80' lang='lat' dir='ltr'><strong>quamvis</strong></span> <span class='ocrx_word' id='word_1_100' title='bbox 2207 1337 2398 1393; x_wconf 86' lang='lat' dir='ltr'><strong>perso-</strong></span> 
     </span>
    </p>
   </div>
   <div class='ocr_carea' id='block_1_13' title="bbox 810 1412 2400 1484">
    <p class='ocr_par' dir='ltr' id='par_1_13' title="bbox 810 1412 2400 1484">
     <span class='ocr_line' id='line_1_13' title="bbox 810 1412 2400 1484; baseline -0.008 -6"><span class='ocrx_word' id='word_1_101' title='bbox 810 1421 1007 1478; x_wconf 78' lang='lat' dir='ltr'><strong>naliter</strong></span> <span class='ocrx_word' id='word_1_102' title='bbox 1032 1419 1101 1474; x_wconf 85' lang='lat' dir='ltr'><strong>sit</strong></span> <span class='ocrx_word' id='word_1_103' title='bbox 1122 1419 1257 1472; x_wconf 88' lang='lat' dir='ltr'><strong>alius</strong></span> <span class='ocrx_word' id='word_1_104' title='bbox 1277 1417 1456 1481; x_wconf 88' lang='lat' dir='ltr'><strong>Pater,</strong></span> <span class='ocrx_word' id='word_1_105' title='bbox 1485 1415 1621 1471; x_wconf 89' lang='lat' dir='ltr'><strong>alius</strong></span> <span class='ocrx_word' id='word_1_106' title='bbox 1647 1415 1833 1480; x_wconf 85' lang='lat' dir='ltr'><strong>Filius,</strong></span> <span class='ocrx_word' id='word_1_107' title='bbox 1857 1413 1994 1469; x_wconf 90' lang='lat' dir='ltr'><strong>alius</strong></span> <span class='ocrx_word' id='word_1_108' title='bbox 2021 1412 2255 1484; x_wconf 87' lang='lat' dir='ltr'><strong>Spiritus</strong></span> <span class='ocrx_word' id='word_1_109' title='bbox 2276 1428 2400 1467; x_wconf 91' lang='lat' dir='ltr'><strong>san-</strong></span> 
     </span>
    </p>
   </div>
   <div class='ocr_carea' id='block_1_14' title="bbox 811 1505 2397 1581">
    <p class='ocr_par' dir='ltr' id='par_1_14' title="bbox 811 1505 2397 1581">
     <span class='ocr_line' id='line_1_14' title="bbox 811 1505 2397 1581; baseline -0.008 -11"><span class='ocrx_word' id='word_1_110' title='bbox 811 1527 948 1570; x_wconf 90' lang='lat' dir='ltr'><strong>ctus.</strong></span> <span class='ocrx_word' id='word_1_111' title='bbox 979 1512 1132 1581; x_wconf 87' lang='lat' dir='ltr'><strong>Quod</strong></span> <span class='ocrx_word' id='word_1_112' title='bbox 1162 1511 1315 1565; x_wconf 90' lang='lat' dir='ltr'><strong>nobis</strong></span> <span class='ocrx_word' id='word_1_113' title='bbox 1347 1511 1581 1564; x_wconf 76' lang='lat' dir='ltr'><strong>maxime</strong></span> <span class='ocrx_word' id='word_1_114' title='bbox 1608 1508 1660 1563; x_wconf 91' lang='lat' dir='ltr'><strong>in</strong></span> <span class='ocrx_word' id='word_1_115' title='bbox 1687 1508 1803 1576; x_wconf 90' lang='lat' dir='ltr'><strong>ipso</strong></span> <span class='ocrx_word' id='word_1_116' title='bbox 1826 1516 2132 1563; x_wconf 88' lang='lat' dir='ltr'><strong>sanctarum</strong></span> <span class='ocrx_word' id='word_1_117' title='bbox 2147 1505 2397 1575; x_wconf 90' lang='lat' dir='ltr'><strong>Scriptu-</strong></span> 
     </span>
    </p>
   </div>
   <div class='ocr_carea' id='block_1_15' title="bbox 811 1595 2401 1664">
    <p class='ocr_par' dir='ltr' id='par_1_15' title="bbox 811 1595 2401 1664">
     <span class='ocr_line' id='line_1_15' title="bbox 811 1595 2401 1664; baseline -0.007 -3"><span class='ocrx_word' id='word_1_118' title='bbox 811 1623 992 1662; x_wconf 92' lang='lat' dir='ltr'><strong>rarum</strong></span> <span class='ocrx_word' id='word_1_119' title='bbox 1044 1607 1447 1660; x_wconf 85' lang='lat' dir='ltr'><strong>demonstratur</strong></span> <span class='ocrx_word' id='word_1_120' title='bbox 1477 1600 1630 1655; x_wconf 90' lang='lat' dir='ltr'><strong>initio</strong></span> <span class='ocrx_word' id='word_1_121' title='bbox 1650 1641 1665 1664; x_wconf 93' lang='lat'><strong>,</strong></span> <span class='ocrx_word' id='word_1_122' title='bbox 1711 1598 1798 1653; x_wconf 91' lang='lat' dir='ltr'><strong>ubi</strong></span> <span class='ocrx_word' id='word_1_123' title='bbox 1838 1599 1980 1653; x_wconf 85' lang='lat' dir='ltr'><strong>Deus</strong></span> <span class='ocrx_word' id='word_1_124' title='bbox 2008 1598 2140 1653; x_wconf 88' lang='lat' dir='ltr'><strong>dicit</strong></span> <span class='ocrx_word' id='word_1_125' title='bbox 2164 1615 2178 1651; x_wconf 90' lang='lat'><strong>:</strong></span> <span class='ocrx_word' id='word_1_126' title='bbox 2206 1595 2401 1650; x_wconf 88' lang='lat' dir='ltr'><strong>Facia—</strong></span> 
     </span>
    </p>
   </div>
   <div class='ocr_carea' id='block_1_16' title="bbox 810 1689 2399 1763">
    <p class='ocr_par' dir='ltr' id='par_1_16' title="bbox 810 1689 2399 1763">
     <span class='ocr_line' id='line_1_16' title="bbox 810 1689 2399 1763; baseline -0.006 -11"><span class='ocrx_word' id='word_1_127' title='bbox 810 1716 927 1753; x_wconf 88' lang='lat' dir='ltr'><strong>mus</strong></span> <span class='ocrx_word' id='word_1_128' title='bbox 965 1697 1223 1750; x_wconf 80' lang='lat' dir='ltr'><strong>hominem</strong></span> <span class='ocrx_word' id='word_1_129' title='bbox 1253 1693 1322 1747; x_wconf 76' lang='lat' dir='ltr'><strong>ad</strong></span> <span class='ocrx_word' id='word_1_130' title='bbox 1352 1693 1630 1763; x_wconf 87' lang='lat' dir='ltr'><strong>imaginem</strong></span> <span class='ocrx_word' id='word_1_131' title='bbox 1661 1703 1708 1745; x_wconf 85' lang='lat' dir='ltr'><strong>et</strong></span> <span class='ocrx_word' id='word_1_132' title='bbox 1736 1689 2133 1745; x_wconf 74' lang='lat' dir='ltr'><strong>similitudinem</strong></span> <span class='ocrx_word' id='word_1_133' title='bbox 2170 1698 2399 1744; x_wconf 86' lang='lat' dir='ltr'><strong>nostram</strong></span> 
     </span>
    </p>
   </div>
   <div class='ocr_carea' id='block_1_17' title="bbox 814 1783 2402 1860">
    <p class='ocr_par' dir='ltr' id='par_1_17' title="bbox 814 1783 2402 1860">
     <span class='ocr_line' id='line_1_17' title="bbox 814 1783 2402 1860; baseline -0.003 -19"><span class='ocrx_word' id='word_1_134' title='bbox 814 1787 966 1860; x_wconf 86' lang='lat' dir='ltr'><strong>(Gen.</strong></span> <span class='ocrx_word' id='word_1_135' title='bbox 999 1805 1039 1853; x_wconf 84' lang='grc' dir='ltr'><strong>ι,</strong></span> <span class='ocrx_word' id='word_1_136' title='bbox 1065 1786 1176 1853; x_wconf 70' lang='grc'><strong>26).</strong></span> <span class='ocrx_word' id='word_1_137' title='bbox 1201 1787 1334 1841; x_wconf 90' lang='lat' dir='ltr'><strong>Cum</strong></span> <span class='ocrx_word' id='word_1_138' title='bbox 1363 1784 1509 1840; x_wconf 90' lang='lat' dir='ltr'><strong>enim</strong></span> <span class='ocrx_word' id='word_1_139' title='bbox 1555 1783 1816 1854; x_wconf 84' lang='lat' dir='ltr'><strong>singulari</strong></span> <span class='ocrx_word' id='word_1_140' title='bbox 1858 1797 2086 1838; x_wconf 88' lang='lat' dir='ltr'><strong>numero</strong></span> <span class='ocrx_word' id='word_1_141' title='bbox 2111 1783 2246 1838; x_wconf 77' lang='lat' dir='ltr'><strong>dixit</strong></span> <span class='ocrx_word' id='word_1_142' title='bbox 2265 1783 2402 1837; x_wconf 85' lang='lat' dir='ltr'><strong>ima-</strong></span> 
     </span>
    </p>
   </div>
   <div class='ocr_carea' id='block_1_18' title="bbox 2663 490 3912 572">
    <p class='ocr_par' dir='ltr' id='par_1_18' title="bbox 2663 490 3912 572">
     <span class='ocr_line' id='line_1_18' title="bbox 2663 490 3912 572; baseline -0.002 -17"><span class='ocrx_word' id='word_1_143' title='bbox 2663 491 2891 558; x_wconf 76' lang='lat' dir='ltr'><strong>CAPUT</strong></span> <span class='ocrx_word' id='word_1_144' title='bbox 2928 497 2994 555; x_wconf 86' lang='lat' dir='ltr'><strong>ill</strong></span> <span class='ocrx_word' id='word_1_145' title='bbox 3029 498 3106 572; x_wconf 72' lang='lat' dir='ltr'><strong>(tu</strong></span> <span class='ocrx_word' id='word_1_146' title='bbox 3133 490 3282 555; x_wconf 67' lang='lat' dir='ltr'><strong>sorr.</strong></span> <span class='ocrx_word' id='word_1_147' title='bbox 3336 513 3452 552; x_wconf 76' lang='lat' dir='ltr'><strong>cu.</strong></span> <span class='ocrx_word' id='word_1_148' title='bbox 3483 513 3567 564; x_wconf 83' lang='lat' dir='ltr'><strong>tv;</strong></span> <span class='ocrx_word' id='word_1_149' title='bbox 3611 512 3665 552; x_wconf 79' lang='lat' dir='ltr'><strong>nt</strong></span> <span class='ocrx_word' id='word_1_150' title='bbox 3693 512 3802 555; x_wconf 78' lang='lat' dir='ltr'><strong>uss.</strong></span> <span class='ocrx_word' id='word_1_151' title='bbox 3837 499 3912 572; x_wconf 83' lang='lat' dir='ltr'><strong>v).</strong></span> 
     </span>
    </p>
   </div>
   <div class='ocr_carea' id='block_1_19' title="bbox 2497 612 4105 688">
    <p class='ocr_par' dir='ltr' id='par_1_19' title="bbox 2497 612 4105 688">
     <span class='ocr_line' id='line_1_19' title="bbox 2497 612 4105 688; baseline 0.005 -22"><span class='ocrx_word' id='word_1_152' title='bbox 2497 612 2651 680; x_wconf 84' lang='lat' dir='ltr'><strong>Quod</strong></span> <span class='ocrx_word' id='word_1_153' title='bbox 2695 614 2938 685; x_wconf 71' lang='lat' dir='ltr'><strong>quadam</strong></span> <span class='ocrx_word' id='word_1_154' title='bbox 2971 615 3034 670; x_wconf 83' lang='lat' dir='ltr'><strong>de</strong></span> <span class='ocrx_word' id='word_1_155' title='bbox 3059 613 3168 688; x_wconf 78' lang='lat' dir='ltr'><strong>Deo</strong></span> <span class='ocrx_word' id='word_1_156' title='bbox 3196 613 3643 688; x_wconf 64' lang='lat' dir='ltr'><strong>substantialiter,</strong></span> <span class='ocrx_word' id='word_1_157' title='bbox 3685 617 3928 688; x_wconf 72' lang='lat' dir='ltr'><strong>quadam</strong></span> <span class='ocrx_word' id='word_1_158' title='bbox 3950 617 4105 675; x_wconf 77' lang='lat' dir='ltr'><strong>reia-</strong></span> 
     </span>
    </p>
   </div>
   <div class='ocr_carea' id='block_1_20' title="bbox 3086 685 3721 759">
    <p class='ocr_par' dir='ltr' id='par_1_20' title="bbox 3086 685 3721 759">
     <span class='ocr_line' id='line_1_20' title="bbox 3086 685 3721 759; baseline 0 -21"><span class='ocrx_word' id='word_1_159' title='bbox 3086 686 3186 740; x_wconf 79' lang='lat' dir='ltr'><strong>tiue</strong></span> <span class='ocrx_word' id='word_1_160' title='bbox 3221 685 3490 740; x_wconf 79' lang='lat' dir='ltr'><strong>dicuntur.</strong></span> <span class='ocrx_word' id='word_1_161' title='bbox 3595 685 3721 759; x_wconf 37' lang='grc' dir='ltr'><strong>...ς’</strong></span> 
     </span>
    </p>
   </div>
   <div class='ocr_carea' id='block_1_21' title="bbox 2568 795 4109 868">
    <p class='ocr_par' dir='ltr' id='par_1_21' title="bbox 2568 795 4109 868">
     <span class='ocr_line' id='line_1_21' title="bbox 2568 795 4109 868; baseline 0.006 -17"><span class='ocrx_word' id='word_1_162' title='bbox 2568 795 2858 852; x_wconf 81' lang='lat' dir='ltr'><strong>Sciendum</strong></span> <span class='ocrx_word' id='word_1_163' title='bbox 2878 807 2963 853; x_wconf 89' lang='lat' dir='ltr'><strong>est</strong></span> <span class='ocrx_word' id='word_1_164' title='bbox 2980 797 3125 868; x_wconf 88' lang='lat' dir='ltr'><strong>quod</strong></span> <span class='ocrx_word' id='word_1_165' title='bbox 3158 795 3407 868; x_wconf 67' lang='lat' dir='ltr'><strong>quaedam</strong></span> <span class='ocrx_word' id='word_1_166' title='bbox 3431 799 3498 855; x_wconf 91' lang='lat' dir='ltr'><strong>de</strong></span> <span class='ocrx_word' id='word_1_167' title='bbox 3521 799 3632 854; x_wconf 90' lang='lat' dir='ltr'><strong>Deo</strong></span> <span class='ocrx_word' id='word_1_168' title='bbox 3661 803 4109 860; x_wconf 84' lang='lat' dir='ltr'><strong>substantialitcr</strong></span> 
     </span>
    </p>
   </div>
   <div class='ocr_carea' id='block_1_22' title="bbox 2496 888 4116 967">
    <p class='ocr_par' dir='ltr' id='par_1_22' title="bbox 2496 888 4116 967">
     <span class='ocr_line' id='line_1_22' title="bbox 2496 888 4116 967; baseline 0.004 -23"><span class='ocrx_word' id='word_1_169' title='bbox 2496 889 2769 953; x_wconf 90' lang='lat' dir='ltr'><strong>dicuntur,</strong></span> <span class='ocrx_word' id='word_1_170' title='bbox 2784 897 2844 943; x_wconf 92' lang='lat' dir='ltr'><strong>ut</strong></span> <span class='ocrx_word' id='word_1_171' title='bbox 2862 898 2968 954; x_wconf 91' lang='lat' dir='ltr'><strong>est,</strong></span> <span class='ocrx_word' id='word_1_172' title='bbox 2987 888 3132 944; x_wconf 90' lang='lat' dir='ltr'><strong>Deus</strong></span> <span class='ocrx_word' id='word_1_173' title='bbox 3161 892 3790 960; x_wconf 83' lang='lat' dir='ltr'><strong>magnus,omnipotens,</strong></span> <span class='ocrx_word' id='word_1_174' title='bbox 3813 891 3913 967; x_wconf 87' lang='lat' dir='ltr'><strong>[et]</strong></span> <span class='ocrx_word' id='word_1_175' title='bbox 3937 896 4116 965; x_wconf 83' lang='lat' dir='ltr'><strong>quid-</strong></span> 
     </span>
    </p>
   </div>
   <div class='ocr_carea' id='block_1_23' title="bbox 2497 981 4112 1053">
    <p class='ocr_par' dir='ltr' id='par_1_23' title="bbox 2497 981 4112 1053">
     <span class='ocr_line' id='line_1_23' title="bbox 2497 981 4112 1053; baseline 0.004 -17"><span class='ocrx_word' id='word_1_176' title='bbox 2497 983 2626 1053; x_wconf 91' lang='lat' dir='ltr'><strong>quid</strong></span> <span class='ocrx_word' id='word_1_177' title='bbox 2651 981 2719 1036; x_wconf 79' lang='lat' dir='ltr'><strong>ad</strong></span> <span class='ocrx_word' id='word_1_178' title='bbox 2743 998 2798 1037; x_wconf 85' lang='lat' dir='ltr'><strong>se</strong></span> <span class='ocrx_word' id='word_1_179' title='bbox 2818 981 3038 1048; x_wconf 88' lang='lat' dir='ltr'><strong>dicitur,</strong></span> <span class='ocrx_word' id='word_1_180' title='bbox 3065 981 3120 1036; x_wconf 88' lang='lat' dir='ltr'><strong>id</strong></span> <span class='ocrx_word' id='word_1_181' title='bbox 3156 991 3261 1047; x_wconf 88' lang='lat' dir='ltr'><strong>est,</strong></span> <span class='ocrx_word' id='word_1_182' title='bbox 3289 982 3649 1038; x_wconf 81' lang='lat' dir='ltr'><strong>substantiam</strong></span> <span class='ocrx_word' id='word_1_183' title='bbox 3679 985 3980 1043; x_wconf 78' lang='lat' dir='ltr'><strong>divinitatis</strong></span> <span class='ocrx_word' id='word_1_184' title='bbox 4018 987 4112 1042; x_wconf 79' lang='lat' dir='ltr'><strong>si-</strong></span> 
     </span>
    </p>
   </div>
   <div class='ocr_carea' id='block_1_24' title="bbox 2496 1072 4102 1143">
    <p class='ocr_par' dir='ltr' id='par_1_24' title="bbox 2496 1072 4102 1143">
     <span class='ocr_line' id='line_1_24' title="bbox 2496 1072 4102 1143; baseline 0.004 -16"><span class='ocrx_word' id='word_1_185' title='bbox 2496 1072 2780 1143; x_wconf 81' lang='lat' dir='ltr'><strong>gniﬁcans.</strong></span> <span class='ocrx_word' id='word_1_186' title='bbox 2805 1072 3063 1141; x_wconf 63' lang='lat' dir='ltr'><strong>Quasdam</strong></span> <span class='ocrx_word' id='word_1_187' title='bbox 3096 1073 3276 1143; x_wconf 88' lang='lat' dir='ltr'><strong>itaque</strong></span> <span class='ocrx_word' id='word_1_188' title='bbox 3310 1073 3536 1129; x_wconf 79' lang='lat' dir='ltr'><strong>relative</strong></span> <span class='ocrx_word' id='word_1_189' title='bbox 3574 1075 3851 1143; x_wconf 87' lang='lat' dir='ltr'><strong>dicuntur,</strong></span> <span class='ocrx_word' id='word_1_190' title='bbox 3884 1086 3945 1132; x_wconf 89' lang='lat' dir='ltr'><strong>ut</strong></span> <span class='ocrx_word' id='word_1_191' title='bbox 3984 1077 4102 1133; x_wconf 85' lang='lat' dir='ltr'><strong>Pa-</strong></span> 
     </span>
    </p>
   </div>
   <div class='ocr_carea' id='block_1_25' title="bbox 2498 1163 4109 1238">
    <p class='ocr_par' dir='ltr' id='par_1_25' title="bbox 2498 1163 4109 1238">
     <span class='ocr_line' id='line_1_25' title="bbox 2498 1163 4109 1238; baseline 0.003 -20"><span class='ocrx_word' id='word_1_192' title='bbox 2498 1172 2582 1218; x_wconf 87' lang='lat' dir='ltr'><strong>ter</strong></span> <span class='ocrx_word' id='word_1_193' title='bbox 2622 1165 2690 1219; x_wconf 87' lang='lat' dir='ltr'><strong>ad</strong></span> <span class='ocrx_word' id='word_1_194' title='bbox 2717 1163 2937 1228; x_wconf 85' lang='lat' dir='ltr'><strong>Filium,</strong></span> <span class='ocrx_word' id='word_1_195' title='bbox 2963 1172 3019 1219; x_wconf 90' lang='lat' dir='ltr'><strong>et</strong></span> <span class='ocrx_word' id='word_1_196' title='bbox 3040 1163 3208 1219; x_wconf 89' lang='lat' dir='ltr'><strong>Filius</strong></span> <span class='ocrx_word' id='word_1_197' title='bbox 3237 1165 3305 1219; x_wconf 90' lang='lat' dir='ltr'><strong>ad</strong></span> <span class='ocrx_word' id='word_1_198' title='bbox 3331 1163 3572 1231; x_wconf 87' lang='lat' dir='ltr'><strong>Patrem,</strong></span> <span class='ocrx_word' id='word_1_199' title='bbox 3603 1176 3658 1223; x_wconf 88' lang='lat' dir='ltr'><strong>et</strong></span> <span class='ocrx_word' id='word_1_200' title='bbox 3684 1166 3919 1238; x_wconf 86' lang='lat' dir='ltr'><strong>Spiritus</strong></span> <span class='ocrx_word' id='word_1_201' title='bbox 3967 1183 4109 1225; x_wconf 81' lang='lat' dir='ltr'><strong>san-</strong></span> 
     </span>
    </p>
   </div>
   <div class='ocr_carea' id='block_1_26' title="bbox 2499 1254 4111 1316">
    <p class='ocr_par' dir='ltr' id='par_1_26' title="bbox 2499 1254 4111 1316">
     <span class='ocr_line' id='line_1_26' title="bbox 2499 1254 4111 1316; baseline 0.004 -7"><span class='ocrx_word' id='word_1_202' title='bbox 2499 1263 2618 1309; x_wconf 90' lang='lat' dir='ltr'><strong>ctus</strong></span> <span class='ocrx_word' id='word_1_203' title='bbox 2634 1255 2855 1309; x_wconf 86' lang='lat' dir='ltr'><strong>relative</strong></span> <span class='ocrx_word' id='word_1_204' title='bbox 2878 1255 2946 1310; x_wconf 90' lang='lat' dir='ltr'><strong>ad</strong></span> <span class='ocrx_word' id='word_1_205' title='bbox 2970 1254 3184 1310; x_wconf 87' lang='lat' dir='ltr'><strong>Patrem</strong></span> <span class='ocrx_word' id='word_1_206' title='bbox 3223 1264 3274 1310; x_wconf 90' lang='lat' dir='ltr'><strong>et</strong></span> <span class='ocrx_word' id='word_1_207' title='bbox 3306 1255 3522 1312; x_wconf 87' lang='lat' dir='ltr'><strong>Filium.</strong></span> <span class='ocrx_word' id='word_1_208' title='bbox 3550 1257 3636 1314; x_wconf 80' lang='lat' dir='ltr'><strong>Ad</strong></span> <span class='ocrx_word' id='word_1_209' title='bbox 3663 1273 3722 1314; x_wconf 86' lang='lat' dir='ltr'><strong>se</strong></span> <span class='ocrx_word' id='word_1_210' title='bbox 3765 1268 3944 1315; x_wconf 87' lang='lat' dir='ltr'><strong>autem</strong></span> <span class='ocrx_word' id='word_1_211' title='bbox 3982 1260 4111 1316; x_wconf 69' lang='lat' dir='ltr'><strong>sive</strong></span> 
     </span>
    </p>
   </div>
   <div class='ocr_carea' id='block_1_27' title="bbox 2497 1344 4107 1424">
    <p class='ocr_par' dir='ltr' id='par_1_27' title="bbox 2497 1344 4107 1424">
     <span class='ocr_line' id='line_1_27' title="bbox 2497 1344 4107 1424; baseline 0.005 -25"><span class='ocrx_word' id='word_1_212' title='bbox 2497 1344 2682 1410; x_wconf 87' lang='lat' dir='ltr'><strong>Pater,</strong></span> <span class='ocrx_word' id='word_1_213' title='bbox 2704 1347 2816 1400; x_wconf 85' lang='lat' dir='ltr'><strong>sive</strong></span> <span class='ocrx_word' id='word_1_214' title='bbox 2855 1344 3043 1410; x_wconf 88' lang='lat' dir='ltr'><strong>Filius,</strong></span> <span class='ocrx_word' id='word_1_215' title='bbox 3075 1348 3189 1402; x_wconf 84' lang='lat' dir='ltr'><strong>sive</strong></span> <span class='ocrx_word' id='word_1_216' title='bbox 3216 1346 3452 1417; x_wconf 86' lang='lat' dir='ltr'><strong>Spiritus</strong></span> <span class='ocrx_word' id='word_1_217' title='bbox 3482 1357 3703 1405; x_wconf 84' lang='lat' dir='ltr'><strong>sanctus</strong></span> <span class='ocrx_word' id='word_1_218' title='bbox 3749 1350 3894 1406; x_wconf 90' lang='lat' dir='ltr'><strong>Deus</strong></span> <span class='ocrx_word' id='word_1_219' title='bbox 3939 1350 4107 1424; x_wconf 86' lang='lat' dir='ltr'><strong>[sub—</strong></span> 
     </span>
    </p>
   </div>
   <div class='ocr_carea' id='block_1_28' title="bbox 2498 1434 4103 1513">
    <p class='ocr_par' dir='ltr' id='par_1_28' title="bbox 2498 1434 4103 1513">
     <span class='ocr_line' id='line_1_28' title="bbox 2498 1434 4103 1513; baseline 0.004 -23"><span class='ocrx_word' id='word_1_220' title='bbox 2498 1434 2845 1506; x_wconf 87' lang='lat' dir='ltr'><strong>stantiaiiter]</strong></span> <span class='ocrx_word' id='word_1_221' title='bbox 2875 1435 3092 1490; x_wconf 90' lang='lat' dir='ltr'><strong>dicitur.</strong></span> <span class='ocrx_word' id='word_1_222' title='bbox 3118 1435 3302 1506; x_wconf 89' lang='lat' dir='ltr'><strong>itaque</strong></span> <span class='ocrx_word' id='word_1_223' title='bbox 3325 1437 3486 1495; x_wconf 90' lang='lat' dir='ltr'><strong>Pater</strong></span> <span class='ocrx_word' id='word_1_224' title='bbox 3514 1454 3602 1504; x_wconf 92' lang='lat' dir='ltr'><strong>eo,</strong></span> <span class='ocrx_word' id='word_1_225' title='bbox 3620 1455 3729 1510; x_wconf 93' lang='lat' dir='ltr'><strong>quo</strong></span> <span class='ocrx_word' id='word_1_226' title='bbox 3758 1438 3893 1511; x_wconf 58' lang='grc' dir='ltr'><strong>[ΑΛ.</strong></span> <span class='ocrx_word' id='word_1_227' title='bbox 3916 1439 4103 1513; x_wconf 90' lang='lat' dir='ltr'><strong>quod]</strong></span> 
     </span>
    </p>
   </div>
   <div class='ocr_carea' id='block_1_29' title="bbox 2499 1526 4116 1598">
    <p class='ocr_par' dir='ltr' id='par_1_29' title="bbox 2499 1526 4116 1598">
     <span class='ocr_line' id='line_1_29' title="bbox 2499 1526 4116 1598; baseline 0.004 -17"><span class='ocrx_word' id='word_1_228' title='bbox 2499 1527 2642 1582; x_wconf 89' lang='lat' dir='ltr'><strong>Deus</strong></span> <span class='ocrx_word' id='word_1_229' title='bbox 2664 1535 2765 1591; x_wconf 88' lang='lat' dir='ltr'><strong>est,</strong></span> <span class='ocrx_word' id='word_1_230' title='bbox 2793 1526 2894 1580; x_wconf 89' lang='lat' dir='ltr'><strong>hoc</strong></span> <span class='ocrx_word' id='word_1_231' title='bbox 2918 1527 3034 1594; x_wconf 92' lang='lat' dir='ltr'><strong>ipso</strong></span> <span class='ocrx_word' id='word_1_232' title='bbox 3061 1527 3367 1582; x_wconf 87' lang='lat' dir='ltr'><strong>substantia</strong></span> <span class='ocrx_word' id='word_1_233' title='bbox 3398 1537 3498 1584; x_wconf 86' lang='lat' dir='ltr'><strong>est.</strong></span> <span class='ocrx_word' id='word_1_234' title='bbox 3532 1528 3670 1596; x_wconf 84' lang='lat' dir='ltr'><strong>Quia</strong></span> <span class='ocrx_word' id='word_1_235' title='bbox 3699 1529 3939 1598; x_wconf 84' lang='lat' dir='ltr'><strong>ejusdem</strong></span> <span class='ocrx_word' id='word_1_236' title='bbox 3966 1530 4116 1587; x_wconf 83' lang='lat' dir='ltr'><strong>sub—</strong></span> 
     </span>
    </p>
   </div>
   <div class='ocr_carea' id='block_1_30' title="bbox 2500 1617 4116 1692">
    <p class='ocr_par' dir='ltr' id='par_1_30' title="bbox 2500 1617 4116 1692">
     <span class='ocr_line' id='line_1_30' title="bbox 2500 1617 4116 1692; baseline 0.004 -21"><span class='ocrx_word' id='word_1_237' title='bbox 2500 1619 2710 1672; x_wconf 65' lang='lat' dir='ltr'><strong>stantia:</strong></span> <span class='ocrx_word' id='word_1_238' title='bbox 2736 1619 2904 1672; x_wconf 85' lang='lat' dir='ltr'><strong>Filius</strong></span> <span class='ocrx_word' id='word_1_239' title='bbox 2933 1617 3010 1688; x_wconf 86' lang='lat' dir='ltr'><strong>let</strong></span> <span class='ocrx_word' id='word_1_240' title='bbox 3035 1617 3271 1688; x_wconf 88' lang='lat' dir='ltr'><strong>Spiritus</strong></span> <span class='ocrx_word' id='word_1_241' title='bbox 3314 1619 3583 1692; x_wconf 89' lang='lat' dir='ltr'><strong>sanctus],</strong></span> <span class='ocrx_word' id='word_1_242' title='bbox 3613 1620 3799 1690; x_wconf 84' lang='lat' dir='ltr'><strong>procul</strong></span> <span class='ocrx_word' id='word_1_243' title='bbox 3829 1621 4017 1684; x_wconf 88' lang='lat' dir='ltr'><strong>dubio,</strong></span> <span class='ocrx_word' id='word_1_244' title='bbox 4043 1633 4116 1677; x_wconf 74' lang='lat' dir='ltr'><strong>et</strong></span> 
     </span>
    </p>
   </div>
   <div class='ocr_carea' id='block_1_31' title="bbox 2501 1710 4117 1780">
    <p class='ocr_par' dir='ltr' id='par_1_31' title="bbox 2501 1710 4117 1780">
     <span class='ocr_line' id='line_1_31' title="bbox 2501 1710 4117 1780; baseline 0.004 -16"><span class='ocrx_word' id='word_1_245' title='bbox 2501 1710 2667 1766; x_wconf 86' lang='lat' dir='ltr'><strong>Filius</strong></span> <span class='ocrx_word' id='word_1_246' title='bbox 2689 1712 2849 1777; x_wconf 86' lang='lat' dir='ltr'><strong>Deus,</strong></span> <span class='ocrx_word' id='word_1_247' title='bbox 2872 1722 2926 1768; x_wconf 91' lang='lat' dir='ltr'><strong>et</strong></span> <span class='ocrx_word' id='word_1_248' title='bbox 2959 1711 3192 1780; x_wconf 88' lang='lat' dir='ltr'><strong>Spiritus</strong></span> <span class='ocrx_word' id='word_1_249' title='bbox 3232 1721 3457 1767; x_wconf 90' lang='lat' dir='ltr'><strong>sanctus</strong></span> <span class='ocrx_word' id='word_1_250' title='bbox 3487 1713 3649 1768; x_wconf 87' lang='lat' dir='ltr'><strong>Deus.</strong></span> <span class='ocrx_word' id='word_1_251' title='bbox 3693 1714 3765 1768; x_wconf 83' lang='lat' dir='ltr'><strong>At</strong></span> <span class='ocrx_word' id='word_1_252' title='bbox 3791 1727 3924 1769; x_wconf 86' lang='lat' dir='ltr'><strong>vero</strong></span> <span class='ocrx_word' id='word_1_253' title='bbox 3954 1714 4117 1770; x_wconf 78' lang='lat' dir='ltr'><strong>Deus</strong></span> 
     </span>
    </p>
   </div>
   <div class='ocr_carea' id='block_1_32' title="bbox 2501 1802 4112 1875">
    <p class='ocr_par' dir='ltr' id='par_1_32' title="bbox 2501 1802 4112 1875">
     <span class='ocr_line' id='line_1_32' title="bbox 2501 1802 4112 1875; baseline 0.002 -19"><span class='ocrx_word' id='word_1_254' title='bbox 2501 1817 2567 1857; x_wconf 92' lang='lat' dir='ltr'><strong>eo</strong></span> <span class='ocrx_word' id='word_1_255' title='bbox 2596 1818 2703 1872; x_wconf 77' lang='lat' dir='ltr'><strong>quo</strong></span> <span class='ocrx_word' id='word_1_256' title='bbox 2753 1802 2883 1874; x_wconf 80' lang='lat' dir='ltr'><strong>[At.,</strong></span> <span class='ocrx_word' id='word_1_257' title='bbox 2915 1802 3081 1874; x_wconf 84' lang='lat' dir='ltr'><strong>quod]</strong></span> <span class='ocrx_word' id='word_1_258' title='bbox 3113 1802 3274 1856; x_wconf 88' lang='lat' dir='ltr'><strong>Pater</strong></span> <span class='ocrx_word' id='word_1_259' title='bbox 3301 1812 3416 1870; x_wconf 85' lang='lat' dir='ltr'><strong>est,</strong></span> <span class='ocrx_word' id='word_1_260' title='bbox 3461 1804 3684 1859; x_wconf 74' lang='lat' dir='ltr'><strong>relative</strong></span> <span class='ocrx_word' id='word_1_261' title='bbox 3713 1803 3936 1871; x_wconf 86' lang='lat' dir='ltr'><strong>dicitur,</strong></span> <span class='ocrx_word' id='word_1_262' title='bbox 3969 1808 4112 1875; x_wconf 82' lang='lat' dir='ltr'><strong>quia</strong></span> 
     </span>
    </p>
   </div>
   <div class='ocr_carea' id='block_1_33' title="bbox 813 1861 2529 1959">
    <p class='ocr_par' dir='ltr' id='par_1_33' title="bbox 813 1861 2529 1950">
     <span class='ocr_line' id='line_1_33' title="bbox 813 1861 2529 1950; baseline -0.006 -17"><span class='ocrx_word' id='word_1_263' title='bbox 813 1881 1006 1950; x_wconf 81' lang='lat' dir='ltr'><strong>ginem,</strong></span> <span class='ocrx_word' id='word_1_264' title='bbox 1027 1877 1263 1933; x_wconf 83' lang='lat' dir='ltr'><strong>ostendit</strong></span> <span class='ocrx_word' id='word_1_265' title='bbox 1283 1890 1446 1930; x_wconf 90' lang='lat' dir='ltr'><strong>unam</strong></span> <span class='ocrx_word' id='word_1_266' title='bbox 1480 1881 1895 1944; x_wconf 82' lang='lat' dir='ltr'><strong>naturamesse,</strong></span> <span class='ocrx_word' id='word_1_267' title='bbox 1921 1872 1986 1927; x_wconf 89' lang='lat' dir='ltr'><strong>ad</strong></span> <span class='ocrx_word' id='word_1_268' title='bbox 2012 1871 2165 1942; x_wconf 88' lang='lat' dir='ltr'><strong>cujus</strong></span> <span class='ocrx_word' id='word_1_269' title='bbox 2211 1873 2402 1944; x_wconf 85' lang='lat' dir='ltr'><strong>imagi-</strong></span> <span class='ocrx_word' id='word_1_270' title='bbox 2432 1861 2478 1922; x_wconf 77' lang='grc' dir='ltr'><strong>Β</strong></span> <span class='ocrx_word' id='word_1_271' title='bbox 2506 1910 2529 1946; x_wconf 66' lang='grc' dir='ltr'><strong>η</strong></span> 
     </span>
    </p>
   </div>
   <div class='ocr_carea' id='block_1_34' title="bbox 2394 1861 4110 1959">
    <p class='ocr_par' dir='ltr' id='par_1_34' title="bbox 2394 1861 4110 1959">
     <span class='ocr_line' id='line_1_34' title="bbox 2394 1861 4110 1959; baseline 0.002 -12"><span class='ocrx_word' id='word_1_272' title='bbox 2394 1902 2402 1913; x_wconf 90' lang='grc'><strong>·</strong></span> <span class='ocrx_word' id='word_1_273' title='bbox 2432 1861 2478 1922; x_wconf 64' lang='grc' dir='ltr'><strong>Β</strong></span> <span class='ocrx_word' id='word_1_274' title='bbox 2506 1909 2610 1948; x_wconf 91' lang='lat' dir='ltr'><strong>non</strong></span> <span class='ocrx_word' id='word_1_275' title='bbox 2639 1861 2956 1949; x_wconf 58' lang='lat' dir='ltr'><strong>substantia:</strong></span> <span class='ocrx_word' id='word_1_276' title='bbox 2984 1861 3181 1948; x_wconf 79' lang='lat' dir='ltr'><strong>nomen</strong></span> <span class='ocrx_word' id='word_1_277' title='bbox 3211 1902 3294 1949; x_wconf 89' lang='lat' dir='ltr'><strong>est</strong></span> <span class='ocrx_word' id='word_1_278' title='bbox 3323 1936 3338 1959; x_wconf 89' lang='lat'><strong>,</strong></span> <span class='ocrx_word' id='word_1_279' title='bbox 3387 1895 3482 1949; x_wconf 82' lang='lat' dir='ltr'><strong>sed</strong></span> <span class='ocrx_word' id='word_1_280' title='bbox 3508 1893 3745 1948; x_wconf 80' lang='lat' dir='ltr'><strong>refertur</strong></span> <span class='ocrx_word' id='word_1_281' title='bbox 3781 1897 3845 1950; x_wconf 86' lang='lat' dir='ltr'><strong>ad</strong></span> <span class='ocrx_word' id='word_1_282' title='bbox 3875 1861 4110 1952; x_wconf 74' lang='lat' dir='ltr'><strong>Filium.</strong></span> 
     </span>
    </p>
   </div>
   <div class='ocr_carea' id='block_1_35' title="bbox 813 1964 2398 2035">
    <p class='ocr_par' dir='ltr' id='par_1_35' title="bbox 813 1964 2398 2035">
     <span class='ocr_line' id='line_1_35' title="bbox 813 1964 2398 2035; baseline -0.004 -10"><span class='ocrx_word' id='word_1_283' title='bbox 813 1986 938 2026; x_wconf 87' lang='lat' dir='ltr'><strong>nem</strong></span> <span class='ocrx_word' id='word_1_284' title='bbox 966 1971 1127 2024; x_wconf 88' lang='lat' dir='ltr'><strong>homo</strong></span> <span class='ocrx_word' id='word_1_285' title='bbox 1149 1969 1328 2033; x_wconf 83' lang='lat' dir='ltr'><strong>ﬁeret;</strong></span> <span class='ocrx_word' id='word_1_286' title='bbox 1359 1982 1483 2022; x_wconf 89' lang='lat' dir='ltr'><strong>cum</strong></span> <span class='ocrx_word' id='word_1_287' title='bbox 1500 1979 1629 2020; x_wconf 88' lang='lat' dir='ltr'><strong>vero</strong></span> <span class='ocrx_word' id='word_1_288' title='bbox 1657 1965 1789 2020; x_wconf 87' lang='lat' dir='ltr'><strong>dicit</strong></span> <span class='ocrx_word' id='word_1_289' title='bbox 1814 1964 2098 2035; x_wconf 86' lang='lat' dir='ltr'><strong>pluraliter</strong></span> <span class='ocrx_word' id='word_1_290' title='bbox 2146 1975 2398 2031; x_wconf 85' lang='lat' dir='ltr'><strong>nostram,</strong></span> 
     </span>
    </p>
   </div>
   <div class='ocr_carea' id='block_1_36' title="bbox 814 2058 2400 2130">
    <p class='ocr_par' dir='ltr' id='par_1_36' title="bbox 814 2058 2400 2130">
     <span class='ocr_line' id='line_1_36' title="bbox 814 2058 2400 2130; baseline -0.004 -11"><span class='ocrx_word' id='word_1_291' title='bbox 814 2062 1052 2119; x_wconf 81' lang='lat' dir='ltr'><strong>ostendit</strong></span> <span class='ocrx_word' id='word_1_292' title='bbox 1077 2062 1268 2127; x_wconf 89' lang='lat' dir='ltr'><strong>Deum,</strong></span> <span class='ocrx_word' id='word_1_293' title='bbox 1301 2061 1369 2116; x_wconf 90' lang='lat' dir='ltr'><strong>ad</strong></span> <span class='ocrx_word' id='word_1_294' title='bbox 1391 2059 1544 2129; x_wconf 84' lang='lat' dir='ltr'><strong>cujus</strong></span> <span class='ocrx_word' id='word_1_295' title='bbox 1577 2059 1870 2130; x_wconf 81' lang='lat' dir='ltr'><strong>imaginem</strong></span> <span class='ocrx_word' id='word_1_296' title='bbox 1894 2058 2056 2114; x_wconf 89' lang='lat' dir='ltr'><strong>homo</strong></span> <span class='ocrx_word' id='word_1_297' title='bbox 2085 2058 2267 2123; x_wconf 82' lang='lat' dir='ltr'><strong>fiebat,</strong></span> <span class='ocrx_word' id='word_1_298' title='bbox 2295 2073 2400 2113; x_wconf 91' lang='lat' dir='ltr'><strong>non</strong></span> 
     </span>
    </p>
   </div>
   <div class='ocr_carea' id='block_1_37' title="bbox 815 2149 2404 2224">
    <p class='ocr_par' dir='ltr' id='par_1_37' title="bbox 815 2149 2404 2224">
     <span class='ocr_line' id='line_1_37' title="bbox 815 2149 2404 2224; baseline -0.003 -15"><span class='ocrx_word' id='word_1_299' title='bbox 815 2171 981 2210; x_wconf 87' lang='lat' dir='ltr'><strong>unam</strong></span> <span class='ocrx_word' id='word_1_300' title='bbox 1005 2169 1126 2210; x_wconf 87' lang='lat' dir='ltr'><strong>esse</strong></span> <span class='ocrx_word' id='word_1_301' title='bbox 1169 2167 1476 2224; x_wconf 87' lang='lat' dir='ltr'><strong>personam.</strong></span> <span class='ocrx_word' id='word_1_302' title='bbox 1529 2151 1586 2208; x_wconf 90' lang='lat' dir='ltr'><strong>Si</strong></span> <span class='ocrx_word' id='word_1_303' title='bbox 1609 2152 1751 2206; x_wconf 90' lang='lat' dir='ltr'><strong>enim</strong></span> <span class='ocrx_word' id='word_1_304' title='bbox 1792 2150 1880 2206; x_wconf 90' lang='lat' dir='ltr'><strong>illa</strong></span> <span class='ocrx_word' id='word_1_305' title='bbox 1905 2166 2013 2205; x_wconf 90' lang='lat' dir='ltr'><strong>una</strong></span> <span class='ocrx_word' id='word_1_306' title='bbox 2038 2152 2274 2207; x_wconf 87' lang='lat' dir='ltr'><strong>essentia</strong></span> <span class='ocrx_word' id='word_1_307' title='bbox 2301 2149 2404 2204; x_wconf 86' lang='lat' dir='ltr'><strong>Pa-</strong></span> 
     </span>
    </p>
   </div>
   <div class='ocr_carea' id='block_1_38' title="bbox 817 2243 2402 2315">
    <p class='ocr_par' dir='ltr' id='par_1_38' title="bbox 817 2243 2402 2315">
     <span class='ocr_line' id='line_1_38' title="bbox 817 2243 2402 2315; baseline -0.001 -15"><span class='ocrx_word' id='word_1_308' title='bbox 817 2246 918 2300; x_wconf 90' lang='lat' dir='ltr'><strong>tris</strong></span> <span class='ocrx_word' id='word_1_309' title='bbox 942 2253 998 2300; x_wconf 87' lang='lat' dir='ltr'><strong>et</strong></span> <span class='ocrx_word' id='word_1_310' title='bbox 1022 2244 1143 2300; x_wconf 80' lang='lat' dir='ltr'><strong>Filii</strong></span> <span class='ocrx_word' id='word_1_311' title='bbox 1179 2253 1235 2300; x_wconf 92' lang='lat' dir='ltr'><strong>et</strong></span> <span class='ocrx_word' id='word_1_312' title='bbox 1261 2243 1495 2314; x_wconf 89' lang='lat' dir='ltr'><strong>Spiritus</strong></span> <span class='ocrx_word' id='word_1_313' title='bbox 1520 2245 1693 2300; x_wconf 89' lang='lat' dir='ltr'><strong>sancti</strong></span> <span class='ocrx_word' id='word_1_314' title='bbox 1716 2260 1823 2300; x_wconf 90' lang='lat' dir='ltr'><strong>una</strong></span> <span class='ocrx_word' id='word_1_315' title='bbox 1843 2255 1986 2301; x_wconf 87' lang='lat' dir='ltr'><strong>esset</strong></span> <span class='ocrx_word' id='word_1_316' title='bbox 2012 2259 2264 2315; x_wconf 88' lang='lat' dir='ltr'><strong>persona,</strong></span> <span class='ocrx_word' id='word_1_317' title='bbox 2293 2258 2402 2299; x_wconf 91' lang='lat' dir='ltr'><strong>nou</strong></span> 
     </span>
    </p>
   </div>
   <div class='ocr_carea' id='block_1_39' title="bbox 820 2335 2404 2406">
    <p class='ocr_par' dir='ltr' id='par_1_39' title="bbox 820 2335 2404 2406">
     <span class='ocr_line' id='line_1_39' title="bbox 820 2335 2404 2406; baseline -0.003 -14"><span class='ocrx_word' id='word_1_318' title='bbox 820 2337 1093 2392; x_wconf 88' lang='lat' dir='ltr'><strong>diceretur</strong></span> <span class='ocrx_word' id='word_1_319' title='bbox 1117 2335 1186 2390; x_wconf 85' lang='lat' dir='ltr'><strong>ad</strong></span> <span class='ocrx_word' id='word_1_320' title='bbox 1224 2337 1522 2406; x_wconf 76' lang='lat' dir='ltr'><strong>imaginem</strong></span> <span class='ocrx_word' id='word_1_321' title='bbox 1573 2345 1835 2402; x_wconf 85' lang='lat' dir='ltr'><strong>nostram,</strong></span> <span class='ocrx_word' id='word_1_322' title='bbox 1891 2336 1986 2391; x_wconf 89' lang='lat' dir='ltr'><strong>sed</strong></span> <span class='ocrx_word' id='word_1_323' title='bbox 2010 2335 2079 2389; x_wconf 89' lang='lat' dir='ltr'><strong>ad</strong></span> <span class='ocrx_word' id='word_1_324' title='bbox 2123 2336 2404 2405; x_wconf 82' lang='lat' dir='ltr'><strong>imaginem</strong></span> 
     </span>
    </p>
   </div>
   <div class='ocr_carea' id='block_1_40' title="bbox 823 2408 2404 2498">
    <p class='ocr_par' dir='ltr' id='par_1_40' title="bbox 823 2408 2404 2498">
     <span class='ocr_line' id='line_1_40' title="bbox 823 2408 2404 2498; baseline -0.002 -17"><span class='ocrx_word' id='word_1_325' title='bbox 823 2445 1027 2495; x_wconf 82' lang='lat' dir='ltr'><strong>meam;</strong></span> <span class='ocrx_word' id='word_1_326' title='bbox 1063 2444 1164 2484; x_wconf 90' lang='lat' dir='ltr'><strong>nec</strong></span> <span class='ocrx_word' id='word_1_327' title='bbox 1189 2429 1413 2484; x_wconf 77' lang='lat' dir='ltr'><strong>dixisset</strong></span> <span class='ocrx_word' id='word_1_328' title='bbox 1443 2428 1734 2498; x_wconf 77' lang='lat' dir='ltr'><strong>faciamus;</strong></span> <span class='ocrx_word' id='word_1_329' title='bbox 1789 2428 1908 2494; x_wconf 91' lang='lat' dir='ltr'><strong>sed,</strong></span> <span class='ocrx_word' id='word_1_330' title='bbox 1940 2428 2155 2497; x_wconf 84' lang='lat' dir='ltr'><strong>faciam.</strong></span> <span class='ocrx_word' id='word_1_331' title='bbox 2188 2426 2245 2480; x_wconf 92' lang='lat' dir='ltr'><strong>Si</strong></span> <span class='ocrx_word' id='word_1_332' title='bbox 2273 2408 2404 2480; x_wconf 78' lang='lat' dir='ltr'><strong>vero</strong></span> 
     </span>
    </p>
   </div>
   <div class='ocr_carea' id='block_1_41' title="bbox 815 2513 2406 2589">
    <p class='ocr_par' dir='ltr' id='par_1_41' title="bbox 815 2513 2406 2589">
     <span class='ocr_line' id='line_1_41' title="bbox 815 2513 2406 2589; baseline -0.004 -17"><span class='ocrx_word' id='word_1_333' title='bbox 815 2519 870 2573; x_wconf 91' lang='lat' dir='ltr'><strong>in</strong></span> <span class='ocrx_word' id='word_1_334' title='bbox 905 2520 1010 2574; x_wconf 90' lang='lat' dir='ltr'><strong>illis</strong></span> <span class='ocrx_word' id='word_1_335' title='bbox 1047 2521 1219 2575; x_wconf 89' lang='lat' dir='ltr'><strong>tribus</strong></span> <span class='ocrx_word' id='word_1_336' title='bbox 1246 2521 1494 2589; x_wconf 88' lang='lat' dir='ltr'><strong>personis</strong></span> <span class='ocrx_word' id='word_1_337' title='bbox 1525 2528 1636 2574; x_wconf 89' lang='lat' dir='ltr'><strong>tres</strong></span> <span class='ocrx_word' id='word_1_338' title='bbox 1660 2527 1844 2574; x_wconf 86' lang='lat' dir='ltr'><strong>essent</strong></span> <span class='ocrx_word' id='word_1_339' title='bbox 1874 2517 2264 2588; x_wconf 61' lang='lat' dir='ltr'><strong>intelligentiae,</strong></span> <span class='ocrx_word' id='word_1_340' title='bbox 2319 2513 2406 2568; x_wconf 88' lang='lat' dir='ltr'><strong>vei</strong></span> 
     </span>
    </p>
   </div>
   <div class='ocr_carea' id='block_1_42' title="bbox 819 2607 2405 2678">
    <p class='ocr_par' dir='ltr' id='par_1_42' title="bbox 819 2607 2405 2678">
     <span class='ocr_line' id='line_1_42' title="bbox 819 2607 2405 2678; baseline -0.006 -9"><span class='ocrx_word' id='word_1_341' title='bbox 819 2614 1101 2670; x_wconf 77' lang='lat' dir='ltr'><strong>credendos</strong></span> <span class='ocrx_word' id='word_1_342' title='bbox 1129 2612 1443 2668; x_wconf 67' lang='lat' dir='ltr'><strong>substantiae</strong></span> <span class='ocrx_word' id='word_1_343' title='bbox 1464 2651 1480 2678; x_wconf 95' lang='lat'><strong>,</strong></span> <span class='ocrx_word' id='word_1_344' title='bbox 1512 2627 1620 2665; x_wconf 90' lang='lat' dir='ltr'><strong>non</strong></span> <span class='ocrx_word' id='word_1_345' title='bbox 1662 2611 1934 2665; x_wconf 87' lang='lat' dir='ltr'><strong>diceretur</strong></span> <span class='ocrx_word' id='word_1_346' title='bbox 1960 2649 1975 2674; x_wconf 94' lang='lat'><strong>,</strong></span> <span class='ocrx_word' id='word_1_347' title='bbox 2021 2608 2091 2661; x_wconf 88' lang='lat' dir='ltr'><strong>ad</strong></span> <span class='ocrx_word' id='word_1_348' title='bbox 2123 2607 2405 2676; x_wconf 78' lang='lat' dir='ltr'><strong>imaginem</strong></span> 
     </span>
    </p>
   </div>
   <div class='ocr_carea' id='block_1_43' title="bbox 819 2699 2406 2773">
    <p class='ocr_par' dir='ltr' id='par_1_43' title="bbox 819 2699 2406 2773">
     <span class='ocr_line' id='line_1_43' title="bbox 819 2699 2406 2773; baseline -0.006 -12"><span class='ocrx_word' id='word_1_349' title='bbox 819 2716 1073 2769; x_wconf 84' lang='lat' dir='ltr'><strong>nostram,</strong></span> <span class='ocrx_word' id='word_1_350' title='bbox 1100 2703 1216 2769; x_wconf 89' lang='lat' dir='ltr'><strong>sed,</strong></span> <span class='ocrx_word' id='word_1_351' title='bbox 1239 2703 1308 2757; x_wconf 88' lang='lat' dir='ltr'><strong>ad</strong></span> <span class='ocrx_word' id='word_1_352' title='bbox 1329 2704 1582 2773; x_wconf 78' lang='lat' dir='ltr'><strong>imagines</strong></span> <span class='ocrx_word' id='word_1_353' title='bbox 1611 2714 1833 2757; x_wconf 79' lang='lat' dir='ltr'><strong>nostras.</strong></span> <span class='ocrx_word' id='word_1_354' title='bbox 1864 2700 1972 2757; x_wconf 86' lang='lat' dir='ltr'><strong>Sed</strong></span> <span class='ocrx_word' id='word_1_355' title='bbox 1997 2701 2063 2756; x_wconf 85' lang='lat' dir='ltr'><strong>ad</strong></span> <span class='ocrx_word' id='word_1_356' title='bbox 2093 2699 2406 2754; x_wconf 87' lang='lat' dir='ltr'><strong>unamima-</strong></span> 
     </span>
    </p>
   </div>
   <div class='ocr_carea' id='block_1_44' title="bbox 818 2794 2407 2869">
    <p class='ocr_par' dir='ltr' id='par_1_44' title="bbox 818 2794 2407 2869">
     <span class='ocr_line' id='line_1_44' title="bbox 818 2794 2407 2869; baseline -0.004 -17"><span class='ocrx_word' id='word_1_357' title='bbox 818 2798 996 2869; x_wconf 85' lang='lat' dir='ltr'><strong>ginem</strong></span> <span class='ocrx_word' id='word_1_358' title='bbox 1022 2798 1182 2850; x_wconf 87' lang='lat' dir='ltr'><strong>unius</strong></span> <span class='ocrx_word' id='word_1_359' title='bbox 1210 2795 1329 2858; x_wconf 86' lang='lat' dir='ltr'><strong>Dei,</strong></span> <span class='ocrx_word' id='word_1_360' title='bbox 1353 2796 1514 2850; x_wconf 90' lang='lat' dir='ltr'><strong>homo</strong></span> <span class='ocrx_word' id='word_1_361' title='bbox 1536 2794 1711 2849; x_wconf 78' lang='lat' dir='ltr'><strong>factus</strong></span> <span class='ocrx_word' id='word_1_362' title='bbox 1735 2795 1952 2858; x_wconf 90' lang='lat' dir='ltr'><strong>dicitur,</strong></span> <span class='ocrx_word' id='word_1_363' title='bbox 1983 2803 2044 2846; x_wconf 93' lang='lat' dir='ltr'><strong>ut</strong></span> <span class='ocrx_word' id='word_1_364' title='bbox 2068 2807 2174 2846; x_wconf 90' lang='lat' dir='ltr'><strong>una</strong></span> <span class='ocrx_word' id='word_1_365' title='bbox 2206 2799 2407 2847; x_wconf 70' lang='lat' dir='ltr'><strong>sanctae</strong></span> 
     </span>
    </p>
   </div>
   <div class='ocr_carea' id='block_1_45' title="bbox 820 2882 2406 2946">
    <p class='ocr_par' dir='ltr' id='par_1_45' title="bbox 820 2882 2406 2946">
     <span class='ocr_line' id='line_1_45' title="bbox 820 2882 2406 2946; baseline -0.006 0"><span class='ocrx_word' id='word_1_366' title='bbox 820 2890 1100 2946; x_wconf 81' lang='lat' dir='ltr'><strong>Trinitatis</strong></span> <span class='ocrx_word' id='word_1_367' title='bbox 1157 2889 1515 2944; x_wconf 86' lang='lat' dir='ltr'><strong>essentialiter</strong></span> <span class='ocrx_word' id='word_1_368' title='bbox 1577 2887 1829 2943; x_wconf 84' lang='lat' dir='ltr'><strong>divinitas</strong></span> <span class='ocrx_word' id='word_1_369' title='bbox 1895 2888 2193 2942; x_wconf 88' lang='lat' dir='ltr'><strong>intimetur.</strong></span> <span class='ocrx_word' id='word_1_370' title='bbox 2256 2882 2406 2937; x_wconf 83' lang='lat' dir='ltr'><strong>Hanc</strong></span> 
     </span>
    </p>
   </div>
   <div class='ocr_carea' id='block_1_46' title="bbox 819 2971 2407 3052">
    <p class='ocr_par' dir='ltr' id='par_1_46' title="bbox 819 2971 2407 3052">
     <span class='ocr_line' id='line_1_46' title="bbox 819 2971 2407 3052; baseline -0.006 -16"><span class='ocrx_word' id='word_1_371' title='bbox 819 2971 1033 3052; x_wconf 80' lang='lat' dir='ltr'><strong>quoque</strong></span> <span class='ocrx_word' id='word_1_372' title='bbox 1060 2980 1377 3036; x_wconf 88' lang='lat' dir='ltr'><strong>Trinitatem</strong></span> <span class='ocrx_word' id='word_1_373' title='bbox 1423 2980 1586 3049; x_wconf 78' lang='lat'><strong>708</strong></span> <span class='ocrx_word' id='word_1_374' title='bbox 1612 2994 1995 3048; x_wconf 87' lang='lat' dir='ltr'><strong>personarum,</strong></span> <span class='ocrx_word' id='word_1_375' title='bbox 2027 2987 2188 3046; x_wconf 88' lang='lat' dir='ltr'><strong>atque</strong></span> <span class='ocrx_word' id='word_1_376' title='bbox 2231 2975 2407 3029; x_wconf 91' lang='lat' dir='ltr'><strong>unita-</strong></span> 
     </span>
    </p>
   </div>
   <div class='ocr_carea' id='block_1_47' title="bbox 821 3066 2406 3141">
    <p class='ocr_par' dir='ltr' id='par_1_47' title="bbox 821 3066 2406 3141">
     <span class='ocr_line' id='line_1_47' title="bbox 821 3066 2406 3141; baseline -0.005 -15"><span class='ocrx_word' id='word_1_377' title='bbox 821 3083 929 3127; x_wconf 87' lang='lat' dir='ltr'><strong>tem</strong></span> <span class='ocrx_word' id='word_1_378' title='bbox 955 3080 1178 3138; x_wconf 81' lang='lat' dir='ltr'><strong>naturae,</strong></span> <span class='ocrx_word' id='word_1_379' title='bbox 1195 3071 1632 3141; x_wconf 87' lang='lat' dir='ltr'><strong>prophetalsaias</strong></span> <span class='ocrx_word' id='word_1_380' title='bbox 1656 3069 1948 3125; x_wconf 84' lang='lat' dir='ltr'><strong>revelatam</strong></span> <span class='ocrx_word' id='word_1_381' title='bbox 1970 3069 2068 3123; x_wconf 90' lang='lat' dir='ltr'><strong>sibi</strong></span> <span class='ocrx_word' id='word_1_382' title='bbox 2096 3083 2199 3122; x_wconf 91' lang='lat' dir='ltr'><strong>non</strong></span> <span class='ocrx_word' id='word_1_383' title='bbox 2219 3066 2406 3131; x_wconf 90' lang='lat' dir='ltr'><strong>tacuit,</strong></span> 
     </span>
    </p>
   </div>
   <div class='ocr_carea' id='block_1_48' title="bbox 821 3158 2369 3233">
    <p class='ocr_par' dir='ltr' id='par_1_48' title="bbox 821 3158 2369 3233">
     <span class='ocr_line' id='line_1_48' title="bbox 821 3158 2369 3233; baseline -0.006 -13"><span class='ocrx_word' id='word_1_384' title='bbox 821 3182 945 3220; x_wconf 88' lang='lat' dir='ltr'><strong>cum</strong></span> <span class='ocrx_word' id='word_1_385' title='bbox 990 3180 1049 3220; x_wconf 90' lang='lat' dir='ltr'><strong>se</strong></span> <span class='ocrx_word' id='word_1_386' title='bbox 1082 3165 1210 3220; x_wconf 89' lang='lat' dir='ltr'><strong>dicit</strong></span> <span class='ocrx_word' id='word_1_387' title='bbox 1235 3164 1518 3233; x_wconf 82' lang='lat' dir='ltr'><strong>Seraphim</strong></span> <span class='ocrx_word' id='word_1_388' title='bbox 1547 3163 1747 3217; x_wconf 88' lang='lat' dir='ltr'><strong>vidisse</strong></span> <span class='ocrx_word' id='word_1_389' title='bbox 1781 3162 2070 3215; x_wconf 87' lang='lat' dir='ltr'><strong>clamantia</strong></span> <span class='ocrx_word' id='word_1_390' title='bbox 2102 3180 2113 3213; x_wconf 88' lang='lat'><strong>:</strong></span> <span class='ocrx_word' id='word_1_391' title='bbox 2145 3158 2369 3214; x_wconf 84' lang='lat' dir='ltr'><strong>Sanctus</strong></span> 
     </span>
    </p>
   </div>
   <div class='ocr_carea' id='block_1_49' title="bbox 2505 1986 4116 2058">
    <p class='ocr_par' dir='ltr' id='par_1_49' title="bbox 2505 1986 4116 2058">
     <span class='ocr_line' id='line_1_49' title="bbox 2505 1986 4116 2058; baseline 0.001 -18"><span class='ocrx_word' id='word_1_392' title='bbox 2505 1986 2623 2041; x_wconf 86' lang='lat' dir='ltr'><strong>Non</strong></span> <span class='ocrx_word' id='word_1_393' title='bbox 2652 1987 2730 2042; x_wconf 93' lang='lat' dir='ltr'><strong>sic</strong></span> <span class='ocrx_word' id='word_1_394' title='bbox 2752 1988 2983 2043; x_wconf 85' lang='lat' dir='ltr'><strong>dicimus</strong></span> <span class='ocrx_word' id='word_1_395' title='bbox 3008 1987 3204 2042; x_wconf 86' lang='lat' dir='ltr'><strong>Filium</strong></span> <span class='ocrx_word' id='word_1_396' title='bbox 3233 1986 3450 2043; x_wconf 85' lang='lat' dir='ltr'><strong>Patrem</strong></span> <span class='ocrx_word' id='word_1_397' title='bbox 3495 2001 3636 2054; x_wconf 88' lang='lat' dir='ltr'><strong>esse,</strong></span> <span class='ocrx_word' id='word_1_398' title='bbox 3660 1988 3932 2058; x_wconf 89' lang='lat' dir='ltr'><strong>quomodo</strong></span> <span class='ocrx_word' id='word_1_399' title='bbox 3965 1988 4116 2044; x_wconf 81' lang='lat' dir='ltr'><strong>dici.</strong></span> 
     </span>
    </p>
   </div>
   <div class='ocr_carea' id='block_1_50' title="bbox 2505 2077 4118 2143">
    <p class='ocr_par' dir='ltr' id='par_1_50' title="bbox 2505 2077 4118 2143">
     <span class='ocr_line' id='line_1_50' title="bbox 2505 2077 4118 2143; baseline 0.001 -11"><span class='ocrx_word' id='word_1_400' title='bbox 2505 2093 2624 2132; x_wconf 90' lang='lat' dir='ltr'><strong>mus</strong></span> <span class='ocrx_word' id='word_1_401' title='bbox 2649 2077 2846 2133; x_wconf 86' lang='lat' dir='ltr'><strong>Filium</strong></span> <span class='ocrx_word' id='word_1_402' title='bbox 2874 2079 3043 2133; x_wconf 90' lang='lat' dir='ltr'><strong>Deum</strong></span> <span class='ocrx_word' id='word_1_403' title='bbox 3089 2093 3239 2143; x_wconf 88' lang='lat' dir='ltr'><strong>esse;</strong></span> <span class='ocrx_word' id='word_1_404' title='bbox 3285 2093 3385 2132; x_wconf 88' lang='lat' dir='ltr'><strong>nec</strong></span> <span class='ocrx_word' id='word_1_405' title='bbox 3406 2078 3482 2132; x_wconf 89' lang='lat' dir='ltr'><strong>ita</strong></span> <span class='ocrx_word' id='word_1_406' title='bbox 3512 2078 3742 2135; x_wconf 88' lang='lat' dir='ltr'><strong>dicimus</strong></span> <span class='ocrx_word' id='word_1_407' title='bbox 3764 2080 3982 2135; x_wconf 69' lang='lat' dir='ltr'><strong>Patren</strong></span> <span class='ocrx_word' id='word_1_408' title='bbox 4012 2079 4118 2134; x_wconf 83' lang='lat' dir='ltr'><strong>Fi-</strong></span> 
     </span>
    </p>
   </div>
   <div class='ocr_carea' id='block_1_51' title="bbox 2503 2169 4114 2240">
    <p class='ocr_par' dir='ltr' id='par_1_51' title="bbox 2503 2169 4114 2240">
     <span class='ocr_line' id='line_1_51' title="bbox 2503 2169 4114 2240; baseline 0.002 -16"><span class='ocrx_word' id='word_1_409' title='bbox 2503 2171 2635 2226; x_wconf 90' lang='lat' dir='ltr'><strong>lium</strong></span> <span class='ocrx_word' id='word_1_410' title='bbox 2660 2186 2801 2236; x_wconf 90' lang='lat' dir='ltr'><strong>esse,</strong></span> <span class='ocrx_word' id='word_1_411' title='bbox 2830 2171 2969 2226; x_wconf 89' lang='lat' dir='ltr'><strong>sicut</strong></span> <span class='ocrx_word' id='word_1_412' title='bbox 3009 2171 3240 2227; x_wconf 90' lang='lat' dir='ltr'><strong>dicimus</strong></span> <span class='ocrx_word' id='word_1_413' title='bbox 3261 2169 3433 2224; x_wconf 88' lang='lat' dir='ltr'><strong>Deum</strong></span> <span class='ocrx_word' id='word_1_414' title='bbox 3455 2185 3599 2236; x_wconf 88' lang='lat' dir='ltr'><strong>esse,</strong></span> <span class='ocrx_word' id='word_1_415' title='bbox 3632 2171 3760 2240; x_wconf 89' lang='lat' dir='ltr'><strong>quia</strong></span> <span class='ocrx_word' id='word_1_416' title='bbox 3794 2171 3938 2227; x_wconf 88' lang='lat' dir='ltr'><strong>Deus</strong></span> <span class='ocrx_word' id='word_1_417' title='bbox 3971 2172 4114 2227; x_wconf 74' lang='lat' dir='ltr'><strong>mb-</strong></span> 
     </span>
    </p>
   </div>
   <div class='ocr_carea' id='block_1_52' title="bbox 2504 2259 4109 2333">
    <p class='ocr_par' dir='ltr' id='par_1_52' title="bbox 2504 2259 4109 2333">
     <span class='ocr_line' id='line_1_52' title="bbox 2504 2259 4109 2333; baseline 0.001 -17"><span class='ocrx_word' id='word_1_418' title='bbox 2504 2261 2828 2317; x_wconf 83' lang='lat' dir='ltr'><strong>stantialiter</strong></span> <span class='ocrx_word' id='word_1_419' title='bbox 2854 2261 3080 2327; x_wconf 88' lang='lat' dir='ltr'><strong>dicitur;</strong></span> <span class='ocrx_word' id='word_1_420' title='bbox 3105 2262 3286 2318; x_wconf 86' lang='lat' dir='ltr'><strong>Pater.</strong></span> <span class='ocrx_word' id='word_1_421' title='bbox 3309 2270 3365 2317; x_wconf 88' lang='lat' dir='ltr'><strong>et</strong></span> <span class='ocrx_word' id='word_1_422' title='bbox 3393 2259 3581 2326; x_wconf 88' lang='lat' dir='ltr'><strong>Filius,</strong></span> <span class='ocrx_word' id='word_1_423' title='bbox 3609 2269 3664 2317; x_wconf 88' lang='lat' dir='ltr'><strong>et</strong></span> <span class='ocrx_word' id='word_1_424' title='bbox 3687 2261 3927 2333; x_wconf 79' lang='lat' dir='ltr'><strong>Spiritus</strong></span> <span class='ocrx_word' id='word_1_425' title='bbox 3967 2279 4109 2318; x_wconf 87' lang='lat' dir='ltr'><strong>san-</strong></span> 
     </span>
    </p>
   </div>
   <div class='ocr_carea' id='block_1_53' title="bbox 2505 2355 3189 2412">
    <p class='ocr_par' dir='ltr' id='par_1_53' title="bbox 2505 2355 3189 2412">
     <span class='ocr_line' id='line_1_53' title="bbox 2505 2355 3189 2412; baseline -0.006 0"><span class='ocrx_word' id='word_1_426' title='bbox 2505 2363 2626 2412; x_wconf 91' lang='lat' dir='ltr'><strong>ctus</strong></span> <span class='ocrx_word' id='word_1_427' title='bbox 2664 2355 2888 2412; x_wconf 87' lang='lat' dir='ltr'><strong>relative</strong></span> <span class='ocrx_word' id='word_1_428' title='bbox 2920 2355 3189 2410; x_wconf 88' lang='lat' dir='ltr'><strong>dicuntur.</strong></span> 
     </span>
    </p>
   </div>
   <div class='ocr_carea' id='block_1_54' title="bbox 2684 2487 3917 2559">
    <p class='ocr_par' dir='ltr' id='par_1_54' title="bbox 2684 2487 3917 2559">
     <span class='ocr_line' id='line_1_54' title="bbox 2684 2487 3917 2559; baseline -0.001 -14"><span class='ocrx_word' id='word_1_429' title='bbox 2684 2487 2912 2545; x_wconf 75' lang='lat' dir='ltr'><strong>CAPUT</strong></span> <span class='ocrx_word' id='word_1_430' title='bbox 2947 2488 3017 2546; x_wconf 79' lang='lat' dir='ltr'><strong>iV</strong></span> <span class='ocrx_word' id='word_1_431' title='bbox 3045 2490 3124 2558; x_wconf 78' lang='grc' dir='ltr'>(ιιι</span> <span class='ocrx_word' id='word_1_432' title='bbox 3155 2505 3303 2545; x_wconf 72' lang='lat' dir='ltr'><strong>sorr.</strong></span> <span class='ocrx_word' id='word_1_433' title='bbox 3335 2505 3454 2545; x_wconf 76' lang='lat' dir='ltr'><strong>CAP.</strong></span> <span class='ocrx_word' id='word_1_434' title='bbox 3485 2505 3548 2554; x_wconf 77' lang='grc' dir='ltr'><strong>νς</strong></span> <span class='ocrx_word' id='word_1_435' title='bbox 3589 2506 3642 2543; x_wconf 73' lang='grc' dir='ltr'><strong>ιιι</strong></span> <span class='ocrx_word' id='word_1_436' title='bbox 3678 2504 3790 2544; x_wconf 84' lang='grc' dir='ltr'>ιιεε.</span> <span class='ocrx_word' id='word_1_437' title='bbox 3819 2488 3917 2559; x_wconf 73' lang='lat' dir='ltr'><strong>vi).</strong></span> 
     </span>
    </p>
   </div>
   <div class='ocr_carea' id='block_1_55' title="bbox 2510 2600 4112 2671">
    <p class='ocr_par' dir='ltr' id='par_1_55' title="bbox 2510 2600 4112 2671">
     <span class='ocr_line' id='line_1_55' title="bbox 2510 2600 4112 2671; baseline 0.001 -16"><span class='ocrx_word' id='word_1_438' title='bbox 2510 2601 2664 2671; x_wconf 82' lang='lat' dir='ltr'><strong>Quod</strong></span> <span class='ocrx_word' id='word_1_439' title='bbox 2690 2601 2918 2671; x_wconf 75' lang='lat' dir='ltr'><strong>Spiritus</strong></span> <span class='ocrx_word' id='word_1_440' title='bbox 2944 2610 3158 2656; x_wconf 80' lang='lat' dir='ltr'><strong>sanctus</strong></span> <span class='ocrx_word' id='word_1_441' title='bbox 3206 2600 3419 2656; x_wconf 81' lang='lat' dir='ltr'><strong>relative</strong></span> <span class='ocrx_word' id='word_1_442' title='bbox 3446 2603 3642 2656; x_wconf 82' lang='lat' dir='ltr'><strong>dicitur</strong></span> <span class='ocrx_word' id='word_1_443' title='bbox 3683 2602 3754 2655; x_wconf 86' lang='lat' dir='ltr'><strong>ad</strong></span> <span class='ocrx_word' id='word_1_444' title='bbox 3798 2601 4016 2657; x_wconf 72' lang='lat' dir='ltr'><strong>Patrem</strong></span> <span class='ocrx_word' id='word_1_445' title='bbox 4043 2613 4112 2656; x_wconf 64' lang='lat' dir='ltr'><strong>et</strong></span> 
     </span>
    </p>
   </div>
   <div class='ocr_carea' id='block_1_56' title="bbox 2579 2670 4119 2745">
    <p class='ocr_par' dir='ltr' id='par_1_56' title="bbox 2579 2670 4119 2745">
     <span class='ocr_line' id='line_1_56' title="bbox 2579 2670 4119 2745; baseline 0.003 -20"><span class='ocrx_word' id='word_1_446' title='bbox 2579 2670 2780 2745; x_wconf 70' lang='lat' dir='ltr'><strong>Filium</strong></span> <span class='ocrx_word' id='word_1_447' title='bbox 2803 2672 2884 2745; x_wconf 52' lang='grc' dir='ltr'>,χιι</span> <span class='ocrx_word' id='word_1_448' title='bbox 2914 2671 3026 2745; x_wconf 84' lang='lat' dir='ltr'><strong>[sed</strong></span> <span class='ocrx_word' id='word_1_449' title='bbox 3055 2689 3158 2726; x_wconf 86' lang='lat' dir='ltr'><strong>non</strong></span> <span class='ocrx_word' id='word_1_450' title='bbox 3184 2673 3364 2726; x_wconf 75' lang='lat' dir='ltr'><strong>eodem</strong></span> <span class='ocrx_word' id='word_1_451' title='bbox 3383 2673 3560 2739; x_wconf 86' lang='lat' dir='ltr'><strong>modo,</strong></span> <span class='ocrx_word' id='word_1_452' title='bbox 3589 2690 3691 2744; x_wconf 87' lang='lat' dir='ltr'><strong>quo</strong></span> <span class='ocrx_word' id='word_1_453' title='bbox 3713 2674 3851 2728; x_wconf 77' lang='lat' dir='ltr'><strong>inter</strong></span> <span class='ocrx_word' id='word_1_454' title='bbox 3870 2689 3925 2728; x_wconf 82' lang='lat' dir='ltr'><strong>se</strong></span> <span class='ocrx_word' id='word_1_455' title='bbox 3942 2671 4119 2729; x_wconf 68' lang='lat' dir='ltr'><strong>Pater</strong></span> 
     </span>
    </p>
   </div>
   <div class='ocr_carea' id='block_1_57' title="bbox 2577 2740 2877 2814">
    <p class='ocr_par' dir='ltr' id='par_1_57' title="bbox 2577 2740 2877 2814">
     <span class='ocr_line' id='line_1_57' title="bbox 2577 2740 2877 2814; baseline -0.003 -17"><span class='ocrx_word' id='word_1_456' title='bbox 2577 2751 2628 2797; x_wconf 85' lang='lat' dir='ltr'><strong>et</strong></span> <span class='ocrx_word' id='word_1_457' title='bbox 2657 2740 2705 2795; x_wconf 85' lang='lat' dir='ltr'><strong>F</strong></span> <span class='ocrx_word' id='word_1_458' title='bbox 2707 2741 2877 2814; x_wconf 83' lang='lat' dir='ltr'><strong>ilius].</strong></span> 
     </span>
    </p>
   </div>
   <div class='ocr_carea' id='block_1_58' title="bbox 2579 2855 4114 2927">
    <p class='ocr_par' dir='ltr' id='par_1_58' title="bbox 2579 2855 4114 2927">
     <span class='ocr_line' id='line_1_58' title="bbox 2579 2855 4114 2927; baseline 0.003 -17"><span class='ocrx_word' id='word_1_459' title='bbox 2579 2855 2811 2912; x_wconf 86' lang='lat' dir='ltr'><strong>Prorsus</strong></span> <span class='ocrx_word' id='word_1_460' title='bbox 2835 2865 2889 2911; x_wconf 92' lang='lat' dir='ltr'><strong>et</strong></span> <span class='ocrx_word' id='word_1_461' title='bbox 2917 2855 3148 2927; x_wconf 87' lang='lat' dir='ltr'><strong>Spiritus</strong></span> <span class='ocrx_word' id='word_1_462' title='bbox 3171 2871 3393 2913; x_wconf 86' lang='lat' dir='ltr'><strong>sanctus</strong></span> <span class='ocrx_word' id='word_1_463' title='bbox 3419 2859 3645 2913; x_wconf 88' lang='lat' dir='ltr'><strong>relative</strong></span> <span class='ocrx_word' id='word_1_464' title='bbox 3671 2859 3872 2916; x_wconf 85' lang='lat' dir='ltr'><strong>dicitur</strong></span> <span class='ocrx_word' id='word_1_465' title='bbox 3901 2857 3971 2914; x_wconf 85' lang='lat' dir='ltr'><strong>ad</strong></span> <span class='ocrx_word' id='word_1_466' title='bbox 3996 2856 4114 2914; x_wconf 59' lang='lat' dir='ltr'><strong>Pa-</strong></span> 
     </span>
    </p>
   </div>
   <div class='ocr_carea' id='block_1_59' title="bbox 2510 2948 4117 3021">
    <p class='ocr_par' dir='ltr' id='par_1_59' title="bbox 2510 2948 4117 3021">
     <span class='ocr_line' id='line_1_59' title="bbox 2510 2948 4117 3021; baseline 0.004 -19"><span class='ocrx_word' id='word_1_467' title='bbox 2510 2956 2649 3003; x_wconf 87' lang='lat' dir='ltr'><strong>trem</strong></span> <span class='ocrx_word' id='word_1_468' title='bbox 2677 2957 2732 3003; x_wconf 88' lang='lat' dir='ltr'><strong>et</strong></span> <span class='ocrx_word' id='word_1_469' title='bbox 2767 2948 2984 3014; x_wconf 87' lang='lat' dir='ltr'><strong>Filium,</strong></span> <span class='ocrx_word' id='word_1_470' title='bbox 3006 2949 3101 3005; x_wconf 89' lang='lat' dir='ltr'><strong>sed</strong></span> <span class='ocrx_word' id='word_1_471' title='bbox 3129 2965 3238 3006; x_wconf 91' lang='lat' dir='ltr'><strong>non</strong></span> <span class='ocrx_word' id='word_1_472' title='bbox 3277 2950 3469 3004; x_wconf 88' lang='lat' dir='ltr'><strong>eodem</strong></span> <span class='ocrx_word' id='word_1_473' title='bbox 3515 2951 3676 3006; x_wconf 88' lang='lat' dir='ltr'><strong>modo</strong></span> <span class='ocrx_word' id='word_1_474' title='bbox 3704 2966 3810 3021; x_wconf 91' lang='lat' dir='ltr'><strong>quo</strong></span> <span class='ocrx_word' id='word_1_475' title='bbox 3857 2950 4000 3006; x_wconf 87' lang='lat' dir='ltr'><strong>inter</strong></span> <span class='ocrx_word' id='word_1_476' title='bbox 4044 2966 4117 3008; x_wconf 72' lang='lat' dir='ltr'><strong>se</strong></span> 
     </span>
    </p>
   </div>
   <div class='ocr_carea' id='block_1_60' title="bbox 2511 3040 4112 3100">
    <p class='ocr_par' dir='ltr' id='par_1_60' title="bbox 2511 3040 4112 3100">
     <span class='ocr_line' id='line_1_60' title="bbox 2511 3040 4112 3100; baseline 0.003 -5"><span class='ocrx_word' id='word_1_477' title='bbox 2511 3040 2675 3096; x_wconf 88' lang='lat' dir='ltr'><strong>Pater</strong></span> <span class='ocrx_word' id='word_1_478' title='bbox 2695 3051 2751 3095; x_wconf 91' lang='lat' dir='ltr'><strong>et</strong></span> <span class='ocrx_word' id='word_1_479' title='bbox 2773 3041 2962 3096; x_wconf 89' lang='lat' dir='ltr'><strong>Filius.</strong></span> <span class='ocrx_word' id='word_1_480' title='bbox 2997 3041 3149 3097; x_wconf 89' lang='lat' dir='ltr'><strong>Sicut</strong></span> <span class='ocrx_word' id='word_1_481' title='bbox 3191 3041 3338 3098; x_wconf 88' lang='lat' dir='ltr'><strong>enim</strong></span> <span class='ocrx_word' id='word_1_482' title='bbox 3382 3041 3611 3097; x_wconf 88' lang='lat' dir='ltr'><strong>relative</strong></span> <span class='ocrx_word' id='word_1_483' title='bbox 3629 3043 3793 3100; x_wconf 85' lang='lat' dir='ltr'><strong>Pater</strong></span> <span class='ocrx_word' id='word_1_484' title='bbox 3837 3053 3895 3099; x_wconf 86' lang='lat' dir='ltr'><strong>et</strong></span> <span class='ocrx_word' id='word_1_485' title='bbox 3932 3042 4112 3100; x_wconf 69' lang='lat' dir='ltr'><strong>Fuisse</strong></span> 
     </span>
    </p>
   </div>
   <div class='ocr_carea' id='block_1_61' title="bbox 2511 3131 4114 3203">
    <p class='ocr_par' dir='ltr' id='par_1_61' title="bbox 2511 3131 4114 3203">
     <span class='ocr_line' id='line_1_61' title="bbox 2511 3131 4114 3203; baseline 0.002 -15"><span class='ocrx_word' id='word_1_486' title='bbox 2511 3133 2784 3199; x_wconf 90' lang='lat' dir='ltr'><strong>dicuntur,</strong></span> <span class='ocrx_word' id='word_1_487' title='bbox 2817 3135 2890 3188; x_wconf 90' lang='lat' dir='ltr'><strong>ita</strong></span> <span class='ocrx_word' id='word_1_488' title='bbox 2911 3142 2966 3188; x_wconf 91' lang='lat' dir='ltr'><strong>et</strong></span> <span class='ocrx_word' id='word_1_489' title='bbox 2990 3131 3227 3203; x_wconf 85' lang='lat' dir='ltr'><strong>Spiritus</strong></span> <span class='ocrx_word' id='word_1_490' title='bbox 3247 3143 3468 3189; x_wconf 89' lang='lat' dir='ltr'><strong>sanctus</strong></span> <span class='ocrx_word' id='word_1_491' title='bbox 3493 3135 3560 3190; x_wconf 89' lang='lat' dir='ltr'><strong>ad</strong></span> <span class='ocrx_word' id='word_1_492' title='bbox 3588 3134 3803 3190; x_wconf 89' lang='lat' dir='ltr'><strong>Patrem</strong></span> <span class='ocrx_word' id='word_1_493' title='bbox 3827 3142 3882 3190; x_wconf 89' lang='lat' dir='ltr'><strong>et</strong></span> <span class='ocrx_word' id='word_1_494' title='bbox 3906 3134 4114 3191; x_wconf 86' lang='lat' dir='ltr'><strong>Filium</strong></span> 
     </span>
    </p>
   </div>
   <div class='ocr_carea' id='block_1_62' title="bbox 825 3198 4116 3324">
    <p class='ocr_par' dir='ltr' id='par_1_62' title="bbox 825 3198 4116 3324">
     <span class='ocr_line' id='line_1_62' title="bbox 825 3198 3050 3223; baseline -0.006 -3"><span class='ocrx_word' id='word_1_495' title='bbox 825 3198 945 3220; x_wconf 63' lang='lat' dir='ltr'><strong>eu...</strong></span> <span class='ocrx_word' id='word_1_496' title='bbox 992 3198 1049 3220; x_wconf 72' lang='grc' dir='ltr'><strong>π</strong></span> <span class='ocrx_word' id='word_1_497' title='bbox 1082 3198 1210 3220; x_wconf 74' lang='grc' dir='ltr'>υιυι</span> <span class='ocrx_word' id='word_1_498' title='bbox 1236 3198 1365 3218; x_wconf 67' lang='lat' dir='ltr'><strong>uvas:</strong></span> <span class='ocrx_word' id='word_1_499' title='bbox 1388 3198 1518 3217; x_wconf 78' lang='grc' dir='ltr'><strong>ιη...-</strong></span> <span class='ocrx_word' id='word_1_500' title='bbox 1557 3198 1747 3217; x_wconf 52' lang='lat' dir='ltr'><strong>musae</strong></span> <span class='ocrx_word' id='word_1_501' title='bbox 1781 3198 2070 3215; x_wconf 66' lang='grc' dir='ltr'><strong>ωαηιαω...</strong></span> <span class='ocrx_word' id='word_1_502' title='bbox 2103 3203 2113 3213; x_wconf 94' lang='grc'><em>.</em></span> <span class='ocrx_word' id='word_1_503' title='bbox 2145 3198 2368 3214; x_wconf 64' lang='grc' dir='ltr'><strong>ναηηκυ</strong></span> <span class='ocrx_word' id='word_1_504' title='bbox 2390 3198 2405 3223; x_wconf 89' lang='grc'><strong>,</strong></span> <span class='ocrx_word' id='word_1_505' title='bbox 3033 3198 3050 3203; x_wconf 87' lang='grc'><strong>-</strong></span> 
     </span>
     <span class='ocr_line' id='line_1_63' title="bbox 825 3198 4116 3324; baseline -0.005 -13"><span class='ocrx_word' id='word_1_506' title='bbox 825 3256 1068 3321; x_wconf 82' lang='lat' dir='ltr'><strong>Sanctus,</strong></span> <span class='ocrx_word' id='word_1_507' title='bbox 1094 3255 1343 3319; x_wconf 77' lang='lat' dir='ltr'><strong>Sanctus,</strong></span> <span class='ocrx_word' id='word_1_508' title='bbox 1371 3198 1626 3307; x_wconf 81' lang='lat' dir='ltr'><strong>IDominus</strong></span> <span class='ocrx_word' id='word_1_509' title='bbox 1663 3253 1804 3308; x_wconf 85' lang='lat' dir='ltr'><strong>Deus</strong></span> <span class='ocrx_word' id='word_1_510' title='bbox 1838 3253 2066 3308; x_wconf 79' lang='lat' dir='ltr'><strong>Sabaoth</strong></span> <span class='ocrx_word' id='word_1_511' title='bbox 2104 3250 2259 3324; x_wconf 89' lang='lat' dir='ltr'><strong>(Isai.</strong></span> <span class='ocrx_word' id='word_1_512' title='bbox 2285 3248 2362 3322; x_wconf 82' lang='lat' dir='ltr'><strong>Vt)</strong></span> <span class='ocrx_word' id='word_1_513' title='bbox 2392 3270 2402 3304; x_wconf 94' lang='lat'>:</span> <span class='ocrx_word' id='word_1_514' title='bbox 2431 3209 2481 3273; x_wconf 66' lang='grc' dir='ltr'><strong>ο</strong></span> <span class='ocrx_word' id='word_1_515' title='bbox 2510 3223 2926 3324; x_wconf 43' lang='grc' dir='ltr'><strong>ξῙ-σξλξδωωθδθκ</strong></span> <span class='ocrx_word' id='word_1_516' title='bbox 2959 3223 3183 3324; x_wconf 28' lang='lat' dir='ltr'><strong>ligati“</strong></span> <span class='ocrx_word' id='word_1_517' title='bbox 3492 3225 3634 3324; x_wconf 50' lang='lat' dir='ltr'><strong>ﬁf&#39;ia</strong></span> <span class='ocrx_word' id='word_1_518' title='bbox 3663 3225 3842 3324; x_wconf 41' lang='lat' dir='ltr'><strong>Patri?</strong></span> <span class='ocrx_word' id='word_1_519' title='bbox 3885 3234 3941 3281; x_wconf 71' lang='grc' dir='ltr'><strong>ει</strong></span> <span class='ocrx_word' id='word_1_520' title='bbox 3984 3224 4116 3324; x_wconf 49' lang='lat' dir='ltr'><strong>Filii</strong></span> 
     </span>
    </p>
   </div>
   <div class='ocr_carea' id='block_1_63' title="bbox 822 3343 2410 3420">
    <p class='ocr_par' dir='ltr' id='par_1_63' title="bbox 822 3343 2410 3420">
     <span class='ocr_line' id='line_1_64' title="bbox 822 3343 2410 3420; baseline -0.004 -18"><span class='ocrx_word' id='word_1_521' title='bbox 822 3349 914 3404; x_wconf 88' lang='lat' dir='ltr'><strong>ubi</strong></span> <span class='ocrx_word' id='word_1_522' title='bbox 938 3364 1158 3420; x_wconf 88' lang='lat' dir='ltr'><strong>prorsus</strong></span> <span class='ocrx_word' id='word_1_523' title='bbox 1188 3348 1240 3402; x_wconf 90' lang='lat' dir='ltr'><strong>in</strong></span> <span class='ocrx_word' id='word_1_524' title='bbox 1263 3363 1356 3410; x_wconf 91' lang='lat' dir='ltr'><strong>eo,</strong></span> <span class='ocrx_word' id='word_1_525' title='bbox 1413 3348 1554 3414; x_wconf 91' lang='lat' dir='ltr'><strong>quod</strong></span> <span class='ocrx_word' id='word_1_526' title='bbox 1585 3346 1783 3401; x_wconf 87' lang='lat' dir='ltr'><strong>dicitur</strong></span> <span class='ocrx_word' id='word_1_527' title='bbox 1811 3347 1989 3409; x_wconf 88' lang='lat' dir='ltr'><strong>tertio,</strong></span> <span class='ocrx_word' id='word_1_528' title='bbox 2015 3343 2259 3408; x_wconf 84' lang='lat' dir='ltr'><strong>Sanctus,</strong></span> <span class='ocrx_word' id='word_1_529' title='bbox 2290 3357 2410 3411; x_wconf 79' lang='lat' dir='ltr'><strong>per—</strong></span> 
     </span>
    </p>
   </div>
   <div class='ocr_carea' id='block_1_64' title="bbox 824 3432 2407 3506">
    <p class='ocr_par' dir='ltr' id='par_1_64' title="bbox 824 3432 2407 3506">
     <span class='ocr_line' id='line_1_65' title="bbox 824 3432 2407 3506; baseline -0.006 -11"><span class='ocrx_word' id='word_1_530' title='bbox 824 3455 1079 3495; x_wconf 63' lang='lat' dir='ltr'><strong>sonat-um</strong></span> <span class='ocrx_word' id='word_1_531' title='bbox 1103 3439 1452 3501; x_wconf 87' lang='lat' dir='ltr'><strong>Trinitatem;</strong></span> <span class='ocrx_word' id='word_1_532' title='bbox 1485 3438 1538 3490; x_wconf 88' lang='lat' dir='ltr'><strong>in</strong></span> <span class='ocrx_word' id='word_1_533' title='bbox 1563 3452 1626 3490; x_wconf 89' lang='lat' dir='ltr'><strong>eo</strong></span> <span class='ocrx_word' id='word_1_534' title='bbox 1648 3451 1797 3499; x_wconf 88' lang='lat' dir='ltr'><strong>vero,</strong></span> <span class='ocrx_word' id='word_1_535' title='bbox 1821 3436 1964 3506; x_wconf 90' lang='lat' dir='ltr'><strong>quod</strong></span> <span class='ocrx_word' id='word_1_536' title='bbox 1996 3432 2160 3488; x_wconf 90' lang='lat' dir='ltr'><strong>semel</strong></span> <span class='ocrx_word' id='word_1_537' title='bbox 2188 3434 2407 3498; x_wconf 86' lang='lat' dir='ltr'><strong>dicitur,</strong></span> 
     </span>
    </p>
   </div>
   <div class='ocr_carea' id='block_1_65' title="bbox 827 3525 2409 3596">
    <p class='ocr_par' dir='ltr' id='par_1_65' title="bbox 827 3525 2409 3596">
     <span class='ocr_line' id='line_1_66' title="bbox 827 3525 2409 3596; baseline -0.003 -10"><span class='ocrx_word' id='word_1_538' title='bbox 827 3535 1080 3586; x_wconf 81' lang='lat' dir='ltr'><strong>Dominus</strong></span> <span class='ocrx_word' id='word_1_539' title='bbox 1105 3531 1246 3584; x_wconf 84' lang='lat' dir='ltr'><strong>Deus</strong></span> <span class='ocrx_word' id='word_1_540' title='bbox 1287 3529 1541 3592; x_wconf 80' lang='lat' dir='ltr'><strong>Sabaoth,</strong></span> <span class='ocrx_word' id='word_1_541' title='bbox 1573 3525 1768 3583; x_wconf 69' lang='lat' dir='ltr'><strong>divina!</strong></span> <span class='ocrx_word' id='word_1_542' title='bbox 1803 3536 2008 3582; x_wconf 69' lang='lat' dir='ltr'><strong>natura:</strong></span> <span class='ocrx_word' id='word_1_543' title='bbox 2039 3527 2409 3596; x_wconf 82' lang='lat' dir='ltr'><strong>cognoscimus</strong></span> 
     </span>
    </p>
   </div>
   <div class='ocr_carea' id='block_1_66' title="bbox 829 3618 2412 3691">
    <p class='ocr_par' dir='ltr' id='par_1_66' title="bbox 829 3618 2412 3691">
     <span class='ocr_line' id='line_1_67' title="bbox 829 3618 2412 3691; baseline -0.004 -13"><span class='ocrx_word' id='word_1_544' title='bbox 829 3625 1087 3678; x_wconf 88' lang='lat' dir='ltr'><strong>unitatem</strong></span> <span class='ocrx_word' id='word_1_545' title='bbox 1119 3633 1168 3674; x_wconf 78' lang='grc' dir='ltr'>ει.</span> <span class='ocrx_word' id='word_1_546' title='bbox 1208 3619 1371 3676; x_wconf 86' lang='lat' dir='ltr'><strong>Plane</strong></span> <span class='ocrx_word' id='word_1_547' title='bbox 1410 3621 1614 3691; x_wconf 84' lang='lat' dir='ltr'><strong>absque</strong></span> <span class='ocrx_word' id='word_1_548' title='bbox 1643 3620 1789 3674; x_wconf 90' lang='lat' dir='ltr'><strong>omni</strong></span> <span class='ocrx_word' id='word_1_549' title='bbox 1828 3618 2163 3672; x_wconf 85' lang='lat' dir='ltr'><strong>dubitatione</strong></span> <span class='ocrx_word' id='word_1_550' title='bbox 2189 3618 2412 3672; x_wconf 76' lang='lat' dir='ltr'><strong>creden-</strong></span> 
     </span>
    </p>
   </div>
   <div class='ocr_carea' id='block_1_67' title="bbox 831 3710 2412 3780">
    <p class='ocr_par' dir='ltr' id='par_1_67' title="bbox 831 3710 2412 3780">
     <span class='ocr_line' id='line_1_68' title="bbox 831 3710 2412 3780; baseline -0.004 -9"><span class='ocrx_word' id='word_1_551' title='bbox 831 3717 957 3771; x_wconf 87' lang='lat' dir='ltr'><strong>dum</strong></span> <span class='ocrx_word' id='word_1_552' title='bbox 999 3723 1084 3770; x_wconf 90' lang='lat' dir='ltr'><strong>est</strong></span> <span class='ocrx_word' id='word_1_553' title='bbox 1140 3713 1356 3768; x_wconf 82' lang='lat' dir='ltr'><strong>Patrem</strong></span> <span class='ocrx_word' id='word_1_554' title='bbox 1401 3722 1456 3768; x_wconf 88' lang='lat' dir='ltr'><strong>et</strong></span> <span class='ocrx_word' id='word_1_555' title='bbox 1507 3711 1702 3765; x_wconf 88' lang='lat' dir='ltr'><strong>Filium</strong></span> <span class='ocrx_word' id='word_1_556' title='bbox 1758 3719 1811 3764; x_wconf 89' lang='lat' dir='ltr'><strong>et</strong></span> <span class='ocrx_word' id='word_1_557' title='bbox 1851 3710 2111 3780; x_wconf 87' lang='lat' dir='ltr'><strong>Spiritum</strong></span> <span class='ocrx_word' id='word_1_558' title='bbox 2164 3720 2412 3764; x_wconf 70' lang='lat' dir='ltr'><strong>sant-tum</strong></span> 
     </span>
    </p>
   </div>
   <div class='ocr_carea' id='block_1_68' title="bbox 829 3803 2410 3877">
    <p class='ocr_par' dir='ltr' id='par_1_68' title="bbox 829 3803 2410 3877">
     <span class='ocr_line' id='line_1_69' title="bbox 829 3803 2410 3877; baseline -0.003 -15"><span class='ocrx_word' id='word_1_559' title='bbox 829 3825 995 3864; x_wconf 84' lang='lat' dir='ltr'><strong>unum</strong></span> <span class='ocrx_word' id='word_1_560' title='bbox 1022 3823 1141 3863; x_wconf 87' lang='lat' dir='ltr'><strong>esse</strong></span> <span class='ocrx_word' id='word_1_561' title='bbox 1184 3807 1468 3861; x_wconf 87' lang='lat' dir='ltr'><strong>Dominum</strong></span> <span class='ocrx_word' id='word_1_562' title='bbox 1501 3803 1632 3876; x_wconf 76' lang='grc' dir='ltr'>[Αι.,</span> <span class='ocrx_word' id='word_1_563' title='bbox 1674 3804 1863 3877; x_wconf 88' lang='lat' dir='ltr'><strong>Deum]</strong></span> <span class='ocrx_word' id='word_1_564' title='bbox 1891 3847 1904 3867; x_wconf 91' lang='lat'><strong>,</strong></span> <span class='ocrx_word' id='word_1_565' title='bbox 1951 3805 2374 3874; x_wconf 75' lang='lat' dir='ltr'><strong>omnipotentem</strong></span> <span class='ocrx_word' id='word_1_566' title='bbox 2396 3846 2410 3871; x_wconf 93' lang='lat'><strong>,</strong></span> 
     </span>
    </p>
   </div>
   <div class='ocr_carea' id='block_1_69' title="bbox 830 3895 2411 3966">
    <p class='ocr_par' dir='ltr' id='par_1_69' title="bbox 830 3895 2411 3966">
     <span class='ocr_line' id='line_1_70' title="bbox 830 3895 2411 3966; baseline -0.003 -12"><span class='ocrx_word' id='word_1_567' title='bbox 830 3896 1638 3964; x_wconf 80' lang='lat' dir='ltr'><strong>:nternum,incommutabilem.</strong></span> <span class='ocrx_word' id='word_1_568' title='bbox 1668 3895 1734 3950; x_wconf 87' lang='lat' dir='ltr'><strong>Et</strong></span> <span class='ocrx_word' id='word_1_569' title='bbox 1757 3897 1997 3966; x_wconf 80' lang='lat' dir='ltr'><strong>singulus</strong></span> <span class='ocrx_word' id='word_1_570' title='bbox 2022 3896 2214 3949; x_wconf 86' lang='lat' dir='ltr'><strong>horum</strong></span> <span class='ocrx_word' id='word_1_571' title='bbox 2241 3897 2411 3957; x_wconf 82' lang='lat' dir='ltr'><strong>Deus;</strong></span> 
     </span>
    </p>
   </div>
   <div class='ocr_carea' id='block_1_70' title="bbox 831 3986 2417 4056">
    <p class='ocr_par' dir='ltr' id='par_1_70' title="bbox 831 3986 2417 4056">
     <span class='ocr_line' id='line_1_71' title="bbox 831 3986 2417 4056; baseline -0.004 -9"><span class='ocrx_word' id='word_1_572' title='bbox 831 4003 887 4047; x_wconf 88' lang='lat' dir='ltr'><strong>et</strong></span> <span class='ocrx_word' id='word_1_573' title='bbox 917 3992 1073 4048; x_wconf 89' lang='lat' dir='ltr'><strong>simul</strong></span> <span class='ocrx_word' id='word_1_574' title='bbox 1095 4005 1283 4047; x_wconf 82' lang='lat' dir='ltr'><strong>omnes</strong></span> <span class='ocrx_word' id='word_1_575' title='bbox 1331 4003 1471 4042; x_wconf 88' lang='lat' dir='ltr'><strong>unus</strong></span> <span class='ocrx_word' id='word_1_576' title='bbox 1499 3987 1662 4051; x_wconf 90' lang='lat' dir='ltr'><strong>Deus,</strong></span> <span class='ocrx_word' id='word_1_577' title='bbox 1693 3994 1747 4042; x_wconf 90' lang='lat' dir='ltr'><strong>et</strong></span> <span class='ocrx_word' id='word_1_578' title='bbox 1793 3986 2035 4056; x_wconf 80' lang='lat' dir='ltr'><strong>singulus</strong></span> <span class='ocrx_word' id='word_1_579' title='bbox 2063 3987 2290 4054; x_wconf 87' lang='lat' dir='ltr'><strong>quisque</strong></span> <span class='ocrx_word' id='word_1_580' title='bbox 2319 3986 2417 4041; x_wconf 84' lang='lat' dir='ltr'><strong>h0-</strong></span> 
     </span>
    </p>
   </div>
   <div class='ocr_carea' id='block_1_71' title="bbox 838 4077 2419 4156">
    <p class='ocr_par' dir='ltr' id='par_1_71' title="bbox 838 4077 2419 4156">
     <span class='ocr_line' id='line_1_72' title="bbox 838 4077 2419 4156; baseline -0.004 -18"><span class='ocrx_word' id='word_1_581' title='bbox 838 4101 953 4139; x_wconf 87' lang='lat' dir='ltr'><strong>rum</strong></span> <span class='ocrx_word' id='word_1_582' title='bbox 974 4085 1151 4156; x_wconf 86' lang='lat' dir='ltr'><strong>plena,</strong></span> <span class='ocrx_word' id='word_1_583' title='bbox 1184 4092 1237 4137; x_wconf 88' lang='lat' dir='ltr'><strong>et</strong></span> <span class='ocrx_word' id='word_1_584' title='bbox 1269 4080 1528 4151; x_wconf 80' lang='lat' dir='ltr'><strong>perfecta,</strong></span> <span class='ocrx_word' id='word_1_585' title='bbox 1560 4089 1614 4135; x_wconf 91' lang='lat' dir='ltr'><strong>et</strong></span> <span class='ocrx_word' id='word_1_586' title='bbox 1634 4087 1835 4134; x_wconf 66' lang='lat' dir='ltr'><strong>aeterna</strong></span> <span class='ocrx_word' id='word_1_587' title='bbox 1889 4077 2194 4131; x_wconf 85' lang='lat' dir='ltr'><strong>substantia</strong></span> <span class='ocrx_word' id='word_1_588' title='bbox 2229 4077 2305 4148; x_wconf 86' lang='lat' dir='ltr'><strong>[et</strong></span> <span class='ocrx_word' id='word_1_589' title='bbox 2345 4078 2419 4132; x_wconf 88' lang='lat' dir='ltr'><strong>si-</strong></span> 
     </span>
    </p>
   </div>
   <div class='ocr_carea' id='block_1_72' title="bbox 836 4168 2417 4240">
    <p class='ocr_par' dir='ltr' id='par_1_72' title="bbox 836 4168 2417 4240">
     <span class='ocr_line' id='line_1_73' title="bbox 836 4168 2417 4240; baseline -0.004 -12"><span class='ocrx_word' id='word_1_590' title='bbox 836 4174 946 4229; x_wconf 89' lang='lat' dir='ltr'><strong>mul</strong></span> <span class='ocrx_word' id='word_1_591' title='bbox 971 4189 1158 4229; x_wconf 89' lang='lat' dir='ltr'><strong>omnes</strong></span> <span class='ocrx_word' id='word_1_592' title='bbox 1185 4188 1287 4226; x_wconf 89' lang='lat' dir='ltr'><strong>una</strong></span> <span class='ocrx_word' id='word_1_593' title='bbox 1335 4168 1677 4240; x_wconf 83' lang='lat' dir='ltr'><strong>substantia].</strong></span> <span class='ocrx_word' id='word_1_594' title='bbox 1706 4168 1840 4235; x_wconf 86' lang='lat' dir='ltr'><strong>Quia</strong></span> <span class='ocrx_word' id='word_1_595' title='bbox 1868 4169 2124 4239; x_wconf 85' lang='lat' dir='ltr'><strong>quidquid</strong></span> <span class='ocrx_word' id='word_1_596' title='bbox 2149 4177 2231 4224; x_wconf 91' lang='lat' dir='ltr'><strong>est</strong></span> <span class='ocrx_word' id='word_1_597' title='bbox 2258 4168 2417 4223; x_wconf 87' lang='lat' dir='ltr'><strong>Pater</strong></span> 
     </span>
    </p>
   </div>
   <div class='ocr_carea' id='block_1_73' title="bbox 836 4257 2419 4335">
    <p class='ocr_par' dir='ltr' id='par_1_73' title="bbox 836 4257 2419 4335">
     <span class='ocr_line' id='line_1_74' title="bbox 836 4257 2419 4335; baseline -0.003 -19"><span class='ocrx_word' id='word_1_598' title='bbox 836 4279 943 4334; x_wconf 87' lang='lat' dir='ltr'><strong>quo</strong></span> <span class='ocrx_word' id='word_1_599' title='bbox 978 4262 1113 4335; x_wconf 81' lang='grc' dir='ltr'>[Αι.,</span> <span class='ocrx_word' id='word_1_600' title='bbox 1142 4263 1303 4333; x_wconf 76' lang='lat' dir='ltr'><strong>quod,</strong></span> <span class='ocrx_word' id='word_1_601' title='bbox 1338 4270 1387 4316; x_wconf 82' lang='lat' dir='ltr'><strong>et</strong></span> <span class='ocrx_word' id='word_1_602' title='bbox 1416 4262 1490 4313; x_wconf 83' lang='lat' dir='ltr'><strong>ita</strong></span> <span class='ocrx_word' id='word_1_603' title='bbox 1526 4257 1704 4331; x_wconf 73' lang='lat' dir='ltr'><strong>porro}</strong></span> <span class='ocrx_word' id='word_1_604' title='bbox 1733 4258 1872 4313; x_wconf 86' lang='lat' dir='ltr'><strong>Deus</strong></span> <span class='ocrx_word' id='word_1_605' title='bbox 1910 4266 2009 4320; x_wconf 88' lang='grc' dir='ltr'>εει,</span> <span class='ocrx_word' id='word_1_606' title='bbox 2041 4274 2148 4328; x_wconf 91' lang='lat' dir='ltr'><strong>quo</strong></span> <span class='ocrx_word' id='word_1_607' title='bbox 2170 4259 2419 4314; x_wconf 85' lang='lat' dir='ltr'><strong>substan-</strong></span> 
     </span>
    </p>
   </div>
   <div class='ocr_carea' id='block_1_74' title="bbox 836 4348 2421 4423">
    <p class='ocr_par' dir='ltr' id='par_1_74' title="bbox 836 4348 2421 4423">
     <span class='ocr_line' id='line_1_75' title="bbox 836 4348 2421 4423; baseline -0.002 -15"><span class='ocrx_word' id='word_1_608' title='bbox 836 4356 907 4408; x_wconf 88' lang='lat' dir='ltr'><strong>tia</strong></span> <span class='ocrx_word' id='word_1_609' title='bbox 933 4362 1038 4417; x_wconf 89' lang='lat' dir='ltr'><strong>est,</strong></span> <span class='ocrx_word' id='word_1_610' title='bbox 1065 4368 1172 4423; x_wconf 90' lang='lat' dir='ltr'><strong>quo</strong></span> <span class='ocrx_word' id='word_1_611' title='bbox 1197 4353 1471 4408; x_wconf 70' lang='lat' dir='ltr'><strong>aeternitas</strong></span> <span class='ocrx_word' id='word_1_612' title='bbox 1512 4360 1616 4415; x_wconf 88' lang='lat' dir='ltr'><strong>est,</strong></span> <span class='ocrx_word' id='word_1_613' title='bbox 1643 4350 1745 4404; x_wconf 84' lang='lat' dir='ltr'><strong>hoc</strong></span> <span class='ocrx_word' id='word_1_614' title='bbox 1775 4349 1944 4404; x_wconf 88' lang='lat' dir='ltr'><strong>Filius</strong></span> <span class='ocrx_word' id='word_1_615' title='bbox 1972 4390 1985 4415; x_wconf 84' lang='lat'><strong>.,</strong></span> <span class='ocrx_word' id='word_1_616' title='bbox 2034 4349 2137 4404; x_wconf 88' lang='lat' dir='ltr'><strong>hoc</strong></span> <span class='ocrx_word' id='word_1_617' title='bbox 2186 4348 2421 4420; x_wconf 87' lang='lat' dir='ltr'><strong>Spiritus</strong></span> 
     </span>
    </p>
   </div>
   <div class='ocr_carea' id='block_1_75' title="bbox 836 4443 2415 4514">
    <p class='ocr_par' dir='ltr' id='par_1_75' title="bbox 836 4443 2415 4514">
     <span class='ocr_line' id='line_1_76' title="bbox 836 4443 2415 4514; baseline -0.002 -12"><span class='ocrx_word' id='word_1_618' title='bbox 836 4455 1054 4503; x_wconf 88' lang='lat' dir='ltr'><strong>sanctus</strong></span> <span class='ocrx_word' id='word_1_619' title='bbox 1094 4454 1196 4500; x_wconf 89' lang='lat' dir='ltr'><strong>est.</strong></span> <span class='ocrx_word' id='word_1_620' title='bbox 1221 4445 1303 4500; x_wconf 86' lang='lat' dir='ltr'><strong>ita</strong></span> <span class='ocrx_word' id='word_1_621' title='bbox 1332 4445 1494 4500; x_wconf 90' lang='lat' dir='ltr'><strong>etiam</strong></span> <span class='ocrx_word' id='word_1_622' title='bbox 1525 4453 1582 4499; x_wconf 88' lang='lat' dir='ltr'><strong>et</strong></span> <span class='ocrx_word' id='word_1_623' title='bbox 1613 4443 1800 4510; x_wconf 84' lang='lat' dir='ltr'><strong>Filius,</strong></span> <span class='ocrx_word' id='word_1_624' title='bbox 1831 4459 1896 4500; x_wconf 89' lang='lat' dir='ltr'><strong>eo</strong></span> <span class='ocrx_word' id='word_1_625' title='bbox 1921 4443 2083 4514; x_wconf 84' lang='lat' dir='ltr'><strong>quod</strong></span> <span class='ocrx_word' id='word_1_626' title='bbox 2113 4444 2253 4501; x_wconf 88' lang='lat' dir='ltr'><strong>Deus</strong></span> <span class='ocrx_word' id='word_1_627' title='bbox 2300 4453 2415 4511; x_wconf 92' lang='grc' dir='ltr'>εει,</span> 
     </span>
    </p>
   </div>
   <div class='ocr_carea' id='block_1_76' title="bbox 838 4534 2419 4610">
    <p class='ocr_par' dir='ltr' id='par_1_76' title="bbox 838 4534 2419 4610">
     <span class='ocr_line' id='line_1_77' title="bbox 838 4534 2419 4610; baseline -0.001 -16"><span class='ocrx_word' id='word_1_628' title='bbox 838 4553 945 4608; x_wconf 91' lang='lat' dir='ltr'><strong>quo</strong></span> <span class='ocrx_word' id='word_1_629' title='bbox 971 4537 1268 4593; x_wconf 86' lang='lat' dir='ltr'><strong>substantia</strong></span> <span class='ocrx_word' id='word_1_630' title='bbox 1314 4545 1427 4601; x_wconf 85' lang='lat' dir='ltr'><strong>est,</strong></span> <span class='ocrx_word' id='word_1_631' title='bbox 1473 4549 1581 4606; x_wconf 88' lang='lat' dir='ltr'><strong>quo</strong></span> <span class='ocrx_word' id='word_1_632' title='bbox 1625 4535 1900 4591; x_wconf 69' lang='lat' dir='ltr'><strong>aeternitas</strong></span> <span class='ocrx_word' id='word_1_633' title='bbox 1943 4545 2046 4602; x_wconf 87' lang='lat' dir='ltr'><strong>est,</strong></span> <span class='ocrx_word' id='word_1_634' title='bbox 2077 4534 2205 4610; x_wconf 88' lang='lat' dir='ltr'><strong>[hoc</strong></span> <span class='ocrx_word' id='word_1_635' title='bbox 2256 4535 2419 4594; x_wconf 89' lang='lat' dir='ltr'><strong>Pater</strong></span> 
     </span>
    </p>
   </div>
   <div class='ocr_carea' id='block_1_77' title="bbox 841 4627 2414 4704">
    <p class='ocr_par' dir='ltr' id='par_1_77' title="bbox 841 4627 2414 4704">
     <span class='ocr_line' id='line_1_78' title="bbox 841 4627 2414 4704; baseline -0.003 -16"><span class='ocrx_word' id='word_1_636' title='bbox 841 4630 967 4704; x_wconf 79' lang='lat' dir='ltr'><strong>est],</strong></span> <span class='ocrx_word' id='word_1_637' title='bbox 997 4630 1099 4685; x_wconf 90' lang='lat' dir='ltr'><strong>hoc</strong></span> <span class='ocrx_word' id='word_1_638' title='bbox 1155 4627 1388 4697; x_wconf 84' lang='lat' dir='ltr'><strong>Spiritus</strong></span> <span class='ocrx_word' id='word_1_639' title='bbox 1445 4635 1667 4686; x_wconf 86' lang='lat' dir='ltr'><strong>sanctus</strong></span> <span class='ocrx_word' id='word_1_640' title='bbox 1712 4637 1815 4684; x_wconf 88' lang='lat' dir='ltr'><strong>est.</strong></span> <span class='ocrx_word' id='word_1_641' title='bbox 1866 4627 1934 4683; x_wconf 82' lang='lat' dir='ltr'><strong>Et</strong></span> <span class='ocrx_word' id='word_1_642' title='bbox 1981 4629 2242 4699; x_wconf 88' lang='lat' dir='ltr'><strong>quidquid</strong></span> <span class='ocrx_word' id='word_1_643' title='bbox 2292 4628 2414 4700; x_wconf 88' lang='lat' dir='ltr'><strong>Spi-</strong></span> 
     </span>
    </p>
   </div>
   <div class='ocr_carea' id='block_1_78' title="bbox 843 4716 2419 4789">
    <p class='ocr_par' dir='ltr' id='par_1_78' title="bbox 843 4716 2419 4789">
     <span class='ocr_line' id='line_1_79' title="bbox 843 4716 2419 4789; baseline -0.001 -15"><span class='ocrx_word' id='word_1_644' title='bbox 843 4721 977 4774; x_wconf 84' lang='lat' dir='ltr'><strong>ritus</strong></span> <span class='ocrx_word' id='word_1_645' title='bbox 1027 4727 1246 4774; x_wconf 83' lang='lat' dir='ltr'><strong>sanctus</strong></span> <span class='ocrx_word' id='word_1_646' title='bbox 1288 4729 1406 4777; x_wconf 86' lang='lat' dir='ltr'><strong>est.</strong></span> <span class='ocrx_word' id='word_1_647' title='bbox 1455 4732 1520 4772; x_wconf 89' lang='lat' dir='ltr'><strong>eo</strong></span> <span class='ocrx_word' id='word_1_648' title='bbox 1559 4733 1667 4788; x_wconf 87' lang='lat' dir='ltr'><strong>quo</strong></span> <span class='ocrx_word' id='word_1_649' title='bbox 1689 4716 1832 4773; x_wconf 88' lang='lat' dir='ltr'><strong>Deus</strong></span> <span class='ocrx_word' id='word_1_650' title='bbox 1855 4729 1957 4784; x_wconf 88' lang='lat' dir='ltr'><strong>est,</strong></span> <span class='ocrx_word' id='word_1_651' title='bbox 1984 4729 2095 4789; x_wconf 87' lang='lat' dir='ltr'><strong>quo</strong></span> <span class='ocrx_word' id='word_1_652' title='bbox 2117 4719 2419 4774; x_wconf 87' lang='lat' dir='ltr'><strong>substantia</strong></span> 
     </span>
    </p>
   </div>
   <div class='ocr_carea' id='block_1_79' title="bbox 841 4807 2420 4880">
    <p class='ocr_par' dir='ltr' id='par_1_79' title="bbox 841 4807 2420 4880">
     <span class='ocr_line' id='line_1_80' title="bbox 841 4807 2420 4880; baseline 0.001 -15"><span class='ocrx_word' id='word_1_653' title='bbox 841 4820 944 4875; x_wconf 78' lang='lat' dir='ltr'><strong>est,</strong></span> <span class='ocrx_word' id='word_1_654' title='bbox 977 4823 1084 4880; x_wconf 91' lang='lat' dir='ltr'><strong>quo</strong></span> <span class='ocrx_word' id='word_1_655' title='bbox 1107 4809 1380 4864; x_wconf 63' lang='lat' dir='ltr'><strong>aeternitas</strong></span> <span class='ocrx_word' id='word_1_656' title='bbox 1409 4819 1514 4875; x_wconf 88' lang='lat' dir='ltr'><strong>est,</strong></span> <span class='ocrx_word' id='word_1_657' title='bbox 1544 4810 1647 4864; x_wconf 86' lang='lat' dir='ltr'><strong>hoc</strong></span> <span class='ocrx_word' id='word_1_658' title='bbox 1690 4807 1853 4864; x_wconf 84' lang='lat' dir='ltr'><strong>Pater</strong></span> <span class='ocrx_word' id='word_1_659' title='bbox 1873 4819 1954 4865; x_wconf 87' lang='lat' dir='ltr'><strong>est</strong></span> <span class='ocrx_word' id='word_1_660' title='bbox 1990 4820 2044 4864; x_wconf 91' lang='lat' dir='ltr'><strong>et</strong></span> <span class='ocrx_word' id='word_1_661' title='bbox 2073 4811 2267 4877; x_wconf 89' lang='lat' dir='ltr'><strong>Filius,</strong></span> <span class='ocrx_word' id='word_1_662' title='bbox 2313 4825 2420 4866; x_wconf 87' lang='lat' dir='ltr'><strong>una</strong></span> 
     </span>
    </p>
   </div>
   <div class='ocr_carea' id='block_1_80' title="bbox 848 4902 2422 4972">
    <p class='ocr_par' dir='ltr' id='par_1_80' title="bbox 848 4902 2422 4972">
     <span class='ocr_line' id='line_1_81' title="bbox 848 4902 2422 4972; baseline -0.001 -16"><span class='ocrx_word' id='word_1_663' title='bbox 848 4902 904 4956; x_wconf 86' lang='lat' dir='ltr'><strong>in</strong></span> <span class='ocrx_word' id='word_1_664' title='bbox 935 4902 1107 4957; x_wconf 85' lang='lat' dir='ltr'><strong>tribus</strong></span> <span class='ocrx_word' id='word_1_665' title='bbox 1145 4902 1425 4966; x_wconf 85' lang='lat' dir='ltr'><strong>divinitas,</strong></span> <span class='ocrx_word' id='word_1_666' title='bbox 1470 4918 1576 4955; x_wconf 89' lang='lat' dir='ltr'><strong>una</strong></span> <span class='ocrx_word' id='word_1_667' title='bbox 1598 4902 1852 4963; x_wconf 87' lang='lat' dir='ltr'><strong>essentia,</strong></span> <span class='ocrx_word' id='word_1_668' title='bbox 1882 4919 1987 4956; x_wconf 90' lang='lat' dir='ltr'><strong>una</strong></span> <span class='ocrx_word' id='word_1_669' title='bbox 2009 4903 2422 4972; x_wconf 87' lang='lat' dir='ltr'><strong>omnipotentia,</strong></span> 
     </span>
    </p>
   </div>
   <div class='ocr_carea' id='block_1_81' title="bbox 844 4991 2426 5063">
    <p class='ocr_par' dir='ltr' id='par_1_81' title="bbox 844 4991 2426 5063">
     <span class='ocr_line' id='line_1_82' title="bbox 844 4991 2426 5063; baseline -0.001 -16"><span class='ocrx_word' id='word_1_670' title='bbox 844 5004 897 5047; x_wconf 77' lang='lat' dir='ltr'><strong>et</strong></span> <span class='ocrx_word' id='word_1_671' title='bbox 937 4993 1193 5063; x_wconf 87' lang='lat' dir='ltr'><strong>quidquid</strong></span> <span class='ocrx_word' id='word_1_672' title='bbox 1239 4993 1662 5049; x_wconf 84' lang='lat' dir='ltr'><strong>substantialiter</strong></span> <span class='ocrx_word' id='word_1_673' title='bbox 1707 4993 1770 5047; x_wconf 90' lang='lat' dir='ltr'><strong>de</strong></span> <span class='ocrx_word' id='word_1_674' title='bbox 1826 4991 1936 5048; x_wconf 85' lang='lat' dir='ltr'><strong>Deo</strong></span> <span class='ocrx_word' id='word_1_675' title='bbox 1979 4994 2081 5048; x_wconf 89' lang='lat' dir='ltr'><strong>dici</strong></span> <span class='ocrx_word' id='word_1_676' title='bbox 2126 5002 2323 5062; x_wconf 86' lang='lat' dir='ltr'><strong>potest.</strong></span> <span class='ocrx_word' id='word_1_677' title='bbox 2367 4993 2426 5047; x_wconf 88' lang='lat' dir='ltr'><strong>Si</strong></span> 
     </span>
    </p>
   </div>
   <div class='ocr_carea' id='block_1_82' title="bbox 848 5081 2426 5153">
    <p class='ocr_par' dir='ltr' id='par_1_82' title="bbox 848 5081 2426 5153">
     <span class='ocr_line' id='line_1_83' title="bbox 848 5081 2426 5153; baseline -0.003 -15"><span class='ocrx_word' id='word_1_678' title='bbox 848 5085 984 5140; x_wconf 70' lang='lat' dir='ltr'><strong>forte</strong></span> <span class='ocrx_word' id='word_1_679' title='bbox 1009 5085 1071 5138; x_wconf 88' lang='lat' dir='ltr'><strong>de</strong></span> <span class='ocrx_word' id='word_1_680' title='bbox 1099 5083 1210 5138; x_wconf 83' lang='lat' dir='ltr'><strong>solo</strong></span> <span class='ocrx_word' id='word_1_681' title='bbox 1232 5082 1392 5136; x_wconf 81' lang='lat' dir='ltr'><strong>Patre</strong></span> <span class='ocrx_word' id='word_1_682' title='bbox 1406 5082 1771 5153; x_wconf 79' lang='lat' dir='ltr'><strong>interrogatus</strong></span> <span class='ocrx_word' id='word_1_683' title='bbox 1792 5081 1980 5146; x_wconf 79' lang='lat' dir='ltr'><strong>fueris,</strong></span> <span class='ocrx_word' id='word_1_684' title='bbox 2004 5081 2132 5150; x_wconf 89' lang='lat' dir='ltr'><strong>quid</strong></span> <span class='ocrx_word' id='word_1_685' title='bbox 2154 5081 2426 5136; x_wconf 82' lang='lat' dir='ltr'><strong>sitPater?</strong></span> 
     </span>
    </p>
   </div>
   <div class='ocr_carea' id='block_1_83' title="bbox 851 5170 2428 5243">
    <p class='ocr_par' dir='ltr' id='par_1_83' title="bbox 851 5170 2428 5243">
     <span class='ocr_line' id='line_1_84' title="bbox 851 5170 2428 5243; baseline 0.001 -16"><span class='ocrx_word' id='word_1_686' title='bbox 851 5172 1131 5242; x_wconf 66' lang='lat' dir='ltr'><strong>responde,</strong></span> <span class='ocrx_word' id='word_1_687' title='bbox 1169 5170 1331 5225; x_wconf 91' lang='lat' dir='ltr'><strong>Deus.</strong></span> <span class='ocrx_word' id='word_1_688' title='bbox 1395 5171 1761 5242; x_wconf 73' lang='lat' dir='ltr'><strong>interrogatus</strong></span> <span class='ocrx_word' id='word_1_689' title='bbox 1811 5171 1878 5227; x_wconf 90' lang='lat' dir='ltr'><strong>de</strong></span> <span class='ocrx_word' id='word_1_690' title='bbox 1926 5171 2090 5238; x_wconf 85' lang='lat' dir='ltr'><strong>Filio,</strong></span> <span class='ocrx_word' id='word_1_691' title='bbox 2128 5175 2428 5243; x_wconf 84' lang='lat' dir='ltr'><strong>responde,</strong></span> 
     </span>
    </p>
   </div>
   <div class='ocr_carea' id='block_1_84' title="bbox 851 5262 2429 5333">
    <p class='ocr_par' dir='ltr' id='par_1_84' title="bbox 851 5262 2429 5333">
     <span class='ocr_line' id='line_1_85' title="bbox 851 5262 2429 5333; baseline -0.001 -14"><span class='ocrx_word' id='word_1_692' title='bbox 851 5266 1006 5319; x_wconf 77' lang='lat' dir='ltr'><strong>Deus.</strong></span> <span class='ocrx_word' id='word_1_693' title='bbox 1059 5262 1420 5331; x_wconf 86' lang='lat' dir='ltr'><strong>interrogatus</strong></span> <span class='ocrx_word' id='word_1_694' title='bbox 1468 5263 1534 5318; x_wconf 90' lang='lat' dir='ltr'><strong>de</strong></span> <span class='ocrx_word' id='word_1_695' title='bbox 1584 5263 1787 5332; x_wconf 86' lang='lat' dir='ltr'><strong>Spiritu</strong></span> <span class='ocrx_word' id='word_1_696' title='bbox 1847 5272 2068 5326; x_wconf 86' lang='lat' dir='ltr'><strong>sancto,</strong></span> <span class='ocrx_word' id='word_1_697' title='bbox 2123 5265 2429 5333; x_wconf 86' lang='lat' dir='ltr'><strong>responde,</strong></span> 
     </span>
    </p>
   </div>
   <div class='ocr_carea' id='block_1_85' title="bbox 852 5352 2431 5426">
    <p class='ocr_par' dir='ltr' id='par_1_85' title="bbox 852 5352 2431 5426">
     <span class='ocr_line' id='line_1_86' title="bbox 852 5352 2431 5426; baseline 0.003 -18"><span class='ocrx_word' id='word_1_698' title='bbox 852 5357 1010 5410; x_wconf 85' lang='lat' dir='ltr'><strong>Deus.</strong></span> <span class='ocrx_word' id='word_1_699' title='bbox 1040 5352 1099 5410; x_wconf 90' lang='lat' dir='ltr'><strong>Si</strong></span> <span class='ocrx_word' id='word_1_700' title='bbox 1126 5355 1489 5426; x_wconf 74' lang='lat' dir='ltr'><strong>interregatus</strong></span> <span class='ocrx_word' id='word_1_701' title='bbox 1519 5353 1684 5410; x_wconf 82' lang='lat' dir='ltr'><strong>fueris</strong></span> <span class='ocrx_word' id='word_1_702' title='bbox 1710 5357 1870 5410; x_wconf 86' lang='lat' dir='ltr'><strong>simul</strong></span> <span class='ocrx_word' id='word_1_703' title='bbox 1896 5357 1962 5411; x_wconf 91' lang='lat' dir='ltr'><strong>de</strong></span> <span class='ocrx_word' id='word_1_704' title='bbox 1984 5357 2165 5422; x_wconf 90' lang='lat' dir='ltr'><strong>Patre,</strong></span> <span class='ocrx_word' id='word_1_705' title='bbox 2195 5367 2250 5412; x_wconf 89' lang='lat' dir='ltr'><strong>et</strong></span> <span class='ocrx_word' id='word_1_706' title='bbox 2274 5358 2431 5424; x_wconf 83' lang='lat' dir='ltr'><strong>Filio,</strong></span> 
     </span>
    </p>
   </div>
   <div class='ocr_carea' id='block_1_86' title="bbox 852 5444 2428 5522">
    <p class='ocr_par' dir='ltr' id='par_1_86' title="bbox 852 5444 2428 5522">
     <span class='ocr_line' id='line_1_87' title="bbox 852 5444 2428 5522; baseline 0.003 -23"><span class='ocrx_word' id='word_1_707' title='bbox 852 5453 907 5500; x_wconf 87' lang='lat' dir='ltr'><strong>et</strong></span> <span class='ocrx_word' id='word_1_708' title='bbox 949 5444 1153 5515; x_wconf 89' lang='lat' dir='ltr'><strong>Spiritu</strong></span> <span class='ocrx_word' id='word_1_709' title='bbox 1183 5453 1388 5507; x_wconf 89' lang='lat' dir='ltr'><strong>sancto,</strong></span> <span class='ocrx_word' id='word_1_710' title='bbox 1430 5459 1536 5500; x_wconf 90' lang='lat' dir='ltr'><strong>non</strong></span> <span class='ocrx_word' id='word_1_711' title='bbox 1581 5445 1708 5503; x_wconf 82' lang='lat' dir='ltr'><strong>deos</strong></span> <span class='ocrx_word' id='word_1_712' title='bbox 1733 5487 1746 5510; x_wconf 90' lang='lat'><strong>,</strong></span> <span class='ocrx_word' id='word_1_713' title='bbox 1795 5447 1887 5502; x_wconf 87' lang='lat' dir='ltr'><strong>sed</strong></span> <span class='ocrx_word' id='word_1_714' title='bbox 1921 5446 2090 5502; x_wconf 86' lang='lat' dir='ltr'><strong>Deum</strong></span> <span class='ocrx_word' id='word_1_715' title='bbox 2138 5448 2428 5522; x_wconf 86' lang='lat' dir='ltr'><strong>responde,</strong></span> 
     </span>
    </p>
   </div>
   <div class='ocr_carea' id='block_1_87' title="bbox 855 5533 2043 5603">
    <p class='ocr_par' dir='ltr' id='par_1_87' title="bbox 855 5533 2043 5603">
     <span class='ocr_line' id='line_1_88' title="bbox 855 5533 2043 5603; baseline 0.001 -14"><span class='ocrx_word' id='word_1_716' title='bbox 855 5549 1036 5598; x_wconf 84' lang='lat' dir='ltr'><strong>unum,</strong></span> <span class='ocrx_word' id='word_1_717' title='bbox 1065 5533 1506 5603; x_wconf 84' lang='lat' dir='ltr'><strong>omnipotentem,</strong></span> <span class='ocrx_word' id='word_1_718' title='bbox 1532 5535 2043 5593; x_wconf 80' lang='lat' dir='ltr'><strong>incommutabilem.</strong></span> 
     </span>
    </p>
   </div>
   <div class='ocr_carea' id='block_1_88' title="bbox 926 5665 2437 5739">
    <p class='ocr_par' dir='ltr' id='par_1_88' title="bbox 926 5665 2437 5739">
     <span class='ocr_line' id='line_1_89' title="bbox 926 5665 2437 5739; baseline 0.003 -17"><span class='ocrx_word' id='word_1_719' title='bbox 926 5680 952 5708; x_wconf 78' lang='grc' dir='ltr'>ι</span> <span class='ocrx_word' id='word_1_720' title='bbox 990 5665 1049 5724; x_wconf 81' lang='grc' dir='ltr'><strong>ιιι</strong></span> <span class='ocrx_word' id='word_1_721' title='bbox 1084 5679 1217 5739; x_wconf 54' lang='lat' dir='ltr'><strong>mss.</strong></span> <span class='ocrx_word' id='word_1_722' title='bbox 1254 5667 1344 5723; x_wconf 86' lang='lat' dir='ltr'><strong>hic</strong></span> <span class='ocrx_word' id='word_1_723' title='bbox 1374 5667 1560 5739; x_wconf 70' lang='lat' dir='ltr'><strong>incipit</strong></span> <span class='ocrx_word' id='word_1_724' title='bbox 1601 5684 1719 5739; x_wconf 80' lang='lat' dir='ltr'><strong>cap.</strong></span> <span class='ocrx_word' id='word_1_725' title='bbox 1745 5668 1778 5721; x_wconf 75' lang='grc'><strong>4</strong></span> <span class='ocrx_word' id='word_1_726' title='bbox 1807 5689 1819 5723; x_wconf 93' lang='lat'>:</span> <span class='ocrx_word' id='word_1_727' title='bbox 1857 5670 2009 5736; x_wconf 78' lang='lat' dir='ltr'><strong>Quod</strong></span> <span class='ocrx_word' id='word_1_728' title='bbox 2035 5672 2106 5727; x_wconf 81' lang='lat' dir='ltr'><strong>sit</strong></span> <span class='ocrx_word' id='word_1_729' title='bbox 2132 5689 2267 5726; x_wconf 84' lang='lat' dir='ltr'><strong>unus</strong></span> <span class='ocrx_word' id='word_1_730' title='bbox 2295 5672 2437 5727; x_wconf 80' lang='lat' dir='ltr'><strong>Deus</strong></span> 
     </span>
    </p>
   </div>
   <div class='ocr_carea' id='block_1_89' title="bbox 862 5736 1880 5808">
    <p class='ocr_par' dir='ltr' id='par_1_89' title="bbox 862 5736 1880 5808">
     <span class='ocr_line' id='line_1_90' title="bbox 862 5736 1880 5808; baseline 0.002 -15"><span class='ocrx_word' id='word_1_731' title='bbox 862 5736 1093 5808; x_wconf 56' lang='lat' dir='ltr'><strong>Pater}:</strong></span> <span class='ocrx_word' id='word_1_732' title='bbox 1117 5736 1163 5791; x_wconf 84' lang='lat' dir='ltr'><strong>F</strong></span> <span class='ocrx_word' id='word_1_733' title='bbox 1166 5737 1290 5793; x_wconf 78' lang='lat' dir='ltr'><strong>ilius</strong></span> <span class='ocrx_word' id='word_1_734' title='bbox 1322 5748 1367 5792; x_wconf 79' lang='lat' dir='ltr'><strong>et</strong></span> <span class='ocrx_word' id='word_1_735' title='bbox 1394 5736 1622 5808; x_wconf 74' lang='lat' dir='ltr'><strong>Spiritus</strong></span> <span class='ocrx_word' id='word_1_736' title='bbox 1651 5736 1880 5797; x_wconf 76' lang='lat' dir='ltr'><strong>sanctus.</strong></span> 
     </span>
    </p>
   </div>
   <div class='ocr_carea' id='block_1_90' title="bbox 931 5805 1980 5867">
    <p class='ocr_par' dir='ltr' id='par_1_90' title="bbox 931 5805 1980 5867">
     <span class='ocr_line' id='line_1_91' title="bbox 931 5805 1980 5867; baseline 0 -3"><span class='ocrx_word' id='word_1_737' title='bbox 931 5808 958 5852; x_wconf 68' lang='grc' dir='ltr'>δ</span> <span class='ocrx_word' id='word_1_738' title='bbox 999 5805 1164 5867; x_wconf 77' lang='lat' dir='ltr'><strong>lineis</strong></span> <span class='ocrx_word' id='word_1_739' title='bbox 1187 5808 1398 5866; x_wconf 84' lang='lat' dir='ltr'><strong>inclusa</strong></span> <span class='ocrx_word' id='word_1_740' title='bbox 1422 5805 1742 5866; x_wconf 77' lang='lat' dir='ltr'><strong>emittuntur</strong></span> <span class='ocrx_word' id='word_1_741' title='bbox 1769 5811 1821 5865; x_wconf 91' lang='lat' dir='ltr'><strong>in</strong></span> <span class='ocrx_word' id='word_1_742' title='bbox 1849 5825 1980 5865; x_wconf 86' lang='lat' dir='ltr'><strong>mss.</strong></span> 
     </span>
    </p>
   </div>
   <div class='ocr_carea' id='block_1_91' title="bbox 2513 3313 4116 3386">
    <p class='ocr_par' dir='ltr' id='par_1_91' title="bbox 2513 3313 4116 3386">
     <span class='ocr_line' id='line_1_92' title="bbox 2513 3313 4116 3386; baseline 0 -17"><span class='ocrx_word' id='word_1_743' title='bbox 2513 3315 2746 3386; x_wconf 80' lang='lat' dir='ltr'><strong>Spiritus</strong></span> <span class='ocrx_word' id='word_1_744' title='bbox 2766 3323 2869 3371; x_wconf 88' lang='lat' dir='ltr'><strong>est.</strong></span> <span class='ocrx_word' id='word_1_745' title='bbox 2894 3313 3001 3370; x_wconf 89' lang='lat' dir='ltr'><strong>Sed</strong></span> <span class='ocrx_word' id='word_1_746' title='bbox 3031 3315 3144 3384; x_wconf 85' lang='lat' dir='ltr'><strong>ipsa</strong></span> <span class='ocrx_word' id='word_1_747' title='bbox 3184 3314 3379 3371; x_wconf 87' lang='lat' dir='ltr'><strong>relatio</strong></span> <span class='ocrx_word' id='word_1_748' title='bbox 3413 3313 3648 3385; x_wconf 88' lang='lat' dir='ltr'><strong>Spiritus</strong></span> <span class='ocrx_word' id='word_1_749' title='bbox 3666 3317 3838 3369; x_wconf 86' lang='lat' dir='ltr'><strong>sancti</strong></span> <span class='ocrx_word' id='word_1_750' title='bbox 3884 3329 3992 3370; x_wconf 87' lang='lat' dir='ltr'><strong>non</strong></span> <span class='ocrx_word' id='word_1_751' title='bbox 4034 3315 4116 3370; x_wconf 63' lang='lat' dir='ltr'><strong>ita</strong></span> 
     </span>
    </p>
   </div>
   <div class='ocr_carea' id='block_1_92' title="bbox 2512 3405 4119 3477">
    <p class='ocr_par' dir='ltr' id='par_1_92' title="bbox 2512 3405 4119 3477">
     <span class='ocr_line' id='line_1_93' title="bbox 2512 3405 4119 3477; baseline -0.001 -17"><span class='ocrx_word' id='word_1_752' title='bbox 2512 3408 2788 3477; x_wconf 84' lang='lat' dir='ltr'><strong>reciproca</strong></span> <span class='ocrx_word' id='word_1_753' title='bbox 2820 3406 3030 3461; x_wconf 83' lang='lat' dir='ltr'><strong>ratione</strong></span> <span class='ocrx_word' id='word_1_754' title='bbox 3056 3406 3298 3461; x_wconf 83' lang='lat' dir='ltr'><strong>converti</strong></span> <span class='ocrx_word' id='word_1_755' title='bbox 3342 3407 3561 3475; x_wconf 84' lang='lat' dir='ltr'><strong>poterit,</strong></span> <span class='ocrx_word' id='word_1_756' title='bbox 3587 3406 3727 3460; x_wconf 89' lang='lat' dir='ltr'><strong>sicut</strong></span> <span class='ocrx_word' id='word_1_757' title='bbox 3747 3405 3908 3461; x_wconf 85' lang='lat' dir='ltr'><strong>Pater</strong></span> <span class='ocrx_word' id='word_1_758' title='bbox 3937 3414 3994 3460; x_wconf 90' lang='lat' dir='ltr'><strong>et</strong></span> <span class='ocrx_word' id='word_1_759' title='bbox 4022 3405 4119 3458; x_wconf 89' lang='lat' dir='ltr'><strong>Fi-</strong></span> 
     </span>
    </p>
   </div>
   <div class='ocr_carea' id='block_1_93' title="bbox 2513 3495 4117 3566">
    <p class='ocr_par' dir='ltr' id='par_1_93' title="bbox 2513 3495 4117 3566">
     <span class='ocr_line' id='line_1_94' title="bbox 2513 3495 4117 3566; baseline -0.002 -14"><span class='ocrx_word' id='word_1_760' title='bbox 2513 3498 2638 3552; x_wconf 89' lang='lat' dir='ltr'><strong>lius.</strong></span> <span class='ocrx_word' id='word_1_761' title='bbox 2667 3497 2802 3551; x_wconf 88' lang='lat' dir='ltr'><strong>Nam</strong></span> <span class='ocrx_word' id='word_1_762' title='bbox 2835 3497 2998 3550; x_wconf 87' lang='lat' dir='ltr'><strong>Pater</strong></span> <span class='ocrx_word' id='word_1_763' title='bbox 3025 3495 3147 3551; x_wconf 83' lang='lat' dir='ltr'><strong>Filii</strong></span> <span class='ocrx_word' id='word_1_764' title='bbox 3192 3504 3346 3566; x_wconf 87' lang='lat' dir='ltr'><strong>pater</strong></span> <span class='ocrx_word' id='word_1_765' title='bbox 3372 3496 3593 3561; x_wconf 89' lang='lat' dir='ltr'><strong>dicitur,</strong></span> <span class='ocrx_word' id='word_1_766' title='bbox 3623 3504 3678 3552; x_wconf 89' lang='lat' dir='ltr'><strong>et</strong></span> <span class='ocrx_word' id='word_1_767' title='bbox 3720 3496 3889 3550; x_wconf 86' lang='lat' dir='ltr'><strong>Filius</strong></span> <span class='ocrx_word' id='word_1_768' title='bbox 3929 3495 4117 3551; x_wconf 88' lang='lat' dir='ltr'><strong>Patris</strong></span> 
     </span>
    </p>
   </div>
   <div class='ocr_carea' id='block_1_94' title="bbox 2514 3586 4116 3657">
    <p class='ocr_par' dir='ltr' id='par_1_94' title="bbox 2514 3586 4116 3657">
     <span class='ocr_line' id='line_1_95' title="bbox 2514 3586 4116 3657; baseline -0.004 -14"><span class='ocrx_word' id='word_1_769' title='bbox 2514 3589 2656 3644; x_wconf 85' lang='lat' dir='ltr'><strong>ﬁlius</strong></span> <span class='ocrx_word' id='word_1_770' title='bbox 2687 3589 2904 3644; x_wconf 89' lang='lat' dir='ltr'><strong>dicitur.</strong></span> <span class='ocrx_word' id='word_1_771' title='bbox 2935 3586 3172 3657; x_wconf 85' lang='lat' dir='ltr'><strong>Spiritus</strong></span> <span class='ocrx_word' id='word_1_772' title='bbox 3196 3602 3326 3641; x_wconf 89' lang='lat' dir='ltr'><strong>vero</strong></span> <span class='ocrx_word' id='word_1_773' title='bbox 3359 3594 3581 3642; x_wconf 88' lang='lat' dir='ltr'><strong>sanctus</strong></span> <span class='ocrx_word' id='word_1_774' title='bbox 3601 3586 3948 3641; x_wconf 81' lang='lat' dir='ltr'><strong>uniformiter</strong></span> <span class='ocrx_word' id='word_1_775' title='bbox 3975 3586 4116 3642; x_wconf 87' lang='lat' dir='ltr'><strong>dici-</strong></span> 
     </span>
    </p>
   </div>
   <div class='ocr_carea' id='block_1_95' title="bbox 2513 3675 4118 3746">
    <p class='ocr_par' dir='ltr' id='par_1_95' title="bbox 2513 3675 4118 3746">
     <span class='ocr_line' id='line_1_96' title="bbox 2513 3675 4118 3746; baseline 0 -14"><span class='ocrx_word' id='word_1_776' title='bbox 2513 3688 2605 3733; x_wconf 91' lang='lat' dir='ltr'><strong>tur</strong></span> <span class='ocrx_word' id='word_1_777' title='bbox 2631 3679 2698 3732; x_wconf 89' lang='lat' dir='ltr'><strong>ad</strong></span> <span class='ocrx_word' id='word_1_778' title='bbox 2722 3678 2940 3732; x_wconf 89' lang='lat' dir='ltr'><strong>Patrem</strong></span> <span class='ocrx_word' id='word_1_779' title='bbox 2967 3685 3022 3731; x_wconf 89' lang='lat' dir='ltr'><strong>et</strong></span> <span class='ocrx_word' id='word_1_780' title='bbox 3042 3676 3260 3742; x_wconf 86' lang='lat' dir='ltr'><strong>Filium,</strong></span> <span class='ocrx_word' id='word_1_781' title='bbox 3288 3677 3415 3746; x_wconf 89' lang='lat' dir='ltr'><strong>quia</strong></span> <span class='ocrx_word' id='word_1_782' title='bbox 3438 3677 3618 3731; x_wconf 88' lang='lat' dir='ltr'><strong>Patris</strong></span> <span class='ocrx_word' id='word_1_783' title='bbox 3638 3685 3694 3732; x_wconf 88' lang='lat' dir='ltr'><strong>et</strong></span> <span class='ocrx_word' id='word_1_784' title='bbox 3715 3677 3836 3731; x_wconf 86' lang='lat' dir='ltr'><strong>Filii</strong></span> <span class='ocrx_word' id='word_1_785' title='bbox 3871 3675 4118 3746; x_wconf 82' lang='lat' dir='ltr'><strong>Spiritus</strong></span> 
     </span>
    </p>
   </div>
   <div class='ocr_carea' id='block_1_96' title="bbox 2515 3768 4117 3838">
    <p class='ocr_par' dir='ltr' id='par_1_96' title="bbox 2515 3768 4117 3838">
     <span class='ocr_line' id='line_1_97' title="bbox 2515 3768 4117 3838; baseline -0.003 -12"><span class='ocrx_word' id='word_1_786' title='bbox 2515 3779 2618 3828; x_wconf 86' lang='grc' dir='ltr'>εει.</span> <span class='ocrx_word' id='word_1_787' title='bbox 2649 3771 2890 3824; x_wconf 89' lang='lat' dir='ltr'><strong>Dicimus</strong></span> <span class='ocrx_word' id='word_1_788' title='bbox 2919 3769 3064 3823; x_wconf 89' lang='lat' dir='ltr'><strong>enim</strong></span> <span class='ocrx_word' id='word_1_789' title='bbox 3098 3768 3362 3838; x_wconf 88' lang='lat' dir='ltr'><strong>Spiritum</strong></span> <span class='ocrx_word' id='word_1_790' title='bbox 3408 3779 3674 3832; x_wconf 86' lang='lat' dir='ltr'><strong>sanctum,</strong></span> <span class='ocrx_word' id='word_1_791' title='bbox 3709 3768 3973 3838; x_wconf 91' lang='lat' dir='ltr'><strong>Spiritum</strong></span> <span class='ocrx_word' id='word_1_792' title='bbox 4006 3768 4117 3822; x_wconf 87' lang='lat' dir='ltr'><strong>Pa-</strong></span> 
     </span>
    </p>
   </div>
   <div class='ocr_carea' id='block_1_97' title="bbox 2518 3859 4117 3928">
    <p class='ocr_par' dir='ltr' id='par_1_97' title="bbox 2518 3859 4117 3928">
     <span class='ocr_line' id='line_1_98' title="bbox 2518 3859 4117 3928; baseline -0.003 -9"><span class='ocrx_word' id='word_1_793' title='bbox 2518 3864 2656 3919; x_wconf 87' lang='lat' dir='ltr'><strong>tris:</strong></span> <span class='ocrx_word' id='word_1_794' title='bbox 2705 3863 2800 3918; x_wconf 87' lang='lat' dir='ltr'><strong>sed</strong></span> <span class='ocrx_word' id='word_1_795' title='bbox 2849 3878 2956 3917; x_wconf 89' lang='lat' dir='ltr'><strong>non</strong></span> <span class='ocrx_word' id='word_1_796' title='bbox 3002 3862 3237 3916; x_wconf 87' lang='lat' dir='ltr'><strong>vicissim</strong></span> <span class='ocrx_word' id='word_1_797' title='bbox 3286 3861 3553 3925; x_wconf 89' lang='lat' dir='ltr'><strong>dicimus,</strong></span> <span class='ocrx_word' id='word_1_798' title='bbox 3599 3861 3818 3915; x_wconf 87' lang='lat' dir='ltr'><strong>Patrem</strong></span> <span class='ocrx_word' id='word_1_799' title='bbox 3873 3859 4117 3928; x_wconf 84' lang='lat' dir='ltr'><strong>Spiritus</strong></span> 
     </span>
    </p>
   </div>
   <div class='ocr_carea' id='block_1_98' title="bbox 2518 3951 4112 4022">
    <p class='ocr_par' dir='ltr' id='par_1_98' title="bbox 2518 3951 4112 4022">
     <span class='ocr_line' id='line_1_99' title="bbox 2518 3951 4112 4022; baseline -0.005 -10"><span class='ocrx_word' id='word_1_800' title='bbox 2518 3955 2707 4017; x_wconf 85' lang='lat' dir='ltr'><strong>sancti,</strong></span> <span class='ocrx_word' id='word_1_801' title='bbox 2753 3969 2821 4008; x_wconf 89' lang='lat' dir='ltr'><strong>ne</strong></span> <span class='ocrx_word' id='word_1_802' title='bbox 2868 3953 3009 4008; x_wconf 84' lang='lat' dir='ltr'><strong>ﬁlius</strong></span> <span class='ocrx_word' id='word_1_803' title='bbox 3047 3951 3164 4021; x_wconf 86' lang='lat' dir='ltr'><strong>ejus</strong></span> <span class='ocrx_word' id='word_1_804' title='bbox 3199 3952 3532 4022; x_wconf 85' lang='lat' dir='ltr'><strong>intelligatur</strong></span> <span class='ocrx_word' id='word_1_805' title='bbox 3586 3951 3822 4020; x_wconf 87' lang='lat' dir='ltr'><strong>Spiritus</strong></span> <span class='ocrx_word' id='word_1_806' title='bbox 3864 3959 4112 4006; x_wconf 87' lang='lat' dir='ltr'><strong>sanctus.</strong></span> 
     </span>
    </p>
   </div>
   <div class='ocr_carea' id='block_1_99' title="bbox 2517 4041 4119 4115">
    <p class='ocr_par' dir='ltr' id='par_1_99' title="bbox 2517 4041 4119 4115">
     <span class='ocr_line' id='line_1_100' title="bbox 2517 4041 4119 4115; baseline -0.004 -11"><span class='ocrx_word' id='word_1_807' title='bbox 2517 4048 2652 4104; x_wconf 84' lang='lat' dir='ltr'><strong>item</strong></span> <span class='ocrx_word' id='word_1_808' title='bbox 2676 4048 2905 4103; x_wconf 90' lang='lat' dir='ltr'><strong>dicimus</strong></span> <span class='ocrx_word' id='word_1_809' title='bbox 2939 4046 3201 4115; x_wconf 89' lang='lat' dir='ltr'><strong>Spiritum</strong></span> <span class='ocrx_word' id='word_1_810' title='bbox 3226 4055 3499 4110; x_wconf 88' lang='lat' dir='ltr'><strong>sanctum,</strong></span> <span class='ocrx_word' id='word_1_811' title='bbox 3531 4043 3792 4112; x_wconf 86' lang='lat' dir='ltr'><strong>Spiritum</strong></span> <span class='ocrx_word' id='word_1_812' title='bbox 3823 4041 3988 4097; x_wconf 81' lang='lat' dir='ltr'><strong>Filii:</strong></span> <span class='ocrx_word' id='word_1_813' title='bbox 4016 4044 4119 4098; x_wconf 82' lang='lat' dir='ltr'><strong>sed</strong></span> 
     </span>
    </p>
   </div>
   <div class='ocr_carea' id='block_1_100' title="bbox 2519 4132 4123 4204">
    <p class='ocr_par' dir='ltr' id='par_1_100' title="bbox 2519 4132 4123 4204">
     <span class='ocr_line' id='line_1_101' title="bbox 2519 4132 4123 4204; baseline -0.005 -10"><span class='ocrx_word' id='word_1_814' title='bbox 2519 4152 2627 4194; x_wconf 89' lang='lat' dir='ltr'><strong>non</strong></span> <span class='ocrx_word' id='word_1_815' title='bbox 2645 4138 2897 4201; x_wconf 87' lang='lat' dir='ltr'><strong>dicimus,</strong></span> <span class='ocrx_word' id='word_1_816' title='bbox 2920 4135 3118 4190; x_wconf 88' lang='lat' dir='ltr'><strong>Filium</strong></span> <span class='ocrx_word' id='word_1_817' title='bbox 3166 4134 3402 4204; x_wconf 88' lang='lat' dir='ltr'><strong>Spiritus</strong></span> <span class='ocrx_word' id='word_1_818' title='bbox 3440 4135 3634 4198; x_wconf 86' lang='lat' dir='ltr'><strong>sancti,</strong></span> <span class='ocrx_word' id='word_1_819' title='bbox 3670 4148 3735 4186; x_wconf 90' lang='lat' dir='ltr'><strong>ne</strong></span> <span class='ocrx_word' id='word_1_820' title='bbox 3787 4132 3948 4187; x_wconf 88' lang='lat' dir='ltr'><strong>Pater</strong></span> <span class='ocrx_word' id='word_1_821' title='bbox 3995 4132 4123 4202; x_wconf 84' lang='lat' dir='ltr'><strong>ejus</strong></span> 
     </span>
    </p>
   </div>
   <div class='ocr_carea' id='block_1_101' title="bbox 2522 4223 4124 4300">
    <p class='ocr_par' dir='ltr' id='par_1_101' title="bbox 2522 4223 4124 4300">
     <span class='ocr_line' id='line_1_102' title="bbox 2522 4223 4124 4300; baseline -0.002 -17"><span class='ocrx_word' id='word_1_822' title='bbox 2522 4229 2852 4300; x_wconf 81' lang='lat' dir='ltr'><strong>intelligatur</strong></span> <span class='ocrx_word' id='word_1_823' title='bbox 2877 4225 3112 4296; x_wconf 90' lang='lat' dir='ltr'><strong>Spiritus</strong></span> <span class='ocrx_word' id='word_1_824' title='bbox 3130 4235 3368 4282; x_wconf 87' lang='lat' dir='ltr'><strong>sanctus.</strong></span> <span class='ocrx_word' id='word_1_825' title='bbox 3401 4226 3609 4281; x_wconf 89' lang='lat' dir='ltr'><strong>Dicitur</strong></span> <span class='ocrx_word' id='word_1_826' title='bbox 3630 4233 3686 4279; x_wconf 85' lang='grc' dir='ltr'><strong>ει</strong></span> <span class='ocrx_word' id='word_1_827' title='bbox 3712 4225 3851 4280; x_wconf 87' lang='lat' dir='ltr'><strong>idem</strong></span> <span class='ocrx_word' id='word_1_828' title='bbox 3878 4223 4124 4293; x_wconf 82' lang='lat' dir='ltr'><strong>Spiritus</strong></span> 
     </span>
    </p>
   </div>
   <div class='ocr_carea' id='block_1_102' title="bbox 2524 4317 4122 4394">
    <p class='ocr_par' dir='ltr' id='par_1_102' title="bbox 2524 4317 4122 4394">
     <span class='ocr_line' id='line_1_103' title="bbox 2524 4317 4122 4394; baseline 0 -21"><span class='ocrx_word' id='word_1_829' title='bbox 2524 4317 2789 4394; x_wconf 72' lang='lat' dir='ltr'><strong>[sanctus]</strong></span> <span class='ocrx_word' id='word_1_830' title='bbox 2815 4319 3014 4373; x_wconf 87' lang='lat' dir='ltr'><strong>donum</strong></span> <span class='ocrx_word' id='word_1_831' title='bbox 3042 4317 3177 4383; x_wconf 89' lang='lat' dir='ltr'><strong>Dei,</strong></span> <span class='ocrx_word' id='word_1_832' title='bbox 3231 4319 3357 4386; x_wconf 88' lang='lat' dir='ltr'><strong>quia</strong></span> <span class='ocrx_word' id='word_1_833' title='bbox 3387 4317 3533 4373; x_wconf 84' lang='lat' dir='ltr'><strong>Deus</strong></span> <span class='ocrx_word' id='word_1_834' title='bbox 3575 4317 3804 4372; x_wconf 89' lang='lat' dir='ltr'><strong>donator</strong></span> <span class='ocrx_word' id='word_1_835' title='bbox 3849 4317 3974 4373; x_wconf 91' lang='lat' dir='ltr'><strong>doni</strong></span> <span class='ocrx_word' id='word_1_836' title='bbox 4031 4319 4122 4373; x_wconf 83' lang='lat' dir='ltr'><strong>sui</strong></span> 
     </span>
    </p>
   </div>
   <div class='ocr_carea' id='block_1_103' title="bbox 2519 4407 4140 4480">
    <p class='ocr_par' dir='ltr' id='par_1_103' title="bbox 2519 4407 4140 4480">
     <span class='ocr_line' id='line_1_104' title="bbox 2519 4407 4140 4480; baseline 0 -15"><span class='ocrx_word' id='word_1_837' title='bbox 2519 4419 2619 4465; x_wconf 89' lang='lat' dir='ltr'><strong>est.</strong></span> <span class='ocrx_word' id='word_1_838' title='bbox 2651 4409 2710 4466; x_wconf 86' lang='lat' dir='ltr'><strong>in</strong></span> <span class='ocrx_word' id='word_1_839' title='bbox 2736 4409 2932 4480; x_wconf 89' lang='lat' dir='ltr'><strong>quibus</strong></span> <span class='ocrx_word' id='word_1_840' title='bbox 2953 4409 3262 4464; x_wconf 86' lang='lat' dir='ltr'><strong>nominibus</strong></span> <span class='ocrx_word' id='word_1_841' title='bbox 3290 4407 3627 4464; x_wconf 80' lang='lat' dir='ltr'><strong>circumferri</strong></span> <span class='ocrx_word' id='word_1_842' title='bbox 3664 4416 3844 4478; x_wconf 87' lang='lat' dir='ltr'><strong>potest</strong></span> <span class='ocrx_word' id='word_1_843' title='bbox 3872 4407 4140 4466; x_wconf 67' lang='lat' dir='ltr'><strong>vicissim</strong></span> 
     </span>
    </p>
   </div>
   <div class='ocr_carea' id='block_1_104' title="bbox 2522 4498 4124 4572">
    <p class='ocr_par' dir='ltr' id='par_1_104' title="bbox 2522 4498 4124 4572">
     <span class='ocr_line' id='line_1_105' title="bbox 2522 4498 4124 4572; baseline 0.001 -17"><span class='ocrx_word' id='word_1_844' title='bbox 2522 4501 2804 4557; x_wconf 88' lang='lat' dir='ltr'><strong>relationis</strong></span> <span class='ocrx_word' id='word_1_845' title='bbox 2857 4501 3070 4572; x_wconf 81' lang='lat' dir='ltr'><strong>regula,</strong></span> <span class='ocrx_word' id='word_1_846' title='bbox 3121 4501 3251 4556; x_wconf 87' lang='lat' dir='ltr'><strong>utsi</strong></span> <span class='ocrx_word' id='word_1_847' title='bbox 3283 4501 3564 4556; x_wconf 88' lang='lat' dir='ltr'><strong>dicamus:</strong></span> <span class='ocrx_word' id='word_1_848' title='bbox 3599 4500 3828 4556; x_wconf 83' lang='lat' dir='ltr'><strong>donator</strong></span> <span class='ocrx_word' id='word_1_849' title='bbox 3883 4498 4010 4554; x_wconf 89' lang='lat' dir='ltr'><strong>doni</strong></span> <span class='ocrx_word' id='word_1_850' title='bbox 4060 4511 4124 4556; x_wconf 85' lang='lat' dir='ltr'><strong>et</strong></span> 
     </span>
    </p>
   </div>
   <div class='ocr_carea' id='block_1_105' title="bbox 2525 4593 4123 4665">
    <p class='ocr_par' dir='ltr' id='par_1_105' title="bbox 2525 4593 4123 4665">
     <span class='ocr_line' id='line_1_106' title="bbox 2525 4593 4123 4665; baseline -0.003 -11"><span class='ocrx_word' id='word_1_851' title='bbox 2525 4599 2726 4655; x_wconf 89' lang='lat' dir='ltr'><strong>donum</strong></span> <span class='ocrx_word' id='word_1_852' title='bbox 2753 4599 3046 4654; x_wconf 89' lang='lat' dir='ltr'><strong>donatoris.</strong></span> <span class='ocrx_word' id='word_1_853' title='bbox 3076 4596 3215 4664; x_wconf 83' lang='lat' dir='ltr'><strong>Quia</strong></span> <span class='ocrx_word' id='word_1_854' title='bbox 3260 4598 3315 4652; x_wconf 91' lang='lat' dir='ltr'><strong>in</strong></span> <span class='ocrx_word' id='word_1_855' title='bbox 3342 4598 3430 4654; x_wconf 84' lang='lat' dir='ltr'><strong>bis</strong></span> <span class='ocrx_word' id='word_1_856' title='bbox 3461 4597 3737 4651; x_wconf 85' lang='lat' dir='ltr'><strong>vocabulis</strong></span> <span class='ocrx_word' id='word_1_857' title='bbox 3763 4594 3937 4665; x_wconf 89' lang='lat' dir='ltr'><strong>potuit</strong></span> <span class='ocrx_word' id='word_1_858' title='bbox 3966 4593 4123 4649; x_wconf 80' lang='lat' dir='ltr'><strong>invo-</strong></span> 
     </span>
    </p>
   </div>
   <div class='ocr_carea' id='block_1_106' title="bbox 2525 4682 4120 4759">
    <p class='ocr_par' dir='ltr' id='par_1_106' title="bbox 2525 4682 4120 4759">
     <span class='ocr_line' id='line_1_107' title="bbox 2525 4682 4120 4759; baseline -0.006 -14"><span class='ocrx_word' id='word_1_859' title='bbox 2525 4691 2628 4745; x_wconf 88' lang='lat' dir='ltr'><strong>niri</strong></span> <span class='ocrx_word' id='word_1_860' title='bbox 2655 4691 2852 4745; x_wconf 90' lang='lat' dir='ltr'><strong>usitata</strong></span> <span class='ocrx_word' id='word_1_861' title='bbox 2875 4689 3002 4745; x_wconf 84' lang='lat' dir='ltr'><strong>huic</strong></span> <span class='ocrx_word' id='word_1_862' title='bbox 3040 4688 3347 4759; x_wconf 61' lang='lat' dir='ltr'><strong>categorias,</strong></span> <span class='ocrx_word' id='word_1_863' title='bbox 3376 4701 3496 4757; x_wconf 63' lang='lat' dir='ltr'><strong>quae</strong></span> <span class='ocrx_word' id='word_1_864' title='bbox 3519 4688 3737 4751; x_wconf 81' lang='lat' dir='ltr'><strong>dicitur,</strong></span> <span class='ocrx_word' id='word_1_865' title='bbox 3766 4685 3837 4740; x_wconf 76' lang='lat' dir='ltr'><strong>ad</strong></span> <span class='ocrx_word' id='word_1_866' title='bbox 3880 4682 4084 4756; x_wconf 72' lang='lat' dir='ltr'><strong>aliquid</strong></span> <span class='ocrx_word' id='word_1_867' title='bbox 4102 4724 4120 4749; x_wconf 89' lang='lat'><strong>,</strong></span> 
     </span>
    </p>
   </div>
   <div class='ocr_carea' id='block_1_107' title="bbox 2527 4781 2886 4838">
    <p class='ocr_par' dir='ltr' id='par_1_107' title="bbox 2527 4781 2886 4838">
     <span class='ocr_line' id='line_1_108' title="bbox 2527 4781 2886 4838; baseline -0.014 0"><span class='ocrx_word' id='word_1_868' title='bbox 2527 4781 2886 4838; x_wconf 88' lang='lat' dir='ltr'><strong>circumlatio.</strong></span> 
     </span>
    </p>
   </div>
   <div class='ocr_carea' id='block_1_108' title="bbox 2633 4887 4020 4965">
    <p class='ocr_par' dir='ltr' id='par_1_108' title="bbox 2633 4887 4020 4965">
     <span class='ocr_line' id='line_1_109' title="bbox 2633 4887 4020 4965; baseline -0.009 -11"><span class='ocrx_word' id='word_1_869' title='bbox 2633 4893 2798 4965; x_wconf 79' lang='lat'><strong>709</strong></span> <span class='ocrx_word' id='word_1_870' title='bbox 2835 4903 2856 4930; x_wconf 71' lang='grc' dir='ltr'><strong>ε</strong></span> <span class='ocrx_word' id='word_1_871' title='bbox 2882 4891 3111 4949; x_wconf 78' lang='lat' dir='ltr'><strong>CAPUT</strong></span> <span class='ocrx_word' id='word_1_872' title='bbox 3149 4892 3192 4948; x_wconf 70' lang='grc' dir='ltr'><strong>ν</strong></span> <span class='ocrx_word' id='word_1_873' title='bbox 3223 4892 3393 4965; x_wconf 72' lang='lat' dir='ltr'><strong>(sorr.</strong></span> <span class='ocrx_word' id='word_1_874' title='bbox 3420 4907 3537 4948; x_wconf 64' lang='lat' dir='ltr'><strong>car.</strong></span> <span class='ocrx_word' id='word_1_875' title='bbox 3564 4908 3646 4957; x_wconf 84' lang='lat' dir='ltr'><strong>vt;</strong></span> <span class='ocrx_word' id='word_1_876' title='bbox 3681 4908 3734 4945; x_wconf 73' lang='lat' dir='ltr'><strong>In</strong></span> <span class='ocrx_word' id='word_1_877' title='bbox 3761 4905 3874 4946; x_wconf 69' lang='lat' dir='ltr'><strong>uss.</strong></span> <span class='ocrx_word' id='word_1_878' title='bbox 3898 4887 4020 4961; x_wconf 86' lang='lat' dir='ltr'><strong>vn).</strong></span> 
     </span>
    </p>
   </div>
   <div class='ocr_carea' id='block_1_109' title="bbox 2536 4999 4121 5130">
    <p class='ocr_par' dir='ltr' id='par_1_109' title="bbox 2536 4999 4121 5130">
     <span class='ocr_line' id='line_1_110' title="bbox 2536 4999 4121 5130; baseline -0.006 -67"><span class='ocrx_word' id='word_1_879' title='bbox 2536 5007 2687 5073; x_wconf 83' lang='lat' dir='ltr'><strong>Quod</strong></span> <span class='ocrx_word' id='word_1_880' title='bbox 2730 5007 2958 5077; x_wconf 84' lang='lat' dir='ltr'><strong>Spiritus</strong></span> <span class='ocrx_word' id='word_1_881' title='bbox 2995 5005 3524 5130; x_wconf 49' lang='lat' dir='ltr'><strong>sanctusscorn‘munis</strong></span> <span class='ocrx_word' id='word_1_882' title='bbox 3565 5014 3638 5057; x_wconf 86' lang='lat' dir='ltr'><strong>est</strong></span> <span class='ocrx_word' id='word_1_883' title='bbox 3678 5003 3855 5057; x_wconf 84' lang='lat' dir='ltr'><strong>Patris</strong></span> <span class='ocrx_word' id='word_1_884' title='bbox 3901 5012 3950 5055; x_wconf 80' lang='lat' dir='ltr'><strong>et</strong></span> <span class='ocrx_word' id='word_1_885' title='bbox 3989 4999 4121 5057; x_wconf 78' lang='lat' dir='ltr'><strong>Filii</strong></span> 
     </span>
     <span class='ocr_line' id='line_1_111' title="bbox 3245 5091 3450 5130; baseline -0.02 0"><span class='ocrx_word' id='word_1_886' title='bbox 3245 5093 3342 5130; x_wconf 82' lang='lat' dir='ltr'><strong>om</strong></span> <span class='ocrx_word' id='word_1_887' title='bbox 3372 5091 3450 5127; x_wconf 87' lang='lat' dir='ltr'><strong>us.</strong></span> 
     </span>
    </p>
   </div>
   <div class='ocr_carea' id='block_1_110' title="bbox 3243 5086 3450 5145">
    <p class='ocr_par' dir='ltr' id='par_1_110' title="bbox 3243 5086 3450 5145">
     <span class='ocr_line' id='line_1_112' title="bbox 3243 5086 3450 5145; baseline -0.005 -18"><span class='ocrx_word' id='word_1_888' title='bbox 3243 5086 3450 5145; x_wconf 76' lang='lat' dir='ltr'><strong>ptrttus.</strong></span> 
     </span>
    </p>
   </div>
   <div class='ocr_carea' id='block_1_111' title="bbox 2607 5181 4120 5258">
    <p class='ocr_par' dir='ltr' id='par_1_111' title="bbox 2607 5181 4120 5258">
     <span class='ocr_line' id='line_1_113' title="bbox 2607 5181 4120 5258; baseline -0.005 -16"><span class='ocrx_word' id='word_1_889' title='bbox 2607 5188 2747 5258; x_wconf 81' lang='lat' dir='ltr'><strong>Ergo</strong></span> <span class='ocrx_word' id='word_1_890' title='bbox 2776 5187 2879 5243; x_wconf 86' lang='lat' dir='ltr'><strong>hoc</strong></span> <span class='ocrx_word' id='word_1_891' title='bbox 2907 5186 3105 5241; x_wconf 90' lang='lat' dir='ltr'><strong>donum</strong></span> <span class='ocrx_word' id='word_1_892' title='bbox 3135 5186 3252 5249; x_wconf 90' lang='lat' dir='ltr'><strong>Dci,</strong></span> <span class='ocrx_word' id='word_1_893' title='bbox 3280 5184 3334 5239; x_wconf 88' lang='lat' dir='ltr'><strong>id</strong></span> <span class='ocrx_word' id='word_1_894' title='bbox 3363 5192 3464 5245; x_wconf 88' lang='lat' dir='ltr'><strong>est,</strong></span> <span class='ocrx_word' id='word_1_895' title='bbox 3497 5181 3732 5252; x_wconf 89' lang='lat' dir='ltr'><strong>Spiritus</strong></span> <span class='ocrx_word' id='word_1_896' title='bbox 3760 5187 4001 5244; x_wconf 89' lang='lat' dir='ltr'><strong>sanctus,</strong></span> <span class='ocrx_word' id='word_1_897' title='bbox 4025 5183 4120 5248; x_wconf 83' lang='lat' dir='ltr'><strong>qui</strong></span> 
     </span>
    </p>
   </div>
   <div class='ocr_carea' id='block_1_112' title="bbox 2536 5270 4122 5344">
    <p class='ocr_par' dir='ltr' id='par_1_112' title="bbox 2536 5270 4122 5344">
     <span class='ocr_line' id='line_1_114' title="bbox 2536 5270 4122 5344; baseline -0.003 -13"><span class='ocrx_word' id='word_1_898' title='bbox 2536 5277 2603 5332; x_wconf 84' lang='lat' dir='ltr'><strong>de</strong></span> <span class='ocrx_word' id='word_1_899' title='bbox 2633 5276 2794 5330; x_wconf 84' lang='lat' dir='ltr'><strong>Patre</strong></span> <span class='ocrx_word' id='word_1_900' title='bbox 2821 5285 2876 5331; x_wconf 91' lang='lat' dir='ltr'><strong>et</strong></span> <span class='ocrx_word' id='word_1_901' title='bbox 2899 5275 3035 5330; x_wconf 86' lang='lat' dir='ltr'><strong>Filio</strong></span> <span class='ocrx_word' id='word_1_902' title='bbox 3061 5275 3342 5343; x_wconf 66' lang='lat' dir='ltr'><strong>aequaliter</strong></span> <span class='ocrx_word' id='word_1_903' title='bbox 3370 5274 3632 5344; x_wconf 83' lang='lat' dir='ltr'><strong>procedit,</strong></span> <span class='ocrx_word' id='word_1_904' title='bbox 3665 5270 3950 5328; x_wconf 80' lang='lat' dir='ltr'><strong>ineli‘abilis</strong></span> <span class='ocrx_word' id='word_1_905' title='bbox 3973 5286 4122 5340; x_wconf 68' lang='lat' dir='ltr'><strong>qum-</strong></span> 
     </span>
    </p>
   </div>
   <div class='ocr_carea' id='block_1_113' title="bbox 2539 5360 4125 5433">
    <p class='ocr_par' dir='ltr' id='par_1_113' title="bbox 2539 5360 4125 5433">
     <span class='ocr_line' id='line_1_115' title="bbox 2539 5360 4125 5433; baseline -0.001 -13"><span class='ocrx_word' id='word_1_906' title='bbox 2539 5367 2661 5420; x_wconf 90' lang='lat' dir='ltr'><strong>dam</strong></span> <span class='ocrx_word' id='word_1_907' title='bbox 2692 5364 2868 5420; x_wconf 82' lang='lat' dir='ltr'><strong>Patris</strong></span> <span class='ocrx_word' id='word_1_908' title='bbox 2892 5365 3121 5433; x_wconf 85' lang='lat' dir='ltr'><strong>Filiique</strong></span> <span class='ocrx_word' id='word_1_909' title='bbox 3151 5364 3458 5418; x_wconf 89' lang='lat' dir='ltr'><strong>communio</strong></span> <span class='ocrx_word' id='word_1_910' title='bbox 3484 5370 3584 5418; x_wconf 86' lang='lat' dir='ltr'><strong>est.</strong></span> <span class='ocrx_word' id='word_1_911' title='bbox 3634 5362 3702 5416; x_wconf 90' lang='lat' dir='ltr'><strong>Et</strong></span> <span class='ocrx_word' id='word_1_912' title='bbox 3741 5363 3863 5417; x_wconf 87' lang='lat' dir='ltr'><strong>ideo</strong></span> <span class='ocrx_word' id='word_1_913' title='bbox 3893 5360 4125 5419; x_wconf 75' lang='lat' dir='ltr'><strong>fortasse</strong></span> 
     </span>
    </p>
   </div>
   <div class='ocr_carea' id='block_1_114' title="bbox 2537 5453 4127 5524">
    <p class='ocr_par' dir='ltr' id='par_1_114' title="bbox 2537 5453 4127 5524">
     <span class='ocr_line' id='line_1_116' title="bbox 2537 5453 4127 5524; baseline -0.002 -15"><span class='ocrx_word' id='word_1_914' title='bbox 2537 5456 2617 5510; x_wconf 85' lang='lat' dir='ltr'><strong>sic</strong></span> <span class='ocrx_word' id='word_1_915' title='bbox 2645 5454 2961 5524; x_wconf 86' lang='lat' dir='ltr'><strong>appellatur,</strong></span> <span class='ocrx_word' id='word_1_916' title='bbox 3004 5454 3130 5523; x_wconf 89' lang='lat' dir='ltr'><strong>quia</strong></span> <span class='ocrx_word' id='word_1_917' title='bbox 3166 5454 3314 5508; x_wconf 88' lang='lat' dir='ltr'><strong>Patri</strong></span> <span class='ocrx_word' id='word_1_918' title='bbox 3343 5463 3398 5508; x_wconf 83' lang='lat' dir='ltr'><strong>et</strong></span> <span class='ocrx_word' id='word_1_919' title='bbox 3425 5454 3561 5510; x_wconf 87' lang='lat' dir='ltr'><strong>Filio</strong></span> <span class='ocrx_word' id='word_1_920' title='bbox 3593 5461 3773 5522; x_wconf 83' lang='lat' dir='ltr'><strong>potest</strong></span> <span class='ocrx_word' id='word_1_921' title='bbox 3807 5453 3996 5509; x_wconf 80' lang='lat' dir='ltr'><strong>eadem</strong></span> <span class='ocrx_word' id='word_1_922' title='bbox 4027 5467 4127 5522; x_wconf 81' lang='lat' dir='ltr'><strong>ap-</strong></span> 
     </span>
    </p>
   </div>
   <div class='ocr_carea' id='block_1_115' title="bbox 2539 5544 4118 5618">
    <p class='ocr_par' dir='ltr' id='par_1_115' title="bbox 2539 5544 4118 5618">
     <span class='ocr_line' id='line_1_117' title="bbox 2539 5544 4118 5618; baseline -0.003 -16"><span class='ocrx_word' id='word_1_923' title='bbox 2539 5547 2756 5618; x_wconf 74' lang='lat' dir='ltr'><strong>pellatio</strong></span> <span class='ocrx_word' id='word_1_924' title='bbox 2802 5545 3119 5611; x_wconf 84' lang='lat' dir='ltr'><strong>convenire;</strong></span> <span class='ocrx_word' id='word_1_925' title='bbox 3174 5560 3301 5600; x_wconf 87' lang='lat' dir='ltr'><strong>nam</strong></span> <span class='ocrx_word' id='word_1_926' title='bbox 3347 5546 3452 5600; x_wconf 86' lang='lat' dir='ltr'><strong>hoc</strong></span> <span class='ocrx_word' id='word_1_927' title='bbox 3497 5545 3611 5614; x_wconf 88' lang='lat' dir='ltr'><strong>ipse</strong></span> <span class='ocrx_word' id='word_1_928' title='bbox 3653 5545 3872 5616; x_wconf 89' lang='lat' dir='ltr'><strong>proprie</strong></span> <span class='ocrx_word' id='word_1_929' title='bbox 3907 5544 4118 5608; x_wconf 84' lang='lat' dir='ltr'><strong>dicitur,</strong></span> 
     </span>
    </p>
   </div>
   <div class='ocr_carea' id='block_1_116' title="bbox 2617 5673 4126 5745">
    <p class='ocr_par' dir='ltr' id='par_1_116' title="bbox 2617 5673 4126 5745">
     <span class='ocr_line' id='line_1_118' title="bbox 2617 5673 4126 5745; baseline 0.003 -15"><span class='ocrx_word' id='word_1_930' title='bbox 2617 5689 2638 5716; x_wconf 76' lang='grc' dir='ltr'><strong>ε</strong></span> <span class='ocrx_word' id='word_1_931' title='bbox 2666 5677 2780 5732; x_wconf 83' lang='grc' dir='ltr'>Ηοε</span> <span class='ocrx_word' id='word_1_932' title='bbox 2824 5677 3117 5745; x_wconf 86' lang='lat' dir='ltr'><strong>capitulum</strong></span> <span class='ocrx_word' id='word_1_933' title='bbox 3161 5678 3293 5734; x_wconf 88' lang='lat' dir='ltr'><strong>citat</strong></span> <span class='ocrx_word' id='word_1_934' title='bbox 3333 5673 3535 5734; x_wconf 64' lang='lat' dir='ltr'><strong>Encas</strong></span> <span class='ocrx_word' id='word_1_935' title='bbox 3572 5676 3773 5740; x_wconf 86' lang='lat' dir='ltr'><strong>Paris..</strong></span> <span class='ocrx_word' id='word_1_936' title='bbox 3801 5677 3839 5732; x_wconf 91' lang='lat' dir='ltr'><strong>l.</strong></span> <span class='ocrx_word' id='word_1_937' title='bbox 3867 5682 4126 5735; x_wconf 83' lang='lat' dir='ltr'><strong>adversus</strong></span> 
     </span>
    </p>
   </div>
   <div class='ocr_carea' id='block_1_117' title="bbox 2545 5746 3054 5816">
    <p class='ocr_par' dir='ltr' id='par_1_117' title="bbox 2545 5746 3054 5816">
     <span class='ocr_line' id='line_1_119' title="bbox 2545 5746 3054 5816; baseline -0.006 -13"><span class='ocrx_word' id='word_1_938' title='bbox 2545 5748 2784 5812; x_wconf 76' lang='lat' dir='ltr'><strong>Graecos,</strong></span> <span class='ocrx_word' id='word_1_939' title='bbox 2814 5763 2931 5816; x_wconf 80' lang='lat' dir='ltr'><strong>cap.</strong></span> <span class='ocrx_word' id='word_1_940' title='bbox 2968 5746 3054 5804; x_wconf 84' lang='lat'><strong>79.</strong></span> 
     </span>
    </p>
   </div>
  </div>
