  <div class='ocr_page' id='page_1' title='image "/cluster/home/n/w/nwhite01/storage/ocr_20150623/101/umn.31951002477394h/022.png"; bbox 0 0 4346 6688; ppageno 0'>
   <div class='ocr_carea' id='block_1_1' title="bbox 131 622 3407 695">
    <p class='ocr_par' dir='ltr' id='par_1_1' title="bbox 131 622 3407 695">
     <span class='ocr_line' id='line_1_1' title="bbox 131 622 3407 695; baseline -0.002 -3"><span class='ocrx_word' id='word_1_1' title='bbox 131 639 158 692; x_wconf 76' lang='lat' dir='ltr'><strong>i</strong></span> <span class='ocrx_word' id='word_1_2' title='bbox 173 637 205 690; x_wconf 84' lang='lat'><strong>7</strong></span> <span class='ocrx_word' id='word_1_3' title='bbox 787 633 1206 695; x_wconf 75' lang='lat' dir='ltr'><strong>DOGMATICA.</strong></span> <span class='ocrx_word' id='word_1_4' title='bbox 1245 662 1316 674; x_wconf 91' lang='lat'><strong>--</strong></span> <span class='ocrx_word' id='word_1_5' title='bbox 1353 633 1443 690; x_wconf 86' lang='lat' dir='ltr'><strong>DE</strong></span> <span class='ocrx_word' id='word_1_6' title='bbox 1479 631 1636 688; x_wconf 81' lang='lat' dir='ltr'><strong>FIDE</strong></span> <span class='ocrx_word' id='word_1_7' title='bbox 1674 628 1730 687; x_wconf 90' lang='lat' dir='ltr'><strong>S.</strong></span> <span class='ocrx_word' id='word_1_8' title='bbox 1776 626 2167 686; x_wconf 69' lang='lat' dir='ltr'><strong>TlthlTATlS</strong></span> <span class='ocrx_word' id='word_1_9' title='bbox 2206 622 2386 683; x_wconf 78' lang='lat' dir='ltr'><strong>LIBRI</strong></span> <span class='ocrx_word' id='word_1_10' title='bbox 2427 628 2512 684; x_wconf 89' lang='lat' dir='ltr'><strong>lll.</strong></span> <span class='ocrx_word' id='word_1_11' title='bbox 2552 629 2679 686; x_wconf 85' lang='lat' dir='ltr'><strong>LIB.</strong></span> <span class='ocrx_word' id='word_1_12' title='bbox 2723 629 2764 686; x_wconf 86' lang='grc' dir='ltr'><strong>Ι.</strong></span> <span class='ocrx_word' id='word_1_13' title='bbox 3347 633 3407 688; x_wconf 82' lang='lat' dir='ltr'><strong>lS</strong></span> 
     </span>
    </p>
   </div>
   <div class='ocr_carea' id='block_1_2' title="bbox 125 744 3404 833">
    <p class='ocr_par' dir='ltr' id='par_1_2' title="bbox 125 744 3404 833">
     <span class='ocr_line' id='line_1_2' title="bbox 125 744 3404 833; baseline -0.005 -16"><span class='ocrx_word' id='word_1_14' title='bbox 125 759 280 833; x_wconf 87' lang='lat' dir='ltr'><strong>quod</strong></span> <span class='ocrx_word' id='word_1_15' title='bbox 308 756 386 814; x_wconf 83' lang='lat' dir='ltr'><strong>illi</strong></span> <span class='ocrx_word' id='word_1_16' title='bbox 413 757 775 814; x_wconf 72' lang='lat' dir='ltr'><strong>communiter</strong></span> <span class='ocrx_word' id='word_1_17' title='bbox 796 757 1072 822; x_wconf 87' lang='lat' dir='ltr'><strong>dicuntur,</strong></span> <span class='ocrx_word' id='word_1_18' title='bbox 1101 771 1227 826; x_wconf 76' lang='lat' dir='ltr'><strong>quia</strong></span> <span class='ocrx_word' id='word_1_19' title='bbox 1262 764 1319 811; x_wconf 89' lang='lat' dir='ltr'><strong>et</strong></span> <span class='ocrx_word' id='word_1_20' title='bbox 1355 754 1516 810; x_wconf 87' lang='lat' dir='ltr'><strong>Pater</strong></span> <span class='ocrx_word' id='word_1_21' title='bbox 1546 751 1717 822; x_wconf 81' lang='lat' dir='ltr'><strong>Spiri-</strong></span> <span class='ocrx_word' id='word_1_22' title='bbox 1745 751 1792 808; x_wconf 78' lang='grc' dir='ltr'>Α</span> <span class='ocrx_word' id='word_1_23' title='bbox 1820 754 1924 810; x_wconf 88' lang='lat' dir='ltr'><strong>est,</strong></span> <span class='ocrx_word' id='word_1_24' title='bbox 1943 745 2084 814; x_wconf 84' lang='lat' dir='ltr'><strong>quod</strong></span> <span class='ocrx_word' id='word_1_25' title='bbox 2109 744 2278 800; x_wconf 89' lang='lat' dir='ltr'><strong>Filius</strong></span> <span class='ocrx_word' id='word_1_26' title='bbox 2299 745 2606 817; x_wconf 84' lang='lat' dir='ltr'><strong>ell&#39;ulgentia</strong></span> <span class='ocrx_word' id='word_1_27' title='bbox 2627 755 2827 802; x_wconf 79' lang='lat' dir='ltr'><strong>:eterna</strong></span> <span class='ocrx_word' id='word_1_28' title='bbox 2853 744 3071 801; x_wconf 72' lang='lat' dir='ltr'><strong>luminis</strong></span> <span class='ocrx_word' id='word_1_29' title='bbox 3092 757 3174 802; x_wconf 86' lang='lat' dir='ltr'><strong>est</strong></span> <span class='ocrx_word' id='word_1_30' title='bbox 3194 749 3404 812; x_wconf 64' lang='lat' dir='ltr'><strong>(sterni,</strong></span> 
     </span>
    </p>
   </div>
   <div class='ocr_carea' id='block_1_3' title="bbox 125 843 1722 919">
    <p class='ocr_par' dir='ltr' id='par_1_3' title="bbox 125 843 1722 919">
     <span class='ocr_line' id='line_1_3' title="bbox 125 843 1722 919; baseline -0.004 -13"><span class='ocrx_word' id='word_1_31' title='bbox 125 861 252 918; x_wconf 84' lang='lat' dir='ltr'><strong>tus,</strong></span> <span class='ocrx_word' id='word_1_32' title='bbox 297 857 357 906; x_wconf 93' lang='lat' dir='ltr'><strong>et</strong></span> <span class='ocrx_word' id='word_1_33' title='bbox 381 848 548 906; x_wconf 80' lang='lat' dir='ltr'><strong>Filius</strong></span> <span class='ocrx_word' id='word_1_34' title='bbox 575 847 838 919; x_wconf 90' lang='lat' dir='ltr'><strong>Spiritus;</strong></span> <span class='ocrx_word' id='word_1_35' title='bbox 879 855 934 902; x_wconf 89' lang='lat' dir='ltr'><strong>et</strong></span> <span class='ocrx_word' id='word_1_36' title='bbox 960 847 1124 903; x_wconf 89' lang='lat' dir='ltr'><strong>Pater</strong></span> <span class='ocrx_word' id='word_1_37' title='bbox 1151 855 1400 911; x_wconf 86' lang='lat' dir='ltr'><strong>sanctus,</strong></span> <span class='ocrx_word' id='word_1_38' title='bbox 1449 853 1506 901; x_wconf 89' lang='lat' dir='ltr'><strong>et</strong></span> <span class='ocrx_word' id='word_1_39' title='bbox 1551 843 1722 918; x_wconf 76' lang='lat' dir='ltr'><strong>Filius</strong></span> 
     </span>
    </p>
   </div>
   <div class='ocr_carea' id='block_1_4' title="bbox 123 936 1716 1011">
    <p class='ocr_par' dir='ltr' id='par_1_4' title="bbox 123 936 1716 1011">
     <span class='ocr_line' id='line_1_4' title="bbox 123 936 1716 1011; baseline -0.004 -15"><span class='ocrx_word' id='word_1_40' title='bbox 123 948 386 1008; x_wconf 87' lang='lat' dir='ltr'><strong>sanctus,</strong></span> <span class='ocrx_word' id='word_1_41' title='bbox 434 947 583 996; x_wconf 82' lang='lat' dir='ltr'><strong>recte</strong></span> <span class='ocrx_word' id='word_1_42' title='bbox 621 939 841 995; x_wconf 90' lang='lat' dir='ltr'><strong>dicitur.</strong></span> <span class='ocrx_word' id='word_1_43' title='bbox 888 939 1034 1011; x_wconf 87' lang='lat' dir='ltr'><strong>Ergo</strong></span> <span class='ocrx_word' id='word_1_44' title='bbox 1068 949 1129 994; x_wconf 91' lang='lat' dir='ltr'><strong>ut</strong></span> <span class='ocrx_word' id='word_1_45' title='bbox 1160 937 1469 994; x_wconf 82' lang='lat' dir='ltr'><strong>nominibus</strong></span> <span class='ocrx_word' id='word_1_46' title='bbox 1496 936 1716 1006; x_wconf 85' lang='lat' dir='ltr'><strong>junctis,</strong></span> 
     </span>
    </p>
   </div>
   <div class='ocr_carea' id='block_1_5' title="bbox 123 1028 1723 1104">
    <p class='ocr_par' dir='ltr' id='par_1_5' title="bbox 123 1028 1723 1104">
     <span class='ocr_line' id='line_1_5' title="bbox 123 1028 1723 1104; baseline -0.004 -15"><span class='ocrx_word' id='word_1_47' title='bbox 123 1047 255 1104; x_wconf 66' lang='lat' dir='ltr'><strong>qua</strong></span> <span class='ocrx_word' id='word_1_48' title='bbox 279 1033 576 1104; x_wconf 75' lang='lat' dir='ltr'><strong>separatim</strong></span> <span class='ocrx_word' id='word_1_49' title='bbox 601 1031 818 1101; x_wconf 90' lang='lat' dir='ltr'><strong>utrique</strong></span> <span class='ocrx_word' id='word_1_50' title='bbox 842 1044 1090 1102; x_wconf 70' lang='lat' dir='ltr'><strong>personae</strong></span> <span class='ocrx_word' id='word_1_51' title='bbox 1113 1031 1440 1086; x_wconf 89' lang='lat' dir='ltr'><strong>conveniunt</strong></span> <span class='ocrx_word' id='word_1_52' title='bbox 1464 1071 1479 1095; x_wconf 93' lang='lat'><strong>,</strong></span> <span class='ocrx_word' id='word_1_53' title='bbox 1520 1028 1723 1084; x_wconf 89' lang='lat' dir='ltr'><strong>utrius-</strong></span> 
     </span>
    </p>
   </div>
   <div class='ocr_carea' id='block_1_6' title="bbox 123 1120 1723 1197">
    <p class='ocr_par' dir='ltr' id='par_1_6' title="bbox 123 1120 1723 1197">
     <span class='ocr_line' id='line_1_6' title="bbox 123 1120 1723 1197; baseline -0.002 -17"><span class='ocrx_word' id='word_1_54' title='bbox 123 1139 239 1197; x_wconf 92' lang='lat' dir='ltr'><strong>que</strong></span> <span class='ocrx_word' id='word_1_55' title='bbox 263 1125 579 1182; x_wconf 87' lang='lat' dir='ltr'><strong>communio</strong></span> <span class='ocrx_word' id='word_1_56' title='bbox 605 1125 826 1197; x_wconf 78' lang='lat' dir='ltr'><strong>proprie</strong></span> <span class='ocrx_word' id='word_1_57' title='bbox 854 1123 1207 1195; x_wconf 81' lang='lat' dir='ltr'><strong>signiﬁcetur,</strong></span> <span class='ocrx_word' id='word_1_58' title='bbox 1235 1134 1462 1178; x_wconf 85' lang='lat' dir='ltr'><strong>vocatur</strong></span> <span class='ocrx_word' id='word_1_59' title='bbox 1488 1120 1723 1191; x_wconf 84' lang='lat' dir='ltr'><strong>Spiritus</strong></span> 
     </span>
    </p>
   </div>
   <div class='ocr_carea' id='block_1_7' title="bbox 122 1214 1718 1289">
    <p class='ocr_par' dir='ltr' id='par_1_7' title="bbox 122 1214 1718 1289">
     <span class='ocr_line' id='line_1_7' title="bbox 122 1214 1718 1289; baseline -0.003 -15"><span class='ocrx_word' id='word_1_60' title='bbox 122 1227 376 1284; x_wconf 87' lang='lat' dir='ltr'><strong>sanctus,</strong></span> <span class='ocrx_word' id='word_1_61' title='bbox 412 1219 504 1289; x_wconf 88' lang='lat' dir='ltr'><strong>qui</strong></span> <span class='ocrx_word' id='word_1_62' title='bbox 543 1225 628 1275; x_wconf 89' lang='lat' dir='ltr'><strong>est</strong></span> <span class='ocrx_word' id='word_1_63' title='bbox 666 1217 827 1273; x_wconf 90' lang='lat' dir='ltr'><strong>tertia</strong></span> <span class='ocrx_word' id='word_1_64' title='bbox 869 1216 923 1272; x_wconf 89' lang='lat' dir='ltr'><strong>in</strong></span> <span class='ocrx_word' id='word_1_65' title='bbox 953 1224 1141 1273; x_wconf 90' lang='lat' dir='ltr'><strong>sancta</strong></span> <span class='ocrx_word' id='word_1_66' title='bbox 1170 1214 1437 1270; x_wconf 87' lang='lat' dir='ltr'><strong>Trinitate</strong></span> <span class='ocrx_word' id='word_1_67' title='bbox 1464 1228 1718 1285; x_wconf 85' lang='lat' dir='ltr'><strong>persona,</strong></span> 
     </span>
    </p>
   </div>
   <div class='ocr_carea' id='block_1_8' title="bbox 119 1307 1724 1381">
    <p class='ocr_par' dir='ltr' id='par_1_8' title="bbox 119 1307 1724 1381">
     <span class='ocr_line' id='line_1_8' title="bbox 119 1307 1724 1381; baseline -0.004 -15"><span class='ocrx_word' id='word_1_68' title='bbox 119 1309 282 1366; x_wconf 69' lang='lat' dir='ltr'><strong>Patri</strong></span> <span class='ocrx_word' id='word_1_69' title='bbox 307 1318 364 1366; x_wconf 82' lang='lat' dir='ltr'><strong>et</strong></span> <span class='ocrx_word' id='word_1_70' title='bbox 390 1309 527 1367; x_wconf 83' lang='lat' dir='ltr'><strong>Filio</strong></span> <span class='ocrx_word' id='word_1_71' title='bbox 552 1325 652 1381; x_wconf 88' lang='lat' dir='ltr'><strong>per</strong></span> <span class='ocrx_word' id='word_1_72' title='bbox 675 1309 857 1366; x_wconf 88' lang='lat' dir='ltr'><strong>omnia</strong></span> <span class='ocrx_word' id='word_1_73' title='bbox 885 1307 1128 1378; x_wconf 64' lang='lat' dir='ltr'><strong>aqualis,</strong></span> <span class='ocrx_word' id='word_1_74' title='bbox 1158 1313 1460 1364; x_wconf 67' lang='lat' dir='ltr'><strong>coaeternus</strong></span> <span class='ocrx_word' id='word_1_75' title='bbox 1499 1313 1554 1360; x_wconf 89' lang='lat' dir='ltr'><strong>et</strong></span> <span class='ocrx_word' id='word_1_76' title='bbox 1594 1321 1724 1361; x_wconf 88' lang='lat' dir='ltr'><strong>con-</strong></span> 
     </span>
    </p>
   </div>
   <div class='ocr_carea' id='block_1_9' title="bbox 119 1398 1719 1465">
    <p class='ocr_par' dir='ltr' id='par_1_9' title="bbox 119 1398 1719 1465">
     <span class='ocr_line' id='line_1_9' title="bbox 119 1398 1719 1465; baseline -0.003 -7"><span class='ocrx_word' id='word_1_77' title='bbox 119 1401 524 1458; x_wconf 88' lang='lat' dir='ltr'><strong>substantialis.</strong></span> <span class='ocrx_word' id='word_1_78' title='bbox 572 1401 640 1458; x_wconf 85' lang='lat' dir='ltr'><strong>Et</strong></span> <span class='ocrx_word' id='word_1_79' title='bbox 665 1401 781 1457; x_wconf 66' lang='lat' dir='ltr'><strong>hau:</strong></span> <span class='ocrx_word' id='word_1_80' title='bbox 809 1399 1049 1456; x_wconf 85' lang='lat' dir='ltr'><strong>Trinitas</strong></span> <span class='ocrx_word' id='word_1_81' title='bbox 1077 1414 1217 1456; x_wconf 90' lang='lat' dir='ltr'><strong>unus</strong></span> <span class='ocrx_word' id='word_1_82' title='bbox 1247 1407 1332 1456; x_wconf 91' lang='lat' dir='ltr'><strong>est</strong></span> <span class='ocrx_word' id='word_1_83' title='bbox 1359 1399 1520 1463; x_wconf 87' lang='lat' dir='ltr'><strong>Deus,</strong></span> <span class='ocrx_word' id='word_1_84' title='bbox 1552 1398 1719 1465; x_wconf 89' lang='lat' dir='ltr'><strong>solus,</strong></span> 
     </span>
    </p>
   </div>
   <div class='ocr_carea' id='block_1_10' title="bbox 117 1489 1720 1565">
    <p class='ocr_par' dir='ltr' id='par_1_10' title="bbox 117 1489 1720 1565">
     <span class='ocr_line' id='line_1_10' title="bbox 117 1489 1720 1565; baseline -0.002 -18"><span class='ocrx_word' id='word_1_85' title='bbox 117 1491 330 1557; x_wconf 88' lang='lat' dir='ltr'><strong>bonus,</strong></span> <span class='ocrx_word' id='word_1_86' title='bbox 357 1507 604 1565; x_wconf 89' lang='lat' dir='ltr'><strong>magnus,</strong></span> <span class='ocrx_word' id='word_1_87' title='bbox 633 1501 892 1559; x_wconf 74' lang='lat' dir='ltr'><strong>aeternus,</strong></span> <span class='ocrx_word' id='word_1_88' title='bbox 918 1491 1280 1561; x_wconf 89' lang='lat' dir='ltr'><strong>omnipotens.</strong></span> <span class='ocrx_word' id='word_1_89' title='bbox 1316 1489 1438 1561; x_wconf 89' lang='lat' dir='ltr'><strong>ipse</strong></span> <span class='ocrx_word' id='word_1_90' title='bbox 1467 1490 1569 1546; x_wconf 86' lang='lat' dir='ltr'><strong>sibi</strong></span> <span class='ocrx_word' id='word_1_91' title='bbox 1599 1491 1720 1545; x_wconf 88' lang='lat' dir='ltr'><strong>uni-</strong></span> 
     </span>
    </p>
   </div>
   <div class='ocr_carea' id='block_1_11' title="bbox 121 1583 1723 1657">
    <p class='ocr_par' dir='ltr' id='par_1_11' title="bbox 121 1583 1723 1657">
     <span class='ocr_line' id='line_1_11' title="bbox 121 1583 1723 1657; baseline -0.001 -17"><span class='ocrx_word' id='word_1_92' title='bbox 121 1593 246 1650; x_wconf 85' lang='lat' dir='ltr'><strong>tas,</strong></span> <span class='ocrx_word' id='word_1_93' title='bbox 293 1585 500 1650; x_wconf 85' lang='lat' dir='ltr'><strong>deitas,</strong></span> <span class='ocrx_word' id='word_1_94' title='bbox 540 1585 886 1657; x_wconf 79' lang='lat' dir='ltr'><strong>magnitudo,</strong></span> <span class='ocrx_word' id='word_1_95' title='bbox 925 1583 1169 1647; x_wconf 87' lang='lat' dir='ltr'><strong>bonitas,</strong></span> <span class='ocrx_word' id='word_1_96' title='bbox 1198 1583 1623 1654; x_wconf 88' lang='lat' dir='ltr'><strong>omnipotentia,</strong></span> <span class='ocrx_word' id='word_1_97' title='bbox 1667 1591 1723 1638; x_wconf 90' lang='lat' dir='ltr'><strong>et</strong></span> 
     </span>
    </p>
   </div>
   <div class='ocr_carea' id='block_1_12' title="bbox 120 1670 1722 1744">
    <p class='ocr_par' dir='ltr' id='par_1_12' title="bbox 120 1670 1722 1744">
     <span class='ocr_line' id='line_1_12' title="bbox 120 1670 1722 1744; baseline -0.001 -16"><span class='ocrx_word' id='word_1_98' title='bbox 120 1673 397 1744; x_wconf 73' lang='lat' dir='ltr'><strong>quidquid</strong></span> <span class='ocrx_word' id='word_1_99' title='bbox 443 1673 512 1729; x_wconf 89' lang='lat' dir='ltr'><strong>ad</strong></span> <span class='ocrx_word' id='word_1_100' title='bbox 557 1688 618 1730; x_wconf 88' lang='lat' dir='ltr'><strong>se</strong></span> <span class='ocrx_word' id='word_1_101' title='bbox 661 1671 1094 1730; x_wconf 90' lang='lat' dir='ltr'><strong>substantialiter</strong></span> <span class='ocrx_word' id='word_1_102' title='bbox 1117 1671 1335 1728; x_wconf 89' lang='lat' dir='ltr'><strong>dicitur.</strong></span> <span class='ocrx_word' id='word_1_103' title='bbox 1384 1670 1504 1727; x_wconf 84' lang='lat' dir='ltr'><strong>Non</strong></span> <span class='ocrx_word' id='word_1_104' title='bbox 1546 1672 1622 1726; x_wconf 90' lang='lat' dir='ltr'><strong>ita</strong></span> <span class='ocrx_word' id='word_1_105' title='bbox 1667 1670 1722 1727; x_wconf 91' lang='lat' dir='ltr'><strong>in</strong></span> 
     </span>
    </p>
   </div>
   <div class='ocr_carea' id='block_1_13' title="bbox 122 1761 1716 1833">
    <p class='ocr_par' dir='ltr' id='par_1_13' title="bbox 122 1761 1716 1833">
     <span class='ocr_line' id='line_1_13' title="bbox 122 1761 1716 1833; baseline -0.002 -14"><span class='ocrx_word' id='word_1_106' title='bbox 122 1762 378 1821; x_wconf 86' lang='lat' dir='ltr'><strong>relativis</strong></span> <span class='ocrx_word' id='word_1_107' title='bbox 401 1763 680 1820; x_wconf 74' lang='lat' dir='ltr'><strong>vocabulis</strong></span> <span class='ocrx_word' id='word_1_108' title='bbox 707 1761 1115 1833; x_wconf 89' lang='lat' dir='ltr'><strong>intelligendum</strong></span> <span class='ocrx_word' id='word_1_109' title='bbox 1159 1770 1244 1818; x_wconf 90' lang='lat' dir='ltr'><strong>est</strong></span> <span class='ocrx_word' id='word_1_110' title='bbox 1277 1761 1365 1818; x_wconf 91' lang='lat' dir='ltr'><strong>vel</strong></span> <span class='ocrx_word' id='word_1_111' title='bbox 1392 1761 1716 1828; x_wconf 83' lang='lat' dir='ltr'><strong>dicendum;</strong></span> 
     </span>
    </p>
   </div>
   <div class='ocr_carea' id='block_1_14' title="bbox 119 1850 1721 1923">
    <p class='ocr_par' dir='ltr' id='par_1_14' title="bbox 119 1850 1721 1923">
     <span class='ocr_line' id='line_1_14' title="bbox 119 1850 1721 1923; baseline 0.001 -17"><span class='ocrx_word' id='word_1_112' title='bbox 119 1853 260 1923; x_wconf 85' lang='lat' dir='ltr'><strong>quia</strong></span> <span class='ocrx_word' id='word_1_113' title='bbox 286 1852 396 1909; x_wconf 89' lang='lat' dir='ltr'><strong>diei</strong></span> <span class='ocrx_word' id='word_1_114' title='bbox 425 1868 534 1907; x_wconf 91' lang='lat' dir='ltr'><strong>non</strong></span> <span class='ocrx_word' id='word_1_115' title='bbox 559 1859 759 1922; x_wconf 89' lang='lat' dir='ltr'><strong>potest,</strong></span> <span class='ocrx_word' id='word_1_116' title='bbox 783 1851 946 1908; x_wconf 87' lang='lat' dir='ltr'><strong>Pater</strong></span> <span class='ocrx_word' id='word_1_117' title='bbox 972 1850 1074 1908; x_wconf 83' lang='lat' dir='ltr'><strong>sibi</strong></span> <span class='ocrx_word' id='word_1_118' title='bbox 1101 1850 1283 1919; x_wconf 88' lang='lat' dir='ltr'><strong>Pater,</strong></span> <span class='ocrx_word' id='word_1_119' title='bbox 1312 1851 1398 1907; x_wconf 90' lang='lat' dir='ltr'><strong>vel</strong></span> <span class='ocrx_word' id='word_1_120' title='bbox 1422 1851 1591 1907; x_wconf 85' lang='lat' dir='ltr'><strong>Filius</strong></span> <span class='ocrx_word' id='word_1_121' title='bbox 1617 1851 1721 1907; x_wconf 87' lang='lat' dir='ltr'><strong>sibi</strong></span> 
     </span>
    </p>
   </div>
   <div class='ocr_carea' id='block_1_15' title="bbox 119 1941 1721 2016">
    <p class='ocr_par' dir='ltr' id='par_1_15' title="bbox 119 1941 1721 2016">
     <span class='ocr_line' id='line_1_15' title="bbox 119 1941 1721 2016; baseline -0.002 -13"><span class='ocrx_word' id='word_1_122' title='bbox 119 1941 326 2010; x_wconf 78' lang='lat' dir='ltr'><strong>Filius,</strong></span> <span class='ocrx_word' id='word_1_123' title='bbox 347 1943 432 2001; x_wconf 89' lang='lat' dir='ltr'><strong>vel</strong></span> <span class='ocrx_word' id='word_1_124' title='bbox 455 1944 693 2016; x_wconf 86' lang='lat' dir='ltr'><strong>Spiritus</strong></span> <span class='ocrx_word' id='word_1_125' title='bbox 713 1953 934 2001; x_wconf 89' lang='lat' dir='ltr'><strong>sanctus</strong></span> <span class='ocrx_word' id='word_1_126' title='bbox 959 1943 1064 2000; x_wconf 87' lang='lat' dir='ltr'><strong>sibi</strong></span> <span class='ocrx_word' id='word_1_127' title='bbox 1087 1942 1323 2014; x_wconf 87' lang='lat' dir='ltr'><strong>Spiritus</strong></span> <span class='ocrx_word' id='word_1_128' title='bbox 1347 1953 1597 2010; x_wconf 89' lang='lat' dir='ltr'><strong>sanctus;</strong></span> <span class='ocrx_word' id='word_1_129' title='bbox 1628 1947 1721 2000; x_wconf 83' lang='lat' dir='ltr'><strong>sed</strong></span> 
     </span>
    </p>
   </div>
   <div class='ocr_carea' id='block_1_16' title="bbox 117 2032 1724 2105">
    <p class='ocr_par' dir='ltr' id='par_1_16' title="bbox 117 2032 1724 2105">
     <span class='ocr_line' id='line_1_16' title="bbox 117 2032 1724 2105; baseline -0.001 -13"><span class='ocrx_word' id='word_1_130' title='bbox 117 2033 246 2098; x_wconf 55' lang='lat' dir='ltr'><strong>huic</strong></span> <span class='ocrx_word' id='word_1_131' title='bbox 272 2032 507 2090; x_wconf 83' lang='lat' dir='ltr'><strong>relativa</strong></span> <span class='ocrx_word' id='word_1_132' title='bbox 531 2033 797 2091; x_wconf 86' lang='lat' dir='ltr'><strong>vocabula</strong></span> <span class='ocrx_word' id='word_1_133' title='bbox 825 2034 894 2090; x_wconf 92' lang='lat' dir='ltr'><strong>ad</strong></span> <span class='ocrx_word' id='word_1_134' title='bbox 919 2032 1080 2090; x_wconf 77' lang='lat' dir='ltr'><strong>aliam</strong></span> <span class='ocrx_word' id='word_1_135' title='bbox 1115 2034 1304 2105; x_wconf 79' lang='lat' dir='ltr'><strong>procul</strong></span> <span class='ocrx_word' id='word_1_136' title='bbox 1338 2034 1502 2090; x_wconf 89' lang='lat' dir='ltr'><strong>dubio</strong></span> <span class='ocrx_word' id='word_1_137' title='bbox 1536 2049 1724 2104; x_wconf 86' lang='lat' dir='ltr'><strong>perso-</strong></span> 
     </span>
    </p>
   </div>
   <div class='ocr_carea' id='block_1_17' title="bbox 118 2125 732 2184">
    <p class='ocr_par' dir='ltr' id='par_1_17' title="bbox 118 2125 732 2184">
     <span class='ocr_line' id='line_1_17' title="bbox 118 2125 732 2184; baseline -0.002 0"><span class='ocrx_word' id='word_1_138' title='bbox 118 2141 257 2184; x_wconf 74' lang='lat' dir='ltr'><strong>nam</strong></span> <span class='ocrx_word' id='word_1_139' title='bbox 287 2125 486 2184; x_wconf 77' lang='lat' dir='ltr'><strong>referri</strong></span> <span class='ocrx_word' id='word_1_140' title='bbox 513 2126 732 2184; x_wconf 86' lang='lat' dir='ltr'><strong>debent.</strong></span> 
     </span>
    </p>
   </div>
   <div class='ocr_carea' id='block_1_18' title="bbox 330 2259 1520 2336">
    <p class='ocr_par' dir='ltr' id='par_1_18' title="bbox 330 2259 1520 2336">
     <span class='ocr_line' id='line_1_18' title="bbox 330 2259 1520 2336; baseline -0.003 -16"><span class='ocrx_word' id='word_1_141' title='bbox 330 2262 560 2321; x_wconf 84' lang='lat' dir='ltr'><strong>CAPUT</strong></span> <span class='ocrx_word' id='word_1_142' title='bbox 596 2259 666 2320; x_wconf 70' lang='lat' dir='ltr'><strong>Vl</strong></span> <span class='ocrx_word' id='word_1_143' title='bbox 695 2260 866 2335; x_wconf 74' lang='lat' dir='ltr'><strong>(snt-1&#39;.</strong></span> <span class='ocrx_word' id='word_1_144' title='bbox 891 2277 1010 2320; x_wconf 56' lang='lat' dir='ltr'><strong>cur.</strong></span> <span class='ocrx_word' id='word_1_145' title='bbox 1031 2279 1144 2330; x_wconf 85' lang='lat' dir='ltr'><strong>vn;</strong></span> <span class='ocrx_word' id='word_1_146' title='bbox 1178 2279 1234 2321; x_wconf 65' lang='grc' dir='ltr'><strong>ια</strong></span> <span class='ocrx_word' id='word_1_147' title='bbox 1263 2278 1348 2321; x_wconf 79' lang='lat' dir='ltr'><strong>us.</strong></span> <span class='ocrx_word' id='word_1_148' title='bbox 1374 2263 1520 2336; x_wconf 76' lang='lat' dir='ltr'><strong>vin).</strong></span> 
     </span>
    </p>
   </div>
   <div class='ocr_carea' id='block_1_19' title="bbox 172 2375 1722 2447">
    <p class='ocr_par' dir='ltr' id='par_1_19' title="bbox 172 2375 1722 2447">
     <span class='ocr_line' id='line_1_19' title="bbox 172 2375 1722 2447; baseline -0.002 -13"><span class='ocrx_word' id='word_1_149' title='bbox 172 2377 327 2447; x_wconf 76' lang='lat' dir='ltr'><strong>Quid</strong></span> <span class='ocrx_word' id='word_1_150' title='bbox 355 2376 421 2434; x_wconf 85' lang='lat' dir='ltr'><strong>de</strong></span> <span class='ocrx_word' id='word_1_151' title='bbox 447 2377 610 2433; x_wconf 83' lang='lat' dir='ltr'><strong>Patre</strong></span> <span class='ocrx_word' id='word_1_152' title='bbox 641 2388 691 2432; x_wconf 86' lang='lat' dir='ltr'><strong>et</strong></span> <span class='ocrx_word' id='word_1_153' title='bbox 720 2375 864 2433; x_wconf 83' lang='lat' dir='ltr'><strong>Filio</strong></span> <span class='ocrx_word' id='word_1_154' title='bbox 899 2379 1183 2433; x_wconf 81' lang='lat' dir='ltr'><strong>secundum</strong></span> <span class='ocrx_word' id='word_1_155' title='bbox 1218 2378 1563 2433; x_wconf 76' lang='lat' dir='ltr'><strong>substantiam</strong></span> <span class='ocrx_word' id='word_1_156' title='bbox 1583 2419 1597 2444; x_wconf 91' lang='lat'><strong>,</strong></span> <span class='ocrx_word' id='word_1_157' title='bbox 1643 2378 1722 2433; x_wconf 81' lang='lat' dir='ltr'><strong>vel</strong></span> 
     </span>
    </p>
   </div>
   <div class='ocr_carea' id='block_1_20' title="bbox 415 2448 1427 2506">
    <p class='ocr_par' dir='ltr' id='par_1_20' title="bbox 415 2448 1427 2506">
     <span class='ocr_line' id='line_1_20' title="bbox 415 2448 1427 2506; baseline -0.002 -1"><span class='ocrx_word' id='word_1_158' title='bbox 415 2448 702 2506; x_wconf 72' lang='lat' dir='ltr'><strong>secundum</strong></span> <span class='ocrx_word' id='word_1_159' title='bbox 732 2448 1040 2505; x_wconf 77' lang='lat' dir='ltr'><strong>relationem</strong></span> <span class='ocrx_word' id='word_1_160' title='bbox 1066 2450 1172 2504; x_wconf 85' lang='lat' dir='ltr'><strong>dici</strong></span> <span class='ocrx_word' id='word_1_161' title='bbox 1196 2449 1379 2504; x_wconf 80' lang='lat' dir='ltr'><strong>debeat</strong></span> <span class='ocrx_word' id='word_1_162' title='bbox 1402 2450 1427 2503; x_wconf 80' lang='lat'><strong><em>?</em></strong></span> 
     </span>
    </p>
   </div>
   <div class='ocr_carea' id='block_1_21' title="bbox 188 2566 1720 2658">
    <p class='ocr_par' dir='ltr' id='par_1_21' title="bbox 188 2566 1720 2658">
     <span class='ocr_line' id='line_1_21' title="bbox 188 2566 1720 2658; baseline -0.002 -18"><span class='ocrx_word' id='word_1_163' title='bbox 188 2583 476 2656; x_wconf 82' lang='lat' dir='ltr'><strong>Quidquid</strong></span> <span class='ocrx_word' id='word_1_164' title='bbox 501 2599 634 2658; x_wconf 82' lang='lat' dir='ltr'><strong>ergo</strong></span> <span class='ocrx_word' id='word_1_165' title='bbox 662 2583 728 2638; x_wconf 90' lang='lat' dir='ltr'><strong>ad</strong></span> <span class='ocrx_word' id='word_1_166' title='bbox 758 2599 820 2638; x_wconf 88' lang='lat' dir='ltr'><strong>se</strong></span> <span class='ocrx_word' id='word_1_167' title='bbox 846 2583 1101 2640; x_wconf 89' lang='lat' dir='ltr'><strong>dicuntur</strong></span> <span class='ocrx_word' id='word_1_168' title='bbox 1129 2581 1293 2637; x_wconf 92' lang='lat' dir='ltr'><strong>Pater</strong></span> <span class='ocrx_word' id='word_1_169' title='bbox 1318 2590 1375 2637; x_wconf 91' lang='lat' dir='ltr'><strong>et</strong></span> <span class='ocrx_word' id='word_1_170' title='bbox 1397 2566 1587 2646; x_wconf 66' lang='lat' dir='ltr'><strong>Filius,</strong></span> <span class='ocrx_word' id='word_1_171' title='bbox 1613 2597 1720 2637; x_wconf 91' lang='lat' dir='ltr'><strong>non</strong></span> 
     </span>
    </p>
   </div>
   <div class='ocr_carea' id='block_1_22' title="bbox 113 2674 1724 2746">
    <p class='ocr_par' dir='ltr' id='par_1_22' title="bbox 113 2674 1724 2746">
     <span class='ocr_line' id='line_1_22' title="bbox 113 2674 1724 2746; baseline -0.004 -12"><span class='ocrx_word' id='word_1_172' title='bbox 113 2676 330 2734; x_wconf 86' lang='lat' dir='ltr'><strong>dicitur</strong></span> <span class='ocrx_word' id='word_1_173' title='bbox 356 2676 495 2732; x_wconf 84' lang='lat' dir='ltr'><strong>alter</strong></span> <span class='ocrx_word' id='word_1_174' title='bbox 517 2676 636 2732; x_wconf 85' lang='lat' dir='ltr'><strong>sine</strong></span> <span class='ocrx_word' id='word_1_175' title='bbox 661 2675 856 2741; x_wconf 84' lang='lat' dir='ltr'><strong>altero,</strong></span> <span class='ocrx_word' id='word_1_176' title='bbox 903 2674 958 2731; x_wconf 80' lang='lat' dir='ltr'><strong>id</strong></span> <span class='ocrx_word' id='word_1_177' title='bbox 999 2683 1121 2740; x_wconf 89' lang='lat' dir='ltr'><strong>est,</strong></span> <span class='ocrx_word' id='word_1_178' title='bbox 1172 2674 1435 2746; x_wconf 85' lang='lat' dir='ltr'><strong>quidquid</strong></span> <span class='ocrx_word' id='word_1_179' title='bbox 1469 2674 1724 2729; x_wconf 88' lang='lat' dir='ltr'><strong>dicuntur</strong></span> 
     </span>
    </p>
   </div>
   <div class='ocr_carea' id='block_1_23' title="bbox 113 2763 1725 2842">
    <p class='ocr_par' dir='ltr' id='par_1_23' title="bbox 113 2763 1725 2842">
     <span class='ocr_line' id='line_1_23' title="bbox 113 2763 1725 2842; baseline -0.005 -16"><span class='ocrx_word' id='word_1_180' title='bbox 113 2770 269 2842; x_wconf 85' lang='lat' dir='ltr'><strong>quod</strong></span> <span class='ocrx_word' id='word_1_181' title='bbox 304 2767 671 2824; x_wconf 83' lang='lat' dir='ltr'><strong>substantiam</strong></span> <span class='ocrx_word' id='word_1_182' title='bbox 699 2781 888 2822; x_wconf 89' lang='lat' dir='ltr'><strong>eorum</strong></span> <span class='ocrx_word' id='word_1_183' title='bbox 923 2765 1210 2830; x_wconf 83' lang='lat' dir='ltr'><strong>ostendat,</strong></span> <span class='ocrx_word' id='word_1_184' title='bbox 1258 2765 1418 2821; x_wconf 87' lang='lat' dir='ltr'><strong>ambo</strong></span> <span class='ocrx_word' id='word_1_185' title='bbox 1448 2763 1610 2819; x_wconf 86' lang='lat' dir='ltr'><strong>simul</strong></span> <span class='ocrx_word' id='word_1_186' title='bbox 1643 2763 1725 2819; x_wconf 84' lang='lat' dir='ltr'><strong>di-</strong></span> 
     </span>
    </p>
   </div>
   <div class='ocr_carea' id='block_1_24' title="bbox 113 2854 1724 2927">
    <p class='ocr_par' dir='ltr' id='par_1_24' title="bbox 113 2854 1724 2927">
     <span class='ocr_line' id='line_1_24' title="bbox 113 2854 1724 2927; baseline -0.004 -10"><span class='ocrx_word' id='word_1_187' title='bbox 113 2869 350 2917; x_wconf 83' lang='lat' dir='ltr'><strong>cuntur.</strong></span> <span class='ocrx_word' id='word_1_188' title='bbox 379 2858 439 2915; x_wconf 88' lang='lat' dir='ltr'><strong>Si</strong></span> <span class='ocrx_word' id='word_1_189' title='bbox 460 2859 580 2915; x_wconf 75' lang='lat' dir='ltr'><strong>haec</strong></span> <span class='ocrx_word' id='word_1_190' title='bbox 604 2858 680 2913; x_wconf 86' lang='lat' dir='ltr'><strong>ita</strong></span> <span class='ocrx_word' id='word_1_191' title='bbox 706 2864 854 2922; x_wconf 85' lang='lat' dir='ltr'><strong>sunt,</strong></span> <span class='ocrx_word' id='word_1_192' title='bbox 871 2856 984 2926; x_wconf 86' lang='lat' dir='ltr'><strong>jam</strong></span> <span class='ocrx_word' id='word_1_193' title='bbox 1010 2871 1140 2927; x_wconf 83' lang='lat' dir='ltr'><strong>ergo</strong></span> <span class='ocrx_word' id='word_1_194' title='bbox 1165 2870 1264 2911; x_wconf 89' lang='lat' dir='ltr'><strong>nec</strong></span> <span class='ocrx_word' id='word_1_195' title='bbox 1284 2854 1445 2911; x_wconf 89' lang='lat' dir='ltr'><strong>Pater</strong></span> <span class='ocrx_word' id='word_1_196' title='bbox 1469 2863 1554 2910; x_wconf 89' lang='lat' dir='ltr'><strong>est</strong></span> <span class='ocrx_word' id='word_1_197' title='bbox 1580 2855 1724 2910; x_wconf 86' lang='lat' dir='ltr'><strong>Deus</strong></span> 
     </span>
    </p>
   </div>
   <div class='ocr_carea' id='block_1_25' title="bbox 112 2948 1720 3017">
    <p class='ocr_par' dir='ltr' id='par_1_25' title="bbox 112 2948 1720 3017">
     <span class='ocr_line' id='line_1_25' title="bbox 112 2948 1720 3017; baseline -0.005 -7"><span class='ocrx_word' id='word_1_198' title='bbox 112 2955 240 3010; x_wconf 84' lang='lat' dir='ltr'><strong>sine</strong></span> <span class='ocrx_word' id='word_1_199' title='bbox 269 2951 434 3017; x_wconf 88' lang='lat' dir='ltr'><strong>Filio,</strong></span> <span class='ocrx_word' id='word_1_200' title='bbox 486 2966 589 3007; x_wconf 91' lang='lat' dir='ltr'><strong>nec</strong></span> <span class='ocrx_word' id='word_1_201' title='bbox 630 2950 803 3007; x_wconf 84' lang='lat' dir='ltr'><strong>Filius</strong></span> <span class='ocrx_word' id='word_1_202' title='bbox 833 2949 978 3005; x_wconf 90' lang='lat' dir='ltr'><strong>Deus</strong></span> <span class='ocrx_word' id='word_1_203' title='bbox 1007 2950 1124 3004; x_wconf 88' lang='lat' dir='ltr'><strong>sine</strong></span> <span class='ocrx_word' id='word_1_204' title='bbox 1151 2948 1336 3013; x_wconf 83' lang='lat' dir='ltr'><strong>Patre,</strong></span> <span class='ocrx_word' id='word_1_205' title='bbox 1369 2948 1423 3003; x_wconf 88' lang='lat' dir='ltr'><strong>id</strong></span> <span class='ocrx_word' id='word_1_206' title='bbox 1448 2954 1566 3011; x_wconf 90' lang='lat' dir='ltr'><strong>est,</strong></span> <span class='ocrx_word' id='word_1_207' title='bbox 1614 2962 1720 3002; x_wconf 93' lang='lat' dir='ltr'><strong>non</strong></span> 
     </span>
    </p>
   </div>
   <div class='ocr_carea' id='block_1_26' title="bbox 114 3037 1717 3110">
    <p class='ocr_par' dir='ltr' id='par_1_26' title="bbox 114 3037 1717 3110">
     <span class='ocr_line' id='line_1_26' title="bbox 114 3037 1717 3110; baseline -0.005 -9"><span class='ocrx_word' id='word_1_208' title='bbox 114 3046 196 3101; x_wconf 75' lang='lat' dir='ltr'><strong>ita</strong></span> <span class='ocrx_word' id='word_1_209' title='bbox 227 3043 436 3101; x_wconf 88' lang='lat' dir='ltr'><strong>dicitur</strong></span> <span class='ocrx_word' id='word_1_210' title='bbox 461 3041 627 3097; x_wconf 89' lang='lat' dir='ltr'><strong>Pater</strong></span> <span class='ocrx_word' id='word_1_211' title='bbox 650 3041 794 3096; x_wconf 88' lang='lat' dir='ltr'><strong>Deus</strong></span> <span class='ocrx_word' id='word_1_212' title='bbox 814 3081 829 3107; x_wconf 89' lang='lat'><strong>,</strong></span> <span class='ocrx_word' id='word_1_213' title='bbox 877 3038 1035 3110; x_wconf 83' lang='lat' dir='ltr'><strong>quasi</strong></span> <span class='ocrx_word' id='word_1_214' title='bbox 1062 3038 1235 3093; x_wconf 88' lang='lat' dir='ltr'><strong>Filius</strong></span> <span class='ocrx_word' id='word_1_215' title='bbox 1270 3053 1378 3093; x_wconf 89' lang='lat' dir='ltr'><strong>non</strong></span> <span class='ocrx_word' id='word_1_216' title='bbox 1425 3037 1496 3091; x_wconf 90' lang='lat' dir='ltr'><strong>sit</strong></span> <span class='ocrx_word' id='word_1_217' title='bbox 1540 3037 1717 3103; x_wconf 89' lang='lat' dir='ltr'><strong>Deus;</strong></span> 
     </span>
    </p>
   </div>
   <div class='ocr_carea' id='block_1_27' title="bbox 117 3127 1718 3201">
    <p class='ocr_par' dir='ltr' id='par_1_27' title="bbox 117 3127 1718 3201">
     <span class='ocr_line' id='line_1_27' title="bbox 117 3127 1718 3201; baseline -0.006 -8"><span class='ocrx_word' id='word_1_218' title='bbox 117 3153 223 3194; x_wconf 87' lang='lat' dir='ltr'><strong>nec</strong></span> <span class='ocrx_word' id='word_1_219' title='bbox 243 3135 422 3192; x_wconf 88' lang='lat' dir='ltr'><strong>Filius</strong></span> <span class='ocrx_word' id='word_1_220' title='bbox 446 3136 532 3190; x_wconf 79' lang='lat' dir='ltr'><strong>ita</strong></span> <span class='ocrx_word' id='word_1_221' title='bbox 547 3134 748 3190; x_wconf 82' lang='lat' dir='ltr'><strong>dicitur</strong></span> <span class='ocrx_word' id='word_1_222' title='bbox 765 3132 928 3196; x_wconf 86' lang='lat' dir='ltr'><strong>Deus,</strong></span> <span class='ocrx_word' id='word_1_223' title='bbox 955 3131 1112 3201; x_wconf 87' lang='lat' dir='ltr'><strong>quasi</strong></span> <span class='ocrx_word' id='word_1_224' title='bbox 1134 3128 1304 3184; x_wconf 89' lang='lat' dir='ltr'><strong>Pater</strong></span> <span class='ocrx_word' id='word_1_225' title='bbox 1319 3144 1424 3184; x_wconf 91' lang='lat' dir='ltr'><strong>non</strong></span> <span class='ocrx_word' id='word_1_226' title='bbox 1451 3127 1525 3184; x_wconf 87' lang='lat' dir='ltr'><strong>sit</strong></span> <span class='ocrx_word' id='word_1_227' title='bbox 1546 3127 1686 3183; x_wconf 87' lang='lat' dir='ltr'><strong>Deus</strong></span> <span class='ocrx_word' id='word_1_228' title='bbox 1705 3145 1718 3195; x_wconf 93' lang='lat'><strong>;</strong></span> 
     </span>
    </p>
   </div>
   <div class='ocr_carea' id='block_1_28' title="bbox 117 3218 1721 3287">
    <p class='ocr_par' dir='ltr' id='par_1_28' title="bbox 117 3218 1721 3287">
     <span class='ocr_line' id='line_1_28' title="bbox 117 3218 1721 3287; baseline -0.007 -1"><span class='ocrx_word' id='word_1_229' title='bbox 117 3229 218 3286; x_wconf 87' lang='lat' dir='ltr'><strong>sed</strong></span> <span class='ocrx_word' id='word_1_230' title='bbox 248 3227 415 3284; x_wconf 86' lang='lat' dir='ltr'><strong>ambo</strong></span> <span class='ocrx_word' id='word_1_231' title='bbox 439 3225 611 3281; x_wconf 89' lang='lat' dir='ltr'><strong>simul</strong></span> <span class='ocrx_word' id='word_1_232' title='bbox 630 3226 788 3287; x_wconf 88' lang='lat' dir='ltr'><strong>Deus,</strong></span> <span class='ocrx_word' id='word_1_233' title='bbox 820 3222 986 3278; x_wconf 84' lang='lat' dir='ltr'><strong>etiam</strong></span> <span class='ocrx_word' id='word_1_234' title='bbox 1013 3227 1068 3277; x_wconf 88' lang='lat' dir='ltr'><strong>et</strong></span> <span class='ocrx_word' id='word_1_235' title='bbox 1094 3235 1235 3276; x_wconf 83' lang='lat' dir='ltr'><strong>unus</strong></span> <span class='ocrx_word' id='word_1_236' title='bbox 1260 3219 1424 3275; x_wconf 87' lang='lat' dir='ltr'><strong>Deus.</strong></span> <span class='ocrx_word' id='word_1_237' title='bbox 1455 3218 1721 3286; x_wconf 83' lang='lat' dir='ltr'><strong>Quocirca</strong></span> 
     </span>
    </p>
   </div>
   <div class='ocr_carea' id='block_1_29' title="bbox 112 3309 1721 3395">
    <p class='ocr_par' dir='ltr' id='par_1_29' title="bbox 112 3309 1721 3395">
     <span class='ocr_line' id='line_1_29' title="bbox 112 3309 1721 3395; baseline -0.007 -17"><span class='ocrx_word' id='word_1_238' title='bbox 112 3319 389 3395; x_wconf 86' lang='lat' dir='ltr'><strong>quidquid</strong></span> <span class='ocrx_word' id='word_1_239' title='bbox 413 3315 713 3375; x_wconf 84' lang='lat' dir='ltr'><strong>secundum</strong></span> <span class='ocrx_word' id='word_1_240' title='bbox 741 3313 1100 3370; x_wconf 84' lang='lat' dir='ltr'><strong>substantiam</strong></span> <span class='ocrx_word' id='word_1_241' title='bbox 1119 3352 1134 3377; x_wconf 91' lang='lat'><strong>,</strong></span> <span class='ocrx_word' id='word_1_242' title='bbox 1158 3309 1245 3365; x_wconf 91' lang='lat' dir='ltr'><strong>vel</strong></span> <span class='ocrx_word' id='word_1_243' title='bbox 1271 3309 1628 3366; x_wconf 63' lang='lat' dir='ltr'><strong>aeternitatem</strong></span> <span class='ocrx_word' id='word_1_244' title='bbox 1654 3310 1721 3366; x_wconf 91' lang='lat' dir='ltr'><strong>de</strong></span> 
     </span>
    </p>
   </div>
   <div class='ocr_carea' id='block_1_30' title="bbox 112 3402 1720 3482">
    <p class='ocr_par' dir='ltr' id='par_1_30' title="bbox 112 3402 1720 3482">
     <span class='ocr_line' id='line_1_30' title="bbox 112 3402 1720 3482; baseline -0.007 -12"><span class='ocrx_word' id='word_1_245' title='bbox 112 3416 200 3470; x_wconf 88' lang='lat' dir='ltr'><strong>eis</strong></span> <span class='ocrx_word' id='word_1_246' title='bbox 228 3409 343 3468; x_wconf 90' lang='lat' dir='ltr'><strong>dici</strong></span> <span class='ocrx_word' id='word_1_247' title='bbox 370 3417 579 3482; x_wconf 83' lang='lat' dir='ltr'><strong>potest,</strong></span> <span class='ocrx_word' id='word_1_248' title='bbox 623 3407 783 3463; x_wconf 88' lang='lat' dir='ltr'><strong>ambo</strong></span> <span class='ocrx_word' id='word_1_249' title='bbox 818 3403 979 3460; x_wconf 89' lang='lat' dir='ltr'><strong>simul</strong></span> <span class='ocrx_word' id='word_1_250' title='bbox 1015 3410 1186 3470; x_wconf 81' lang='lat' dir='ltr'><strong>sunt;</strong></span> <span class='ocrx_word' id='word_1_251' title='bbox 1211 3402 1457 3474; x_wconf 84' lang='lat' dir='ltr'><strong>quamvis</strong></span> <span class='ocrx_word' id='word_1_252' title='bbox 1485 3403 1553 3459; x_wconf 92' lang='lat' dir='ltr'><strong>de</strong></span> <span class='ocrx_word' id='word_1_253' title='bbox 1581 3402 1720 3459; x_wconf 88' lang='lat' dir='ltr'><strong>Filio</strong></span> 
     </span>
    </p>
   </div>
   <div class='ocr_carea' id='block_1_31' title="bbox 114 3453 1877 3563">
    <p class='ocr_par' dir='ltr' id='par_1_31' title="bbox 114 3453 1877 3563">
     <span class='ocr_line' id='line_1_31' title="bbox 114 3453 1877 3563; baseline 0.001 -1"><span class='ocrx_word' id='word_1_254' title='bbox 114 3453 343 3562; x_wconf 51' lang='lat' dir='ltr'><strong>illa};</strong></span> <span class='ocrx_word' id='word_1_255' title='bbox 364 3453 604 3559; x_wconf 66' lang='grc' dir='ltr'>ὖὲἰιζέίό</span> <span class='ocrx_word' id='word_1_256' title='bbox 623 3453 780 3563; x_wconf 52' lang='lat' dir='ltr'><strong>ES:</strong></span> <span class='ocrx_word' id='word_1_257' title='bbox 785 3453 979 3554; x_wconf 56' lang='lat'><strong>1.3.;</strong></span> <span class='ocrx_word' id='word_1_258' title='bbox 999 3453 1717 3561; x_wconf 64' lang='lat' dir='ltr'><strong>ag&#39;i.;..r..:i..;.;&#39;.;.;;.&#39;.</strong></span> <span class='ocrx_word' id='word_1_259' title='bbox 1744 3453 1795 3522; x_wconf 74' lang='grc' dir='ltr'>ο</span> <span class='ocrx_word' id='word_1_260' title='bbox 1824 3460 1877 3563; x_wconf 65' lang='lat' dir='ltr'><strong>‘f</strong></span> 
     </span>
    </p>
   </div>
   <div class='ocr_carea' id='block_1_32' title="bbox 113 3586 1726 3663">
    <p class='ocr_par' dir='ltr' id='par_1_32' title="bbox 113 3586 1726 3663">
     <span class='ocr_line' id='line_1_32' title="bbox 113 3586 1726 3663; baseline -0.006 -8"><span class='ocrx_word' id='word_1_261' title='bbox 113 3597 289 3663; x_wconf 87' lang='lat' dir='ltr'><strong>Deus,</strong></span> <span class='ocrx_word' id='word_1_262' title='bbox 335 3594 497 3650; x_wconf 87' lang='lat' dir='ltr'><strong>ambo</strong></span> <span class='ocrx_word' id='word_1_263' title='bbox 537 3591 700 3649; x_wconf 89' lang='lat' dir='ltr'><strong>simul</strong></span> <span class='ocrx_word' id='word_1_264' title='bbox 737 3590 959 3648; x_wconf 89' lang='lat' dir='ltr'><strong>lumen:</strong></span> <span class='ocrx_word' id='word_1_265' title='bbox 998 3588 1095 3646; x_wconf 89' lang='lat' dir='ltr'><strong>sed</strong></span> <span class='ocrx_word' id='word_1_266' title='bbox 1139 3603 1249 3645; x_wconf 91' lang='lat' dir='ltr'><strong>non</strong></span> <span class='ocrx_word' id='word_1_267' title='bbox 1287 3586 1450 3644; x_wconf 87' lang='lat' dir='ltr'><strong>Pater</strong></span> <span class='ocrx_word' id='word_1_268' title='bbox 1478 3586 1620 3644; x_wconf 90' lang='lat' dir='ltr'><strong>Deus</strong></span> <span class='ocrx_word' id='word_1_269' title='bbox 1658 3589 1726 3647; x_wconf 90' lang='lat' dir='ltr'><strong>de</strong></span> 
     </span>
    </p>
   </div>
   <div class='ocr_carea' id='block_1_33' title="bbox 117 3679 1720 3752">
    <p class='ocr_par' dir='ltr' id='par_1_33' title="bbox 117 3679 1720 3752">
     <span class='ocr_line' id='line_1_33' title="bbox 117 3679 1720 3752; baseline -0.004 -8"><span class='ocrx_word' id='word_1_270' title='bbox 117 3686 266 3752; x_wconf 74' lang='lat' dir='ltr'><strong>Deo,</strong></span> <span class='ocrx_word' id='word_1_271' title='bbox 304 3699 417 3740; x_wconf 84' lang='lat' dir='ltr'><strong>nec</strong></span> <span class='ocrx_word' id='word_1_272' title='bbox 438 3683 622 3738; x_wconf 85' lang='lat' dir='ltr'><strong>lumen</strong></span> <span class='ocrx_word' id='word_1_273' title='bbox 647 3683 715 3738; x_wconf 92' lang='lat' dir='ltr'><strong>de</strong></span> <span class='ocrx_word' id='word_1_274' title='bbox 741 3681 975 3748; x_wconf 77' lang='lat' dir='ltr'><strong>lumine,</strong></span> <span class='ocrx_word' id='word_1_275' title='bbox 997 3681 1093 3738; x_wconf 89' lang='lat' dir='ltr'><strong>sed</strong></span> <span class='ocrx_word' id='word_1_276' title='bbox 1115 3679 1287 3736; x_wconf 86' lang='lat' dir='ltr'><strong>Filius</strong></span> <span class='ocrx_word' id='word_1_277' title='bbox 1311 3679 1459 3738; x_wconf 88' lang='lat' dir='ltr'><strong>Deus</strong></span> <span class='ocrx_word' id='word_1_278' title='bbox 1491 3680 1558 3737; x_wconf 90' lang='lat' dir='ltr'><strong>de</strong></span> <span class='ocrx_word' id='word_1_279' title='bbox 1588 3679 1720 3748; x_wconf 71' lang='lat' dir='ltr'><strong>Deo;</strong></span> 
     </span>
    </p>
   </div>
   <div class='ocr_carea' id='block_1_34' title="bbox 116 3767 1725 3840">
    <p class='ocr_par' dir='ltr' id='par_1_34' title="bbox 116 3767 1725 3840">
     <span class='ocr_line' id='line_1_34' title="bbox 116 3767 1725 3840; baseline -0.005 -6"><span class='ocrx_word' id='word_1_280' title='bbox 116 3784 173 3836; x_wconf 84' lang='lat' dir='ltr'><strong>et</strong></span> <span class='ocrx_word' id='word_1_281' title='bbox 204 3776 393 3831; x_wconf 88' lang='lat' dir='ltr'><strong>lumen</strong></span> <span class='ocrx_word' id='word_1_282' title='bbox 422 3774 489 3829; x_wconf 89' lang='lat' dir='ltr'><strong>de</strong></span> <span class='ocrx_word' id='word_1_283' title='bbox 517 3772 742 3828; x_wconf 87' lang='lat' dir='ltr'><strong>lumine.</strong></span> <span class='ocrx_word' id='word_1_284' title='bbox 779 3770 956 3827; x_wconf 90' lang='lat' dir='ltr'><strong>Ambo</strong></span> <span class='ocrx_word' id='word_1_285' title='bbox 980 3777 1163 3826; x_wconf 90' lang='lat' dir='ltr'><strong>tamen</strong></span> <span class='ocrx_word' id='word_1_286' title='bbox 1187 3767 1384 3836; x_wconf 84' lang='lat' dir='ltr'><strong>simul,</strong></span> <span class='ocrx_word' id='word_1_287' title='bbox 1425 3777 1481 3824; x_wconf 92' lang='lat' dir='ltr'><strong>et</strong></span> <span class='ocrx_word' id='word_1_288' title='bbox 1510 3784 1725 3840; x_wconf 86' lang='lat' dir='ltr'><strong>semper</strong></span> 
     </span>
    </p>
   </div>
   <div class='ocr_carea' id='block_1_35' title="bbox 114 3859 1723 3939">
    <p class='ocr_par' dir='ltr' id='par_1_35' title="bbox 114 3859 1723 3939">
     <span class='ocr_line' id='line_1_35' title="bbox 114 3859 1723 3939; baseline -0.004 -17"><span class='ocrx_word' id='word_1_289' title='bbox 114 3865 286 3922; x_wconf 87' lang='lat' dir='ltr'><strong>simul</strong></span> <span class='ocrx_word' id='word_1_290' title='bbox 327 3864 460 3939; x_wconf 78' lang='grc' dir='ltr'><strong>[Αι.,</strong></span> <span class='ocrx_word' id='word_1_291' title='bbox 501 3861 653 3937; x_wconf 90' lang='lat' dir='ltr'><strong>sunt]</strong></span> <span class='ocrx_word' id='word_1_292' title='bbox 698 3878 838 3918; x_wconf 90' lang='lat' dir='ltr'><strong>unus</strong></span> <span class='ocrx_word' id='word_1_293' title='bbox 883 3862 1028 3917; x_wconf 87' lang='lat' dir='ltr'><strong>Deus</strong></span> <span class='ocrx_word' id='word_1_294' title='bbox 1071 3868 1130 3917; x_wconf 93' lang='lat' dir='ltr'><strong>et</strong></span> <span class='ocrx_word' id='word_1_295' title='bbox 1169 3875 1338 3916; x_wconf 87' lang='lat' dir='ltr'><strong>unum</strong></span> <span class='ocrx_word' id='word_1_296' title='bbox 1372 3859 1574 3916; x_wconf 90' lang='lat' dir='ltr'><strong>lumen.</strong></span> <span class='ocrx_word' id='word_1_297' title='bbox 1631 3859 1723 3917; x_wconf 93' lang='lat' dir='ltr'><strong>Sic</strong></span> 
     </span>
    </p>
   </div>
   <div class='ocr_carea' id='block_1_36' title="bbox 115 3949 1721 4024">
    <p class='ocr_par' dir='ltr' id='par_1_36' title="bbox 115 3949 1721 4024">
     <span class='ocr_line' id='line_1_36' title="bbox 115 3949 1721 4024; baseline -0.004 -10"><span class='ocrx_word' id='word_1_298' title='bbox 115 3959 291 4014; x_wconf 87' lang='lat' dir='ltr'><strong>etiam</strong></span> <span class='ocrx_word' id='word_1_299' title='bbox 321 3963 378 4011; x_wconf 93' lang='lat' dir='ltr'><strong>et</strong></span> <span class='ocrx_word' id='word_1_300' title='bbox 403 3956 469 4012; x_wconf 93' lang='lat' dir='ltr'><strong>de</strong></span> <span class='ocrx_word' id='word_1_301' title='bbox 497 3954 621 4011; x_wconf 88' lang='lat' dir='ltr'><strong>aliis</strong></span> <span class='ocrx_word' id='word_1_302' title='bbox 649 3953 1099 4024; x_wconf 84' lang='lat' dir='ltr'><strong>appellationibus</strong></span> <span class='ocrx_word' id='word_1_303' title='bbox 1124 3968 1245 4023; x_wconf 63' lang='lat' dir='ltr'><strong>quae</strong></span> <span class='ocrx_word' id='word_1_304' title='bbox 1277 3951 1572 4008; x_wconf 91' lang='lat' dir='ltr'><strong>secundum</strong></span> <span class='ocrx_word' id='word_1_305' title='bbox 1597 3949 1721 4008; x_wconf 91' lang='lat' dir='ltr'><strong>sub-</strong></span> 
     </span>
    </p>
   </div>
   <div class='ocr_carea' id='block_1_37' title="bbox 113 4044 1715 4116">
    <p class='ocr_par' dir='ltr' id='par_1_37' title="bbox 113 4044 1715 4116">
     <span class='ocr_line' id='line_1_37' title="bbox 113 4044 1715 4116; baseline -0.004 -9"><span class='ocrx_word' id='word_1_306' title='bbox 113 4047 386 4107; x_wconf 80' lang='lat' dir='ltr'><strong>stantiam</strong></span> <span class='ocrx_word' id='word_1_307' title='bbox 415 4046 692 4113; x_wconf 91' lang='lat' dir='ltr'><strong>dicuntur,</strong></span> <span class='ocrx_word' id='word_1_308' title='bbox 742 4046 798 4101; x_wconf 88' lang='lat' dir='ltr'><strong>id</strong></span> <span class='ocrx_word' id='word_1_309' title='bbox 837 4055 956 4112; x_wconf 93' lang='lat' dir='ltr'><strong>est,</strong></span> <span class='ocrx_word' id='word_1_310' title='bbox 1003 4046 1148 4116; x_wconf 88' lang='lat' dir='ltr'><strong>quod</strong></span> <span class='ocrx_word' id='word_1_311' title='bbox 1183 4044 1345 4101; x_wconf 90' lang='lat' dir='ltr'><strong>simul</strong></span> <span class='ocrx_word' id='word_1_312' title='bbox 1373 4044 1533 4100; x_wconf 90' lang='lat' dir='ltr'><strong>ambo</strong></span> <span class='ocrx_word' id='word_1_313' title='bbox 1560 4049 1715 4110; x_wconf 89' lang='lat' dir='ltr'><strong>sunt,</strong></span> 
     </span>
    </p>
   </div>
   <div class='ocr_carea' id='block_1_38' title="bbox 113 4135 1720 4208">
    <p class='ocr_par' dir='ltr' id='par_1_38' title="bbox 113 4135 1720 4208">
     <span class='ocr_line' id='line_1_38' title="bbox 113 4135 1720 4208; baseline -0.004 -10"><span class='ocrx_word' id='word_1_314' title='bbox 113 4140 223 4198; x_wconf 87' lang='lat' dir='ltr'><strong>dici</strong></span> <span class='ocrx_word' id='word_1_315' title='bbox 256 4139 442 4204; x_wconf 84' lang='lat' dir='ltr'><strong>debet,</strong></span> <span class='ocrx_word' id='word_1_316' title='bbox 470 4144 532 4193; x_wconf 91' lang='lat' dir='ltr'><strong>ut</strong></span> <span class='ocrx_word' id='word_1_317' title='bbox 556 4137 922 4207; x_wconf 87' lang='lat' dir='ltr'><strong>omnipotens,</strong></span> <span class='ocrx_word' id='word_1_318' title='bbox 953 4151 1203 4208; x_wconf 86' lang='lat' dir='ltr'><strong>magnus,</strong></span> <span class='ocrx_word' id='word_1_319' title='bbox 1252 4135 1449 4201; x_wconf 88' lang='lat' dir='ltr'><strong>bonus,</strong></span> <span class='ocrx_word' id='word_1_320' title='bbox 1481 4145 1720 4193; x_wconf 64' lang='lat' dir='ltr'><strong>aeternus</strong></span> 
     </span>
    </p>
   </div>
   <div class='ocr_carea' id='block_1_39' title="bbox 113 4227 1722 4300">
    <p class='ocr_par' dir='ltr' id='par_1_39' title="bbox 113 4227 1722 4300">
     <span class='ocr_line' id='line_1_39' title="bbox 113 4227 1722 4300; baseline -0.002 -11"><span class='ocrx_word' id='word_1_321' title='bbox 113 4241 169 4288; x_wconf 88' lang='lat' dir='ltr'><strong>et</strong></span> <span class='ocrx_word' id='word_1_322' title='bbox 191 4239 402 4289; x_wconf 57' lang='lat' dir='ltr'><strong>«ctera</strong></span> <span class='ocrx_word' id='word_1_323' title='bbox 427 4243 551 4300; x_wconf 64' lang='lat' dir='ltr'><strong>quae</strong></span> <span class='ocrx_word' id='word_1_324' title='bbox 579 4228 647 4284; x_wconf 90' lang='lat' dir='ltr'><strong>ad</strong></span> <span class='ocrx_word' id='word_1_325' title='bbox 675 4244 735 4283; x_wconf 91' lang='lat' dir='ltr'><strong>se</strong></span> <span class='ocrx_word' id='word_1_326' title='bbox 765 4228 1041 4284; x_wconf 89' lang='lat' dir='ltr'><strong>dicuntur.</strong></span> <span class='ocrx_word' id='word_1_327' title='bbox 1079 4227 1234 4295; x_wconf 85' lang='lat' dir='ltr'><strong>Quod</strong></span> <span class='ocrx_word' id='word_1_328' title='bbox 1267 4228 1313 4284; x_wconf 90' lang='lat' dir='ltr'><strong>si</strong></span> <span class='ocrx_word' id='word_1_329' title='bbox 1353 4229 1427 4284; x_wconf 88' lang='lat' dir='ltr'><strong>ita</strong></span> <span class='ocrx_word' id='word_1_330' title='bbox 1458 4236 1576 4296; x_wconf 89' lang='lat' dir='ltr'><strong>est,</strong></span> <span class='ocrx_word' id='word_1_331' title='bbox 1617 4228 1722 4286; x_wconf 88' lang='lat' dir='ltr'><strong>hoc</strong></span> 
     </span>
    </p>
   </div>
   <div class='ocr_carea' id='block_1_40' title="bbox 114 4318 1720 4391">
    <p class='ocr_par' dir='ltr' id='par_1_40' title="bbox 114 4318 1720 4391">
     <span class='ocr_line' id='line_1_40' title="bbox 114 4318 1720 4391; baseline -0.002 -10"><span class='ocrx_word' id='word_1_332' title='bbox 114 4324 299 4380; x_wconf 86' lang='lat' dir='ltr'><strong>solum</strong></span> <span class='ocrx_word' id='word_1_333' title='bbox 343 4321 414 4377; x_wconf 93' lang='lat' dir='ltr'><strong>de</strong></span> <span class='ocrx_word' id='word_1_334' title='bbox 457 4321 541 4376; x_wconf 90' lang='lat' dir='ltr'><strong>eis</strong></span> <span class='ocrx_word' id='word_1_335' title='bbox 586 4320 695 4376; x_wconf 89' lang='lat' dir='ltr'><strong>dici</strong></span> <span class='ocrx_word' id='word_1_336' title='bbox 741 4334 850 4375; x_wconf 89' lang='lat' dir='ltr'><strong>non</strong></span> <span class='ocrx_word' id='word_1_337' title='bbox 879 4326 1100 4389; x_wconf 89' lang='lat' dir='ltr'><strong>potest:</strong></span> <span class='ocrx_word' id='word_1_338' title='bbox 1140 4318 1276 4374; x_wconf 82' lang='lat' dir='ltr'><strong>illud</strong></span> <span class='ocrx_word' id='word_1_339' title='bbox 1309 4319 1374 4374; x_wconf 87' lang='lat' dir='ltr'><strong>de</strong></span> <span class='ocrx_word' id='word_1_340' title='bbox 1407 4318 1524 4385; x_wconf 88' lang='lat' dir='ltr'><strong>illo,</strong></span> <span class='ocrx_word' id='word_1_341' title='bbox 1573 4320 1720 4391; x_wconf 87' lang='lat' dir='ltr'><strong>quod</strong></span> 
     </span>
    </p>
   </div>
   <div class='ocr_carea' id='block_1_41' title="bbox 114 4408 1721 4477">
    <p class='ocr_par' dir='ltr' id='par_1_41' title="bbox 114 4408 1721 4477">
     <span class='ocr_line' id='line_1_41' title="bbox 114 4408 1721 4477; baseline -0.002 -4"><span class='ocrx_word' id='word_1_342' title='bbox 114 4415 282 4473; x_wconf 87' lang='lat' dir='ltr'><strong>simul</strong></span> <span class='ocrx_word' id='word_1_343' title='bbox 320 4414 484 4470; x_wconf 85' lang='lat' dir='ltr'><strong>ambo</strong></span> <span class='ocrx_word' id='word_1_344' title='bbox 511 4420 667 4477; x_wconf 90' lang='lat' dir='ltr'><strong>sunt;</strong></span> <span class='ocrx_word' id='word_1_345' title='bbox 721 4412 863 4466; x_wconf 90' lang='lat' dir='ltr'><strong>sicut</strong></span> <span class='ocrx_word' id='word_1_346' title='bbox 891 4410 1128 4467; x_wconf 79' lang='lat' dir='ltr'><strong>Verbum</strong></span> <span class='ocrx_word' id='word_1_347' title='bbox 1171 4412 1239 4467; x_wconf 91' lang='lat' dir='ltr'><strong>de</strong></span> <span class='ocrx_word' id='word_1_348' title='bbox 1268 4408 1445 4468; x_wconf 76' lang='lat' dir='ltr'><strong>Verbo</strong></span> <span class='ocrx_word' id='word_1_349' title='bbox 1473 4411 1581 4468; x_wconf 89' lang='lat' dir='ltr'><strong>dici</strong></span> <span class='ocrx_word' id='word_1_350' title='bbox 1613 4428 1721 4470; x_wconf 91' lang='lat' dir='ltr'><strong>non</strong></span> 
     </span>
    </p>
   </div>
   <div class='ocr_carea' id='block_1_42' title="bbox 110 4500 1722 4580">
    <p class='ocr_par' dir='ltr' id='par_1_42' title="bbox 110 4500 1722 4580">
     <span class='ocr_line' id='line_1_42' title="bbox 110 4500 1722 4580; baseline -0.002 -17"><span class='ocrx_word' id='word_1_351' title='bbox 110 4515 342 4580; x_wconf 82' lang='lat' dir='ltr'><strong>potest,</strong></span> <span class='ocrx_word' id='word_1_352' title='bbox 389 4505 517 4576; x_wconf 88' lang='lat' dir='ltr'><strong>quia</strong></span> <span class='ocrx_word' id='word_1_353' title='bbox 564 4518 672 4558; x_wconf 91' lang='lat' dir='ltr'><strong>non</strong></span> <span class='ocrx_word' id='word_1_354' title='bbox 717 4500 881 4558; x_wconf 89' lang='lat' dir='ltr'><strong>simul</strong></span> <span class='ocrx_word' id='word_1_355' title='bbox 921 4501 1080 4558; x_wconf 90' lang='lat' dir='ltr'><strong>ambo</strong></span> <span class='ocrx_word' id='word_1_356' title='bbox 1110 4501 1390 4568; x_wconf 81' lang='lat' dir='ltr'><strong>Verbum,</strong></span> <span class='ocrx_word' id='word_1_357' title='bbox 1436 4503 1532 4559; x_wconf 85' lang='lat' dir='ltr'><strong>sed</strong></span> <span class='ocrx_word' id='word_1_358' title='bbox 1573 4503 1722 4560; x_wconf 87' lang='lat' dir='ltr'><strong>solus</strong></span> 
     </span>
    </p>
   </div>
   <div class='ocr_carea' id='block_1_43' title="bbox 111 4593 1722 4667">
    <p class='ocr_par' dir='ltr' id='par_1_43' title="bbox 111 4593 1722 4667">
     <span class='ocr_line' id='line_1_43' title="bbox 111 4593 1722 4667; baseline -0.002 -12"><span class='ocrx_word' id='word_1_359' title='bbox 111 4599 324 4664; x_wconf 79' lang='lat' dir='ltr'><strong>Filius;</strong></span> <span class='ocrx_word' id='word_1_360' title='bbox 363 4613 465 4653; x_wconf 89' lang='lat' dir='ltr'><strong>nec</strong></span> <span class='ocrx_word' id='word_1_361' title='bbox 495 4596 674 4667; x_wconf 89' lang='lat' dir='ltr'><strong>imago</strong></span> <span class='ocrx_word' id='word_1_362' title='bbox 702 4595 769 4649; x_wconf 87' lang='lat' dir='ltr'><strong>de</strong></span> <span class='ocrx_word' id='word_1_363' title='bbox 795 4593 1052 4663; x_wconf 82' lang='lat' dir='ltr'><strong>imagine,</strong></span> <span class='ocrx_word' id='word_1_364' title='bbox 1082 4593 1210 4664; x_wconf 85' lang='lat' dir='ltr'><strong>quia</strong></span> <span class='ocrx_word' id='word_1_365' title='bbox 1233 4609 1341 4648; x_wconf 88' lang='lat' dir='ltr'><strong>non</strong></span> <span class='ocrx_word' id='word_1_366' title='bbox 1370 4594 1530 4649; x_wconf 88' lang='lat' dir='ltr'><strong>simul</strong></span> <span class='ocrx_word' id='word_1_367' title='bbox 1559 4594 1722 4651; x_wconf 87' lang='lat' dir='ltr'><strong>ambo</strong></span> 
     </span>
    </p>
   </div>
   <div class='ocr_carea' id='block_1_44' title="bbox 109 4685 1718 4764">
    <p class='ocr_par' dir='ltr' id='par_1_44' title="bbox 109 4685 1718 4764">
     <span class='ocr_line' id='line_1_44' title="bbox 109 4685 1718 4764; baseline -0.002 -15"><span class='ocrx_word' id='word_1_368' title='bbox 109 4691 319 4764; x_wconf 84' lang='lat' dir='ltr'><strong>imago,</strong></span> <span class='ocrx_word' id='word_1_369' title='bbox 365 4688 462 4745; x_wconf 86' lang='lat' dir='ltr'><strong>sed</strong></span> <span class='ocrx_word' id='word_1_370' title='bbox 506 4688 656 4744; x_wconf 89' lang='lat' dir='ltr'><strong>solus</strong></span> <span class='ocrx_word' id='word_1_371' title='bbox 683 4686 856 4743; x_wconf 89' lang='lat' dir='ltr'><strong>Filius</strong></span> <span class='ocrx_word' id='word_1_372' title='bbox 890 4686 1101 4758; x_wconf 88' lang='lat' dir='ltr'><strong>imago;</strong></span> <span class='ocrx_word' id='word_1_373' title='bbox 1138 4700 1242 4742; x_wconf 89' lang='lat' dir='ltr'><strong>nec</strong></span> <span class='ocrx_word' id='word_1_374' title='bbox 1270 4685 1439 4743; x_wconf 85' lang='lat' dir='ltr'><strong>Filius</strong></span> <span class='ocrx_word' id='word_1_375' title='bbox 1465 4687 1532 4742; x_wconf 89' lang='lat' dir='ltr'><strong>de</strong></span> <span class='ocrx_word' id='word_1_376' title='bbox 1553 4687 1718 4755; x_wconf 88' lang='lat' dir='ltr'><strong>Filio,</strong></span> 
     </span>
    </p>
   </div>
   <div class='ocr_carea' id='block_1_45' title="bbox 1822 837 3404 910">
    <p class='ocr_par' dir='ltr' id='par_1_45' title="bbox 1822 837 3404 910">
     <span class='ocr_line' id='line_1_45' title="bbox 1822 837 3404 910; baseline 0.003 -19"><span class='ocrx_word' id='word_1_377' title='bbox 1822 837 1965 893; x_wconf 89' lang='lat' dir='ltr'><strong>sicut</strong></span> <span class='ocrx_word' id='word_1_378' title='bbox 2009 837 2184 910; x_wconf 80' lang='lat' dir='ltr'><strong>imago</strong></span> <span class='ocrx_word' id='word_1_379' title='bbox 2224 839 2564 908; x_wconf 67' lang='lat' dir='ltr'><strong>sempiterna:</strong></span> <span class='ocrx_word' id='word_1_380' title='bbox 2601 840 2916 895; x_wconf 66' lang='lat' dir='ltr'><strong>substantiae</strong></span> <span class='ocrx_word' id='word_1_381' title='bbox 2959 841 3284 910; x_wconf 86' lang='lat' dir='ltr'><strong>sempiterna</strong></span> <span class='ocrx_word' id='word_1_382' title='bbox 3325 852 3404 896; x_wconf 86' lang='lat' dir='ltr'><strong>est</strong></span> 
     </span>
    </p>
   </div>
   <div class='ocr_carea' id='block_1_46' title="bbox 1823 945 2018 1000">
    <p class='ocr_par' dir='ltr' id='par_1_46' title="bbox 1823 945 2018 1000">
     <span class='ocr_line' id='line_1_46' title="bbox 1823 945 2018 1000; baseline -0.01 -14"><span class='ocrx_word' id='word_1_383' title='bbox 1823 945 2018 1000; x_wconf 81' lang='lat' dir='ltr'><strong>imago.</strong></span> 
     </span>
    </p>
   </div>
   <div class='ocr_carea' id='block_1_47' title="bbox 2023 1041 3198 1116">
    <p class='ocr_par' dir='ltr' id='par_1_47' title="bbox 2023 1041 3198 1116">
     <span class='ocr_line' id='line_1_47' title="bbox 2023 1041 3198 1116; baseline 0 -18"><span class='ocrx_word' id='word_1_384' title='bbox 2023 1041 2252 1099; x_wconf 82' lang='lat' dir='ltr'><strong>CAPUT</strong></span> <span class='ocrx_word' id='word_1_385' title='bbox 2294 1042 2380 1099; x_wconf 78' lang='lat' dir='ltr'><strong>V&#39;ll</strong></span> <span class='ocrx_word' id='word_1_386' title='bbox 2408 1043 2580 1116; x_wconf 73' lang='grc' dir='ltr'><strong>(ευιτ.</strong></span> <span class='ocrx_word' id='word_1_387' title='bbox 2606 1060 2724 1100; x_wconf 65' lang='grc' dir='ltr'><strong>οη.</strong></span> <span class='ocrx_word' id='word_1_388' title='bbox 2748 1061 2876 1111; x_wconf 87' lang='lat' dir='ltr'><strong>vm;</strong></span> <span class='ocrx_word' id='word_1_389' title='bbox 2907 1061 2960 1102; x_wconf 75' lang='lat' dir='ltr'><strong>ut</strong></span> <span class='ocrx_word' id='word_1_390' title='bbox 2986 1061 3071 1102; x_wconf 77' lang='lat' dir='ltr'><strong>us.</strong></span> <span class='ocrx_word' id='word_1_391' title='bbox 3098 1044 3198 1114; x_wconf 76' lang='lat' dir='ltr'><strong>ix).</strong></span> 
     </span>
    </p>
   </div>
   <div class='ocr_carea' id='block_1_48' title="bbox 1823 1153 3405 1230">
    <p class='ocr_par' dir='ltr' id='par_1_48' title="bbox 1823 1153 3405 1230">
     <span class='ocr_line' id='line_1_48' title="bbox 1823 1153 3405 1230; baseline 0.002 -20"><span class='ocrx_word' id='word_1_392' title='bbox 1823 1153 1977 1223; x_wconf 84' lang='lat' dir='ltr'><strong>Quod</strong></span> <span class='ocrx_word' id='word_1_393' title='bbox 2013 1172 2314 1230; x_wconf 12' lang='lat' dir='ltr'><strong>necessario,</strong></span> <span class='ocrx_word' id='word_1_394' title='bbox 2341 1156 2859 1230; x_wconf 13' lang='lat' dir='ltr'><strong>discernendumisit,</strong></span> <span class='ocrx_word' id='word_1_395' title='bbox 2899 1157 3025 1230; x_wconf 83' lang='lat' dir='ltr'><strong>quid</strong></span> <span class='ocrx_word' id='word_1_396' title='bbox 3054 1159 3118 1213; x_wconf 84' lang='lat' dir='ltr'><strong>de</strong></span> <span class='ocrx_word' id='word_1_397' title='bbox 3142 1157 3253 1213; x_wconf 83' lang='lat' dir='ltr'><strong>Deo</strong></span> <span class='ocrx_word' id='word_1_398' title='bbox 3280 1158 3405 1214; x_wconf 71' lang='lat' dir='ltr'><strong>sub-</strong></span> 
     </span>
    </p>
   </div>
   <div class='ocr_carea' id='block_1_49' title="bbox 2078 1225 3140 1297">
    <p class='ocr_par' dir='ltr' id='par_1_49' title="bbox 2078 1225 3140 1297">
     <span class='ocr_line' id='line_1_49' title="bbox 2078 1225 3140 1297; baseline 0.001 -15"><span class='ocrx_word' id='word_1_399' title='bbox 2078 1225 2397 1282; x_wconf 82' lang='lat' dir='ltr'><strong>stantialiter</strong></span> <span class='ocrx_word' id='word_1_400' title='bbox 2421 1227 2497 1282; x_wconf 77' lang='lat' dir='ltr'><strong>vel</strong></span> <span class='ocrx_word' id='word_1_401' title='bbox 2524 1228 2647 1297; x_wconf 87' lang='lat' dir='ltr'><strong>quid</strong></span> <span class='ocrx_word' id='word_1_402' title='bbox 2680 1229 2888 1284; x_wconf 80' lang='lat' dir='ltr'><strong>relative</strong></span> <span class='ocrx_word' id='word_1_403' title='bbox 2911 1225 3140 1284; x_wconf 68' lang='lat' dir='ltr'><strong>dicatur.</strong></span> 
     </span>
    </p>
   </div>
   <div class='ocr_carea' id='block_1_50' title="bbox 1891 1335 3406 1409">
    <p class='ocr_par' dir='ltr' id='par_1_50' title="bbox 1891 1335 3406 1409">
     <span class='ocr_line' id='line_1_50' title="bbox 1891 1335 3406 1409; baseline 0.001 -18"><span class='ocrx_word' id='word_1_404' title='bbox 1891 1335 2132 1407; x_wconf 79' lang='lat' dir='ltr'><strong>Exempli</strong></span> <span class='ocrx_word' id='word_1_405' title='bbox 2161 1337 2368 1409; x_wconf 88' lang='lat' dir='ltr'><strong>gratia,</strong></span> <span class='ocrx_word' id='word_1_406' title='bbox 2399 1337 2444 1393; x_wconf 89' lang='lat' dir='ltr'><strong>si</strong></span> <span class='ocrx_word' id='word_1_407' title='bbox 2477 1338 2674 1408; x_wconf 78' lang='lat' dir='ltr'><strong>quaeris</strong></span> <span class='ocrx_word' id='word_1_408' title='bbox 2699 1339 2828 1409; x_wconf 91' lang='lat' dir='ltr'><strong>quid</strong></span> <span class='ocrx_word' id='word_1_409' title='bbox 2858 1340 2930 1394; x_wconf 88' lang='lat' dir='ltr'><strong>sit</strong></span> <span class='ocrx_word' id='word_1_410' title='bbox 2957 1339 3232 1394; x_wconf 85' lang='lat' dir='ltr'><strong>Abraham</strong></span> <span class='ocrx_word' id='word_1_411' title='bbox 3251 1337 3406 1408; x_wconf 76' lang='lat' dir='ltr'><strong>juxta</strong></span> 
     </span>
    </p>
   </div>
   <div class='ocr_carea' id='block_1_51' title="bbox 1822 1426 3407 1501">
    <p class='ocr_par' dir='ltr' id='par_1_51' title="bbox 1822 1426 3407 1501">
     <span class='ocr_line' id='line_1_51' title="bbox 1822 1426 3407 1501; baseline 0.003 -20"><span class='ocrx_word' id='word_1_412' title='bbox 1822 1426 2202 1493; x_wconf 87' lang='lat' dir='ltr'><strong>substantiam,</strong></span> <span class='ocrx_word' id='word_1_413' title='bbox 2226 1430 2600 1498; x_wconf 88' lang='lat' dir='ltr'><strong>respondetur,</strong></span> <span class='ocrx_word' id='word_1_414' title='bbox 2625 1431 2806 1485; x_wconf 89' lang='lat' dir='ltr'><strong>homo.</strong></span> <span class='ocrx_word' id='word_1_415' title='bbox 2839 1428 2896 1485; x_wconf 89' lang='lat' dir='ltr'><strong>Si</strong></span> <span class='ocrx_word' id='word_1_416' title='bbox 2923 1432 3121 1501; x_wconf 69' lang='lat' dir='ltr'><strong>quaeris</strong></span> <span class='ocrx_word' id='word_1_417' title='bbox 3144 1431 3210 1486; x_wconf 90' lang='lat' dir='ltr'><strong>de</strong></span> <span class='ocrx_word' id='word_1_418' title='bbox 3233 1432 3407 1486; x_wconf 86' lang='lat' dir='ltr'><strong>Abra-</strong></span> 
     </span>
    </p>
   </div>
   <div class='ocr_carea' id='block_1_52' title="bbox 1820 1516 3406 1592">
    <p class='ocr_par' dir='ltr' id='par_1_52' title="bbox 1820 1516 3406 1592">
     <span class='ocr_line' id='line_1_52' title="bbox 1820 1516 3406 1592; baseline 0.004 -21"><span class='ocrx_word' id='word_1_419' title='bbox 1820 1516 1970 1583; x_wconf 88' lang='lat' dir='ltr'><strong>ham,</strong></span> <span class='ocrx_word' id='word_1_420' title='bbox 1995 1531 2092 1573; x_wconf 88' lang='lat' dir='ltr'><strong>cur</strong></span> <span class='ocrx_word' id='word_1_421' title='bbox 2126 1527 2282 1587; x_wconf 88' lang='lat' dir='ltr'><strong>pater</strong></span> <span class='ocrx_word' id='word_1_422' title='bbox 2310 1519 2400 1586; x_wconf 81' lang='lat' dir='ltr'><strong>sit,</strong></span> <span class='ocrx_word' id='word_1_423' title='bbox 2427 1520 2650 1576; x_wconf 85' lang='lat' dir='ltr'><strong>relative</strong></span> <span class='ocrx_word' id='word_1_424' title='bbox 2677 1520 3050 1591; x_wconf 89' lang='lat' dir='ltr'><strong>respondetur,</strong></span> <span class='ocrx_word' id='word_1_425' title='bbox 3083 1522 3208 1592; x_wconf 89' lang='lat' dir='ltr'><strong>quia</strong></span> <span class='ocrx_word' id='word_1_426' title='bbox 3236 1521 3406 1578; x_wconf 86' lang='lat' dir='ltr'><strong>illium</strong></span> 
     </span>
    </p>
   </div>
   <div class='ocr_carea' id='block_1_53' title="bbox 1821 1608 3406 1680">
    <p class='ocr_par' dir='ltr' id='par_1_53' title="bbox 1821 1608 3406 1680">
     <span class='ocr_line' id='line_1_53' title="bbox 1821 1608 3406 1680; baseline 0.003 -17"><span class='ocrx_word' id='word_1_427' title='bbox 1821 1608 1986 1664; x_wconf 86' lang='lat' dir='ltr'><strong>habet</strong></span> <span class='ocrx_word' id='word_1_428' title='bbox 2009 1608 2180 1664; x_wconf 88' lang='lat' dir='ltr'><strong>Isaac.</strong></span> <span class='ocrx_word' id='word_1_429' title='bbox 2229 1608 2285 1665; x_wconf 88' lang='lat' dir='ltr'><strong>Si</strong></span> <span class='ocrx_word' id='word_1_430' title='bbox 2310 1612 2508 1680; x_wconf 64' lang='lat' dir='ltr'><strong>quaeris</strong></span> <span class='ocrx_word' id='word_1_431' title='bbox 2538 1612 2603 1667; x_wconf 89' lang='lat' dir='ltr'><strong>de</strong></span> <span class='ocrx_word' id='word_1_432' title='bbox 2629 1611 2796 1678; x_wconf 86' lang='lat' dir='ltr'><strong>Isaac,</strong></span> <span class='ocrx_word' id='word_1_433' title='bbox 2837 1629 2936 1668; x_wconf 91' lang='lat' dir='ltr'><strong>cur</strong></span> <span class='ocrx_word' id='word_1_434' title='bbox 2961 1614 3031 1669; x_wconf 87' lang='lat' dir='ltr'><strong>sit</strong></span> <span class='ocrx_word' id='word_1_435' title='bbox 3059 1613 3222 1679; x_wconf 85' lang='lat' dir='ltr'><strong>ﬁlius,</strong></span> <span class='ocrx_word' id='word_1_436' title='bbox 3262 1613 3406 1669; x_wconf 82' lang='lat' dir='ltr'><strong>rela-</strong></span> 
     </span>
    </p>
   </div>
   <div class='ocr_carea' id='block_1_54' title="bbox 1821 1699 3403 1778">
    <p class='ocr_par' dir='ltr' id='par_1_54' title="bbox 1821 1699 3403 1778">
     <span class='ocr_line' id='line_1_54' title="bbox 1821 1699 3403 1778; baseline 0.004 -25"><span class='ocrx_word' id='word_1_437' title='bbox 1821 1699 1929 1754; x_wconf 91' lang='lat' dir='ltr'><strong>tive</strong></span> <span class='ocrx_word' id='word_1_438' title='bbox 1942 1700 2105 1770; x_wconf 76' lang='lat'><strong>710</strong></span> <span class='ocrx_word' id='word_1_439' title='bbox 2122 1701 2496 1771; x_wconf 84' lang='lat' dir='ltr'><strong>respondetur,</strong></span> <span class='ocrx_word' id='word_1_440' title='bbox 2512 1705 2639 1773; x_wconf 86' lang='lat' dir='ltr'><strong>quia</strong></span> <span class='ocrx_word' id='word_1_441' title='bbox 2655 1712 2864 1775; x_wconf 86' lang='lat' dir='ltr'><strong>patrem</strong></span> <span class='ocrx_word' id='word_1_442' title='bbox 2879 1704 3042 1760; x_wconf 85' lang='lat' dir='ltr'><strong>habet</strong></span> <span class='ocrx_word' id='word_1_443' title='bbox 3060 1703 3403 1778; x_wconf 81' lang='lat' dir='ltr'><strong>[Abraham].</strong></span> 
     </span>
    </p>
   </div>
   <div class='ocr_carea' id='block_1_55' title="bbox 1820 1789 3410 1864">
    <p class='ocr_par' dir='ltr' id='par_1_55' title="bbox 1820 1789 3410 1864">
     <span class='ocr_line' id='line_1_55' title="bbox 1820 1789 3410 1864; baseline 0.003 -17"><span class='ocrx_word' id='word_1_444' title='bbox 1820 1789 2010 1847; x_wconf 88' lang='lat' dir='ltr'><strong>Omnis</strong></span> <span class='ocrx_word' id='word_1_445' title='bbox 2037 1807 2171 1848; x_wconf 87' lang='lat' dir='ltr'><strong>vero</strong></span> <span class='ocrx_word' id='word_1_446' title='bbox 2195 1791 2385 1848; x_wconf 85' lang='lat' dir='ltr'><strong>relatio</strong></span> <span class='ocrx_word' id='word_1_447' title='bbox 2415 1793 2484 1848; x_wconf 90' lang='lat' dir='ltr'><strong>ad</strong></span> <span class='ocrx_word' id='word_1_448' title='bbox 2512 1794 2655 1848; x_wconf 88' lang='lat' dir='ltr'><strong>aliud</strong></span> <span class='ocrx_word' id='word_1_449' title='bbox 2680 1794 2880 1864; x_wconf 86' lang='lat' dir='ltr'><strong>aliquid</strong></span> <span class='ocrx_word' id='word_1_450' title='bbox 2910 1795 3162 1850; x_wconf 80' lang='lat' dir='ltr'><strong>refertur.</strong></span> <span class='ocrx_word' id='word_1_451' title='bbox 3204 1793 3270 1849; x_wconf 85' lang='lat' dir='ltr'><strong>Et</strong></span> <span class='ocrx_word' id='word_1_452' title='bbox 3293 1793 3410 1851; x_wconf 62' lang='lat' dir='ltr'><strong>haec</strong></span> 
     </span>
    </p>
   </div>
   <div class='ocr_carea' id='block_1_56' title="bbox 1822 1885 3411 1960">
    <p class='ocr_par' dir='ltr' id='par_1_56' title="bbox 1822 1885 3411 1960">
     <span class='ocr_line' id='line_1_56' title="bbox 1822 1885 3411 1960; baseline 0.003 -20"><span class='ocrx_word' id='word_1_453' title='bbox 1822 1885 2008 1957; x_wconf 87' lang='lat' dir='ltr'><strong>regula</strong></span> <span class='ocrx_word' id='word_1_454' title='bbox 2035 1886 2313 1943; x_wconf 87' lang='lat' dir='ltr'><strong>relationis</strong></span> <span class='ocrx_word' id='word_1_455' title='bbox 2343 1887 2395 1942; x_wconf 92' lang='lat' dir='ltr'><strong>in</strong></span> <span class='ocrx_word' id='word_1_456' title='bbox 2424 1889 2670 1960; x_wconf 88' lang='lat' dir='ltr'><strong>personis</strong></span> <span class='ocrx_word' id='word_1_457' title='bbox 2704 1898 2906 1946; x_wconf 68' lang='lat' dir='ltr'><strong>sanctae</strong></span> <span class='ocrx_word' id='word_1_458' title='bbox 2933 1890 3213 1945; x_wconf 88' lang='lat' dir='ltr'><strong>Trinitatis</strong></span> <span class='ocrx_word' id='word_1_459' title='bbox 3251 1890 3411 1946; x_wconf 88' lang='lat' dir='ltr'><strong>intel-</strong></span> 
     </span>
    </p>
   </div>
   <div class='ocr_carea' id='block_1_57' title="bbox 1821 1975 3411 2051">
    <p class='ocr_par' dir='ltr' id='par_1_57' title="bbox 1821 1975 3411 2051">
     <span class='ocr_line' id='line_1_57' title="bbox 1821 1975 3411 2051; baseline 0.003 -21"><span class='ocrx_word' id='word_1_460' title='bbox 1821 1975 2034 2048; x_wconf 85' lang='lat' dir='ltr'><strong>ligenda</strong></span> <span class='ocrx_word' id='word_1_461' title='bbox 2063 1986 2163 2032; x_wconf 90' lang='lat' dir='ltr'><strong>est.</strong></span> <span class='ocrx_word' id='word_1_462' title='bbox 2218 1976 2274 2033; x_wconf 89' lang='lat' dir='ltr'><strong>Si</strong></span> <span class='ocrx_word' id='word_1_463' title='bbox 2305 1993 2435 2050; x_wconf 80' lang='lat' dir='ltr'><strong>ergo</strong></span> <span class='ocrx_word' id='word_1_464' title='bbox 2464 1978 2827 2051; x_wconf 84' lang='lat' dir='ltr'><strong>interrogatus</strong></span> <span class='ocrx_word' id='word_1_465' title='bbox 2859 1979 3025 2036; x_wconf 82' lang='lat' dir='ltr'><strong>fueris</strong></span> <span class='ocrx_word' id='word_1_466' title='bbox 3053 1977 3121 2036; x_wconf 89' lang='lat' dir='ltr'><strong>de</strong></span> <span class='ocrx_word' id='word_1_467' title='bbox 3151 1979 3278 2043; x_wconf 90' lang='lat' dir='ltr'><strong>Deo,</strong></span> <span class='ocrx_word' id='word_1_468' title='bbox 3311 1995 3411 2036; x_wconf 91' lang='lat' dir='ltr'><strong>cur</strong></span> 
     </span>
    </p>
   </div>
   <div class='ocr_carea' id='block_1_58' title="bbox 1821 2066 3405 2142">
    <p class='ocr_par' dir='ltr' id='par_1_58' title="bbox 1821 2066 3405 2142">
     <span class='ocr_line' id='line_1_58' title="bbox 1821 2066 3405 2142; baseline 0 -20"><span class='ocrx_word' id='word_1_469' title='bbox 1821 2067 2032 2124; x_wconf 87' lang='lat' dir='ltr'><strong>dicatur</strong></span> <span class='ocrx_word' id='word_1_470' title='bbox 2057 2066 2239 2135; x_wconf 90' lang='lat' dir='ltr'><strong>Pater,</strong></span> <span class='ocrx_word' id='word_1_471' title='bbox 2281 2068 2504 2125; x_wconf 81' lang='lat' dir='ltr'><strong>relative</strong></span> <span class='ocrx_word' id='word_1_472' title='bbox 2531 2069 2816 2140; x_wconf 89' lang='lat' dir='ltr'><strong>responde,</strong></span> <span class='ocrx_word' id='word_1_473' title='bbox 2845 2071 2970 2142; x_wconf 86' lang='lat' dir='ltr'><strong>quia</strong></span> <span class='ocrx_word' id='word_1_474' title='bbox 2998 2069 3194 2126; x_wconf 87' lang='lat' dir='ltr'><strong>Filium</strong></span> <span class='ocrx_word' id='word_1_475' title='bbox 3223 2070 3405 2128; x_wconf 88' lang='lat' dir='ltr'><strong>habet.</strong></span> 
     </span>
    </p>
   </div>
   <div class='ocr_carea' id='block_1_59' title="bbox 1821 2159 3411 2234">
    <p class='ocr_par' dir='ltr' id='par_1_59' title="bbox 1821 2159 3411 2234">
     <span class='ocr_line' id='line_1_59' title="bbox 1821 2159 3411 2234; baseline 0.001 -19"><span class='ocrx_word' id='word_1_476' title='bbox 1821 2159 1899 2216; x_wconf 90' lang='lat' dir='ltr'><strong>lta</strong></span> <span class='ocrx_word' id='word_1_477' title='bbox 1941 2162 2104 2216; x_wconf 90' lang='lat' dir='ltr'><strong>etiam</strong></span> <span class='ocrx_word' id='word_1_478' title='bbox 2148 2169 2204 2216; x_wconf 90' lang='lat' dir='ltr'><strong>et</strong></span> <span class='ocrx_word' id='word_1_479' title='bbox 2243 2161 2308 2216; x_wconf 90' lang='lat' dir='ltr'><strong>de</strong></span> <span class='ocrx_word' id='word_1_480' title='bbox 2338 2161 2477 2217; x_wconf 89' lang='lat' dir='ltr'><strong>Filio</strong></span> <span class='ocrx_word' id='word_1_481' title='bbox 2520 2160 2746 2218; x_wconf 87' lang='lat' dir='ltr'><strong>relative</strong></span> <span class='ocrx_word' id='word_1_482' title='bbox 2787 2162 3081 2234; x_wconf 87' lang='lat' dir='ltr'><strong>responde,</strong></span> <span class='ocrx_word' id='word_1_483' title='bbox 3126 2160 3246 2217; x_wconf 87' lang='lat' dir='ltr'><strong>ideo</strong></span> <span class='ocrx_word' id='word_1_484' title='bbox 3290 2176 3411 2218; x_wconf 81' lang='lat' dir='ltr'><strong>esse</strong></span> 
     </span>
    </p>
   </div>
   <div class='ocr_carea' id='block_1_60' title="bbox 1818 2251 3411 2327">
    <p class='ocr_par' dir='ltr' id='par_1_60' title="bbox 1818 2251 3411 2327">
     <span class='ocr_line' id='line_1_60' title="bbox 1818 2251 3411 2327; baseline 0.001 -19"><span class='ocrx_word' id='word_1_485' title='bbox 1818 2251 2017 2308; x_wconf 89' lang='lat' dir='ltr'><strong>Filium</strong></span> <span class='ocrx_word' id='word_1_486' title='bbox 2045 2253 2172 2324; x_wconf 86' lang='lat' dir='ltr'><strong>quia</strong></span> <span class='ocrx_word' id='word_1_487' title='bbox 2201 2253 2399 2309; x_wconf 82' lang='lat' dir='ltr'><strong>habeat</strong></span> <span class='ocrx_word' id='word_1_488' title='bbox 2424 2252 2662 2311; x_wconf 88' lang='lat' dir='ltr'><strong>Patrem.</strong></span> <span class='ocrx_word' id='word_1_489' title='bbox 2715 2252 2773 2310; x_wconf 92' lang='lat' dir='ltr'><strong>Si</strong></span> <span class='ocrx_word' id='word_1_490' title='bbox 2807 2269 2938 2327; x_wconf 89' lang='lat' dir='ltr'><strong>ergo</strong></span> <span class='ocrx_word' id='word_1_491' title='bbox 2969 2255 3173 2310; x_wconf 89' lang='lat' dir='ltr'><strong>dictum</strong></span> <span class='ocrx_word' id='word_1_492' title='bbox 3203 2253 3268 2309; x_wconf 92' lang='lat' dir='ltr'><strong>de</strong></span> <span class='ocrx_word' id='word_1_493' title='bbox 3300 2253 3411 2311; x_wconf 89' lang='lat' dir='ltr'><strong>Deo</strong></span> 
     </span>
    </p>
   </div>
   <div class='ocr_carea' id='block_1_61' title="bbox 1820 2344 3412 2418">
    <p class='ocr_par' dir='ltr' id='par_1_61' title="bbox 1820 2344 3412 2418">
     <span class='ocr_line' id='line_1_61' title="bbox 1820 2344 3412 2418; baseline 0.001 -18"><span class='ocrx_word' id='word_1_494' title='bbox 1820 2345 1918 2401; x_wconf 86' lang='lat' dir='ltr'><strong>tibi</strong></span> <span class='ocrx_word' id='word_1_495' title='bbox 1948 2345 2146 2413; x_wconf 79' lang='lat' dir='ltr'><strong>fuerit,</strong></span> <span class='ocrx_word' id='word_1_496' title='bbox 2182 2345 2453 2417; x_wconf 90' lang='lat' dir='ltr'><strong>quomodo</strong></span> <span class='ocrx_word' id='word_1_497' title='bbox 2489 2344 2652 2402; x_wconf 87' lang='lat' dir='ltr'><strong>Pater</strong></span> <span class='ocrx_word' id='word_1_498' title='bbox 2677 2347 2781 2403; x_wconf 82' lang='lat' dir='ltr'><strong>hoc</strong></span> <span class='ocrx_word' id='word_1_499' title='bbox 2809 2356 2892 2403; x_wconf 91' lang='lat' dir='ltr'><strong>est</strong></span> <span class='ocrx_word' id='word_1_500' title='bbox 2921 2347 3065 2418; x_wconf 91' lang='lat' dir='ltr'><strong>quod</strong></span> <span class='ocrx_word' id='word_1_501' title='bbox 3093 2347 3284 2412; x_wconf 86' lang='lat' dir='ltr'><strong>Filius,</strong></span> <span class='ocrx_word' id='word_1_502' title='bbox 3318 2357 3412 2404; x_wconf 87' lang='lat' dir='ltr'><strong>aut</strong></span> 
     </span>
    </p>
   </div>
   <div class='ocr_carea' id='block_1_62' title="bbox 1819 2435 3412 2509">
    <p class='ocr_par' dir='ltr' id='par_1_62' title="bbox 1819 2435 3412 2509">
     <span class='ocr_line' id='line_1_62' title="bbox 1819 2435 3412 2509; baseline 0.001 -17"><span class='ocrx_word' id='word_1_503' title='bbox 1819 2435 1988 2493; x_wconf 84' lang='lat' dir='ltr'><strong>Filius</strong></span> <span class='ocrx_word' id='word_1_504' title='bbox 2017 2437 2118 2494; x_wconf 91' lang='lat' dir='ltr'><strong>hoc</strong></span> <span class='ocrx_word' id='word_1_505' title='bbox 2147 2448 2231 2494; x_wconf 87' lang='lat' dir='ltr'><strong>est</strong></span> <span class='ocrx_word' id='word_1_506' title='bbox 2257 2438 2401 2509; x_wconf 89' lang='lat' dir='ltr'><strong>quod</strong></span> <span class='ocrx_word' id='word_1_507' title='bbox 2428 2437 2620 2493; x_wconf 88' lang='lat' dir='ltr'><strong>Pater:</strong></span> <span class='ocrx_word' id='word_1_508' title='bbox 2653 2438 2939 2508; x_wconf 81' lang='lat' dir='ltr'><strong>responde,</strong></span> <span class='ocrx_word' id='word_1_509' title='bbox 2963 2440 3256 2494; x_wconf 88' lang='lat' dir='ltr'><strong>secundum</strong></span> <span class='ocrx_word' id='word_1_510' title='bbox 3284 2438 3412 2494; x_wconf 85' lang='lat' dir='ltr'><strong>sub-</strong></span> 
     </span>
    </p>
   </div>
   <div class='ocr_carea' id='block_1_63' title="bbox 1819 2528 3410 2601">
    <p class='ocr_par' dir='ltr' id='par_1_63' title="bbox 1819 2528 3410 2601">
     <span class='ocr_line' id='line_1_63' title="bbox 1819 2528 3410 2601; baseline -0.001 -16"><span class='ocrx_word' id='word_1_511' title='bbox 1819 2529 2078 2585; x_wconf 83' lang='lat' dir='ltr'><strong>stantiam</strong></span> <span class='ocrx_word' id='word_1_512' title='bbox 2110 2530 2215 2585; x_wconf 92' lang='lat' dir='ltr'><strong>hoc</strong></span> <span class='ocrx_word' id='word_1_513' title='bbox 2252 2540 2339 2586; x_wconf 89' lang='lat' dir='ltr'><strong>est</strong></span> <span class='ocrx_word' id='word_1_514' title='bbox 2378 2529 2546 2584; x_wconf 88' lang='lat' dir='ltr'><strong>Filius</strong></span> <span class='ocrx_word' id='word_1_515' title='bbox 2589 2529 2731 2600; x_wconf 90' lang='lat' dir='ltr'><strong>quod</strong></span> <span class='ocrx_word' id='word_1_516' title='bbox 2760 2530 2954 2594; x_wconf 87' lang='lat' dir='ltr'><strong>Pater;</strong></span> <span class='ocrx_word' id='word_1_517' title='bbox 2990 2538 3046 2584; x_wconf 90' lang='lat' dir='ltr'><strong>et</strong></span> <span class='ocrx_word' id='word_1_518' title='bbox 3073 2529 3235 2585; x_wconf 88' lang='lat' dir='ltr'><strong>Pater</strong></span> <span class='ocrx_word' id='word_1_519' title='bbox 3265 2528 3410 2601; x_wconf 81' lang='lat' dir='ltr'><strong>quod</strong></span> 
     </span>
    </p>
   </div>
   <div class='ocr_carea' id='block_1_64' title="bbox 1821 2619 3407 2693">
    <p class='ocr_par' dir='ltr' id='par_1_64' title="bbox 1821 2619 3407 2693">
     <span class='ocr_line' id='line_1_64' title="bbox 1821 2619 3407 2693; baseline 0.002 -17"><span class='ocrx_word' id='word_1_520' title='bbox 1821 2619 2011 2693; x_wconf 86' lang='lat' dir='ltr'><strong>Filius,</strong></span> <span class='ocrx_word' id='word_1_521' title='bbox 2042 2623 2169 2693; x_wconf 90' lang='lat' dir='ltr'><strong>quia</strong></span> <span class='ocrx_word' id='word_1_522' title='bbox 2199 2638 2341 2678; x_wconf 88' lang='lat' dir='ltr'><strong>unus</strong></span> <span class='ocrx_word' id='word_1_523' title='bbox 2374 2632 2458 2678; x_wconf 90' lang='lat' dir='ltr'><strong>est</strong></span> <span class='ocrx_word' id='word_1_524' title='bbox 2487 2622 2656 2687; x_wconf 87' lang='lat' dir='ltr'><strong>Deus,</strong></span> <span class='ocrx_word' id='word_1_525' title='bbox 2698 2630 2754 2676; x_wconf 93' lang='lat' dir='ltr'><strong>et</strong></span> <span class='ocrx_word' id='word_1_526' title='bbox 2780 2637 2883 2676; x_wconf 88' lang='lat' dir='ltr'><strong>una</strong></span> <span class='ocrx_word' id='word_1_527' title='bbox 2918 2622 3219 2676; x_wconf 88' lang='lat' dir='ltr'><strong>substantia</strong></span> <span class='ocrx_word' id='word_1_528' title='bbox 3244 2621 3407 2678; x_wconf 85' lang='lat' dir='ltr'><strong>Pater</strong></span> 
     </span>
    </p>
   </div>
   <div class='ocr_carea' id='block_1_65' title="bbox 1821 2713 3401 2771">
    <p class='ocr_par' dir='ltr' id='par_1_65' title="bbox 1821 2713 3401 2771">
     <span class='ocr_line' id='line_1_65' title="bbox 1821 2713 3401 2771; baseline -0.002 0"><span class='ocrx_word' id='word_1_529' title='bbox 1821 2721 1876 2771; x_wconf 93' lang='lat' dir='ltr'><strong>et</strong></span> <span class='ocrx_word' id='word_1_530' title='bbox 1903 2714 2092 2770; x_wconf 88' lang='lat' dir='ltr'><strong>Filius.</strong></span> <span class='ocrx_word' id='word_1_531' title='bbox 2142 2713 2224 2770; x_wconf 89' lang='lat' dir='ltr'><strong>Ad</strong></span> <span class='ocrx_word' id='word_1_532' title='bbox 2255 2731 2313 2771; x_wconf 88' lang='lat' dir='ltr'><strong>se</strong></span> <span class='ocrx_word' id='word_1_533' title='bbox 2348 2717 2491 2770; x_wconf 87' lang='lat' dir='ltr'><strong>enim</strong></span> <span class='ocrx_word' id='word_1_534' title='bbox 2522 2713 2667 2771; x_wconf 86' lang='lat' dir='ltr'><strong>Deus</strong></span> <span class='ocrx_word' id='word_1_535' title='bbox 2710 2713 3138 2770; x_wconf 83' lang='lat' dir='ltr'><strong>substantialiter</strong></span> <span class='ocrx_word' id='word_1_536' title='bbox 3165 2713 3401 2768; x_wconf 85' lang='lat' dir='ltr'><strong>dicitur:</strong></span> 
     </span>
    </p>
   </div>
   <div class='ocr_carea' id='block_1_66' title="bbox 1821 2805 3405 2873">
    <p class='ocr_par' dir='ltr' id='par_1_66' title="bbox 1821 2805 3405 2873">
     <span class='ocr_line' id='line_1_66' title="bbox 1821 2805 3405 2873; baseline -0.002 -10"><span class='ocrx_word' id='word_1_537' title='bbox 1821 2807 1983 2863; x_wconf 87' lang='lat' dir='ltr'><strong>Pater</strong></span> <span class='ocrx_word' id='word_1_538' title='bbox 2011 2809 2079 2864; x_wconf 88' lang='lat' dir='ltr'><strong>ad</strong></span> <span class='ocrx_word' id='word_1_539' title='bbox 2104 2807 2330 2873; x_wconf 89' lang='lat' dir='ltr'><strong>Filium,</strong></span> <span class='ocrx_word' id='word_1_540' title='bbox 2360 2809 2445 2863; x_wconf 91' lang='lat' dir='ltr'><strong>vel</strong></span> <span class='ocrx_word' id='word_1_541' title='bbox 2474 2806 2643 2863; x_wconf 85' lang='lat' dir='ltr'><strong>Filius</strong></span> <span class='ocrx_word' id='word_1_542' title='bbox 2670 2806 2736 2864; x_wconf 88' lang='lat' dir='ltr'><strong>ad</strong></span> <span class='ocrx_word' id='word_1_543' title='bbox 2762 2805 2981 2862; x_wconf 89' lang='lat' dir='ltr'><strong>Patrem</strong></span> <span class='ocrx_word' id='word_1_544' title='bbox 3012 2806 3239 2861; x_wconf 86' lang='lat' dir='ltr'><strong>relative</strong></span> <span class='ocrx_word' id='word_1_545' title='bbox 3267 2805 3405 2862; x_wconf 88' lang='lat' dir='ltr'><strong>dici-</strong></span> 
     </span>
    </p>
   </div>
   <div class='ocr_carea' id='block_1_67' title="bbox 1822 2901 3408 2975">
    <p class='ocr_par' dir='ltr' id='par_1_67' title="bbox 1822 2901 3408 2975">
     <span class='ocr_line' id='line_1_67' title="bbox 1822 2901 3408 2975; baseline -0.001 -18"><span class='ocrx_word' id='word_1_546' title='bbox 1822 2911 1930 2957; x_wconf 90' lang='lat' dir='ltr'><strong>tur.</strong></span> <span class='ocrx_word' id='word_1_547' title='bbox 1977 2901 2138 2959; x_wconf 80' lang='lat' dir='ltr'><strong>Juxta</strong></span> <span class='ocrx_word' id='word_1_548' title='bbox 2164 2918 2411 2975; x_wconf 78' lang='lat' dir='ltr'><strong>personze</strong></span> <span class='ocrx_word' id='word_1_549' title='bbox 2438 2903 2823 2974; x_wconf 74' lang='lat' dir='ltr'><strong>proprietatem</strong></span> <span class='ocrx_word' id='word_1_550' title='bbox 2855 2917 2960 2957; x_wconf 89' lang='lat' dir='ltr'><strong>non</strong></span> <span class='ocrx_word' id='word_1_551' title='bbox 2991 2912 3077 2957; x_wconf 89' lang='lat' dir='ltr'><strong>est</strong></span> <span class='ocrx_word' id='word_1_552' title='bbox 3099 2901 3282 2968; x_wconf 90' lang='lat' dir='ltr'><strong>Pater,</strong></span> <span class='ocrx_word' id='word_1_553' title='bbox 3315 2902 3408 2971; x_wconf 88' lang='lat' dir='ltr'><strong>qui</strong></span> 
     </span>
    </p>
   </div>
   <div class='ocr_carea' id='block_1_68' title="bbox 1822 2990 3406 3063">
    <p class='ocr_par' dir='ltr' id='par_1_68' title="bbox 1822 2990 3406 3063">
     <span class='ocr_line' id='line_1_68' title="bbox 1822 2990 3406 3063; baseline -0.002 -16"><span class='ocrx_word' id='word_1_554' title='bbox 1822 2991 2025 3061; x_wconf 86' lang='lat' dir='ltr'><strong>Filius;</strong></span> <span class='ocrx_word' id='word_1_555' title='bbox 2059 3008 2160 3049; x_wconf 91' lang='lat' dir='ltr'><strong>nec</strong></span> <span class='ocrx_word' id='word_1_556' title='bbox 2188 2993 2381 3059; x_wconf 87' lang='lat' dir='ltr'><strong>Filius,</strong></span> <span class='ocrx_word' id='word_1_557' title='bbox 2413 2993 2506 3063; x_wconf 89' lang='lat' dir='ltr'><strong>qui</strong></span> <span class='ocrx_word' id='word_1_558' title='bbox 2538 2991 2716 3045; x_wconf 88' lang='lat' dir='ltr'><strong>Pater.</strong></span> <span class='ocrx_word' id='word_1_559' title='bbox 2746 2990 2906 3046; x_wconf 77' lang='lat' dir='ltr'><strong>Juxta</strong></span> <span class='ocrx_word' id='word_1_560' title='bbox 2935 2991 3251 3046; x_wconf 70' lang='lat' dir='ltr'><strong>substantiae</strong></span> <span class='ocrx_word' id='word_1_561' title='bbox 3282 2990 3406 3045; x_wconf 92' lang='lat' dir='ltr'><strong>uni-</strong></span> 
     </span>
    </p>
   </div>
   <div class='ocr_carea' id='block_1_69' title="bbox 1824 3079 3411 3152">
    <p class='ocr_par' dir='ltr' id='par_1_69' title="bbox 1824 3079 3411 3152">
     <span class='ocr_line' id='line_1_69' title="bbox 1824 3079 3411 3152; baseline -0.002 -14"><span class='ocrx_word' id='word_1_562' title='bbox 1824 3091 2013 3150; x_wconf 87' lang='lat' dir='ltr'><strong>tatem,</strong></span> <span class='ocrx_word' id='word_1_563' title='bbox 2043 3084 2146 3141; x_wconf 88' lang='lat' dir='ltr'><strong>hoc</strong></span> <span class='ocrx_word' id='word_1_564' title='bbox 2171 3090 2255 3140; x_wconf 89' lang='lat' dir='ltr'><strong>est</strong></span> <span class='ocrx_word' id='word_1_565' title='bbox 2283 3081 2446 3138; x_wconf 89' lang='lat' dir='ltr'><strong>Pater</strong></span> <span class='ocrx_word' id='word_1_566' title='bbox 2471 3083 2615 3152; x_wconf 92' lang='lat' dir='ltr'><strong>quod</strong></span> <span class='ocrx_word' id='word_1_567' title='bbox 2643 3080 2836 3147; x_wconf 86' lang='lat' dir='ltr'><strong>Filius,</strong></span> <span class='ocrx_word' id='word_1_568' title='bbox 2881 3081 2934 3136; x_wconf 89' lang='lat' dir='ltr'><strong>id</strong></span> <span class='ocrx_word' id='word_1_569' title='bbox 2962 3087 3066 3142; x_wconf 89' lang='lat' dir='ltr'><strong>est,</strong></span> <span class='ocrx_word' id='word_1_570' title='bbox 3098 3095 3240 3134; x_wconf 89' lang='lat' dir='ltr'><strong>unus</strong></span> <span class='ocrx_word' id='word_1_571' title='bbox 3268 3079 3411 3135; x_wconf 88' lang='lat' dir='ltr'><strong>Deus</strong></span> 
     </span>
    </p>
   </div>
   <div class='ocr_carea' id='block_1_70' title="bbox 1821 3171 3410 3245">
    <p class='ocr_par' dir='ltr' id='par_1_70' title="bbox 1821 3171 3410 3245">
     <span class='ocr_line' id='line_1_70' title="bbox 1821 3171 3410 3245; baseline 0 -16"><span class='ocrx_word' id='word_1_572' title='bbox 1821 3173 2181 3245; x_wconf 89' lang='lat' dir='ltr'><strong>omnipotens.</strong></span> <span class='ocrx_word' id='word_1_573' title='bbox 2215 3172 2484 3244; x_wconf 85' lang='lat' dir='ltr'><strong>Quidquid</strong></span> <span class='ocrx_word' id='word_1_574' title='bbox 2508 3188 2638 3243; x_wconf 87' lang='lat' dir='ltr'><strong>ergo</strong></span> <span class='ocrx_word' id='word_1_575' title='bbox 2663 3172 2730 3228; x_wconf 89' lang='lat' dir='ltr'><strong>ad</strong></span> <span class='ocrx_word' id='word_1_576' title='bbox 2758 3173 2996 3243; x_wconf 88' lang='lat' dir='ltr'><strong>seipsum</strong></span> <span class='ocrx_word' id='word_1_577' title='bbox 3022 3171 3220 3227; x_wconf 87' lang='lat' dir='ltr'><strong>dicitur</strong></span> <span class='ocrx_word' id='word_1_578' title='bbox 3243 3172 3410 3237; x_wconf 90' lang='lat' dir='ltr'><strong>Deus,</strong></span> 
     </span>
    </p>
   </div>
   <div class='ocr_carea' id='block_1_71' title="bbox 1821 3262 3411 3338">
    <p class='ocr_par' dir='ltr' id='par_1_71' title="bbox 1821 3262 3411 3338">
     <span class='ocr_line' id='line_1_71' title="bbox 1821 3262 3411 3338; baseline -0.002 -18"><span class='ocrx_word' id='word_1_579' title='bbox 1821 3276 1878 3321; x_wconf 87' lang='lat' dir='ltr'><strong>et</strong></span> <span class='ocrx_word' id='word_1_580' title='bbox 1901 3264 1968 3320; x_wconf 92' lang='lat' dir='ltr'><strong>de</strong></span> <span class='ocrx_word' id='word_1_581' title='bbox 1993 3263 2222 3338; x_wconf 83' lang='lat' dir='ltr'><strong>singulis</strong></span> <span class='ocrx_word' id='word_1_582' title='bbox 2247 3264 2496 3337; x_wconf 89' lang='lat' dir='ltr'><strong>personis</strong></span> <span class='ocrx_word' id='word_1_583' title='bbox 2525 3264 2744 3330; x_wconf 88' lang='lat' dir='ltr'><strong>dicitur,</strong></span> <span class='ocrx_word' id='word_1_584' title='bbox 2775 3262 2942 3318; x_wconf 84' lang='lat' dir='ltr'><strong>Patre</strong></span> <span class='ocrx_word' id='word_1_585' title='bbox 2968 3271 3022 3319; x_wconf 91' lang='lat' dir='ltr'><strong>et</strong></span> <span class='ocrx_word' id='word_1_586' title='bbox 3049 3262 3187 3319; x_wconf 88' lang='lat' dir='ltr'><strong>Filio</strong></span> <span class='ocrx_word' id='word_1_587' title='bbox 3211 3272 3268 3319; x_wconf 92' lang='lat' dir='ltr'><strong>et</strong></span> <span class='ocrx_word' id='word_1_588' title='bbox 3291 3262 3411 3334; x_wconf 89' lang='lat' dir='ltr'><strong>Spi-</strong></span> 
     </span>
    </p>
   </div>
   <div class='ocr_carea' id='block_1_72' title="bbox 1821 3355 3412 3428">
    <p class='ocr_par' dir='ltr' id='par_1_72' title="bbox 1821 3355 3412 3428">
     <span class='ocr_line' id='line_1_72' title="bbox 1821 3355 3412 3428; baseline -0.003 -14"><span class='ocrx_word' id='word_1_589' title='bbox 1821 3357 1932 3414; x_wconf 85' lang='lat' dir='ltr'><strong>ritu</strong></span> <span class='ocrx_word' id='word_1_590' title='bbox 1960 3365 2184 3426; x_wconf 84' lang='lat' dir='ltr'><strong>sancto;</strong></span> <span class='ocrx_word' id='word_1_591' title='bbox 2222 3365 2278 3413; x_wconf 84' lang='lat' dir='ltr'><strong>et</strong></span> <span class='ocrx_word' id='word_1_592' title='bbox 2303 3355 2462 3414; x_wconf 88' lang='lat' dir='ltr'><strong>simul</strong></span> <span class='ocrx_word' id='word_1_593' title='bbox 2491 3357 2557 3413; x_wconf 89' lang='lat' dir='ltr'><strong>de</strong></span> <span class='ocrx_word' id='word_1_594' title='bbox 2584 3357 2699 3428; x_wconf 90' lang='lat' dir='ltr'><strong>ipsa</strong></span> <span class='ocrx_word' id='word_1_595' title='bbox 2729 3356 3019 3424; x_wconf 88' lang='lat' dir='ltr'><strong>Trinitate,</strong></span> <span class='ocrx_word' id='word_1_596' title='bbox 3047 3373 3156 3413; x_wconf 91' lang='lat' dir='ltr'><strong>non</strong></span> <span class='ocrx_word' id='word_1_597' title='bbox 3185 3355 3412 3427; x_wconf 89' lang='lat' dir='ltr'><strong>plurali-</strong></span> 
     </span>
    </p>
   </div>
   <div class='ocr_carea' id='block_1_73' title="bbox 1879 3448 3412 3524">
    <p class='ocr_par' dir='ltr' id='par_1_73' title="bbox 1879 3448 3412 3524">
     <span class='ocr_line' id='line_1_73' title="bbox 1879 3448 3412 3524; baseline -0.004 -14"><span class='ocrx_word' id='word_1_598' title='bbox 1879 3469 1926 3520; x_wconf 88' lang='lat' dir='ltr'><strong>r,</strong></span> <span class='ocrx_word' id='word_1_599' title='bbox 1957 3453 2053 3510; x_wconf 89' lang='lat' dir='ltr'><strong>sed</strong></span> <span class='ocrx_word' id='word_1_600' title='bbox 2081 3450 2426 3524; x_wconf 80' lang='lat' dir='ltr'><strong>singulariter</strong></span> <span class='ocrx_word' id='word_1_601' title='bbox 2449 3450 2738 3508; x_wconf 76' lang='lat' dir='ltr'><strong>dicendum</strong></span> <span class='ocrx_word' id='word_1_602' title='bbox 2765 3457 2868 3507; x_wconf 85' lang='lat' dir='ltr'><strong>est.</strong></span> <span class='ocrx_word' id='word_1_603' title='bbox 2915 3448 3182 3519; x_wconf 88' lang='lat' dir='ltr'><strong>Quoniam</strong></span> <span class='ocrx_word' id='word_1_604' title='bbox 3211 3449 3412 3520; x_wconf 83' lang='lat' dir='ltr'><strong>quippe</strong></span> 
     </span>
    </p>
   </div>
   <div class='ocr_carea' id='block_1_74' title="bbox 1827 3539 3410 3612">
    <p class='ocr_par' dir='ltr' id='par_1_74' title="bbox 1827 3539 3410 3612">
     <span class='ocr_line' id='line_1_74' title="bbox 1827 3539 3410 3612; baseline -0.004 -14"><span class='ocrx_word' id='word_1_605' title='bbox 1827 3559 1934 3599; x_wconf 91' lang='lat' dir='ltr'><strong>non</strong></span> <span class='ocrx_word' id='word_1_606' title='bbox 1965 3543 2109 3600; x_wconf 84' lang='lat' dir='ltr'><strong>aliud</strong></span> <span class='ocrx_word' id='word_1_607' title='bbox 2136 3550 2219 3598; x_wconf 91' lang='lat' dir='ltr'><strong>est</strong></span> <span class='ocrx_word' id='word_1_608' title='bbox 2246 3540 2357 3598; x_wconf 88' lang='lat' dir='ltr'><strong>Deo</strong></span> <span class='ocrx_word' id='word_1_609' title='bbox 2385 3555 2526 3609; x_wconf 88' lang='lat' dir='ltr'><strong>esse,</strong></span> <span class='ocrx_word' id='word_1_610' title='bbox 2564 3549 2621 3598; x_wconf 90' lang='lat' dir='ltr'><strong>et</strong></span> <span class='ocrx_word' id='word_1_611' title='bbox 2657 3540 2801 3597; x_wconf 89' lang='lat' dir='ltr'><strong>aliud</strong></span> <span class='ocrx_word' id='word_1_612' title='bbox 2840 3556 3095 3612; x_wconf 87' lang='lat' dir='ltr'><strong>magnum</strong></span> <span class='ocrx_word' id='word_1_613' title='bbox 3121 3553 3279 3606; x_wconf 89' lang='lat' dir='ltr'><strong>esse;</strong></span> <span class='ocrx_word' id='word_1_614' title='bbox 3326 3539 3410 3594; x_wconf 87' lang='lat' dir='ltr'><strong>vel</strong></span> 
     </span>
    </p>
   </div>
   <div class='ocr_carea' id='block_1_75' title="bbox 1825 3630 3412 3704">
    <p class='ocr_par' dir='ltr' id='par_1_75' title="bbox 1825 3630 3412 3704">
     <span class='ocr_line' id='line_1_75' title="bbox 1825 3630 3412 3704; baseline -0.004 -12"><span class='ocrx_word' id='word_1_615' title='bbox 1825 3635 1972 3693; x_wconf 87' lang='lat' dir='ltr'><strong>aliud</strong></span> <span class='ocrx_word' id='word_1_616' title='bbox 1999 3650 2141 3704; x_wconf 88' lang='lat' dir='ltr'><strong>esse,</strong></span> <span class='ocrx_word' id='word_1_617' title='bbox 2180 3643 2234 3692; x_wconf 88' lang='lat' dir='ltr'><strong>et</strong></span> <span class='ocrx_word' id='word_1_618' title='bbox 2266 3632 2410 3691; x_wconf 82' lang='lat' dir='ltr'><strong>aliud</strong></span> <span class='ocrx_word' id='word_1_619' title='bbox 2438 3635 2638 3691; x_wconf 88' lang='lat' dir='ltr'><strong>bonum</strong></span> <span class='ocrx_word' id='word_1_620' title='bbox 2665 3649 2824 3700; x_wconf 88' lang='lat' dir='ltr'><strong>esse;</strong></span> <span class='ocrx_word' id='word_1_621' title='bbox 2873 3633 2968 3690; x_wconf 88' lang='lat' dir='ltr'><strong>sed</strong></span> <span class='ocrx_word' id='word_1_622' title='bbox 3007 3634 3111 3688; x_wconf 91' lang='lat' dir='ltr'><strong>hoc</strong></span> <span class='ocrx_word' id='word_1_623' title='bbox 3149 3630 3296 3688; x_wconf 88' lang='lat' dir='ltr'><strong>idem</strong></span> <span class='ocrx_word' id='word_1_624' title='bbox 3335 3631 3412 3686; x_wconf 76' lang='lat' dir='ltr'><strong>illi</strong></span> 
     </span>
    </p>
   </div>
   <div class='ocr_carea' id='block_1_76' title="bbox 1824 3728 3410 3800">
    <p class='ocr_par' dir='ltr' id='par_1_76' title="bbox 1824 3728 3410 3800">
     <span class='ocr_line' id='line_1_76' title="bbox 1824 3728 3410 3800; baseline -0.004 -14"><span class='ocrx_word' id='word_1_625' title='bbox 1824 3739 1906 3787; x_wconf 90' lang='lat' dir='ltr'><strong>est</strong></span> <span class='ocrx_word' id='word_1_626' title='bbox 1934 3739 1988 3786; x_wconf 91' lang='lat' dir='ltr'><strong>et</strong></span> <span class='ocrx_word' id='word_1_627' title='bbox 2013 3745 2159 3797; x_wconf 89' lang='lat' dir='ltr'><strong>esse,</strong></span> <span class='ocrx_word' id='word_1_628' title='bbox 2186 3738 2242 3786; x_wconf 92' lang='lat' dir='ltr'><strong>et</strong></span> <span class='ocrx_word' id='word_1_629' title='bbox 2269 3742 2523 3800; x_wconf 83' lang='lat' dir='ltr'><strong>magnum</strong></span> <span class='ocrx_word' id='word_1_630' title='bbox 2547 3741 2691 3793; x_wconf 87' lang='lat' dir='ltr'><strong>esse,</strong></span> <span class='ocrx_word' id='word_1_631' title='bbox 2713 3737 2932 3792; x_wconf 87' lang='lat' dir='ltr'><strong>etesse,</strong></span> <span class='ocrx_word' id='word_1_632' title='bbox 2949 3733 3004 3783; x_wconf 89' lang='lat' dir='ltr'><strong>et</strong></span> <span class='ocrx_word' id='word_1_633' title='bbox 3031 3728 3234 3783; x_wconf 89' lang='lat' dir='ltr'><strong>bonum</strong></span> <span class='ocrx_word' id='word_1_634' title='bbox 3264 3740 3410 3782; x_wconf 88' lang='lat' dir='ltr'><strong>esse.</strong></span> 
     </span>
    </p>
   </div>
   <div class='ocr_carea' id='block_1_77' title="bbox 1821 3819 3413 3892">
    <p class='ocr_par' dir='ltr' id='par_1_77' title="bbox 1821 3819 3413 3892">
     <span class='ocr_line' id='line_1_77' title="bbox 1821 3819 3413 3892; baseline -0.003 -15"><span class='ocrx_word' id='word_1_635' title='bbox 1821 3821 2117 3892; x_wconf 84' lang='lat' dir='ltr'><strong>Propterea</strong></span> <span class='ocrx_word' id='word_1_636' title='bbox 2147 3823 2288 3877; x_wconf 87' lang='lat' dir='ltr'><strong>sicut</strong></span> <span class='ocrx_word' id='word_1_637' title='bbox 2314 3836 2421 3877; x_wconf 89' lang='lat' dir='ltr'><strong>non</strong></span> <span class='ocrx_word' id='word_1_638' title='bbox 2449 3819 2680 3877; x_wconf 87' lang='lat' dir='ltr'><strong>dicimus</strong></span> <span class='ocrx_word' id='word_1_639' title='bbox 2705 3828 2821 3876; x_wconf 87' lang='lat' dir='ltr'><strong>tres</strong></span> <span class='ocrx_word' id='word_1_640' title='bbox 2853 3821 2983 3875; x_wconf 88' lang='lat' dir='ltr'><strong>deos</strong></span> <span class='ocrx_word' id='word_1_641' title='bbox 3001 3861 3014 3884; x_wconf 92' lang='lat'><strong>,</strong></span> <span class='ocrx_word' id='word_1_642' title='bbox 3059 3834 3162 3875; x_wconf 85' lang='lat' dir='ltr'><strong>nec</strong></span> <span class='ocrx_word' id='word_1_643' title='bbox 3189 3827 3302 3875; x_wconf 89' lang='lat' dir='ltr'><strong>tres</strong></span> <span class='ocrx_word' id='word_1_644' title='bbox 3329 3833 3413 3874; x_wconf 74' lang='lat' dir='ltr'><strong>es—</strong></span> 
     </span>
    </p>
   </div>
   <div class='ocr_carea' id='block_1_78' title="bbox 1824 3912 3413 3986">
    <p class='ocr_par' dir='ltr' id='par_1_78' title="bbox 1824 3912 3413 3986">
     <span class='ocr_line' id='line_1_78' title="bbox 1824 3912 3413 3986; baseline -0.003 -14"><span class='ocrx_word' id='word_1_645' title='bbox 1824 3916 2047 3982; x_wconf 90' lang='lat' dir='ltr'><strong>sentias,</strong></span> <span class='ocrx_word' id='word_1_646' title='bbox 2079 3917 2158 3972; x_wconf 89' lang='lat' dir='ltr'><strong>sic</strong></span> <span class='ocrx_word' id='word_1_647' title='bbox 2191 3931 2298 3971; x_wconf 89' lang='lat' dir='ltr'><strong>non</strong></span> <span class='ocrx_word' id='word_1_648' title='bbox 2325 3915 2559 3971; x_wconf 87' lang='lat' dir='ltr'><strong>dicimus</strong></span> <span class='ocrx_word' id='word_1_649' title='bbox 2589 3923 2700 3970; x_wconf 88' lang='lat' dir='ltr'><strong>tres</strong></span> <span class='ocrx_word' id='word_1_650' title='bbox 2727 3912 3146 3986; x_wconf 83' lang='lat' dir='ltr'><strong>magnitudines,</strong></span> <span class='ocrx_word' id='word_1_651' title='bbox 3173 3926 3275 3968; x_wconf 89' lang='lat' dir='ltr'><strong>nec</strong></span> <span class='ocrx_word' id='word_1_652' title='bbox 3302 3920 3413 3968; x_wconf 87' lang='lat' dir='ltr'><strong>tres</strong></span> 
     </span>
    </p>
   </div>
   <div class='ocr_carea' id='block_1_79' title="bbox 1820 4005 3424 4074">
    <p class='ocr_par' dir='ltr' id='par_1_79' title="bbox 1820 4005 3424 4074">
     <span class='ocr_line' id='line_1_79' title="bbox 1820 4005 3424 4074; baseline -0.004 -8"><span class='ocrx_word' id='word_1_653' title='bbox 1820 4007 2119 4066; x_wconf 86' lang='lat' dir='ltr'><strong>bonitates:</strong></span> <span class='ocrx_word' id='word_1_654' title='bbox 2142 4009 2236 4065; x_wconf 88' lang='lat' dir='ltr'><strong>sed</strong></span> <span class='ocrx_word' id='word_1_655' title='bbox 2256 4023 2422 4064; x_wconf 90' lang='lat' dir='ltr'><strong>unum</strong></span> <span class='ocrx_word' id='word_1_656' title='bbox 2444 4007 2636 4074; x_wconf 87' lang='lat' dir='ltr'><strong>Deum,</strong></span> <span class='ocrx_word' id='word_1_657' title='bbox 2655 4020 2820 4062; x_wconf 88' lang='lat' dir='ltr'><strong>unam</strong></span> <span class='ocrx_word' id='word_1_658' title='bbox 2840 4005 3156 4070; x_wconf 87' lang='lat' dir='ltr'><strong>essentiam,</strong></span> <span class='ocrx_word' id='word_1_659' title='bbox 3172 4009 3228 4058; x_wconf 91' lang='lat' dir='ltr'><strong>et</strong></span> <span class='ocrx_word' id='word_1_660' title='bbox 3246 4018 3424 4060; x_wconf 83' lang='lat' dir='ltr'><strong>unam.</strong></span> 
     </span>
    </p>
   </div>
   <div class='ocr_carea' id='block_1_80' title="bbox 1820 4098 2885 4178">
    <p class='ocr_par' dir='ltr' id='par_1_80' title="bbox 1820 4098 2885 4178">
     <span class='ocr_line' id='line_1_80' title="bbox 1820 4098 2885 4178; baseline -0.008 -15"><span class='ocrx_word' id='word_1_661' title='bbox 1820 4105 2268 4178; x_wconf 88' lang='lat' dir='ltr'><strong>magnitudinem,</strong></span> <span class='ocrx_word' id='word_1_662' title='bbox 2294 4108 2349 4160; x_wconf 89' lang='lat' dir='ltr'><strong>et</strong></span> <span class='ocrx_word' id='word_1_663' title='bbox 2375 4114 2543 4159; x_wconf 87' lang='lat' dir='ltr'><strong>unam</strong></span> <span class='ocrx_word' id='word_1_664' title='bbox 2567 4098 2885 4158; x_wconf 79' lang='lat' dir='ltr'><strong>bonitatem.</strong></span> 
     </span>
    </p>
   </div>
   <div class='ocr_carea' id='block_1_81' title="bbox 2051 4188 3178 4312">
    <p class='ocr_par' dir='ltr' id='par_1_81' title="bbox 2051 4188 3178 4312">
     <span class='ocr_line' id='line_1_81' title="bbox 2051 4188 3178 4312; baseline -0.01 -15"><span class='ocrx_word' id='word_1_665' title='bbox 2051 4238 2280 4298; x_wconf 80' lang='lat' dir='ltr'><strong>CAPUT</strong></span> <span class='ocrx_word' id='word_1_666' title='bbox 2315 4235 2427 4295; x_wconf 83' lang='lat' dir='ltr'><strong>Vill</strong></span> <span class='ocrx_word' id='word_1_667' title='bbox 2457 4235 2626 4312; x_wconf 66' lang='lat' dir='ltr'><strong>(amr.</strong></span> <span class='ocrx_word' id='word_1_668' title='bbox 2653 4254 2771 4293; x_wconf 72' lang='lat' dir='ltr'><strong>cn.</strong></span> <span class='ocrx_word' id='word_1_669' title='bbox 2797 4251 2884 4302; x_wconf 79' lang='lat' dir='ltr'><strong>ix;</strong></span> <span class='ocrx_word' id='word_1_670' title='bbox 2913 4249 2967 4290; x_wconf 72' lang='lat' dir='ltr'><strong>tu</strong></span> <span class='ocrx_word' id='word_1_671' title='bbox 2991 4188 3076 4289; x_wconf 73' lang='lat' dir='ltr'><strong>us.</strong></span> <span class='ocrx_word' id='word_1_672' title='bbox 3100 4232 3178 4305; x_wconf 70' lang='grc' dir='ltr'><strong>κ).</strong></span> 
     </span>
    </p>
   </div>
   <div class='ocr_carea' id='block_1_82' title="bbox 1823 4341 3422 4424">
    <p class='ocr_par' dir='ltr' id='par_1_82' title="bbox 1823 4341 3422 4424">
     <span class='ocr_line' id='line_1_82' title="bbox 1823 4341 3422 4424; baseline -0.009 -13"><span class='ocrx_word' id='word_1_673' title='bbox 1823 4355 1977 4424; x_wconf 79' lang='lat' dir='ltr'><strong>Quod</strong></span> <span class='ocrx_word' id='word_1_674' title='bbox 2005 4371 2106 4410; x_wconf 84' lang='lat' dir='ltr'><strong>non</strong></span> <span class='ocrx_word' id='word_1_675' title='bbox 2135 4354 2202 4408; x_wconf 85' lang='lat' dir='ltr'><strong>sit</strong></span> <span class='ocrx_word' id='word_1_676' title='bbox 2227 4353 2402 4424; x_wconf 82' lang='lat' dir='ltr'><strong>majus</strong></span> <span class='ocrx_word' id='word_1_677' title='bbox 2428 4350 2629 4424; x_wconf 78' lang='lat' dir='ltr'><strong>aliquid</strong></span> <span class='ocrx_word' id='word_1_678' title='bbox 2654 4349 2814 4424; x_wconf 76' lang='lat' dir='ltr'><strong>Pater</strong></span> <span class='ocrx_word' id='word_1_679' title='bbox 2839 4356 2885 4402; x_wconf 86' lang='lat' dir='ltr'><strong>et</strong></span> <span class='ocrx_word' id='word_1_680' title='bbox 2911 4345 3082 4424; x_wconf 66' lang='lat' dir='ltr'><strong>Filius</strong></span> <span class='ocrx_word' id='word_1_681' title='bbox 3107 4353 3158 4399; x_wconf 82' lang='lat' dir='ltr'><strong>et</strong></span> <span class='ocrx_word' id='word_1_682' title='bbox 3182 4341 3422 4415; x_wconf 76' lang='lat' dir='ltr'><strong>Spiritus</strong></span> 
     </span>
    </p>
   </div>
   <div class='ocr_carea' id='block_1_83' title="bbox 1891 4417 3413 4509">
    <p class='ocr_par' dir='ltr' id='par_1_83' title="bbox 1891 4417 3413 4509">
     <span class='ocr_line' id='line_1_83' title="bbox 1891 4417 3413 4509; baseline -0.01 -27"><span class='ocrx_word' id='word_1_683' title='bbox 1891 4435 2104 4509; x_wconf 73' lang='lat' dir='ltr'><strong>sanctus</strong></span> <span class='ocrx_word' id='word_1_684' title='bbox 2134 4423 2291 4480; x_wconf 80' lang='lat' dir='ltr'><strong>simul</strong></span> <span class='ocrx_word' id='word_1_685' title='bbox 2309 4417 2476 4489; x_wconf 57' lang='lat' dir='ltr'><strong>&#39;dicti,</strong></span> <span class='ocrx_word' id='word_1_686' title='bbox 2513 4417 2684 4494; x_wconf 54' lang='lat' dir='ltr'><strong>quam;</strong></span> <span class='ocrx_word' id='word_1_687' title='bbox 2724 4417 3070 4489; x_wconf 65' lang='lat' dir='ltr'><strong>unaquaalibet</strong></span> <span class='ocrx_word' id='word_1_688' title='bbox 3097 4430 3321 4487; x_wconf 80' lang='lat' dir='ltr'><strong>persona</strong></span> <span class='ocrx_word' id='word_1_689' title='bbox 3349 4429 3413 4467; x_wconf 74' lang='lat' dir='ltr'><strong>ex</strong></span> 
     </span>
    </p>
   </div>
   <div class='ocr_carea' id='block_1_84' title="bbox 1891 4514 1984 4552">
    <p class='ocr_par' dir='ltr' id='par_1_84' title="bbox 1891 4514 1984 4552">
     <span class='ocr_line' id='line_1_84' title="bbox 1891 4514 1984 4552; baseline -0.022 0"><span class='ocrx_word' id='word_1_690' title='bbox 1891 4514 1984 4552; x_wconf 68' lang='grc' dir='ltr'><strong>ϐω.</strong></span> 
     </span>
    </p>
   </div>
   <div class='ocr_carea' id='block_1_85' title="bbox 1889 4594 3410 4678">
    <p class='ocr_par' dir='ltr' id='par_1_85' title="bbox 1889 4594 3410 4678">
     <span class='ocr_line' id='line_1_85' title="bbox 1889 4594 3410 4678; baseline -0.01 -16"><span class='ocrx_word' id='word_1_691' title='bbox 1889 4607 2106 4678; x_wconf 89' lang='lat' dir='ltr'><strong>Absque</strong></span> <span class='ocrx_word' id='word_1_692' title='bbox 2123 4607 2270 4663; x_wconf 87' lang='lat' dir='ltr'><strong>omni</strong></span> <span class='ocrx_word' id='word_1_693' title='bbox 2295 4605 2502 4662; x_wconf 88' lang='lat' dir='ltr'><strong>scilicet</strong></span> <span class='ocrx_word' id='word_1_694' title='bbox 2524 4598 2860 4659; x_wconf 86' lang='lat' dir='ltr'><strong>dubitatione</strong></span> <span class='ocrx_word' id='word_1_695' title='bbox 2876 4596 3023 4654; x_wconf 89' lang='lat' dir='ltr'><strong>credi</strong></span> <span class='ocrx_word' id='word_1_696' title='bbox 3044 4594 3410 4652; x_wconf 85' lang='lat' dir='ltr'><strong>necessarium</strong></span> 
     </span>
    </p>
   </div>
   <div class='ocr_carea' id='block_1_86' title="bbox 1820 4685 3414 4770">
    <p class='ocr_par' dir='ltr' id='par_1_86' title="bbox 1820 4685 3414 4770">
     <span class='ocr_line' id='line_1_86' title="bbox 1820 4685 3414 4770; baseline -0.012 -13"><span class='ocrx_word' id='word_1_697' title='bbox 1820 4705 1906 4756; x_wconf 89' lang='lat' dir='ltr'><strong>est</strong></span> <span class='ocrx_word' id='word_1_698' title='bbox 1931 4699 2077 4770; x_wconf 84' lang='lat' dir='ltr'><strong>quod</strong></span> <span class='ocrx_word' id='word_1_699' title='bbox 2119 4700 2277 4755; x_wconf 88' lang='lat' dir='ltr'><strong>Pater</strong></span> <span class='ocrx_word' id='word_1_700' title='bbox 2305 4697 2496 4768; x_wconf 87' lang='lat' dir='ltr'><strong>plenus</strong></span> <span class='ocrx_word' id='word_1_701' title='bbox 2536 4706 2591 4750; x_wconf 88' lang='lat' dir='ltr'><strong>et</strong></span> <span class='ocrx_word' id='word_1_702' title='bbox 2631 4688 2904 4764; x_wconf 77' lang='lat' dir='ltr'><strong>perfectus</strong></span> <span class='ocrx_word' id='word_1_703' title='bbox 2932 4697 3021 4745; x_wconf 87' lang='lat' dir='ltr'><strong>est</strong></span> <span class='ocrx_word' id='word_1_704' title='bbox 3042 4687 3208 4754; x_wconf 87' lang='lat' dir='ltr'><strong>Deus,</strong></span> <span class='ocrx_word' id='word_1_705' title='bbox 3239 4685 3414 4740; x_wconf 87' lang='lat' dir='ltr'><strong>Filius</strong></span> 
     </span>
    </p>
   </div>
   <div class='ocr_carea' id='block_1_87' title="bbox 110 4775 1826 4881">
    <p class='ocr_par' dir='ltr' id='par_1_87' title="bbox 110 4775 1826 4881">
     <span class='ocr_line' id='line_1_87' title="bbox 110 4775 1826 4881; baseline -0.002 -44"><span class='ocrx_word' id='word_1_706' title='bbox 110 4782 246 4854; x_wconf 90' lang='lat' dir='ltr'><strong>quia</strong></span> <span class='ocrx_word' id='word_1_707' title='bbox 295 4796 403 4836; x_wconf 90' lang='lat' dir='ltr'><strong>non</strong></span> <span class='ocrx_word' id='word_1_708' title='bbox 451 4777 616 4835; x_wconf 88' lang='lat' dir='ltr'><strong>simul</strong></span> <span class='ocrx_word' id='word_1_709' title='bbox 656 4779 820 4834; x_wconf 90' lang='lat' dir='ltr'><strong>ambo</strong></span> <span class='ocrx_word' id='word_1_710' title='bbox 866 4777 1064 4844; x_wconf 87' lang='lat' dir='ltr'><strong>Filius;</strong></span> <span class='ocrx_word' id='word_1_711' title='bbox 1107 4792 1210 4832; x_wconf 91' lang='lat' dir='ltr'><strong>nec</strong></span> <span class='ocrx_word' id='word_1_712' title='bbox 1237 4775 1398 4832; x_wconf 89' lang='lat' dir='ltr'><strong>Pater</strong></span> <span class='ocrx_word' id='word_1_713' title='bbox 1425 4776 1493 4833; x_wconf 90' lang='lat' dir='ltr'><strong>de</strong></span> <span class='ocrx_word' id='word_1_714' title='bbox 1529 4776 1715 4844; x_wconf 88' lang='lat' dir='ltr'><strong>Patre,</strong></span> <span class='ocrx_word' id='word_1_715' title='bbox 1749 4802 1826 4881; x_wconf 70' lang='grc' dir='ltr'><strong>ο]</strong></span> 
     </span>
    </p>
   </div>
   <div class='ocr_carea' id='block_1_88' title="bbox 1695 4775 3411 4881">
    <p class='ocr_par' dir='ltr' id='par_1_88' title="bbox 1699 4776 3411 4881">
     <span class='ocr_line' id='line_1_88' title="bbox 1699 4776 3411 4881; baseline -0.009 -37"><span class='ocrx_word' id='word_1_716' title='bbox 1699 4819 1715 4844; x_wconf 71' lang='grc' dir='ltr'><strong>ν</strong></span> <span class='ocrx_word' id='word_1_717' title='bbox 1749 4820 1797 4881; x_wconf 71' lang='grc' dir='ltr'>ο</span> <span class='ocrx_word' id='word_1_718' title='bbox 1819 4786 2021 4881; x_wconf 77' lang='lat' dir='ltr'><strong>plenus</strong></span> <span class='ocrx_word' id='word_1_719' title='bbox 2037 4793 2093 4845; x_wconf 88' lang='lat' dir='ltr'><strong>et</strong></span> <span class='ocrx_word' id='word_1_720' title='bbox 2115 4786 2387 4881; x_wconf 59' lang='lat' dir='ltr'><strong>perfectus</strong></span> <span class='ocrx_word' id='word_1_721' title='bbox 2413 4790 2498 4842; x_wconf 89' lang='lat' dir='ltr'><strong>est</strong></span> <span class='ocrx_word' id='word_1_722' title='bbox 2521 4783 2686 4848; x_wconf 87' lang='lat' dir='ltr'><strong>Deus,</strong></span> <span class='ocrx_word' id='word_1_723' title='bbox 2715 4779 2950 4852; x_wconf 84' lang='lat' dir='ltr'><strong>Spiritus</strong></span> <span class='ocrx_word' id='word_1_724' title='bbox 2977 4785 3209 4881; x_wconf 62' lang='lat' dir='ltr'><strong>sanctus</strong></span> <span class='ocrx_word' id='word_1_725' title='bbox 3219 4776 3411 4846; x_wconf 88' lang='lat' dir='ltr'><strong>plenus</strong></span> 
     </span>
    </p>
   </div>
   <div class='ocr_carea' id='block_1_89' title="bbox 113 4867 3413 4951">
    <p class='ocr_par' dir='ltr' id='par_1_89' title="bbox 113 4867 3413 4951">
     <span class='ocr_line' id='line_1_89' title="bbox 113 4867 3413 4951; baseline -0.006 -9"><span class='ocrx_word' id='word_1_726' title='bbox 113 4877 248 4948; x_wconf 73' lang='lat' dir='ltr'><strong>quia</strong></span> <span class='ocrx_word' id='word_1_727' title='bbox 275 4891 381 4930; x_wconf 77' lang='grc' dir='ltr'>ηοῐι</span> <span class='ocrx_word' id='word_1_728' title='bbox 407 4873 566 4928; x_wconf 58' lang='lat' dir='ltr'><strong>Simili</strong></span> <span class='ocrx_word' id='word_1_729' title='bbox 595 4872 757 4927; x_wconf 69' lang='lat' dir='ltr'><strong>ambo</strong></span> <span class='ocrx_word' id='word_1_730' title='bbox 781 4871 945 4925; x_wconf 67' lang='grc' dir='ltr'><strong>Ρθῑθτ</strong></span> <span class='ocrx_word' id='word_1_731' title='bbox 971 4871 1049 4942; x_wconf 62' lang='lat' dir='ltr'><strong>[&#39;3t</strong></span> <span class='ocrx_word' id='word_1_732' title='bbox 1069 4870 1190 4925; x_wconf 73' lang='lat' dir='ltr'><strong>ideo</strong></span> <span class='ocrx_word' id='word_1_733' title='bbox 1210 4870 1354 4940; x_wconf 76' lang='grc' dir='ltr'><strong>ψιοά</strong></span> <span class='ocrx_word' id='word_1_734' title='bbox 1374 4869 1717 4941; x_wconf 73' lang='lat' dir='ltr'><strong>Evangelista</strong></span> <span class='ocrx_word' id='word_1_735' title='bbox 1750 4867 1792 4881; x_wconf 55' lang='grc'><strong>⁷</strong></span> <span class='ocrx_word' id='word_1_736' title='bbox 1819 4885 1875 4936; x_wconf 91' lang='lat' dir='ltr'><strong>et</strong></span> <span class='ocrx_word' id='word_1_737' title='bbox 1899 4867 2173 4951; x_wconf 83' lang='lat' dir='ltr'><strong>perfectus</strong></span> <span class='ocrx_word' id='word_1_738' title='bbox 2203 4885 2286 4935; x_wconf 91' lang='lat' dir='ltr'><strong>est</strong></span> <span class='ocrx_word' id='word_1_739' title='bbox 2310 4875 2452 4933; x_wconf 88' lang='lat' dir='ltr'><strong>Deus</strong></span> <span class='ocrx_word' id='word_1_740' title='bbox 2480 4895 2491 4931; x_wconf 89' lang='lat'>:</span> <span class='ocrx_word' id='word_1_741' title='bbox 2528 4889 2635 4931; x_wconf 87' lang='lat' dir='ltr'><strong>non</strong></span> <span class='ocrx_word' id='word_1_742' title='bbox 2664 4884 2843 4930; x_wconf 87' lang='lat' dir='ltr'><strong>tamen</strong></span> <span class='ocrx_word' id='word_1_743' title='bbox 2884 4880 2996 4927; x_wconf 83' lang='lat' dir='ltr'><strong>tres</strong></span> <span class='ocrx_word' id='word_1_744' title='bbox 3025 4868 3132 4935; x_wconf 87' lang='lat' dir='ltr'><strong>dii,</strong></span> <span class='ocrx_word' id='word_1_745' title='bbox 3167 4868 3332 4923; x_wconf 87' lang='lat' dir='ltr'><strong>Pater</strong></span> <span class='ocrx_word' id='word_1_746' title='bbox 3358 4878 3413 4922; x_wconf 85' lang='lat' dir='ltr'><strong>et</strong></span> 
     </span>
    </p>
   </div>
   <div class='ocr_carea' id='block_1_90' title="bbox 111 4961 1719 5032">
    <p class='ocr_par' dir='ltr' id='par_1_90' title="bbox 111 4961 1719 5032">
     <span class='ocr_line' id='line_1_90' title="bbox 111 4961 1719 5032; baseline -0.002 -9"><span class='ocrx_word' id='word_1_747' title='bbox 111 4968 194 5023; x_wconf 82' lang='lat' dir='ltr'><strong>ait</strong></span> <span class='ocrx_word' id='word_1_748' title='bbox 217 4985 233 5021; x_wconf 91' lang='lat'><strong>:</strong></span> <span class='ocrx_word' id='word_1_749' title='bbox 271 4964 336 5020; x_wconf 85' lang='lat' dir='ltr'><strong>Et</strong></span> <span class='ocrx_word' id='word_1_750' title='bbox 365 4964 577 5020; x_wconf 78' lang='lat' dir='ltr'><strong>verbum</strong></span> <span class='ocrx_word' id='word_1_751' title='bbox 603 4971 716 5017; x_wconf 87' lang='lat' dir='ltr'><strong>erat</strong></span> <span class='ocrx_word' id='word_1_752' title='bbox 744 4961 885 5032; x_wconf 84' lang='lat' dir='ltr'><strong>apud</strong></span> <span class='ocrx_word' id='word_1_753' title='bbox 913 4961 1114 5027; x_wconf 86' lang='lat' dir='ltr'><strong>Deum;</strong></span> <span class='ocrx_word' id='word_1_754' title='bbox 1150 4961 1381 5015; x_wconf 88' lang='lat' dir='ltr'><strong>multum</strong></span> <span class='ocrx_word' id='word_1_755' title='bbox 1410 4969 1526 5027; x_wconf 87' lang='lat' dir='ltr'><strong>est,</strong></span> <span class='ocrx_word' id='word_1_756' title='bbox 1553 4971 1614 5016; x_wconf 91' lang='lat' dir='ltr'><strong>ut</strong></span> <span class='ocrx_word' id='word_1_757' title='bbox 1639 4962 1719 5020; x_wconf 88' lang='lat' dir='ltr'><strong>sic</strong></span> 
     </span>
    </p>
   </div>
   <div class='ocr_carea' id='block_1_91' title="bbox 109 5050 1721 5129">
    <p class='ocr_par' dir='ltr' id='par_1_91' title="bbox 109 5050 1721 5129">
     <span class='ocr_line' id='line_1_91' title="bbox 109 5050 1721 5129; baseline -0.004 -15"><span class='ocrx_word' id='word_1_758' title='bbox 109 5058 482 5129; x_wconf 86' lang='lat' dir='ltr'><strong>intelligatur;</strong></span> <span class='ocrx_word' id='word_1_759' title='bbox 517 5053 793 5118; x_wconf 79' lang='lat' dir='ltr'><strong>Verbum,</strong></span> <span class='ocrx_word' id='word_1_760' title='bbox 837 5052 982 5123; x_wconf 90' lang='lat' dir='ltr'><strong>quod</strong></span> <span class='ocrx_word' id='word_1_761' title='bbox 1016 5051 1165 5106; x_wconf 90' lang='lat' dir='ltr'><strong>solus</strong></span> <span class='ocrx_word' id='word_1_762' title='bbox 1212 5058 1297 5107; x_wconf 91' lang='lat' dir='ltr'><strong>est</strong></span> <span class='ocrx_word' id='word_1_763' title='bbox 1343 5050 1549 5118; x_wconf 84' lang='lat' dir='ltr'><strong>Filius,</strong></span> <span class='ocrx_word' id='word_1_764' title='bbox 1603 5061 1721 5108; x_wconf 88' lang='lat' dir='ltr'><strong>erat</strong></span> 
     </span>
    </p>
   </div>
   <div class='ocr_carea' id='block_1_92' title="bbox 113 5142 1720 5224">
    <p class='ocr_par' dir='ltr' id='par_1_92' title="bbox 113 5142 1720 5224">
     <span class='ocr_line' id='line_1_92' title="bbox 113 5142 1720 5224; baseline -0.003 -18"><span class='ocrx_word' id='word_1_765' title='bbox 113 5151 260 5224; x_wconf 86' lang='lat' dir='ltr'><strong>apud</strong></span> <span class='ocrx_word' id='word_1_766' title='bbox 299 5150 500 5214; x_wconf 89' lang='lat' dir='ltr'><strong>Deum,</strong></span> <span class='ocrx_word' id='word_1_767' title='bbox 547 5147 692 5217; x_wconf 91' lang='lat' dir='ltr'><strong>quod</strong></span> <span class='ocrx_word' id='word_1_768' title='bbox 731 5161 839 5201; x_wconf 90' lang='lat' dir='ltr'><strong>non</strong></span> <span class='ocrx_word' id='word_1_769' title='bbox 868 5143 995 5217; x_wconf 80' lang='lat' dir='ltr'><strong>(Ms.</strong></span> <span class='ocrx_word' id='word_1_770' title='bbox 1027 5143 1210 5210; x_wconf 83' lang='lat' dir='ltr'><strong>Vind.,</strong></span> <span class='ocrx_word' id='word_1_771' title='bbox 1238 5158 1348 5198; x_wconf 91' lang='lat' dir='ltr'><strong>non</strong></span> <span class='ocrx_word' id='word_1_772' title='bbox 1375 5142 1542 5215; x_wconf 89' lang='lat' dir='ltr'><strong>quod)</strong></span> <span class='ocrx_word' id='word_1_773' title='bbox 1572 5144 1720 5201; x_wconf 89' lang='lat' dir='ltr'><strong>solus</strong></span> 
     </span>
    </p>
   </div>
   <div class='ocr_carea' id='block_1_93' title="bbox 113 5232 1718 5311">
    <p class='ocr_par' dir='ltr' id='par_1_93' title="bbox 113 5232 1718 5311">
     <span class='ocr_line' id='line_1_93' title="bbox 113 5232 1718 5311; baseline -0.002 -14"><span class='ocrx_word' id='word_1_774' title='bbox 113 5249 202 5299; x_wconf 88' lang='lat' dir='ltr'><strong>est</strong></span> <span class='ocrx_word' id='word_1_775' title='bbox 233 5236 446 5311; x_wconf 85' lang='lat' dir='ltr'><strong>Pater],</strong></span> <span class='ocrx_word' id='word_1_776' title='bbox 471 5236 568 5293; x_wconf 88' lang='lat' dir='ltr'><strong>sed</strong></span> <span class='ocrx_word' id='word_1_777' title='bbox 609 5236 776 5292; x_wconf 87' lang='lat' dir='ltr'><strong>Pater</strong></span> <span class='ocrx_word' id='word_1_778' title='bbox 802 5243 858 5289; x_wconf 87' lang='lat' dir='ltr'><strong>et</strong></span> <span class='ocrx_word' id='word_1_779' title='bbox 885 5233 1054 5288; x_wconf 85' lang='lat' dir='ltr'><strong>Filius</strong></span> <span class='ocrx_word' id='word_1_780' title='bbox 1093 5233 1256 5291; x_wconf 90' lang='lat' dir='ltr'><strong>simul</strong></span> <span class='ocrx_word' id='word_1_781' title='bbox 1294 5232 1458 5291; x_wconf 87' lang='lat' dir='ltr'><strong>Deus.</strong></span> <span class='ocrx_word' id='word_1_782' title='bbox 1507 5235 1566 5290; x_wconf 89' lang='lat' dir='ltr'><strong>In</strong></span> <span class='ocrx_word' id='word_1_783' title='bbox 1611 5252 1718 5305; x_wconf 90' lang='lat' dir='ltr'><strong>quo</strong></span> 
     </span>
    </p>
   </div>
   <div class='ocr_carea' id='block_1_94' title="bbox 111 5325 1715 5405">
    <p class='ocr_par' dir='ltr' id='par_1_94' title="bbox 111 5325 1715 5405">
     <span class='ocr_line' id='line_1_94' title="bbox 111 5325 1715 5405; baseline -0.003 -17"><span class='ocrx_word' id='word_1_784' title='bbox 111 5331 358 5405; x_wconf 78' lang='lat' dir='ltr'><strong>perfecte</strong></span> <span class='ocrx_word' id='word_1_785' title='bbox 383 5328 719 5398; x_wconf 84' lang='lat' dir='ltr'><strong>intelligitur,</strong></span> <span class='ocrx_word' id='word_1_786' title='bbox 744 5326 890 5397; x_wconf 90' lang='lat' dir='ltr'><strong>quod</strong></span> <span class='ocrx_word' id='word_1_787' title='bbox 912 5341 1018 5380; x_wconf 91' lang='lat' dir='ltr'><strong>non</strong></span> <span class='ocrx_word' id='word_1_788' title='bbox 1047 5325 1327 5395; x_wconf 59' lang='lat' dir='ltr'><strong>praecessit</strong></span> <span class='ocrx_word' id='word_1_789' title='bbox 1348 5325 1560 5397; x_wconf 86' lang='lat' dir='ltr'><strong>genitor</strong></span> <span class='ocrx_word' id='word_1_790' title='bbox 1585 5325 1715 5382; x_wconf 85' lang='lat' dir='ltr'><strong>illud</strong></span> 
     </span>
    </p>
   </div>
   <div class='ocr_carea' id='block_1_95' title="bbox 115 5417 1716 5496">
    <p class='ocr_par' dir='ltr' id='par_1_95' title="bbox 115 5417 1716 5496">
     <span class='ocr_line' id='line_1_95' title="bbox 115 5417 1716 5496; baseline -0.004 -15"><span class='ocrx_word' id='word_1_791' title='bbox 115 5425 262 5496; x_wconf 90' lang='lat' dir='ltr'><strong>quod</strong></span> <span class='ocrx_word' id='word_1_792' title='bbox 291 5422 515 5496; x_wconf 85' lang='lat' dir='ltr'><strong>genuit;</strong></span> <span class='ocrx_word' id='word_1_793' title='bbox 557 5430 612 5476; x_wconf 90' lang='lat' dir='ltr'><strong>et</strong></span> <span class='ocrx_word' id='word_1_794' title='bbox 639 5419 784 5491; x_wconf 89' lang='lat' dir='ltr'><strong>quod</strong></span> <span class='ocrx_word' id='word_1_795' title='bbox 814 5419 929 5489; x_wconf 91' lang='lat' dir='ltr'><strong>ipse</strong></span> <span class='ocrx_word' id='word_1_796' title='bbox 958 5417 1012 5472; x_wconf 91' lang='lat' dir='ltr'><strong>in</strong></span> <span class='ocrx_word' id='word_1_797' title='bbox 1042 5417 1337 5489; x_wconf 84' lang='lat' dir='ltr'><strong>Evangelio</strong></span> <span class='ocrx_word' id='word_1_798' title='bbox 1367 5419 1445 5474; x_wconf 90' lang='lat' dir='ltr'><strong>ait</strong></span> <span class='ocrx_word' id='word_1_799' title='bbox 1470 5433 1485 5472; x_wconf 88' lang='lat'><strong>:</strong></span> <span class='ocrx_word' id='word_1_800' title='bbox 1525 5417 1640 5489; x_wconf 82' lang='lat' dir='ltr'><strong>Ego</strong></span> <span class='ocrx_word' id='word_1_801' title='bbox 1665 5427 1716 5474; x_wconf 86' lang='lat' dir='ltr'><strong>et</strong></span> 
     </span>
    </p>
   </div>
   <div class='ocr_carea' id='block_1_96' title="bbox 115 5507 1712 5583">
    <p class='ocr_par' dir='ltr' id='par_1_96' title="bbox 115 5507 1712 5583">
     <span class='ocr_line' id='line_1_96' title="bbox 115 5507 1712 5583; baseline -0.003 -13"><span class='ocrx_word' id='word_1_802' title='bbox 115 5513 284 5572; x_wconf 82' lang='lat' dir='ltr'><strong>Pater</strong></span> <span class='ocrx_word' id='word_1_803' title='bbox 310 5529 473 5568; x_wconf 82' lang='lat' dir='ltr'><strong>unum</strong></span> <span class='ocrx_word' id='word_1_804' title='bbox 507 5529 688 5568; x_wconf 87' lang='lat' dir='ltr'><strong>sumus</strong></span> <span class='ocrx_word' id='word_1_805' title='bbox 717 5510 900 5583; x_wconf 82' lang='lat' dir='ltr'><strong>(Joan.</strong></span> <span class='ocrx_word' id='word_1_806' title='bbox 928 5526 985 5575; x_wconf 71' lang='grc' dir='ltr'><strong>ι,</strong></span> <span class='ocrx_word' id='word_1_807' title='bbox 1013 5508 1127 5579; x_wconf 78' lang='lat'><strong>50).</strong></span> <span class='ocrx_word' id='word_1_808' title='bbox 1171 5507 1346 5564; x_wconf 83' lang='lat' dir='ltr'><strong>Unum</strong></span> <span class='ocrx_word' id='word_1_809' title='bbox 1374 5527 1579 5576; x_wconf 84' lang='lat' dir='ltr'><strong>sumus,</strong></span> <span class='ocrx_word' id='word_1_810' title='bbox 1613 5512 1712 5578; x_wconf 90' lang='lat' dir='ltr'><strong>ait,</strong></span> 
     </span>
    </p>
   </div>
   <div class='ocr_carea' id='block_1_97' title="bbox 114 5601 1711 5677">
    <p class='ocr_par' dir='ltr' id='par_1_97' title="bbox 114 5601 1711 5677">
     <span class='ocr_line' id='line_1_97' title="bbox 114 5601 1711 5677; baseline -0.004 -12"><span class='ocrx_word' id='word_1_811' title='bbox 114 5609 170 5665; x_wconf 87' lang='lat' dir='ltr'><strong>id</strong></span> <span class='ocrx_word' id='word_1_812' title='bbox 195 5615 302 5674; x_wconf 85' lang='lat' dir='ltr'><strong>est,</strong></span> <span class='ocrx_word' id='word_1_813' title='bbox 332 5605 478 5677; x_wconf 90' lang='lat' dir='ltr'><strong>quod</strong></span> <span class='ocrx_word' id='word_1_814' title='bbox 505 5606 616 5671; x_wconf 89' lang='lat' dir='ltr'><strong>ille,</strong></span> <span class='ocrx_word' id='word_1_815' title='bbox 654 5605 759 5659; x_wconf 90' lang='lat' dir='ltr'><strong>hoc</strong></span> <span class='ocrx_word' id='word_1_816' title='bbox 804 5609 862 5657; x_wconf 92' lang='lat' dir='ltr'><strong>et</strong></span> <span class='ocrx_word' id='word_1_817' title='bbox 904 5618 1007 5675; x_wconf 86' lang='lat' dir='ltr'><strong>ego</strong></span> <span class='ocrx_word' id='word_1_818' title='bbox 1053 5601 1350 5657; x_wconf 87' lang='lat' dir='ltr'><strong>secundum</strong></span> <span class='ocrx_word' id='word_1_819' title='bbox 1393 5603 1711 5669; x_wconf 88' lang='lat' dir='ltr'><strong>essentiam,</strong></span> 
     </span>
    </p>
   </div>
   <div class='ocr_carea' id='block_1_98' title="bbox 114 5691 1746 5766">
    <p class='ocr_par' dir='ltr' id='par_1_98' title="bbox 114 5691 1746 5766">
     <span class='ocr_line' id='line_1_98' title="bbox 114 5691 1746 5766; baseline -0.007 -8"><span class='ocrx_word' id='word_1_820' title='bbox 114 5717 224 5758; x_wconf 88' lang='lat' dir='ltr'><strong>non</strong></span> <span class='ocrx_word' id='word_1_821' title='bbox 253 5699 553 5755; x_wconf 88' lang='lat' dir='ltr'><strong>secundum</strong></span> <span class='ocrx_word' id='word_1_822' title='bbox 585 5694 872 5752; x_wconf 86' lang='lat' dir='ltr'><strong>relativum</strong></span> <span class='ocrx_word' id='word_1_823' title='bbox 896 5691 1033 5766; x_wconf 85' lang='lat' dir='ltr'><strong>[Al.,</strong></span> <span class='ocrx_word' id='word_1_824' title='bbox 1057 5691 1422 5765; x_wconf 89' lang='lat' dir='ltr'><strong>relationem].</strong></span> <span class='ocrx_word' id='word_1_825' title='bbox 1456 5691 1610 5759; x_wconf 89' lang='lat' dir='ltr'><strong>Quod</strong></span> <span class='ocrx_word' id='word_1_826' title='bbox 1635 5693 1714 5747; x_wconf 88' lang='lat' dir='ltr'><strong>di—</strong></span> <span class='ocrx_word' id='word_1_827' title='bbox 1740 5741 1746 5748; x_wconf 93' lang='lat'><strong>.</strong></span> 
     </span>
    </p>
   </div>
   <div class='ocr_carea' id='block_1_99' title="bbox 116 5770 1715 5856">
    <p class='ocr_par' dir='ltr' id='par_1_99' title="bbox 116 5770 1715 5856">
     <span class='ocr_line' id='line_1_99' title="bbox 116 5770 1715 5856; baseline -0.006 -8"><span class='ocrx_word' id='word_1_828' title='bbox 116 5793 294 5848; x_wconf 83' lang='lat' dir='ltr'><strong>cimus</strong></span> <span class='ocrx_word' id='word_1_829' title='bbox 314 5790 498 5844; x_wconf 88' lang='lat' dir='ltr'><strong>lumen</strong></span> <span class='ocrx_word' id='word_1_830' title='bbox 526 5787 594 5843; x_wconf 90' lang='lat' dir='ltr'><strong>de</strong></span> <span class='ocrx_word' id='word_1_831' title='bbox 621 5786 847 5852; x_wconf 87' lang='lat' dir='ltr'><strong>lumine,</strong></span> <span class='ocrx_word' id='word_1_832' title='bbox 874 5793 982 5841; x_wconf 69' lang='lat' dir='ltr'><strong>nun</strong></span> <span class='ocrx_word' id='word_1_833' title='bbox 1007 5784 1114 5840; x_wconf 94' lang='lat' dir='ltr'><strong>duo</strong></span> <span class='ocrx_word' id='word_1_834' title='bbox 1140 5784 1343 5839; x_wconf 89' lang='lat' dir='ltr'><strong>lumina</strong></span> <span class='ocrx_word' id='word_1_835' title='bbox 1369 5770 1715 5856; x_wconf 87' lang='lat' dir='ltr'><strong>intelligenda</strong></span> 
     </span>
    </p>
   </div>
   <div class='ocr_carea' id='block_1_100' title="bbox 118 5876 1713 5950">
    <p class='ocr_par' dir='ltr' id='par_1_100' title="bbox 118 5876 1713 5950">
     <span class='ocr_line' id='line_1_100' title="bbox 118 5876 1713 5950; baseline -0.006 -10"><span class='ocrx_word' id='word_1_836' title='bbox 118 5893 274 5945; x_wconf 84' lang='lat' dir='ltr'><strong>sunt,</strong></span> <span class='ocrx_word' id='word_1_837' title='bbox 304 5881 394 5938; x_wconf 89' lang='lat' dir='ltr'><strong>vel</strong></span> <span class='ocrx_word' id='word_1_838' title='bbox 433 5878 707 5950; x_wconf 88' lang='lat' dir='ltr'><strong>separatio</strong></span> <span class='ocrx_word' id='word_1_839' title='bbox 749 5877 1000 5944; x_wconf 89' lang='lat' dir='ltr'><strong>luminis;</strong></span> <span class='ocrx_word' id='word_1_840' title='bbox 1050 5876 1146 5932; x_wconf 89' lang='lat' dir='ltr'><strong>sed</strong></span> <span class='ocrx_word' id='word_1_841' title='bbox 1195 5877 1269 5931; x_wconf 89' lang='lat' dir='ltr'><strong>ita</strong></span> <span class='ocrx_word' id='word_1_842' title='bbox 1314 5876 1713 5947; x_wconf 86' lang='lat' dir='ltr'><strong>intelligendum</strong></span> 
     </span>
    </p>
   </div>
   <div class='ocr_carea' id='block_1_101' title="bbox 1823 4960 3410 5039">
    <p class='ocr_par' dir='ltr' id='par_1_101' title="bbox 1823 4960 3410 5039">
     <span class='ocr_line' id='line_1_101' title="bbox 1823 4960 3410 5039; baseline -0.009 -13"><span class='ocrx_word' id='word_1_843' title='bbox 1823 4970 2016 5036; x_wconf 89' lang='lat' dir='ltr'><strong>Filius,</strong></span> <span class='ocrx_word' id='word_1_844' title='bbox 2048 4977 2103 5025; x_wconf 89' lang='lat' dir='ltr'><strong>et</strong></span> <span class='ocrx_word' id='word_1_845' title='bbox 2138 4969 2373 5039; x_wconf 83' lang='lat' dir='ltr'><strong>Spiritus</strong></span> <span class='ocrx_word' id='word_1_846' title='bbox 2406 4975 2644 5030; x_wconf 87' lang='lat' dir='ltr'><strong>sanctus,</strong></span> <span class='ocrx_word' id='word_1_847' title='bbox 2677 4963 2769 5020; x_wconf 89' lang='lat' dir='ltr'><strong>sed</strong></span> <span class='ocrx_word' id='word_1_848' title='bbox 2797 4978 2938 5018; x_wconf 89' lang='lat' dir='ltr'><strong>unus</strong></span> <span class='ocrx_word' id='word_1_849' title='bbox 2969 4963 3112 5017; x_wconf 89' lang='lat' dir='ltr'><strong>Deus</strong></span> <span class='ocrx_word' id='word_1_850' title='bbox 3137 4960 3330 5030; x_wconf 89' lang='lat' dir='ltr'><strong>plenus</strong></span> <span class='ocrx_word' id='word_1_851' title='bbox 3358 4968 3410 5012; x_wconf 83' lang='lat' dir='ltr'><strong>et</strong></span> 
     </span>
    </p>
   </div>
   <div class='ocr_carea' id='block_1_102' title="bbox 1815 5052 3407 5136">
    <p class='ocr_par' dir='ltr' id='par_1_102' title="bbox 1815 5052 3407 5136">
     <span class='ocr_line' id='line_1_102' title="bbox 1815 5052 3407 5136; baseline -0.008 -18"><span class='ocrx_word' id='word_1_852' title='bbox 1815 5060 2115 5136; x_wconf 84' lang='lat' dir='ltr'><strong>perfectus.</strong></span> <span class='ocrx_word' id='word_1_853' title='bbox 2150 5059 2261 5117; x_wconf 82' lang='lat' dir='ltr'><strong>Nec</strong></span> <span class='ocrx_word' id='word_1_854' title='bbox 2290 5059 2494 5131; x_wconf 89' lang='lat' dir='ltr'><strong>aliquid</strong></span> <span class='ocrx_word' id='word_1_855' title='bbox 2519 5057 2693 5129; x_wconf 82' lang='lat' dir='ltr'><strong>majus</strong></span> <span class='ocrx_word' id='word_1_856' title='bbox 2724 5064 2832 5111; x_wconf 89' lang='lat' dir='ltr'><strong>tres</strong></span> <span class='ocrx_word' id='word_1_857' title='bbox 2858 5054 3017 5110; x_wconf 87' lang='lat' dir='ltr'><strong>simul</strong></span> <span class='ocrx_word' id='word_1_858' title='bbox 3046 5055 3198 5120; x_wconf 87' lang='lat' dir='ltr'><strong>dicti,</strong></span> <span class='ocrx_word' id='word_1_859' title='bbox 3223 5052 3407 5116; x_wconf 87' lang='lat' dir='ltr'><strong>Pater,</strong></span> 
     </span>
    </p>
   </div>
   <div class='ocr_carea' id='block_1_103' title="bbox 1809 5143 3406 5222">
    <p class='ocr_par' dir='ltr' id='par_1_103' title="bbox 1809 5143 3406 5222">
     <span class='ocr_line' id='line_1_103' title="bbox 1809 5143 3406 5222; baseline -0.004 -15"><span class='ocrx_word' id='word_1_860' title='bbox 1809 5161 1876 5207; x_wconf 69' lang='lat' dir='ltr'><strong>et</strong></span> <span class='ocrx_word' id='word_1_861' title='bbox 1903 5153 2090 5220; x_wconf 86' lang='lat' dir='ltr'><strong>Filius,</strong></span> <span class='ocrx_word' id='word_1_862' title='bbox 2135 5159 2191 5208; x_wconf 89' lang='lat' dir='ltr'><strong>et</strong></span> <span class='ocrx_word' id='word_1_863' title='bbox 2233 5150 2469 5222; x_wconf 89' lang='lat' dir='ltr'><strong>Spiritus</strong></span> <span class='ocrx_word' id='word_1_864' title='bbox 2495 5159 2738 5213; x_wconf 88' lang='lat' dir='ltr'><strong>sanctus,</strong></span> <span class='ocrx_word' id='word_1_865' title='bbox 2779 5161 2943 5218; x_wconf 87' lang='lat' dir='ltr'><strong>quam</strong></span> <span class='ocrx_word' id='word_1_866' title='bbox 2983 5143 3406 5215; x_wconf 87' lang='lat' dir='ltr'><strong>unusquislibet.</strong></span> 
     </span>
    </p>
   </div>
   <div class='ocr_carea' id='block_1_104' title="bbox 1820 5233 3403 5309">
    <p class='ocr_par' dir='ltr' id='par_1_104' title="bbox 1820 5233 3403 5309">
     <span class='ocr_line' id='line_1_104' title="bbox 1820 5233 3403 5309; baseline -0.006 -12"><span class='ocrx_word' id='word_1_867' title='bbox 1820 5243 1908 5298; x_wconf 91' lang='lat' dir='ltr'><strong>vel</strong></span> <span class='ocrx_word' id='word_1_868' title='bbox 1953 5241 2138 5309; x_wconf 89' lang='lat' dir='ltr'><strong>Pater,</strong></span> <span class='ocrx_word' id='word_1_869' title='bbox 2187 5243 2272 5298; x_wconf 86' lang='lat' dir='ltr'><strong>vel</strong></span> <span class='ocrx_word' id='word_1_870' title='bbox 2319 5241 2506 5309; x_wconf 89' lang='lat' dir='ltr'><strong>Filius,</strong></span> <span class='ocrx_word' id='word_1_871' title='bbox 2556 5238 2637 5295; x_wconf 88' lang='lat' dir='ltr'><strong>vel</strong></span> <span class='ocrx_word' id='word_1_872' title='bbox 2689 5237 2923 5308; x_wconf 90' lang='lat' dir='ltr'><strong>Spiritus</strong></span> <span class='ocrx_word' id='word_1_873' title='bbox 2969 5245 3230 5300; x_wconf 86' lang='lat' dir='ltr'><strong>sanctus;</strong></span> <span class='ocrx_word' id='word_1_874' title='bbox 3279 5233 3403 5303; x_wconf 83' lang='lat' dir='ltr'><strong>quia</strong></span> 
     </span>
    </p>
   </div>
   <div class='ocr_carea' id='block_1_105' title="bbox 1817 5324 3405 5407">
    <p class='ocr_par' dir='ltr' id='par_1_105' title="bbox 1817 5324 3405 5407">
     <span class='ocr_line' id='line_1_105' title="bbox 1817 5324 3405 5407; baseline -0.008 -17"><span class='ocrx_word' id='word_1_875' title='bbox 1817 5335 2007 5391; x_wconf 89' lang='lat' dir='ltr'><strong>eadem</strong></span> <span class='ocrx_word' id='word_1_876' title='bbox 2039 5336 2350 5407; x_wconf 83' lang='lat' dir='ltr'><strong>magnitudo</strong></span> <span class='ocrx_word' id='word_1_877' title='bbox 2377 5343 2461 5390; x_wconf 89' lang='lat' dir='ltr'><strong>est</strong></span> <span class='ocrx_word' id='word_1_878' title='bbox 2504 5333 2559 5390; x_wconf 90' lang='lat' dir='ltr'><strong>in</strong></span> <span class='ocrx_word' id='word_1_879' title='bbox 2604 5344 2928 5400; x_wconf 88' lang='lat' dir='ltr'><strong>unaquaque</strong></span> <span class='ocrx_word' id='word_1_880' title='bbox 2968 5340 3199 5397; x_wconf 87' lang='lat' dir='ltr'><strong>persona</strong></span> <span class='ocrx_word' id='word_1_881' title='bbox 3240 5324 3405 5380; x_wconf 84' lang='lat' dir='ltr'><strong>semel</strong></span> 
     </span>
    </p>
   </div>
   <div class='ocr_carea' id='block_1_106' title="bbox 1816 5414 3404 5496">
    <p class='ocr_par' dir='ltr' id='par_1_106' title="bbox 1816 5414 3404 5496">
     <span class='ocr_line' id='line_1_106' title="bbox 1816 5414 3404 5496; baseline -0.008 -15"><span class='ocrx_word' id='word_1_882' title='bbox 1816 5425 1977 5490; x_wconf 89' lang='lat' dir='ltr'><strong>dicta,</strong></span> <span class='ocrx_word' id='word_1_883' title='bbox 1997 5440 2116 5496; x_wconf 61' lang='lat' dir='ltr'><strong>quin</strong></span> <span class='ocrx_word' id='word_1_884' title='bbox 2136 5433 2220 5481; x_wconf 90' lang='lat' dir='ltr'><strong>est</strong></span> <span class='ocrx_word' id='word_1_885' title='bbox 2237 5426 2291 5480; x_wconf 90' lang='lat' dir='ltr'><strong>in</strong></span> <span class='ocrx_word' id='word_1_886' title='bbox 2316 5423 2489 5479; x_wconf 90' lang='lat' dir='ltr'><strong>tribus</strong></span> <span class='ocrx_word' id='word_1_887' title='bbox 2505 5421 2752 5495; x_wconf 87' lang='lat' dir='ltr'><strong>personis</strong></span> <span class='ocrx_word' id='word_1_888' title='bbox 2766 5417 2929 5478; x_wconf 84' lang='lat' dir='ltr'><strong>simul</strong></span> <span class='ocrx_word' id='word_1_889' title='bbox 2952 5415 3260 5473; x_wconf 88' lang='lat' dir='ltr'><strong>nominatis.</strong></span> <span class='ocrx_word' id='word_1_890' title='bbox 3287 5414 3404 5470; x_wconf 83' lang='lat' dir='ltr'><strong>Non</strong></span> 
     </span>
    </p>
   </div>
   <div class='ocr_carea' id='block_1_107' title="bbox 1817 5507 3407 5584">
    <p class='ocr_par' dir='ltr' id='par_1_107' title="bbox 1817 5507 3407 5584">
     <span class='ocr_line' id='line_1_107' title="bbox 1817 5507 3407 5584; baseline -0.006 -12"><span class='ocrx_word' id='word_1_891' title='bbox 1817 5517 1893 5572; x_wconf 89' lang='lat' dir='ltr'><strong>ita</strong></span> <span class='ocrx_word' id='word_1_892' title='bbox 1922 5518 2153 5573; x_wconf 90' lang='lat' dir='ltr'><strong>dicimus</strong></span> <span class='ocrx_word' id='word_1_893' title='bbox 2186 5517 2237 5573; x_wconf 91' lang='lat' dir='ltr'><strong>in</strong></span> <span class='ocrx_word' id='word_1_894' title='bbox 2269 5516 2578 5573; x_wconf 88' lang='lat' dir='ltr'><strong>hominibus</strong></span> <span class='ocrx_word' id='word_1_895' title='bbox 2609 5514 2725 5570; x_wconf 81' lang='lat' dir='ltr'><strong>ﬁeri</strong></span> <span class='ocrx_word' id='word_1_896' title='bbox 2758 5527 2947 5584; x_wconf 88' lang='lat' dir='ltr'><strong>posse;</strong></span> <span class='ocrx_word' id='word_1_897' title='bbox 2989 5508 3262 5565; x_wconf 84' lang='lat' dir='ltr'><strong>Abraham</strong></span> <span class='ocrx_word' id='word_1_898' title='bbox 3293 5507 3407 5578; x_wconf 90' lang='lat' dir='ltr'><strong>ple-</strong></span> 
     </span>
    </p>
   </div>
   <div class='ocr_carea' id='block_1_108' title="bbox 1816 5599 3404 5679">
    <p class='ocr_par' dir='ltr' id='par_1_108' title="bbox 1816 5599 3404 5679">
     <span class='ocr_line' id='line_1_108' title="bbox 1816 5599 3404 5679; baseline -0.006 -16"><span class='ocrx_word' id='word_1_899' title='bbox 1816 5623 1919 5663; x_wconf 90' lang='lat' dir='ltr'><strong>nus</strong></span> <span class='ocrx_word' id='word_1_900' title='bbox 1945 5609 2132 5674; x_wconf 92' lang='lat' dir='ltr'><strong>homo,</strong></span> <span class='ocrx_word' id='word_1_901' title='bbox 2173 5608 2326 5664; x_wconf 88' lang='lat' dir='ltr'><strong>lsaac</strong></span> <span class='ocrx_word' id='word_1_902' title='bbox 2363 5607 2554 5679; x_wconf 90' lang='lat' dir='ltr'><strong>plenus</strong></span> <span class='ocrx_word' id='word_1_903' title='bbox 2600 5605 2780 5668; x_wconf 90' lang='lat' dir='ltr'><strong>homo,</strong></span> <span class='ocrx_word' id='word_1_904' title='bbox 2811 5600 2978 5657; x_wconf 80' lang='lat' dir='ltr'><strong>Jacob</strong></span> <span class='ocrx_word' id='word_1_905' title='bbox 3003 5599 3196 5671; x_wconf 88' lang='lat' dir='ltr'><strong>plenus</strong></span> <span class='ocrx_word' id='word_1_906' title='bbox 3221 5600 3404 5660; x_wconf 84' lang='lat' dir='ltr'><strong>homo,</strong></span> 
     </span>
    </p>
   </div>
   <div class='ocr_carea' id='block_1_109' title="bbox 1813 5686 3405 5760">
    <p class='ocr_par' dir='ltr' id='par_1_109' title="bbox 1813 5686 3405 5760">
     <span class='ocr_line' id='line_1_109' title="bbox 1813 5686 3405 5760; baseline -0.008 -8"><span class='ocrx_word' id='word_1_907' title='bbox 1813 5706 1872 5753; x_wconf 93' lang='lat' dir='ltr'><strong>et</strong></span> <span class='ocrx_word' id='word_1_908' title='bbox 1897 5699 1952 5752; x_wconf 89' lang='lat' dir='ltr'><strong>hi</strong></span> <span class='ocrx_word' id='word_1_909' title='bbox 1981 5714 2170 5754; x_wconf 90' lang='lat' dir='ltr'><strong>omnes</strong></span> <span class='ocrx_word' id='word_1_910' title='bbox 2201 5707 2329 5754; x_wconf 90' lang='lat' dir='ltr'><strong>sunt</strong></span> <span class='ocrx_word' id='word_1_911' title='bbox 2356 5698 2519 5753; x_wconf 90' lang='lat' dir='ltr'><strong>unius</strong></span> <span class='ocrx_word' id='word_1_912' title='bbox 2552 5693 2894 5759; x_wconf 68' lang='lat' dir='ltr'><strong>substantias,</strong></span> <span class='ocrx_word' id='word_1_913' title='bbox 2921 5698 3182 5760; x_wconf 88' lang='lat' dir='ltr'><strong>quantum</strong></span> <span class='ocrx_word' id='word_1_914' title='bbox 3210 5687 3279 5742; x_wconf 89' lang='lat' dir='ltr'><strong>ad</strong></span> <span class='ocrx_word' id='word_1_915' title='bbox 3307 5686 3405 5740; x_wconf 86' lang='lat' dir='ltr'><strong>hu-</strong></span> 
     </span>
    </p>
   </div>
   <div class='ocr_carea' id='block_1_110' title="bbox 1817 5779 3408 5858">
    <p class='ocr_par' dir='ltr' id='par_1_110' title="bbox 1817 5779 3408 5858">
     <span class='ocr_line' id='line_1_110' title="bbox 1817 5779 3408 5858; baseline -0.008 -18"><span class='ocrx_word' id='word_1_916' title='bbox 1817 5801 2036 5841; x_wconf 90' lang='lat' dir='ltr'><strong>manam</strong></span> <span class='ocrx_word' id='word_1_917' title='bbox 2064 5788 2295 5858; x_wconf 88' lang='lat' dir='ltr'><strong>pertinet</strong></span> <span class='ocrx_word' id='word_1_918' title='bbox 2327 5795 2615 5842; x_wconf 87' lang='lat' dir='ltr'><strong>naturam:</strong></span> <span class='ocrx_word' id='word_1_919' title='bbox 2653 5800 2762 5840; x_wconf 89' lang='lat' dir='ltr'><strong>non</strong></span> <span class='ocrx_word' id='word_1_920' title='bbox 2807 5791 2986 5836; x_wconf 87' lang='lat' dir='ltr'><strong>tamen</strong></span> <span class='ocrx_word' id='word_1_921' title='bbox 3029 5779 3082 5833; x_wconf 90' lang='lat' dir='ltr'><strong>hi</strong></span> <span class='ocrx_word' id='word_1_922' title='bbox 3126 5786 3236 5833; x_wconf 87' lang='lat' dir='ltr'><strong>tres</strong></span> <span class='ocrx_word' id='word_1_923' title='bbox 3281 5783 3408 5830; x_wconf 89' lang='lat' dir='ltr'><strong>sunt</strong></span> 
     </span>
    </p>
   </div>
   <div class='ocr_carea' id='block_1_111' title="bbox 1818 5865 3407 5945">
    <p class='ocr_par' dir='ltr' id='par_1_111' title="bbox 1818 5865 3407 5945">
     <span class='ocr_line' id='line_1_111' title="bbox 1818 5865 3407 5945; baseline -0.009 -14"><span class='ocrx_word' id='word_1_924' title='bbox 1818 5893 1960 5933; x_wconf 91' lang='lat' dir='ltr'><strong>unus</strong></span> <span class='ocrx_word' id='word_1_925' title='bbox 1987 5879 2169 5945; x_wconf 89' lang='lat' dir='ltr'><strong>homo,</strong></span> <span class='ocrx_word' id='word_1_926' title='bbox 2211 5878 2306 5933; x_wconf 88' lang='lat' dir='ltr'><strong>sed</strong></span> <span class='ocrx_word' id='word_1_927' title='bbox 2337 5885 2450 5934; x_wconf 85' lang='lat' dir='ltr'><strong>tres</strong></span> <span class='ocrx_word' id='word_1_928' title='bbox 2478 5873 2787 5933; x_wconf 90' lang='lat' dir='ltr'><strong>omnimodo</strong></span> <span class='ocrx_word' id='word_1_929' title='bbox 2813 5870 3090 5933; x_wconf 86' lang='lat' dir='ltr'><strong>homines;</strong></span> <span class='ocrx_word' id='word_1_930' title='bbox 3120 5875 3175 5922; x_wconf 93' lang='lat' dir='ltr'><strong>et</strong></span> <span class='ocrx_word' id='word_1_931' title='bbox 3200 5865 3407 5934; x_wconf 87' lang='lat' dir='ltr'><strong>aliquid</strong></span> 
     </span>
    </p>
   </div>
   <div class='ocr_carea' id='block_1_112' title="bbox 193 5970 3408 6061">
    <p class='ocr_par' dir='ltr' id='par_1_112' title="bbox 193 5970 3408 6061">
     <span class='ocr_line' id='line_1_112' title="bbox 193 5970 3408 6061; baseline -0.007 -10"><span class='ocrx_word' id='word_1_932' title='bbox 193 6011 216 6038; x_wconf 70' lang='grc' dir='ltr'><em>δ</em></span> <span class='ocrx_word' id='word_1_933' title='bbox 243 5997 352 6057; x_wconf 82' lang='lat' dir='ltr'><strong>AL,</strong></span> <span class='ocrx_word' id='word_1_934' title='bbox 376 5993 529 6060; x_wconf 84' lang='lat' dir='ltr'><strong>Quod</strong></span> <span class='ocrx_word' id='word_1_935' title='bbox 556 6009 660 6048; x_wconf 79' lang='lat' dir='ltr'><strong>non</strong></span> <span class='ocrx_word' id='word_1_936' title='bbox 680 5993 747 6048; x_wconf 82' lang='lat' dir='ltr'><strong>de</strong></span> <span class='ocrx_word' id='word_1_937' title='bbox 771 5990 930 6046; x_wconf 83' lang='lat' dir='ltr'><strong>Patre</strong></span> <span class='ocrx_word' id='word_1_938' title='bbox 954 6000 1003 6046; x_wconf 86' lang='lat' dir='ltr'><strong>et</strong></span> <span class='ocrx_word' id='word_1_939' title='bbox 1025 5987 1197 6057; x_wconf 79' lang='lat' dir='ltr'><strong>Filio,</strong></span> <span class='ocrx_word' id='word_1_940' title='bbox 1216 5989 1349 6045; x_wconf 87' lang='lat' dir='ltr'><strong>illud</strong></span> <span class='ocrx_word' id='word_1_941' title='bbox 1374 5990 1438 6046; x_wconf 87' lang='lat' dir='ltr'><strong>de</strong></span> <span class='ocrx_word' id='word_1_942' title='bbox 1467 5989 1577 6055; x_wconf 88' lang='lat' dir='ltr'><strong>illo,</strong></span> <span class='ocrx_word' id='word_1_943' title='bbox 1603 5989 1707 6043; x_wconf 85' lang='lat' dir='ltr'><strong>dici</strong></span> <span class='ocrx_word' id='word_1_944' title='bbox 1744 5999 1978 6061; x_wconf 79' lang='lat' dir='ltr'><strong>possunt.</strong></span> <span class='ocrx_word' id='word_1_945' title='bbox 2031 5989 2180 6056; x_wconf 68' lang='lat' dir='ltr'><strong>Mss,</strong></span> <span class='ocrx_word' id='word_1_946' title='bbox 2214 5987 2356 6054; x_wconf 84' lang='lat' dir='ltr'><strong>Quid</strong></span> <span class='ocrx_word' id='word_1_947' title='bbox 2421 5988 2558 6042; x_wconf 82' lang='lat' dir='ltr'><strong>enim</strong></span> <span class='ocrx_word' id='word_1_948' title='bbox 2619 5986 2683 6040; x_wconf 84' lang='lat' dir='ltr'><strong>de</strong></span> <span class='ocrx_word' id='word_1_949' title='bbox 2715 5981 2876 6037; x_wconf 85' lang='lat' dir='ltr'><strong>Patre</strong></span> <span class='ocrx_word' id='word_1_950' title='bbox 2906 5990 2951 6036; x_wconf 88' lang='lat' dir='ltr'><strong>et</strong></span> <span class='ocrx_word' id='word_1_951' title='bbox 2982 5977 3142 6043; x_wconf 86' lang='lat' dir='ltr'><strong>Filio,</strong></span> <span class='ocrx_word' id='word_1_952' title='bbox 3181 5972 3309 6031; x_wconf 87' lang='lat' dir='ltr'><strong>illud</strong></span> <span class='ocrx_word' id='word_1_953' title='bbox 3337 5970 3408 6028; x_wconf 77' lang='lat' dir='ltr'><strong>de</strong></span> 
     </span>
    </p>
   </div>
   <div class='ocr_carea' id='block_1_113' title="bbox 117 6064 574 6136">
    <p class='ocr_par' dir='ltr' id='par_1_113' title="bbox 117 6064 574 6136">
     <span class='ocr_line' id='line_1_113' title="bbox 117 6064 574 6136; baseline -0.024 -9"><span class='ocrx_word' id='word_1_954' title='bbox 117 6068 232 6136; x_wconf 81' lang='lat' dir='ltr'><strong>illo,</strong></span> <span class='ocrx_word' id='word_1_955' title='bbox 257 6066 362 6120; x_wconf 80' lang='lat' dir='ltr'><strong>dici</strong></span> <span class='ocrx_word' id='word_1_956' title='bbox 387 6064 574 6136; x_wconf 80' lang='lat' dir='ltr'><strong>possit.</strong></span> 
     </span>
    </p>
   </div>
   <div class='ocr_carea' id='block_1_114' title="bbox 4073 613 4104 1762">
    <p class='ocr_par' dir='ltr' id='par_1_114' title="bbox 4079 617 4102 1388">
     <span class='ocr_line' id='line_1_114' title="bbox 4079 617 4102 1388; baseline 0 -10"><span class='ocrx_word' id='word_1_957' title='bbox 4079 617 4098 1366; x_wconf 63' lang='grc' dir='ltr'>ἐ</span> 
     </span>
    </p>
   </div>
  </div>
