4346 6618
807 465 870 518 l9
1633 460 1696 518 Β.
1734 460 1798 517 ιτ.
1838 460 2065 518 Αιιιικι
2105 460 2237 518 εει]
2275 459 2523 519 Διελέιῦ

2370 459 2554 518 CUM
2591 462 2880 522 OPERUM
2914 465 3094 522 PARS
3128 466 3213 523 Ill.
4017 465 4085 522 Ξῧ

802 597 978 652 majus
1005 581 1060 636 in
1090 580 1265 636 tribus
1289 579 1649 652 cognoscitur,
1695 593 1859 650 quam
1901 579 1958 633 in
1999 576 2239 649 quolibet
2275 591 2383 632 uno
2410 581 2456 639 Α
2485 587 2590 646 ter,
2621 589 2676 635 et
2706 581 2872 638 Filius
2907 583 3056 640 solus
3081 583 3274 649 Filius,
3317 591 3373 639 et
3415 585 3650 656 Spiritus
3679 595 3906 642 sanctus
3936 585 4084 642 solus

801 689 1009 729 eorum.
1059 672 1192 729 Item
1219 670 1494 726 Abraham
1524 685 1665 726 unus
1691 671 1876 736 homo,
1919 685 2025 724 non
2067 675 2248 723 tamen
2276 676 2387 723 tres

800 779 1049 834 persona:
1085 763 1138 818 in
1167 777 1254 828 eo,
1287 761 1428 818 sicut
1456 761 1512 816 in
1538 777 1647 816 uno
1672 760 1782 825 Deo
1823 768 1935 815 tres
1976 769 2102 815 sunt
2141 775 2387 830 personae

799 857 976 930 plena:
1017 864 1073 913 et
1113 855 1397 927 perfectze;
1449 858 1544 911 sed
1586 869 1694 909 una
1735 869 1963 925 persona
1995 853 2050 908 in
2073 851 2382 918 Abraham,

800 952 940 1008 sicut
968 951 1023 1007 in
1049 966 1157 1005 uno
1183 948 1319 1006 solet
1342 948 1560 1005 homine
1585 963 1725 1005 esse.

1047 1061 1276 1119 CAPUT
1313 1062 1385 1118 IX
1415 1061 1584 1135 (sorr.
1609 1075 1728 1116 cur.
1748 1075 1813 1126 x;
1844 1076 1898 1117 ut
1921 1075 2004 1116 us.
2031 1058 2134 1130 ιι).

908 1154 1064 1225 Quod
1092 1154 1222 1210 nihil
1245 1155 1530 1210 secundum
1556 1154 1798 1209 accidens
1830 1153 1888 1208 in
1913 1151 2024 1207 Deo
2046 1151 2274 1207 dicatur.

873 1269 931 1328 lu
959 1271 1069 1327 Deo
1096 1280 1275 1328 autem
1305 1270 1440 1328 nihil
1466 1270 1685 1342 quidem
1709 1267 2004 1326 secundum
2029 1266 2278 1324 accidens
2302 1264 2387 1323 di-

802 1360 966 1427 citur,
1007 1361 1133 1431 quia
1172 1360 1308 1418 nihil
1349 1361 1404 1417 in
1447 1377 1511 1418 eo
1553 1360 1686 1435 [Αι.,
1716 1361 1772 1417 ἱιι
1802 1359 1935 1432 Deo]
1977 1357 2238 1416 mutabile
2275 1364 2380 1415 est.

801 1448 913 1506 Nec
953 1459 1133 1508 tamen
1178 1466 1338 1509 omne
1384 1453 1528 1522 quod
1572 1453 1641 1509 de
1685 1452 1796 1509 Deo
1839 1450 2060 1519 dicitur,
2089 1450 2386 1508 secundum

797 1540 1162 1599 substantiam
1204 1543 1438 1612 dicitur,
1499 1553 1561 1598 ut
1604 1541 1661 1599 in
1708 1542 2080 1614 superioribus
2123 1541 2382 1598 diximus.

799 1631 1054 1701 Quamvis
1081 1634 1226 1690 enim
1252 1635 1464 1691 dicatur
1489 1633 1652 1690 Pater
1681 1634 1747 1690 ad
1777 1633 1972 1690 Filium
1989 1675 2004 1700 ,
2034 1643 2092 1690 et
2115 1633 2287 1690 Filius
2315 1635 2385 1690 ad

794 1723 1014 1781 Patrem
1034 1727 1328 1782 secundum
1350 1726 1420 1783 ad
1443 1725 1664 1797 aliquid,
1687 1741 1796 1782 non
1821 1735 1904 1784 est
1929 1734 2109 1782 tamen
2133 1726 2388 1783 accidens

794 1812 944 1870 Patri
969 1815 1187 1872 Patrem
1212 1832 1354 1884 esse,
1383 1818 1472 1875 vel
1497 1816 1635 1873 Filio
1662 1817 1858 1874 Filium
1883 1833 2024 1884 esse,
2057 1820 2186 1891 quia
2210 1829 2265 1876 et
2292 1818 2383 1875 illo

795 1922 1009 2010 semper
1035 1905 1225 2010 Pater,
1347 1907 1436 1965 ille
1467 1907 1904 2010 semper
1950 1909 2087 2010 quia
2106 1910 2381 2010 aeterni-tas
2411 1941 2459 2010 Β

793 2006 850 2053 et
877 1997 1392 2056 ineommutabilitas
1421 2008 1581 2072 negat
1605 2000 1906 2056 accidentis
1928 1999 2156 2071 alicujus
2185 2001 2240 2057 in
2268 2001 2380 2060 Deo

792 2086 1236 2154 instabilitatcm;
1274 2089 1401 2160 quia
1430 2104 1590 2146 omne
1615 2089 1868 2146 accidens
1908 2093 2206 2148 secundum
2236 2100 2378 2148 tem-

793 2197 895 2251 pus
927 2180 1013 2236 vel
1054 2195 1204 2247 esse,
1241 2181 1326 2237 vel
1371 2196 1478 2237 non
1517 2197 1638 2240 esse
1669 2191 1882 2254 potest,
1923 2181 2010 2241 vel
2049 2184 2254 2255 potuit,
2295 2184 2379 2241 vel

789 2275 955 2330 etiam
998 2274 1229 2346 poterit;
1277 2276 1404 2346 quia
1448 2275 1611 2332 Pater
1636 2292 1914 2348 nunquam
1954 2293 2060 2334 non
2101 2276 2285 2346 Pater,
2323 2287 2381 2336 et

789 2365 960 2423 Filius
987 2383 1260 2438 nunquam
1285 2382 1394 2424 non
1417 2365 1620 2436 Filius;
1644 2384 1746 2425 nec
1768 2370 1933 2440 cmpit
1956 2385 2192 2440 unquam
2219 2370 2378 2426 Pater

789 2476 911 2516 esse
932 2460 1110 2524 Pater,
1141 2477 1241 2518 nec
1265 2460 1434 2518 Filius
1460 2477 1583 2518 esse
1605 2461 1796 2518 Filius.
1829 2463 1982 2531 Quod
2010 2462 2058 2518 si
2087 2462 2379 2534 aliquando

789 2556 1045 2623 erupisset
1069 2553 1231 2609 Pater
1259 2553 1423 2610 Pater
1448 2568 1590 2620 esse,
1615 2553 1701 2610 vel
1730 2553 1899 2610 Filius
1927 2553 2095 2609 Filius
2123 2569 2266 2621 esse,
2291 2555 2376 2609 vel

788 2646 1061 2701 desineret
1085 2660 1205 2700 esse
1233 2644 1379 2714 quod
1413 2641 1566 2709 erat,
1611 2644 1908 2700 secundum
1949 2645 2200 2704 accidens
2231 2645 2379 2703 dice-

786 2746 942 2792 retur
967 2737 1150 2803 Pater,
1179 2736 1265 2792 vel
1305 2736 1492 2793 Filius.
1539 2735 1599 2792 Si
1628 2751 1759 2792 vero
1798 2737 1943 2808 quod
1981 2737 2181 2793 dicitur
2209 2737 2376 2794 Pater

786 2829 856 2884 ad
880 2829 1116 2899 seipsum
1143 2828 1438 2896 diceretur,
1465 2845 1572 2886 non
1597 2829 1664 2886 ad
1688 2828 1908 2895 Filium,
1933 2837 1988 2884 et
2013 2829 2159 2900 quod
2176 2831 2377 2887 dicitur

787 2922 958 2978 Filius
989 2922 1057 2977 ad
1085 2923 1321 2993 seipsum
1347 2923 1644 2990 diceretur,
1676 2939 1784 2980 non
1810 2924 1880 2980 ad
1906 2923 2151 2990 Patrem,
2176 2940 2373 2981 secun-

785 3017 915 3070 dum
956 3015 1112 3086 Ὶιι
1155 3015 1513 3071 substantiam
1559 3015 1869 3073 diceretur:
1921 3015 2017 3073 sed
2062 3015 2223 3073 Pater
2263 3032 2373 3072 non

784 3103 984 3161 dicitur
1009 3103 1190 3168 Pater,
1219 3104 1324 3160 nisi
1351 3120 1420 3163 ex
1444 3120 1510 3161 eo
1537 3106 1683 3177 quod
1707 3114 1794 3163 est
1821 3105 1870 3161 ei
1896 3104 2097 3173 Filius;
2125 3114 2180 3162 et
2203 3104 2374 3162 Filius

784 3211 892 3251 non
919 3195 1117 3251 dicitur
1141 3195 1332 3264 Filius,
1375 3195 1481 3253 nisi
1520 3211 1587 3253 ex
1627 3213 1694 3255 eo
1721 3197 1865 3269 quod
1905 3197 2071 3253 habet
2111 3196 2366 3265 Patrem;

783 3305 892 3344 non
920 3287 1220 3345 secundum
1246 3288 1638 3356 substantiam,
1678 3297 1740 3346 ut
1776 3288 1980 3345 dictum
2015 3297 2099 3346 est
2131 3289 2193 3346 in
2216 3289 2366 3362 prio-

783 3381 960 3446 ribus,
987 3381 1114 3454 quia
1149 3396 1257 3436 non
1291 3381 1520 3453 quisque
1543 3396 1731 3438 eorum
1765 3381 1835 3438 ad
1861 3382 2096 3453 seipsum
2118 3423 2132 3449 ,
2171 3382 2267 3440 sed
2299 3382 2366 3438 ad

781 3470 1054 3538 invicem,
1107 3479 1270 3542 atque
1317 3471 1637 3529 alterutrum
1685 3474 1789 3530 ista
1836 3474 2132 3541 dicuntur;
2191 3489 2368 3548 neque

778 3563 1078 3620 secundum
1120 3565 1396 3630 accidens,
1439 3565 1567 3638 quia
1608 3573 1664 3621 et
1701 3565 1845 3637 quod
1881 3566 2080 3622 dicitur
2104 3565 2284 3635 Pater,
2313 3577 2366 3625 et

783 3653 928 3724 quod
957 3653 1157 3711 dicitur
1182 3654 1386 3724 Filius,
1429 3663 1692 3714 aeternum
1731 3667 1895 3729 atque
1924 3658 2365 3716 incommutabile

783 3753 867 3800 est
895 3744 992 3800 eis.

1091 3857 1319 3916 CAPUT
1357 3859 1406 3915 X
1438 3859 1606 3933 (ευιτ.
1630 3878 1718 3928 xt;
1745 3878 1797 3917 IN
1822 3877 1907 3919 us.
1931 3863 2052 3936 xu).

783 3945 936 4013 Quod
965 3964 1070 4005 non
1097 3951 1164 4004 sit
1192 3949 1452 4006 diversum
1481 3952 1536 4006 in
1565 3951 1882 4014 substantia,
1914 3951 2130 4010 Patrem
2157 3955 2235 4013 vel
2261 3956 2362 4013 Fi-

1238 4020 1368 4077 lium
1395 4021 1502 4077 dici
1530 4021 1660 4093 [Al.,
1688 4023 1903 4098 dicere].

851 4128 1111 4197 Quamvis
1148 4129 1286 4188 alius
1323 4133 1395 4188 sit
1433 4131 1597 4189 Pater
1635 4143 1690 4190 et
1731 4135 1869 4192 alius
1894 4136 2096 4204 Filius,
2140 4155 2251 4196 non
2279 4149 2364 4198 est

779 4230 962 4276 tamen
993 4221 1207 4279 diversa
1233 4222 1536 4279 substantia
1565 4223 1764 4292 Patris,
1805 4239 1862 4284 et
1887 4227 2032 4285 Filii.
2078 4229 2216 4299 Quia
2258 4232 2364 4288 hoc

777 4327 885 4366 non
917 4312 1210 4367 secundum
1240 4314 1595 4370 substantiam
1625 4316 1895 4382 dicuntur,
1940 4319 2035 4376 sed
2065 4321 2362 4378 secundum

777 4403 1064 4457 relativum
1093 4402 1226 4476 [Al.,
1255 4405 1628 4480 relationem];
1674 4411 1816 4480 quod
1855 4419 2036 4468 tamen
2075 4413 2361 4470 relativum

778 4509 885 4548 non
910 4503 994 4549 est
1015 4494 1286 4563 accidens,
1309 4498 1435 4567 quia
1463 4514 1570 4554 non
1597 4508 1679 4555 est
1708 4501 1984 4558 mutabile.
2019 4502 2154 4560 Cum
2180 4505 2365 4578 itaque

779 4593 963 4640 tantus
1011 4585 1158 4642 solus
1202 4596 1286 4644 est
1335 4588 1516 4654 Pater,
1549 4591 1634 4646 vel
1679 4591 1827 4649 solus
1855 4592 2044 4662 Filius,
2088 4597 2172 4652 vel
2215 4599 2362 4656 solus

779 4675 1013 4746 Spiritus
1037 4685 1276 4748 sanctus,
1306 4691 1540 4750 quantus
1561 4690 1646 4738 est
1669 4684 1850 4749 simul.
1877 4686 2060 4754 Pater,
2086 4695 2143 4744 et
2169 4688 2357 4758 Filius,

777 4779 834 4821 et
863 4768 1098 4840 Spiritus
1129 4781 1372 4839 sanctus,
1408 4773 1553 4830 nullo
1581 4775 1741 4831 modo
1767 4777 1962 4850 triplex
1991 4779 2251 4837 dicendus
2277 4791 2362 4839 est

779 4861 942 4926 Deus,
967 4863 1091 4932 quia
1121 4878 1227 4919 non
1252 4875 1337 4921 est
1363 4881 1470 4937 quo
1495 4879 1706 4923 crescat
1733 4869 1820 4924 illa
1849 4869 2110 4940 perfectio
2137 4890 2360 4933 summa:

781 4951 1082 5010 Trinitatis.
1131 4953 1410 5013 Perfectus
1445 4966 1626 5013 autem
1665 4961 1776 5015 sive
1801 4960 1986 5030 Pater,
2029 4965 2143 5020 sive
2167 4964 2366 5032 Filius.

779 5039 894 5099 sive
923 5043 1160 5114 Spiritus
1188 5056 1444 5115 sanctus;
1490 5058 1546 5105 et
1585 5049 1859 5122 perfectus
1898 5053 2042 5110 Deus
2077 5056 2256 5123 Pater,
2305 5069 2362 5115 et

776 5133 968 5202 Filius,
990 5147 1046 5191 et
1067 5137 1301 5206 Spiritus
1324 5147 1572 5196 sanctus:
1600 5141 1720 5199 ideo
1741 5143 1978 5201 Trinitas
1997 5148 2177 5218 potius
2197 5163 2360 5220 quam

780 5225 980 5298 triplex
1004 5227 1229 5284 dicenda
1252 5239 1353 5286 est.

1046 5341 1273 5400 CAPUT
1307 5344 1381 5401 Xl
1417 5338 1587 5418 (εὐιτ.
1612 5365 1719 5416 xu;
1749 5367 1803 5405 1N
1829 5367 1912 5407 us.
1936 5351 2080 5424 xm).

787 5431 918 5501 Qua!
955 5434 1061 5492 sint
1099 5438 1311 5510 prepria
1351 5440 1628 5522 unicuique
1665 5460 1900 5514 persona:
1935 5445 1991 5498 in
2022 5456 2207 5501 sancta
2240 5446 2361 5502 Tri-

1479 5521 1659 5568 nitate.

852 5614 1065 5673 llabent
1085 5617 1268 5690 itaque
1293 5620 1516 5691 singula:
1540 5623 1595 5678 in
1620 5633 1806 5680 sancta
1831 5625 2095 5683 Trinitate
2121 5644 2363 5700 personae

785 5707 988 5777 aliquid
1027 5712 1304 5780 proprium
1327 5751 1342 5778 ,
1392 5728 1502 5783 quo
1544 5714 1890 5785 inseparabili
1918 5719 2231 5790 aqualitate
2267 5721 2366 5777 ali-

784 5813 948 5868 quam
978 5798 1033 5855 in
1064 5812 1122 5855 se
1150 5802 1438 5858 ostendant
1463 5808 1865 5878 proprietatem.
1895 5809 2058 5866 Pater
2086 5813 2234 5869 solus
2261 5813 2364 5869 Pa-

859 5943 882 5970 a
906 5927 1108 5988 rEneas
1137 5931 1308 5991 Paris.
1337 5951 1397 5991 ea
1426 5952 1544 6009 quae
1569 5951 1869 6010 sequuntur
1891 5944 2045 6011 citat,
2076 5961 2192 6017 cap.
2223 5946 2292 6003 80

2492 670 2620 741 [esti
2643 672 2879 742 Spiritus
2907 685 3147 730 sanctus.
3181 676 3247 732 Et
3267 675 3430 731 Pater
3455 678 3556 732 hoc
3585 677 3750 733 habet
3776 678 4086 749 proprium,

2488 765 2632 834 quod
2657 782 2720 820 ex
2750 768 3001 825 omnibus
3023 786 3145 840 quae
3171 778 3317 836 sunt,
3345 769 3493 826 solus
3517 779 3600 826 est
3627 772 3720 841 qui
3748 771 3818 826 ab
3843 771 3954 828 alio
3977 787 4085 827 non

2487 867 2606 913 est:
2656 875 2720 915 ac
2763 875 2862 931 per
2889 860 2994 917 hoc
3037 862 3184 918 solus
3225 873 3310 918 est
3353 863 3412 918 in
3455 864 3797 934 paternitatis
3823 879 4084 934 persona.

2486 963 2595 1004 non
2645 948 2839 1024 [solus]
2892 952 2946 1007 in
2995 952 3214 1009 deitatis
3259 956 3520 1010 essentia.
3578 953 3903 1026 Unigcnitus
3952 972 4087 1012 vero

2486 1041 2657 1099 Filius
2686 1043 2779 1099 Dei
2807 1044 2910 1100 hoc
2935 1044 3098 1102 habet
3124 1048 3421 1117 proprium,
3458 1047 3603 1118 quod
3630 1063 3696 1102 ex
3725 1048 3860 1113 solo,
3894 1049 3950 1103 id
3975 1058 4085 1112 est,

2484 1133 2648 1190 Patre
2691 1136 3225 1193 consubstantialiter
3253 1145 3308 1194 et
3337 1137 3769 1194 coessentialiter
3797 1137 3948 1194 solus
3987 1155 4084 1210 ge-

2485 1227 2634 1283 nitus
2659 1235 2774 1295 est;
2831 1236 2887 1284 et
2931 1229 2985 1284 in
3031 1229 3136 1286 hoc
3181 1237 3268 1286 est
3312 1245 3560 1301 persona:
3597 1244 3710 1286 sua:
3751 1230 4080 1302 proprietas.

2486 1317 2722 1391 Spiritus
2759 1327 2980 1376 sanctus
3021 1320 3206 1392 itaque
3248 1321 3352 1378 hoc
3396 1321 3560 1378 habet
3589 1323 3900 1394 proprium,
3935 1325 4081 1393 quod

2483 1427 2550 1468 ex
2575 1411 2737 1469 Patre
2762 1421 2820 1469 et
2840 1412 2977 1469 Filio
3001 1414 3280 1485 aequaliter
3302 1414 3578 1486 procedit;
3608 1424 3664 1471 et
3683 1422 3768 1470 est
3792 1416 4081 1472 amborum

2485 1501 2744 1576 Spiritus,
2771 1503 3123 1577 ejusdemque
3147 1506 3463 1562 substantia:
3503 1515 3561 1563 et
3596 1507 3924 1564 eternitatis
3953 1523 4078 1563 cum

2481 1593 2644 1652 Patre
2670 1606 2726 1653 et
2752 1595 2913 1654 Filio.
2944 1611 2970 1641 ι
2997 1598 3104 1655 Sed
3133 1600 3248 1656 hac
3277 1599 3381 1656 tria
3406 1615 3535 1655 vere
3561 1601 3728 1656 etiam
3766 1601 3874 1656 tria
3917 1611 4081 1666 sunt,

2483 1689 2935 1764 inell‘abiliterque
2964 1695 3069 1749 tria
3094 1734 3110 1761 ,
3159 1702 3217 1750 et
3243 1694 3608 1754 essentialiter
3639 1695 3771 1760 tria,
3821 1695 4080 1752 habentia

2479 1783 2844 1853 proprietates
2867 1799 3016 1841 suas.
3051 1785 3118 1842 Et
3147 1785 3264 1845 huc
3287 1787 3391 1842 tria
3421 1802 3610 1855 unum,
3637 1796 3696 1844 et
3715 1803 3844 1844 vere
3873 1805 4076 1854 unum;

2481 1884 2536 1932 et
2559 1877 2662 1933 hoc
2683 1892 2849 1933 unum
2875 1886 3006 1944 tres,
3037 1877 3132 1936 sed
3157 1894 3266 1936 non
3287 1887 3402 1937 tres
3425 1879 3638 1946 Patres,
3667 1897 3770 1937 nec
3796 1889 3910 1940 tres
3931 1882 4079 1945 Filii.

2481 1984 2583 2026 nec
2625 1976 2738 2027 tres
2781 1970 3020 2042 Spiritus
3060 1975 3268 2039 sancti;
3319 1973 3414 2030 sed
3460 1981 3574 2032 tres
3615 1989 3897 2044 personas,
3938 1993 4082 2034 unus

2479 2057 2662 2126 Pater,
2685 2075 2826 2117 unus
2847 2060 3040 2127 Filius,
3062 2078 3204 2118 unus
3226 2063 3464 2135 Spiritus
3485 2072 3730 2121 sanctus.
3764 2065 3832 2120 Et
3856 2066 3911 2121 hi
3943 2075 4080 2132 tres,

2478 2150 2533 2205 id
2561 2160 2664 2216 est,
2713 2150 2890 2215 Pater,
2939 2161 2994 2208 et
3032 2154 3223 2221 Filius,
3265 2162 3322 2211 et
3363 2154 3601 2227 Spiritus
3627 2165 3876 2220 sanctus,
3909 2174 4078 2211 unum

2477 2251 2607 2298 sunt
2634 2243 2690 2299 in
2717 2252 2932 2309 natura,
2955 2245 3370 2316 omnipotentis,
3400 2253 3455 2302 et
3479 2247 3804 2304 :eternitate.
3838 2247 3948 2304 Sed
3974 2249 4082 2304 boe

2477 2332 2643 2388 etiam
2687 2341 2849 2403 atque
2887 2334 3052 2390 etiam
3092 2335 3323 2392 ﬁrmiter
3352 2337 3644 2393 tenendum
3673 2349 3792 2405 est,
3840 2339 3979 2396 nihil
4022 2341 4079 2395 in

2478 2433 2667 2481 saneta
2696 2425 2983 2492 Trinitate,
3017 2428 3085 2484 ad
3115 2445 3174 2486 se
3202 2429 3431 2496 dictum,
3462 2431 3659 2501 plurali
3691 2448 3918 2490 numero
3947 2447 4072 2488 esse

2477 2515 2794 2583 dicendum;
2834 2519 2965 2589 quia
3001 2520 3229 2590 simplex
3265 2522 3356 2578 illa
3387 2538 3613 2580 summa:
3641 2525 3943 2581 divinitatis
3971 2541 4076 2581 na-

2477 2617 2601 2665 tura
2629 2609 2892 2681 singulari
2919 2627 3151 2668 numero
3175 2613 3447 2685 designari
3477 2616 3670 2682 debet,
3708 2631 3829 2672 nou
3857 2617 4076 2687 plurali.

2475 2699 2557 2755 Ae
2579 2699 2702 2756 ideo
2728 2713 2831 2758 nec
2855 2709 2970 2759 tres
3004 2703 3170 2771 deos,
3213 2721 3315 2761 nec
3353 2714 3466 2764 tres
3492 2709 3922 2780 omnipotentes,
3969 2726 4079 2764 nec

2478 2798 2590 2847 tres
2617 2789 2789 2848 bonos
2813 2833 2830 2860 ,
2881 2807 2981 2850 nec
3009 2802 3123 2851 tres
3150 2812 3402 2868 magnos,
3447 2815 3547 2856 nec
3577 2810 3690 2857 tres
3719 2803 3986 2857 essentias
4018 2803 4080 2857 in

2476 2879 2590 2937 Deo
2613 2882 2797 2939 dicere
2824 2882 2906 2939 l'as
2933 2893 3036 2940 est.
3087 2885 3222 2943 Cum
3249 2889 3396 2944 enim
3425 2891 3784 2960 personaliter
3819 2891 3959 2948 alius
3999 2894 4075 2950 sit

2476 2972 2659 3042 Pater,
2687 2975 2826 3032 alius
2845 2976 3038 3044 Filius,
3065 2978 3203 3035 alius
3224 2979 3461 3051 Spiritus
3485 2993 3738 3050 sanctus;
3777 2984 3863 3040 his
3890 2993 4081 3041 tamen

2475 3081 2646 3122 unum
2688 3074 2775 3122 est
2814 3078 3024 3125 natura:
3068 3085 3300 3135 nome,
3347 3073 3494 3143 quod
3533 3075 3735 3130 dicitur
3773 3075 3946 3141 Deus,
3989 3079 4076 3134 vel

2474 3157 2809 3227 substantia,
2837 3160 2926 3216 vel
2953 3165 3220 3230 essentia,
3256 3165 3342 3219 vel
3383 3166 3811 3238 omnipotentia,
3848 3168 3932 3225 vel
3966 3169 4071 3224 alia

2475 3249 2681 3315 multa,
2735 3266 2855 3322 qum
2901 3253 3354 3323 substantialiter,
3405 3271 3515 3314 non
3565 3257 3789 3315 relative
3835 3259 3903 3315 de
3955 3260 4069 3317 Deo

2393 3308 2444 3372 ε
2471 3308 2744 3398 dicuntur.

2577 3468 2579 3470 ‘
2643 3450 2874 3509 CAPUT
2906 3453 3001 3510 ΧΠ
3033 3454 3202 3526 (eum.
3227 3474 3348 3513 cae.
3379 3475 3511 3524 xui;
3550 3477 3604 3516 IN
3634 3477 3718 3517 us.
3742 3463 3883 3532 xiv).

2504 3541 2660 3609 Quod
2693 3544 2938 3633 quadam
2982 3563 3140 3628 opera
3184 3561 3382 3631 saneta:
3410 3551 3684 3633 Trinitatis
3720 3554 4044 3625 quibusdam

2857 3632 3092 3688 personis
3120 3636 3330 3691 proprie
3355 3632 3686 3678 conveniunt.

2535 3707 2906 3766 indubitanter
2926 3710 3195 3780 siquidem
3217 3713 3441 3769 credere
3463 3713 3725 3774 debemus
3745 3717 3916 3788 ipsam
3939 3735 4068 3776 san-

2465 3809 2609 3857 ctam
2633 3799 2956 3857 Trinitatem
2982 3815 3105 3858 esse
3133 3805 3510 3873 inseparabilis
3536 3807 3855 3864 substantia:
3898 3821 4070 3882 atque

2465 3891 2746 3958 essentia,
2783 3893 3326 3966 inseparabiliterqne
3354 3899 3570 3967 operari
3598 3901 3860 3972 quidquid
3893 3919 3923 3957 a
3952 3906 4067 3960 sin-

2464 3983 2604 4056 gulis
2630 3986 2876 4056 personis
2904 3985 3135 4057 legimus
3161 4000 3447 4058 operatum
3475 4005 3617 4048 esse.
3651 3991 3915 4060 Quamvis
3942 4013 4062 4050 eer-

2464 4074 2735 4131 tissimum
2766 4076 2836 4132 sit
2873 4076 3094 4135 Patrem
3137 4094 3258 4136 esse
3294 4081 3469 4138 solum
3521 4085 3615 4154 qui
3643 4085 3819 4141 dixit:
3854 4087 3959 4142 Hic
3987 4099 4067 4143 est

2464 4163 2639 4222 Filius
2674 4183 2821 4222 meus
2852 4168 3102 4230 dilectus.
3143 4172 3204 4226 in
3224 4189 3328 4242 quo
3357 4175 3486 4230 mihi
3522 4177 3815 4248 complacui
3842 4179 4061 4251 (Matth.

2463 4256 2698 4331 111,17);
2731 4267 2788 4314 et
2813 4258 3015 4318 Filium
3044 4263 3209 4334 712
3235 4279 3356 4320 esse
3386 4268 3562 4323 solum
3589 4284 3756 4340 super
3777 4287 3941 4343 quem
3974 4275 4060 4330 illa

2461 4363 2567 4406 vox
2593 4347 2808 4424 [solius]
2838 4350 3019 4407 Patris
3043 4356 3243 4420 sonuit,
3267 4358 3487 4428 quando
3516 4360 3570 4416 in
3597 4359 3835 4419 Jordane
3863 4382 4059 4423 secun-

2466 4441 2596 4499 dum
2628 4445 2901 4501 hominem
2929 4446 3239 4518 baptizatus
3265 4459 3380 4516 est,
3406 4452 3548 4508 idem
3579 4456 3886 4527 unigenitus
3914 4459 4061 4514 Deus

2464 4532 2558 4603 qui
2587 4547 2806 4590 carnem
2840 4533 2988 4590 solus
3019 4538 3245 4608 accepit.
3291 4537 3359 4593 Et
3387 4541 3646 4611 Spiritum
3679 4554 3930 4601 sanctum
3957 4547 4060 4603 Pa-

2465 4623 2567 4679 tris
2594 4633 2652 4679 et
2673 4624 2798 4680 Filii
2823 4625 2994 4682 solum
3022 4643 3162 4694 esse,
3193 4631 3286 4700 qui
3317 4631 3369 4685 in
3400 4635 3581 4702 specie
3607 4637 3871 4693 columine
3897 4656 4060 4710 super

2463 4717 2711 4772 eumdem
2736 4717 3072 4788 baptizatum
3099 4720 3479 4778 ascendentem
3511 4725 3576 4781 de
3605 4741 3747 4797 aqua
3775 4729 4058 4786 descendit

2463 4805 2679 4877 (Matth.
2708 4824 2794 4874 ιιι,
2828 4807 2933 4880 l6),
2983 4819 3039 4863 et
3084 4812 3531 4884 quinquagesimo
3575 4817 3663 4871 die
3701 4830 3823 4889 post
3872 4838 4055 4878 resur-

2463 4897 2764 4954 rectionem
2800 4898 3004 4957 Christi
3056 4901 3240 4958 ﬁdeles
3289 4903 3342 4958 in
3391 4921 3500 4962 uno
3544 4908 3663 4964 loco
3709 4913 3952 4979 positos,
4003 4917 4055 4969 in

2465 4986 2770 5060 linguarum
2829 4991 3108 5061 ignearum
3162 4995 3371 5049 visione
3427 4997 3754 5064 adveniens,
3829 5006 4055 5075 replevit

2461 5079 2662 5153 (Actor.
2691 5097 2756 5148 ιι,
2791 5083 2826 5138 3
2852 5092 2899 5137 et
2925 5082 3004 5155 4).
3036 5083 3188 5139 Illam
3221 5093 3399 5140 tamen
3429 5089 3708 5146 verissime
3732 5107 3921 5148 vocem
3949 5112 4053 5165 qua

2468 5173 2616 5230 solus
2647 5174 2861 5230 locutus
2901 5186 2986 5230 est
3032 5176 3174 5232 Deus
3202 5177 3387 5243 Pater,
3429 5188 3484 5234 et
3523 5179 3670 5236 illam
3699 5197 3918 5240 carnem
3949 5203 4053 5255 qua

2468 5267 2614 5323 solus
2658 5269 2823 5325 homo
2863 5267 3040 5324 factus
3085 5278 3169 5324 est
3213 5269 3544 5341 [unigenitus
3577 5273 3767 5347 Deus],
3809 5285 3866 5330 et
3907 5278 4053 5334 illam

2468 5361 2772 5418 columbam
2823 5364 2878 5418 in
2928 5362 3081 5431 cujus
3123 5367 3302 5434 specie
3346 5367 3581 5435 Spiritus
3625 5381 3846 5426 sanctus
3891 5389 4055 5444 super

2469 5453 2746 5524 Christum
2775 5455 3085 5521 descendit,
3131 5457 3360 5527 illasque
3388 5459 3595 5531 linguas
3624 5463 3809 5533 igneas
3837 5466 3891 5519 in
3921 5483 4052 5536 qua-

2467 5561 2588 5600 rum
2633 5545 2841 5603 visione
2889 5547 3074 5602 ﬁdeles
3121 5565 3230 5602 uno
3271 5549 3390 5605 loco
3429 5553 3754 5609 constitutos
3788 5557 4048 5624 replevit,

2464 5650 2628 5706 opera
2657 5652 2777 5692 esse
2807 5639 2968 5693 totius
2993 5650 3194 5694 sanctae
3219 5640 3520 5709 Trinitatis,
3540 5644 3592 5699 id
3619 5655 3725 5711 est,
3747 5648 3905 5703 unius
3935 5649 4045 5714 Dei,

2465 5729 2557 5800 qui
2589 5729 2716 5786 fecit
2743 5730 2797 5785 in
2827 5730 2980 5786 caelis
3016 5741 3072 5786 et
3111 5733 3350 5792 inoterra
3385 5737 3614 5794 visibilia
3644 5749 3700 5795 et
3725 5739 4047 5811 invisibilia,

2465 5822 2748 5879 verissime
2774 5823 3106 5881 credendum
3132 5833 3232 5881 est.
