4346 6684
284 630 349 684 2|
932 623 1354 681 DOGXIATICA.
1392 652 1464 666 -—-
1500 624 1587 682 DE
1623 622 1778 678 FIDE
1818 623 1876 678 S.
1922 621 1960 676 Τ
1973 619 2316 676 BINITATIS
2353 621 2532 679 LIBRI
2573 624 2656 678 III.
2697 623 2821 679 LIB.
2860 626 2899 679 l.
3501 628 3575 685 '29,

481 737 709 795 CAPUT
750 737 861 793 XIII
892 744 1063 808 (amr.
1086 755 1203 794 cae.
1229 753 1348 800 xiv;
1382 752 1436 790 IN
1461 750 1546 791 its.
1571 740 1686 806 xv}.

287 829 446 899 Quod
483 840 666 887 sancta
705 829 934 883 Trinitas
971 846 1074 884 non
1113 833 1178 884 sit
1213 827 1518 898 separabilis
1557 827 1610 880 in
1650 836 1876 889 natura,

737 917 822 953 nec
857 902 909 954 in
939 900 1174 971 personis
1200 899 1442 953 dicenda.

357 1017 504 1072 Deus
543 1030 673 1087 ergo
713 1030 810 1086 per
845 1013 1266 1069 immensitatem
1309 1022 1516 1069 natura:
1558 1026 1670 1068 sua:
1710 1017 1878 1066 totam

283 1122 596 1168 creaturam
617 1125 770 1166 suam
791 1117 847 1164 ct
877 1109 1063 1180 implet
1083 1117 1138 1161 et
1159 1107 1434 1170 continet;
1465 1123 1529 1161 ac
1552 1121 1650 1175 per
1669 1107 1772 1161 hoc
1797 1113 1879 1160 to-

281 1213 422 1268 tum,
449 1201 711 1274 quidquid
734 1210 839 1268 est,
869 1201 1058 1272 implet
1081 1201 1259 1262 Pater,
1286 1208 1460 1254 totum
1486 1199 1674 1263 Filius,
1705 1207 1878 1254 totum

281 1292 525 1364 Spiritus
562 1299 805 1348 sanctus.
853 1291 1198 1362 Quapropter
1226 1289 1402 1362 [Mss.,
1433 1291 1567 1358 Quia
1595 1288 1780 1362 Pater]
1822 1298 1880 1346 ct

279 1383 455 1440 Filius
482 1392 540 1441 et
567 1383 804 1454 Spiritus
832 1391 1056 1439 sanctus
1082 1380 1408 1436 naturaliter
1432 1396 1572 1436 unus
1597 1388 1681 1436 est
1711 1380 1873 1436 Deus.

279 1476 665 1548 Inseparabilis
693 1477 856 1548 igitur
881 1484 1089 1531 natura:
1119 1475 1298 1530 unitas
1322 1491 1429 1529 non
1457 1482 1633 1543 potest
1661 1489 1880 1544 separa-

278 1567 422 1624 biles
457 1568 661 1623 habere
695 1582 976 1639 personas.
1028 1565 1153 1620 l-ltec
1179 1580 1308 1620 vero
1343 1580 1568 1620 summa:
1596 1565 1880 1621 Trinitatis

282 1671 449 1732 atque
479 1660 767 1717 individua:
793 1661 1022 1716 unitatis
1045 1667 1264 1727 natura,
1287 1675 1408 1729 qua:
1432 1658 1546 1714 sola
1569 1666 1654 1713 est
1680 1658 1882 1728 ubique

281 1762 420 1817 tota,
453 1753 596 1810 sicut
621 1753 821 1825 ubique
849 1751 1269 1824 inseparabilem
1297 1753 1460 1808 habet
1489 1753 1753 1807 unitatem
1784 1767 1881 1806 na-

281 1855 420 1904 tur-.e
439 1848 524 1903 vel
545 1846 752 1919 operis,
772 1846 852 1903 sic
878 1847 1277 1919 separationem
1299 1860 1408 1902 non
1431 1855 1610 1918 potest
1638 1845 1881 1916 recipere

277 1955 664 2011 personarum.
710 1938 1071 1995 Nominantur
1096 1938 1316 2008 quidem
1355 1937 1459 1993 illa:
1493 1951 1741 2010 personae
1778 1937 1878 1991 ali-

279 2030 503 2100 quando
532 2029 786 2101 singulae;
823 2029 918 2084 sed
945 2029 1021 2083 ita
1051 2044 1111 2084 se
1137 2027 1306 2083 voluit
1332 2027 1446 2099 ipsa
1471 2027 1617 2082 Deus
1639 2026 1880 2083 Trinitas

279 2123 703 2194 inseparabilem
732 2123 1020 2178 ostendere
1051 2122 1104 2178 in
1139 2121 1407 2192 personis,
1454 2129 1516 2176 ut
1553 2120 1760 2176 nullum
1802 2119 1877 2174 ibi

279 2233 482 2272 nomen
508 2217 580 2272 sit
612 2217 662 2271 in
690 2217 933 2288 «[iialihet
955 2231 1210 2287 persona,
1238 2215 1382 2287 quod
1405 2215 1473 2272 ad
1495 2214 1657 2270 aliam
1685 2229 1878 2270 secun-

283 2307 415 2362 dum
451 2308 736 2363 relationis
765 2307 1003 2378 regulam
1035 2323 1142 2362 non
1172 2306 1469 2363 referretur
1494 2305 1626 2379 ML,
1658 2322 1762 2362 non
1793 2321 1880 2360 re-

279 2396 542 2469 feratur],
565 2396 708 2451 sicut
734 2395 897 2452 Pater
917 2397 984 2451 ad
1008 2396 1223 2462 Filium,
1251 2397 1330 2451 vel
1355 2396 1525 2452 Filius
1550 2396 1616 2451 ad
1637 2396 1874 2460 Patrem,

277 2489 369 2544 vel
410 2488 648 2560 Spiritus
677 2497 899 2545 sanctus
925 2489 992 2543 ad
1019 2489 1237 2544 i'atrem
1277 2497 1332 2542 et
1371 2487 1570 2544 Filium
1595 2487 1877 2543 verissime

282 2579 546 2638 refertur.
599 2581 675 2636 Ea
702 2597 832 2636 vero
857 2583 1079 2636 nomina
1107 2581 1638 2652 qmesubstantiam,
1669 2581 1753 2635 vel
1782 2596 1879 2651 po-

280 2676 536 2741 tentiam,
567 2675 652 2731 vel
681 2677 972 2731 essentiam
1004 2675 1100 2730 Dei
1130 2675 1468 2745 signiﬁcant,
1501 2675 1586 2730 vel
1616 2675 1879 2746 quidquid

278 2765 502 2836 proprie
532 2765 598 2820 ad
630 2781 688 2821 se
715 2765 913 2821 dicitur
943 2764 1106 2828 Deus,
1138 2764 1391 2820 omnibus
1417 2765 1665 2835 personis
1694 2780 1880 2836 aequa-

281 2858 412 2915 liter
441 2860 804 2925 conveniunt,
848 2866 910 2914 ut
945 2859 1090 2914 Dens
1121 2873 1364 2928 magnus,
1397 2858 1592 2920 bonus,
1619 2870 1875 2923 aeternus,

279 2953 650 3021 omnipotens,
682 2959 736 3005 et
760 2952 937 3005 omnia
971 2966 1091 3021 quae
1119 2951 1437 3006 naturaliter
1463 2951 1529 3004 de
1553 2949 1881 3026 Deoﬁicuno-

281 3049 394 3097 tur.
440 3042 556 3097 Non
587 3047 670 3096 est
702 3041 867 3112 igitur
895 3040 1113 3113 aliquod
1140 3049 1347 3096 nature
1374 3055 1572 3097 nomen
1604 3039 1737 3113 [Αι.,
1768 3057 1878 3096 non

280 3143 467 3206 potest
490 3134 658 3207 igitur
681 3132 834 3207 dici],
855 3135 998 3205 quod
1021 3133 1101 3190 sic
1121 3132 1271 3188 Patri
1294 3133 1585 3188 convenire
1606 3131 1797 3203 possit,
1819 3138 1882 3187 ut

282 3236 380 3282 aut
419 3224 557 3281 Filio
605 3233 698 3280 aut
740 3225 968 3296 Spiritui
1009 3233 1198 3280 sancto
1227 3223 1554 3297 [mqualiter]
1589 3223 1879 3294 convenire

282 3327 540 3391 nequeat.
588 3317 802 3373 Dicitur
831 3317 977 3373 enim
1013 3316 1178 3372 Pater
1203 3317 1528 3373 naturaliter
1563 3317 1736 3380 Deus,
1783 3316 1880 3372 sed

281 3411 608 3467 naturaliter
629 3420 712 3467 est
738 3410 882 3466 Deus
906 3419 961 3464 et
984 3407 1175 3472 Filius,
1201 3408 1525 3464 naturaliter
1545 3417 1628 3464 est
1655 3407 1802 3464 Deus
1824 3398 1880 3463 et

283 3505 522 3576 Spiritus
549 3512 788 3560 sanctus.
829 3503 936 3559 Nec
963 3510 1142 3558 tamen
1169 3510 1281 3557 tres
1313 3501 1408 3564 dii,
1436 3501 1531 3556 sed
1557 3516 1696 3556 unus
1721 3508 1880 3556 natm-

285 3594 482 3650 raliter
508 3594 670 3659 Deus,
710 3592 895 3656 Pater,
935 3598 991 3646 et
1027 3589 1219 3657 Filius,
1258 3599 1313 3646 et
1354 3589 1593 3661 Spiritus
1634 3594 1875 3646 sanctus.

279 3686 490 3744 Idcirco
521 3683 901 3756 inseparabilis
939 3688 1022 3737 est
1059 3690 1248 3738 sancta
1278 3679 1516 3738 Trinitas
1547 3683 1601 3736 in
1632 3682 1882 3751 personis

289 3793 455 3835 sensu
485 3776 850 3848 intelligenda,
881 3776 1129 3846 quamvis
1160 3777 1214 3830 in
1241 3790 1374 3831 voce
1399 3775 1722 3847 scparabilia
1743 3775 1876 3848 [Al.,

285 3869 694 3940 inseparabilis]
727 3870 925 3923 habent
956 3857 1174 3923 nomina
1194 3910 1209 3935 ,
1247 3869 1373 3939 quia
1401 3869 1664 3939 pluralem
1691 3885 1882 3925 nume-

285 3977 406 4017 rum
442 3961 496 4015 in
525 3969 730 4015 natur-.e
756 3959 1064 4015 nominibus
1094 3959 1401 4016 nullatenus
1427 3960 1641 4032 recipit.
1683 3960 1742 4018 In
1777 3962 1881 4019 hoc

283 4053 594 4110 ostenditur
619 4064 881 4120 personas
908 4068 1013 4105 non
1042 4067 1200 4121 posse
1227 4051 1391 4107 dividi
1416 4053 1468 4107 in
1492 4063 1677 4109 sancta
1703 4053 1882 4110 Trini-

285 4156 423 4213 tate,
450 4149 577 4218 quia
604 4146 892 4217 cujuslibet
919 4160 1165 4200 persona:
1191 4159 1388 4200 nomen
1413 4160 1628 4216 seraper
1649 4145 1718 4200 ad
1748 4147 1881 4203 alte-

287 4254 410 4295 ram
461 4239 682 4310 respicit
727 4253 1037 4309 personam.
1097 4234 1155 4293 Si
1206 4236 1424 4293 Patrem
1463 4237 1636 4303 dieis,
1683 4237 1878 4294 Filium

287 4331 567 4392 ostendis;
606 4331 650 4386 si
679 4329 876 4386 Filium
913 4329 1194 4395 nominas,
1233 4328 1450 4384 Patrem
1481 4330 1784 4399 praedicas;
1834 4329 1879 4385 si

285 4425 553 4495 Spiritum
602 4431 850 4479 sanetum
895 4421 1164 4493 appellas,
1202 4420 1432 4491 alicujus
1463 4435 1583 4477 esse
1617 4419 1879 4491 Spiritum

283 4532 513 4574 necesse
541 4524 627 4571 est
657 4515 948 4584 intelligas,
978 4514 1031 4568 id
1057 4523 1161 4579 est,
1195 4513 1374 4569 Patris
1417 4521 1471 4567 et
1499 4510 1642 4568 Filii.
1680 4512 1749 4568 Et
1776 4513 1881 4568 hoc

285 4609 615 4681 regulariter
646 4617 835 4662 tenere
858 4606 1120 4661 debemus
1151 4604 1293 4675 quod
1321 4605 1504 4659 omnia
1535 4611 1743 4659 natura:
1769 4601 1877 4675 [di-

283 4697 450 4771 vinat]
486 4697 703 4753 nomina
735 4697 819 4752 vel
847 4697 1120 4771 assentire,
1149 4696 1289 4752 sicut
1311 4697 1364 4751 in
1385 4712 1488 4751 una
1515 4710 1743 4765 persona
1770 4695 1884 4749 sin-

287 4789 569 4860 gulariter,
585 4790 664 4844 sic
685 4790 847 4844 etiam
869 4787 924 4842 in
948 4789 1122 4842 tribus
1141 4803 1355 4859 semper
1373 4787 1633 4858 singulari
1656 4803 1882 4842 numero

271 4885 395 4939 ‘dici
417 4884 638 4940 debere.
672 4882 729 4937 Si
757 4881 882 4954 quis
901 4896 1029 4937 vero
1053 4881 1233 4936 minus
1257 4881 1310 4936 in
1335 4881 1530 4934 talibus
1552 4883 1881 4934 exercitatus

291 4975 422 5050 [est]
454 4975 730 5046 mysteriis
765 4989 990 5030 summa:
1017 4972 1300 5029 Trinitatis
1323 5014 1335 5034 ,
1385 4972 1526 5026 votis
1570 4978 1696 5042 agat
1737 4971 1880 5042 apud

290 5067 460 5121 Deum
485 5075 546 5120 ut
566 5065 829 5137 intelligat
852 5080 972 5134 qua:
994 5064 1088 5119 Dei
1110 5072 1252 5125 sunt,
1278 5077 1385 5118 non
1409 5077 1621 5118 mecum
1647 5078 1884 5131 conque-

289 5164 444 5208 retur
471 5153 608 5226 ML,
639 5151 896 5223 querelis]
930 5153 1073 5222 quod
1102 5167 1166 5207 ea
1194 5151 1388 5223 scripsi
1418 5168 1539 5222 qua:
1574 5150 1630 5206 in
1661 5159 1883 5207 sancto-

289 5265 411 5302 rn;n
440 5247 601 5302 dictis
628 5246 909 5301 doctorum
941 5243 1209 5316 legebam.

473 5358 701 5414 (APUT
742 5357 857 5414 XIV
886 5359 1057 5429 (sorr.
1077 5373 1196 5413 cae.
1220 5373 1320 5425 xv;
1353 5373 1404 5413 ns
1430 5374 1543 5414 uss.
1566 5359 1704 5430 xvr).

297 5451 440 5516 Quid
475 5453 542 5504 sit
579 5451 718 5504 inter
741 5451 1028 5522 ingenitum
1072 5459 1120 5522 et
1161 5447 1398 5513 Patrem,
1443 5459 1490 5503 et
1535 5453 1676 5522 quod
1711 5449 1887 5507 Filius

368 5521 511 5574 solus
559 5522 626 5602 sit
675 5523 898 5591 genitus,
937 5521 1168 5593 Spiritus
1204 5530 1417 5575 sanctus
1464 5522 1886 5594 nec’ingcm'tus,

371 5609 463 5646 nec
491 5601 714 5662 genitus.

372 5703 664 5760 Sciendum
688 5711 773 5760 est
793 5703 936 5773 quod
956 5718 1065 5758 non
1085 5716 1184 5775 per
1203 5702 1385 5758 omnia
1408 5701 1548 5758 idem
1568 5711 1653 5758 est
1671 5703 1890 5759 Patrem

301 5799 488 5853 dicere
512 5806 567 5853 et
593 5798 924 5869 ingenitum;
958 5797 1084 5867 quia
1109 5798 1212 5852 etsi
1240 5795 1435 5851 Filium
1459 5812 1565 5852 non
1592 5795 1890 5868 genuisset,

301 5889 438 5946 nihil
476 5889 789 5961 prohiberet
813 5905 937 5945 eum
966 5887 1073 5944 dici
1109 5887 1410 5959 ingenitum
1441 5905 1454 5941 :
1507 5887 1633 5957 quia
1660 5886 1786 5942 dum
1814 5888 1891 5942 di-

300 5982 448 6038 citur
475 5981 770 6053 ingenitus,
805 5997 914 6037 non
944 5979 1074 6051 quid
1105 5981 1207 6046 sit,
1249 5979 1344 6035 sed
1377 5979 1507 6050 quid
1536 5994 1642 6034 non
1678 5979 1750 6034 sit
1784 5979 1892 6044 ille,

1892 721 1954 793 Ἀ
1985 729 2052 784 de
2095 746 2204 800 quo
2248 732 2384 788 dicis
2431 734 2730 806 ingenitus,
2777 736 3134 808 signiﬁcatur.
3186 739 3348 796 Pater
3390 740 3570 810 itaque:

1981 827 2277 880 secundum
2307 827 2755 892 adirmationem;
2793 831 3063 901 ingenitus
3091 839 3382 887 secundum:
3410 835 3570 903 713

1979 917 2324 986 negationem
2369 917 2585 973 dicitur.
2645 918 2886 990 Negatur
2932 921 3116 991 itaque
3163 927 3402 993 genitum
3451 943 3567 981 uta:

1979 1023 2127 1070 eum,
2163 1009 2227 1064 de
2256 1023 2364 1078 quo
2392 1009 2482 1064 hic
2509 1008 2640 1081 ML,
2675 1009 2800 1078 hoc}
2832 1012 3062 1079 dicitur;
3117 1032 3213 1069 nec
3250 1019 3356 1068 tam
3381 1035 3430 1069 ~u
3474 1035 3565 1084 at,-

1978 1099 2104 1168 quid
2136 1115 2260 1154 eum
2303 1101 2554 1171 genuisse
2592 1101 2947 1172 signiﬁcatur.
2981 1105 3107 1159 dum
3136 1105 3331 1160 dicitur
3363 1110 3411 1160 ii.
3442 1085 3568 1170 .i-sii-

1977 1198 2086 1246 tus.
2111 1189 2328 1245 Patrem
2351 1190 2534 1260 itaque
2556 1190 2684 1246 dum
2707 1191 2959 1257 dicimus,
2979 1181 3348 1264 signiﬁcamus
3372 1196 3566 1250 Filium
3649 1227 3658 1237 -

1978 1297 2100 1336 eum
2131 1281 2401 1350 genuisse,
2433 1281 2560 1350 quia
2589 1280 2762 1336 Filius
2789 1285 3009 1354 proprie
3037 1285 3157 1339 ideo
3187 1295 3398 1355 genitus
3425 1287 3562 1341 dici—

1979 1381 2088 1438 tur,
2112 1374 2236 1443 quia
2263 1373 2479 1428 Patrem
2509 1375 2672 1429 habet
2693 1374 2782 1442 qui
2807 1389 2929 1431 enm
2952 1377 3153 1446 genuit.
3180 1376 3284 1433 Sed
3310 1395 3414 1433 non
3435 1378 3476 1447 ia
3497 1383 3568 1447 st;

1979 1468 2120 1523 inter
2146 1467 2362 1522 Patrem
2391 1476 2446 1522 et
2473 1466 2670 1522 Filium
2703 1468 2898 1524 dit’tsio
2930 1469 3011 1524 vel
3039 1472 3251 1534 scissio,
3281 1473 3402 1540 quia
3434 1473 3526 1527 alti;
3545 1491 3576 1526 ι’

1979 1561 2034 1616 in
2064 1560 2238 1616 altero
2263 1569 2378 1626 est,
2411 1559 2554 1615 sicut
2581 1560 2636 1615 in
2672 1560 2964 1631 Evangelia
2997 1562 3225 1632 legimus
3257 1565 3428 1633 ipsum
3459 1566 3560 1618 lin.

1979 1653 2188 1708 minum
2233 1653 2538 1709 dicentem:
2578 1653 2693 1724 Ego
2738 1654 2798 1708 in
2841 1651 3026 1719 Putre,
3080 1665 3127 1710 et
3179 1654 3342 1710 Pater
3389 1659 3440 1712 in
3493 1677 3572 1712 ωε

1983 1747 2164 1818 (Joau.
2194 1763 2305 1815 xw,
2340 1748 2451 1819 l0).
2508 1746 2660 1805 Unus
2706 1749 2775 1804 ab
2821 1763 2929 1804 uno
2973 1752 3207 1820 genitus,
3239 1753 3509 1822 perfectus
3545 1773 3567 1806 rt

1980 1836 2245 1907 perfecto,
2291 1837 2574 1910 plenitudo
2599 1839 2899 1896 divinitatis
2930 1842 2984 1896 in
3013 1850 3272 1911 utroque,
3316 1845 3386 1897 ml
3419 1845 3567 1899 dilic-

1982 1948 2111 1988 rens
2143 1933 2279 1988 alter
2304 1934 2373 1988 ab
2403 1934 2596 1999 altero,
2628 1934 2752 2003 quia
2780 1935 2891 1990 vita
2918 1951 2950 1991 a
2976 1936 3192 1992 vivente
3220 1936 3352 2008 (At,
3384 1955 3411 1992 τ)
3438 1938 3572 2010 ’.ηυξ

1982 2033 2085 2092 est,
2116 2025 2288 2082 Filius
2314 2043 2343 2081 a
2371 2027 2562 2091 Patre;
2597 2028 2738 2082 sicut
2768 2029 2881 2098 ipse
2907 2029 2982 2083 ait
3009 2049 3021 2082 :
3058 2029 3206 2084 Sicut
3237 2029 3401 2084 Pater
3425 2034 3576 2086 habet

1914 2103 1956 2161 Β
1980 2117 2139 2170 vitam
2174 2117 2231 2171 in
2259 2119 2556 2188 semetipso,
2595 2119 2672 2172 sic
2700 2118 2841 2172 dedit
2871 2127 2918 2172 et
2948 2117 2980 2171 Iv
2999 2119 3090 2172 ilio
3120 2122 3278 2174 vitmn
3306 2121 3495 2174 habere
3521 2140 3573 2175 tu

1977 2209 2253 2275 semetipso
2277 2208 2459 2282 (Joan.
2483 2227 2535 2275 ν,
2564 2210 2690 2283 26);
2727 2211 2782 2266 id
2807 2219 2913 2278 est,
2949 2212 3110 2266 talem
3143 2214 3326 2277 genuit
3355 2214 3571 2278 Filium,

1977 2299 2072 2370 qui
2099 2304 2266 2355 vitam
2296 2301 2521 2357 haberet
2551 2303 2606 2357 in
2641 2305 2954 2374 semetipso.
2988 2316 3011 2344 α
3041 2303 3276 2373 Spiritus
3306 2307 3571 2372 siquidem

1977 2402 2200 2448 sanctus
2240 2411 2340 2450 nec
2367 2396 2661 2468 ingenitus,
2702 2412 2802 2454 nec
2833 2399 3047 2469 genitus
3091 2400 3286 2455 alicubi
3335 2402 3568 2456 dicitur:

1977 2499 2046 2540 ne
2075 2485 2121 2540 si
2164 2485 2440 2555 ingenitus
2477 2488 2748 2544 diceretur
2779 2490 2919 2546 sicut
2948 2490 3131 2556 Pater,
3164 2493 3270 2546 duo
3295 2491 3489 2547 Patres
3521 2495 3572 2546 in

1977 2585 2164 2631 sancta
2194 2577 2462 2634 Trinitate
2492 2580 2957 2650 intelligerentur;
2995 2591 3088 2636 aut
3113 2581 3159 2636 si
3189 2583 3402 2652 genitus
3428 2583 3571 2638 dice~

1979 2679 2134 2724 retur
2159 2671 2516 2738 sicutFilius,
2548 2675 2653 2730 duo
2685 2674 2872 2729 itidem
2919 2674 3040 2729 Filii
3091 2675 3142 2728 in
3193 2675 3381 2729 eadem
3430 2678 3573 2730 testi-

1979 2770 2261 2817 marentur
2307 2780 2426 2818 esse
2477 2772 2661 2821 sancta
2703 2765 3004 2832 Trinitate;
3056 2767 3147 2823 sed
3197 2771 3570 2823 tantummodo

1977 2853 2278 2924 procedere
2306 2855 2370 2909 de
2400 2855 2561 2910 Patre
2598 2864 2654 2910 et
2677 2856 2840 2923 Filio,
2872 2858 3019 2911 salva
3049 2858 3152 2912 tide
3180 2857 3437 2913 dicendus
3467 2868 3570 2913 est.

1979 2938 2083 3010 Qui
2117 2957 2297 3000 tamen
2331 2961 2439 3000 non
2485 2947 2552 3001 de
2594 2947 2755 3002 Patre
2799 2949 3044 3017 procedit
3084 2950 3135 3002 in
3167 2947 3378 3003 Filium.
3411 2961 3462 3004 et
3510 2951 3573 3006 dc

1979 3033 2118 3089 Filio
2157 3037 2403 3106 procedit
2449 3037 2516 3092 ad
2560 3039 3008 3093 sanctilicandam
3038 3048 3383 3105 creaturam,
3435 3042 3572 3098 sii‘rut

1980 3127 2204 3198 quidam
2231 3128 2370 3184 male
2394 3129 2757 3199 intelligentcs
2781 3131 3107 3186 credendum
3131 3148 3250 3188 esse
3271 3133 3530 3203 putabant
3557 3152 3567 3187 τ

1980 3218 2077 3274 sed
2103 3218 2262 3272 simul
2289 3220 2356 3274 de
2383 3230 2615 3291 utroque
2641 3221 2919 3292 procedit,
2947 3222 3072 3291 quia
3103 3221 3264 3278 Pater
3292 3225 3453 3284 talem
3482 3239 3574 3294 ge—

1981 3311 2101 3367 nuit
2124 3311 2342 3379 Filium,
2373 3322 2433 3368 ut
2456 3314 2912 3384 quemadmodum
2939 3314 3007 3370 de
3035 3329 3114 3381 se,
3137 3314 3213 3370 ita
3238 3316 3303 3372 de
3328 3309 3571 3387 illo'quor

1985 3421 2090 3477 que
2117 3407 2378 3479 procedat
2403 3407 2640 3477 Spiritus
2668 3417 2907 3464 Sanctus.

2125 3522 2355 3580 CAPUT
2387 3523 2478 3578 XV
2512 3523 2680 3595 (non.
2713 3540 2832 3581 car.
2871 3542 2990 3592 xvr;
3029 3543 3081 3582 tv
3111 3543 3221 3581 uss.
3257 3527 3412 3597 xvii).

1986 3617 2262 3684 Quomodo
2308 3617 2660 3688 iutelligendm
2708 3621 2812 3673 sint
2861 3619 3146 3691 toriitiones
3195 3621 3573 3691 pra-dicamena

2557 3699 2733 3744 torum
2762 3691 2826 3744 de
2859 3690 2991 3745 Deo.

2053 3780 2248 3835 Decem
2299 3788 2427 3835 sunt
2470 3796 2671 3851 genera
2718 3783 2970 3837 humante
3019 3782 3326 3847 locutionis,
3381 3785 3577 3854 quibus

1984 3873 2233 3928 homines
2265 3887 2391 3928 suos
2420 3889 2614 3928 sensus
2645 3874 2822 3929 solent
2864 3874 3005 3929 inter
3036 3891 3094 3930 se
3122 3875 3372 3931 conferre
3399 3895 3412 3930 :
3463 3891 3569 3931 non

1983 3963 2051 4019 de
2079 3964 2186 4020 illis
2233 3965 2356 4020 dico
2383 3980 2519 4036 quas
2557 3967 2900 4036 grammatici
2947 3974 3132 4037 partes
3183 3970 3447 4024 orationis
3484 3985 3578 4024 vo—

1983 4065 2139 4122 cant;
2169 4056 2262 4111 sed
2287 4056 2354 4110 de
2394 4056 2503 4112 illis
2527 4070 2664 4128 quas
2693 4059 2999 4129 philosophi
3029 4059 3214 4116 Grrcee
3239 4061 3574 4131 categorias;

1981 4145 2173 4202 Latine
2207 4149 2629 4218 prtedicamenta
2658 4150 2932 4221 appellare
2975 4151 3168 4223 solent.
3203 4152 3332 4219 Qua:
3359 4155 3573 4223 quidem

1983 4241 2052 4294 ab
2075 4239 2156 4294 eis
2183 4241 2263 4294 sic
2288 4239 2676 4295 nominantur:
2704 4241 3040 4304 Substantia,
3078 4245 3368 4313 quantitas,
3399 4245 3575 4313 quali-

1983 4338 2090 4396 tas,
2117 4331 2188 4385 ad
2211 4330 2434 4403 aliquid,
2482 4331 2626 4401 quod
2665 4347 2836 4403 genus
2864 4333 3152 4389 locutionis
3180 4335 3464 4389 relativum
3498 4335 3579 4391 di-

1983 4421 2157 4477 citur:
2187 4422 2314 4476 item
2343 4422 2570 4485 habitus,
2597 4423 2751 4489 situs,
2785 4433 3004 4494 tempus,
3032 4424 3197 4487 locus,
3217 4425 3410 4494 facere,
3440 4426 3564 4495 pati.

1983 4513 2076 4570 Ila:
2114 4523 2240 4570 sunt
2268 4513 2435 4586 igitur
2474 4531 2652 4570 causae
2687 4515 2978 4571 locutionis
3024 4525 3243 4572 nosme.
3293 4517 3400 4571 Aut
3426 4516 3570 4571 enim

1982 4607 2048 4662 de
2074 4606 2371 4677 substantia
2398 4606 2683 4675 cujuslibet
2709 4609 2784 4663 rei
2811 4608 3119 4679 loquimur;
3155 4609 3237 4663 vel
3261 4609 3329 4663 de
3350 4609 3569 4678 quanti-

1983 4703 2113 4760 tate,
2164 4696 2218 4752 id
2260 4705 2365 4761 est,
2413 4697 2816 4768 magnitudine;
2857 4707 2951 4754 aut
2993 4700 3157 4755 etiam
3197 4701 3263 4756 de
3294 4699 3572 4771 qualitate.

1914 4788 2040 4889 Din
2077 4804 2189 4860 quo
2233 4804 2431 4860 genere
2483 4791 2773 4847 locutionis
2824 4793 2994 4848 bonos
3046 4792 3278 4848 dicimus
3328 4792 3418 4862 qui
3449 4795 3572 4847 boni

1988 4887 2143 4945 sunt;
2175 4890 2268 4935 aut
2293 4897 2422 4936 vero
2448 4881 2514 4937 ad
2541 4882 2764 4951 aliquid,
2796 4883 2848 4938 id
2879 4890 2978 4949 est,
3004 4884 3128 4937 dum
3156 4899 3402 4954 personae
3433 4899 3577 4952 quic-

1987 4972 2120 5027 libet
2149 4973 2289 5026 inter
2314 4988 2372 5027 sc
2412 4972 2790 5040 conferuntur,
2817 4983 2878 5028 ut
2903 4975 3156 5030 dominus
3198 4993 3306 5031 non
3353 4977 3571 5042 dicitur,

1987 5063 2092 5118 nisi
2121 5079 2309 5119 servus
2353 5065 2700 5134 intelligatur,
2744 5081 2845 5120 nec
2887 5066 3080 5120 iterum
3110 5081 3320 5133 servus,
3361 5068 3465 5122 nisi
3495 5082 3572 5121 rc-

1991 5158 2184 5229 spiciat
2209 5157 2276 5212 ad
2311 5158 2617 5221 dominum;
2651 5159 2779 5212 item
2813 5159 2878 5214 de
2903 5160 3088 5214 habitu
3123 5161 3312 5225 animi,
3341 5159 3423 5214 vel
3451 5177 3574 5214 cor-

1993 5247 2172 5318 poris;
2221 5254 2317 5300 ant
2342 5247 2410 5301 de
2448 5248 2576 5309 situ,
2612 5247 2664 5300 in
2715 5263 2824 5316 quo
2857 5249 3230 5304 consideratur
3279 5259 3442 5313 stare,
3489 5266 3575 5305 sc-

1992 5338 2142 5403 dere,
2169 5338 2382 5409 jacere;
2409 5340 2474 5393 de
2493 5339 2612 5394 loco
2641 5347 2694 5394 et
2715 5347 2975 5409 tempore,
3000 5341 3051 5394 id
3073 5350 3178 5401 est.
3208 5343 3360 5410 quid,
3391 5343 3441 5396 in
3470 5358 3574 5412 quo

1991 5426 2132 5494 loco,
2164 5429 2250 5483 vel
2303 5438 2543 5499 tempore
2583 5430 2707 5496 ﬁat;
2739 5431 2871 5484 item
2910 5431 3032 5500 quis
3077 5433 3204 5502 quid
3259 5431 3440 5497 faciat,
3491 5432 3574 5486 vel

1995 5522 2123 5590 quid
2162 5521 2416 5588 patiatur,
2464 5537 2604 5590 smpe
2657 5521 2865 5590 loquela
2922 5529 3110 5576 nostra
3167 5524 3422 5578 ostendit.
3478 5522 3574 5576 llis

1995 5628 2127 5688 ergo
2168 5614 2422 5669 omnibus
2459 5613 2634 5668 modis
2679 5614 2815 5670 solet
2843 5623 3029 5669 sancta
3076 5616 3352 5685 Scriptura
3379 5617 3443 5670 dc
3470 5615 3579 5670 Deo

1996 5707 2166 5776 loqui,
2194 5708 2289 5763 sed
2311 5708 2469 5761 aliter
2492 5709 2732 5777 proprie,
2764 5709 2923 5764 aliter
2945 5708 3279 5777 translative,
3311 5709 3468 5763 aliter
3491 5724 3571 5763 re-

1993 5797 2178 5853 lative.
2209 5797 2430 5868 Proprie
2452 5796 2595 5852 Deus
2639 5799 2838 5854 dicitur
2866 5799 3170 5855 substantia
3200 5815 3325 5863 una,
3369 5815 3575 5853 summa

1995 5896 2050 5942 et
2073 5886 2376 5953 inell‘abilis,
2417 5901 2538 5958 qua:
2581 5903 2794 5959 semper
2818 5891 2958 5944 idem
2997 5897 3082 5944 cst
3119 5889 3264 5959 quod
3306 5896 3419 5953 est;
3472 5903 3580 5956 qua

2001 5977 2133 6052 [Al.,
2167 5980 2276 6052 cui]
2306 5979 2437 6035 nihil
2476 5981 2726 6037 accidens
2763 5983 2848 6037 vel
2877 5983 3123 6038 recidens
3147 5981 3324 6038 inesse
3351 5979 3569 6049 poterit.

373 6103 401 6132 ⁸
441 6091 518 6148 Ea
542 6107 666 6164 qua:
693 6100 995 6164 sequuntur
1041 6091 1201 6147 citata
1231 6098 1358 6146 sunt
1385 6089 1454 6145 ab
1496 6087 1671 6146 Ainca
1708 6088 1880 6145 Paris.
1923 6106 2040 6161 cap.
2074 6090 2161 6147 8|.

4227 261 4322 302 .Ueg.

4223 303 4262 366 ῑΞ·

4253 377 4258 408 ε
4301 367 4328 410 s-

4118 450 4135 539 ξ

4120 556 4129 579 ε
4226 536 4265 565 7"

4118 604 4125 629 ι
4238 572 4338 641 "fi:

4268 678 4279 681 _
4306 650 4331 673 Γ

4323 807 4346 898 ξ

4246 894 4346 925 iv

4242 922 4346 975 iiii

4242 978 4295 1035 ἐξ
4320 969 4346 1035 ἓ

4242 1052 4289 1105 έζ
4316 1045 4346 1103 ς

4120 1244 4133 1303 ζ

4254 1326 4339 1369 εκ

4132 1380 4135 1381 ⁷

4157 1485 4160 1488 .
4274 1446 4341 1523 ηιξ

4264 1508 4295 1539 ιιι

4234 1588 4255 1597 «η
4274 1572 4289 1575 ἡ
4312 1584 4346 1635 ,

4252 1632 4277 1643 "’
4306 1646 4333 1675 ἲ

4126 1854 4133 1857 γ
4240 1892 4261 1923 ἶ
4300 1872 4333 1921 ῆι

4122 1964 4166 2025 -

4130 2042 4143 2071 ὲ
4244 2024 4340 2072 ’τά

4116 2082 4143 2129 ξ·

4124 2145 4150 2197 ~
4242 2133 4346 2191 ιξΔΛ

4122 2222 4127 2249 ε
4244 2228 4346 2254 2-;

4118 2260 4148 2320 .
4230 2264 4267 2329 δῖ
4294 2278 4346 2334 ,ἶ

4118 2334 4145 2401 ἔ
4235 2343 4342 2430 f3?

4122 2798 4137 2845 ³

4131 2937 4148 2948 .
4213 2867 4334 2952 ῖιὶἰί

4135 2951 4148 2974 ξ
4209 2951 4226 2982 ε
4271 2953 4334 2994 ζῇ

4135 3001 4146 3028 t

4137 3083 4148 3146 ἴ
4209 3083 4328 3148 ἓν.

4090 3150 4146 3214 λέ
4331 3201 4336 3204 _

4098 3527 4148 3579 ζ
4235 3557 4248 3582 τ
4289 3521 4326 3588 ’3³

4090 3717 4122 3773 ’3
4209 3711 4308 3772 εἴ
4337 3719 4340 3724 ’

4111 3777 4146 3806 ε,
4207 3773 4284 3818 iis

4087 4065 4120 4150 ξι
4251 4081 4276 4116 i;

4087 4151 4106 4252 Ξ

4087 4253 4122 4320 ἒτ
4209 4267 4278 4336 ττέέ
4309 4335 4318 4340 η

4087 4321 4122 4504 i

4089 4507 4108 4540 Li
4209 4503 4216 4510 ’
4249 4489 4276 4542 μέ

4089 4023 4102 4034 ιι

4089 4037 4100 4048 'I

4088 4087 4120 4134 Et

4113 4147 4122 4158 π

4089 4279 4122 4294 η.

4087 4301 4122 4320 β.

4093 4557 4106 4568 '9

4091 4571 4104 4580 ι

4089 4603 4108 4658 '4.

4091 4873 4266 4946 tr:
