4346 6616
669 361 740 417 23
1513 349 1570 405 Β.
1610 347 1674 404 F.
1713 346 1944 403 ALBIN!
1981 346 2112 404 SEU
2151 344 2385 404 Δαῖῐᾷῐέ

2221 344 2426 404 ρειέιΝι
2464 348 2748 408 OPERUM
2783 346 2965 407 PARS
3001 346 3087 406 ῐῐί.
3870 351 3937 410 ει

667 495 788 550 qua:
818 490 1029 547 semper
1062 483 1148 531 est
1176 471 1322 542 quod
1352 478 1450 533 est,
1478 468 1605 538 quia
1628 480 1844 536 semper
1869 463 2244 520 immutabilis.
2279 470 2324 526 Α
2352 467 2593 536 deﬁcient
2638 463 2812 539 (Paul.
2861 481 2948 533 οι,
2989 465 3103 536 28),
3155 466 3300 537 quod
3346 465 3413 522 ad
3463 479 3704 539 tempus;
3758 478 3836 536 et,
3870 468 3935 528 Si

665 572 802 628 Item
836 569 978 625 Deus
1022 579 1250 638 magnus
1293 563 1509 626 dicitur,
1554 575 1662 615 non
1714 558 1819 613 alia
1855 555 2246 628 magnitudine,

665 662 773 719 nisi
814 662 942 733 quia
989 657 1118 730 [Al.,
1167 652 1296 726 qua]
1325 653 1439 723 ipse
1468 665 1695 722 magnus
1721 655 1890 703 estet
1928 647 2245 701 immensus.

664 750 746 807 Ea
774 751 939 822 igitur
964 744 1334 820 magnitudine
1368 755 1598 812 magnus
1625 749 1728 803 est,
1765 754 1870 810 qua
1901 738 2018 807 ipse
2043 745 2128 792 cst
2158 751 2249 790 ea-

665 842 790 899 dem
816 841 1158 912 magnitudo;
1194 846 1334 896 etea
1374 836 1618 894 bonitate
1660 835 1834 890 bonus
1871 841 1972 896 est,
2000 848 2107 902 qua
2135 831 2248 901 ipse

664 944 750 990 est
770 930 1048 1005 [bonitas].
1072 930 1184 986 Nec
1204 928 1316 985 Deo
1343 927 1488 983 aliud
1513 934 1597 982 est
1622 940 1765 991 esse,
1811 924 1957 979 aliud
1994 937 2248 992 magnum

665 1041 807 1093 esse,
836 1025 984 1081 aliud
1007 1025 1208 1081 bonum
1230 1037 1383 1088 esse;
1420 1020 1517 1076 sed
1540 1035 1606 1077 eo
1627 1034 1736 1089 quo
1757 1027 1860 1084 est,
1891 1032 2119 1087 magnus
2143 1024 2245 1082 est,

662 1129 722 1175 et
748 1120 921 1177 bonus
953 1125 1058 1174 est.
1091 1115 1218 1174 Ideo
1242 1130 1343 1171 nec
1364 1125 1475 1170 tres
1500 1111 1848 1174 substantias,
1873 1125 1975 1166 nec
2000 1118 2113 1164 tres
2137 1123 2249 1163 ma-

664 1225 821 1283 gnos,
857 1225 962 1266 nec
993 1217 1108 1266 tres
1146 1209 1319 1264 bonos
1365 1207 1433 1261 de
1478 1206 1589 1261 Deo
1617 1205 1799 1261 dicere
1845 1203 1929 1259 fas
1953 1211 2053 1259 est.
2093 1202 2246 1269 Quod

665 1308 847 1358 autem
886 1300 1060 1369 facere
1085 1296 1400 1367 diciturtde
1429 1297 1539 1352 Deo
1565 1294 1848 1351 verissime
1893 1294 2112 1358 dicitur,
2152 1306 2248 1363 per

665 1405 826 1462 quem
863 1391 1046 1446 omnia
1083 1387 1228 1444 facta
1255 1396 1384 1445 sunt
1408 1402 1530 1459 quae
1557 1393 1701 1450 sunt.
1735 1385 1963 1442 Domino
1986 1385 2198 1439 dicente
2229 1399 2243 1436 :

665 1481 831 1538 Pater
881 1498 1023 1537 meus
1064 1496 1228 1552 usque
1275 1480 1431 1536 modo
1480 1488 1759 1550 operatur,
1813 1487 1863 1533 et
1916 1492 2010 1548 ego
2064 1491 2249 1545 operor

667 1569 849 1643 (Joan.
881 1585 936 1634 ν.
969 1569 1076 1641 l7).
1107 1570 1234 1628 Ηίεο
1272 1569 1489 1640 proprie
1530 1569 1585 1624 in
1616 1566 2049 1640 prmdicamentis
2087 1580 2249 1635 supra

666 1660 959 1717 nominatis
985 1660 1050 1716 de
1084 1659 1197 1716 Deo
1221 1660 1504 1724 dicuntur;
1534 1659 1579 1714 si
1609 1667 1788 1713 tamen
1817 1656 1884 1712 de
1909 1656 2001 1710 illo
2033 1655 2249 1724 proprie

663 1752 870 1824 aliquid
909 1752 1017 1808 dici
1041 1767 1137 1807 ore
1179 1750 1415 1807 hominis
1441 1759 1638 1821 potest.
1671 1749 1915 1806 Relative
1962 1749 2143 1817 itaque
2181 1748 2248 1802 de

2352 557 2635 612 ascendere
2672 556 2728 611 in
2772 557 2977 622 caelum,
3019 566 3077 612 tu
3109 559 3180 612 ibi
3225 574 3279 613 es
3329 557 3500 630 (Psal.
3534 574 3812 627 cxxxvm,
3841 563 3932 635 8),

2349 648 2494 718 quod
2536 646 2604 702 ad
2645 647 2820 704 locum
2846 649 3104 717 pertinet.
3136 647 3346 704 Dicitur
3372 659 3428 706 et
3455 647 3522 705 de
3548 649 3680 717 Deo,
3713 648 3936 709 Pcenitet

2348 754 2431 793 me
2458 739 2719 815 hominem
2745 738 2928 809 fecisse
2953 736 3105 811 (Gen.
3147 755 3234 805 vr,
3265 739 3347 812 7);
3381 739 3468 795 vel
3507 741 3719 797 etiam:
3770 740 3937 817 71‘

2349 833 2606 890 Laboravi
2652 839 2932 891 sustinens.
2991 835 3178 910 Neque
3214 837 3358 893 enim
3385 837 3589 911 aliquid
3624 839 3768 896 Deus
3796 840 3935 913 patio

2349 931 2459 992 tur,
2483 936 2746 998 quantum
2789 927 2855 982 ad
2883 928 2976 982 Dei
3013 926 3145 999 [Al.,
3187 928 3327 1002 ejus]
3357 932 3717 987 substantiam
3764 934 3935 1005 perti-

2349 1023 2479 1070 net:
2513 1017 2639 1087 quia
2673 1016 2805 1090 [Αι.,
2833 1017 2963 1091 qua]
3013 1017 3158 1074 Deus
3186 1028 3293 1086 est,
3321 1021 3448 1091 quia
3479 1021 3937 1082 incommutabilis

2346 1115 2403 1162 et
2429 1107 2781 1177 impassibilis
2809 1109 3110 1164 substantia
3131 1118 3246 1176 est;
3285 1111 3414 1166 dum
3438 1111 3561 1168 alia
3590 1128 3781 1171 omnes
3806 1115 3935 1171 sub-

2347 1200 2561 1254 stantiae
2605 1201 2825 1270 capiunt
2870 1200 3208 1266 accidentia,
3253 1203 3452 1271 quibus
3497 1205 3552 1259 in
3591 1205 3674 1262 eis
3719 1205 3814 1262 ﬂat
3851 1208 3937 1264 vel

2346 1303 2563 1361 magna,
2590 1276 2677 1344 vel
2705 1305 3039 1362 quascunque
3061 1288 3193 1363 [Αι.,
3219 1292 3659 1367 quantacunque]
3679 1297 3928 1351 mutatio.

2348 1379 2459 1435 Deo
2484 1389 2666 1435 autem
2694 1378 2959 1450 ejusmodi
2987 1377 3191 1449 aliquid
3219 1379 3467 1437 accidere
3502 1397 3610 1438 non
3649 1391 3848 1454 potest,
3877 1393 3936 1441 et

2349 1472 2469 1526 ideo
2497 1471 2612 1526 sola
2647 1479 2731 1526 est
2756 1471 3210 1526 incommutabilis
3235 1472 3536 1530 substantia
3567 1475 3650 1531 vel
3672 1477 3951 1543 essentia,

2349 1578 2466 1633 quae
2489 1562 2632 1617 Deus
2651 1572 2755 1617 est.
2774 1561 2877 1618 Cui
2899 1563 3142 1632 profecto
3168 1563 3342 1633 ipsum
3361 1579 3502 1633 esse,
3530 1567 3672 1624 unde
3700 1570 3932 1625 essentia

2349 1653 2626 1709 nominata
2666 1663 2770 1717 est,
2817 1654 3050 1709 maxime
3077 1671 3143 1710 ac
3170 1655 3452 1712 verissime
3496 1661 3798 1728 competit:
3841 1663 3936 1716 cui

2351 1745 2452 1800 soli
2494 1743 2624 1799 illud
2661 1745 2864 1814 optime
2905 1741 3154 1815 c'ongruit
3188 1759 3406 1813 nomen,
3436 1763 3543 1818 quo
3583 1746 3716 1822 [Al.,
3761 1750 3932 1823 quod]

664 1839 777 1896 Deo
800 1839 998 1896 dicitur
1020 1841 1182 1897 Pater
1207 1850 1263 1896 et
1281 1839 1471 1905 Filius,
1502 1849 1556 1895 et
1578 1839 1812 1910 Spiritus
1835 1848 2077 1903 sanctus,
2109 1839 2248 1893 sicut
2277 1826 2324 1888 B
2352 1835 2527 1892 Graeci
2543 1836 2730 1890 dicunt
2751 1837 2837 1900 ὢν,
2853 1833 3030 1890 Latini
3057 1845 3152 1902 est,
3181 1837 3320 1893 sicut
3357 1837 3647 1908 Apostolus
3669 1840 3785 1896 ait:
3813 1840 3935 1909 Non

661 1947 828 2002 supra
859 1932 1197 1989 abundanter
1224 1933 1526 1988 docuimus.
1559 1931 1708 1988 Situs
1736 1947 1885 1997 vero,
1927 1946 1983 1988 et
2002 1932 2243 1997 habitus,

661 2030 721 2077 et
745 2021 886 2088 loca,
913 2029 971 2079 et
996 2032 1259 2093 tempora,
1298 2031 1355 2077 et
1376 2022 1490 2092 pati
1520 2037 1626 2079 non
1667 2023 1906 2092 proprie,
1934 2023 2029 2076 sed
2065 2030 2244 2076 trans-

661 2113 837 2193 lative;
852 2128 949 2185 per
991 2114 1372 2171 similitudines
1418 2115 1677 2193 dicuntur
1719 2115 1774 2171 in
1832 2114 1972 2178 Deo;
2024 2129 2151 2169 nam
2191 2123 2247 2171 et

661 2191 843 2261 aedere
868 2220 1026 2275 super
1053 2202 1315 2260 Cherubin
1340 2206 1539 2261 dicitur
1568 2203 1739 2277 (Psal.
1769 2219 1953 2270 uxxx,
1990 2204 2070 2277 2),
2103 2205 2245 2275 quod

662 2295 735 2351 ad
777 2295 972 2361 situm;
1013 2304 1069 2352 et
1093 2296 1338 2368 abyssum
1365 2307 1617 2369 tanquam
1646 2299 1998 2352 uestimentum
2027 2299 2247 2353 amictus

665 2383 842 2454 (Paul.
871 2400 998 2452 cm,
1047 2386 1124 2458 6),
1170 2386 1315 2458 quod
1351 2388 1418 2442 ad
1458 2386 1732 2454 habitum;
1779 2395 1854 2452 et,
1883 2389 2012 2442 anni
2037 2387 2114 2443 tati
2141 2403 2244 2444 non

2376 1928 2538 1983 estin
2565 1926 2656 1982 illo
2677 1935 2753 1981 est
2781 1934 2989 1993 etnon,
3013 1927 3109 1983 sed
3140 1935 3226 1983 est
3258 1928 3311 1983 in
3355 1929 3447 1989 illo
3492 1939 3587 1986 est.
3639 1930 3766 1988 λειω
3800 1948 3932 1991 vero

2351 2019 2486 2094 [Αι.,
2516 2019 2593 2075 Ea
2625 2015 2784 2093 vero]
2812 2017 3117 2075 sublimitas
3157 2019 3318 2091 hujus
3343 2029 3452 2076 tam
3479 2021 3662 2079 arduae
3687 2021 3932 2094 disputa-

2349 2112 2514 2167 tionis
2546 2111 2818 2181 respirare
2853 2109 3244 2181 aliquantulum
3259 2112 3554 2168 dictantem
3576 2113 3850 2182 admonet,
3870 2126 3930 2170 ut

2350 2201 2592 2258 liberiori
2627 2216 2791 2258 sensu
2829 2217 2894 2257 ea
2933 2216 3054 2272 qum
3089 2202 3287 2258 deinde
3302 2202 3547 2260 idicenda
3575 2213 3721 2272 sunt,
3755 2205 3934 2277 ingre-

2349 2293 2532 2351 diatur
2558 2292 2693 2369 [Al.,
2732 2291 3124 2367 ingrediamur]
3158 2294 3477 2367 explanare.

1943 2627 2180 2690 LIBER
2223 2625 2646 2690 SECUNDUS.

2069 2747 2540 2771 '-—---——.

1259 2811 1645 2872 PROLOGUS.

736 2925 926 2992 Omnis
951 2927 1134 2998 itaque
1164 2936 1476 2985 sanctorum
1525 2927 1821 2985 auctoritas
1853 2927 2114 2986 librorum
2140 2929 2244 2986 hoc

660 3017 943 3074 nobiscum
981 3017 1113 3088 agit,
1153 3023 1215 3071 ut
1242 3024 1388 3072 recte
1425 3018 1490 3072 de
1519 3015 1632 3072 Deo
1672 3017 1980 3084 credamus,
2010 3031 2244 3088 eumque

2344 2811 2759 2877 nobiscum,sed
2786 2821 2843 2866 ut
2867 2826 3028 2867 unum
3059 2811 3160 2866 sint
3186 2811 3246 2866 in
3267 2812 3414 2867 nobis
3435 2811 3617 2884 (Joan.
3648 2827 3780 2878 xvii,
3807 2813 3933 2886 21),

2343 2907 2471 2977 quia
2500 2905 2713 2962 diversa
2752 2904 3054 2960 substantia
3098 2915 3183 2960 est
3229 2905 3495 2960 creatoris
3540 2911 3597 2960 at
3642 2915 3932 2961 creaturae.

2344 2995 2456 3052 Nec
2485 2996 2650 3051 etiam
2673 2995 2810 3050 dixit
2837 3012 2850 3048 :
2899 2994 3014 3064 Ego
3046 3002 3102 3048 et
3128 2993 3228 3064 ipsi
3260 3009 3427 3049 unum
3456 2992 3709 3067 [sumus],
3741 3011 3933 3066 quam-

658 3113 776 3162 tota
801 3105 964 3160 animi
993 3083 1290 3163 intentione
1328 3119 1590 3162 amemus.
1622 3101 1731 3160 Sed
1759 3083 1972 3161 mentis
1995 3083 2245 3160 humanae
2268 3117 2317 3182 ο
2347 3104 2374 3182 ξ

2215 3120 2245 3159 Β
2268 3117 2317 3182 c
2347 3088 2430 3182 iis
2456 3102 2576 3182 per
2606 3087 2680 3152 id,
2705 3086 2876 3182 quod“
2896 3083 3152 3182 Ecclesia:
3179 3092 3342 3182 caput
3368 3093 3453 3182 est
3491 3095 3549 3141 et
3589 3100 3788 3157 corpus
3812 3087 3931 3182 ejus

658 3193 800 3259 visio
839 3196 1074 3257 invalida
1105 3207 1190 3255 est
1227 3199 1295 3254 ad
1331 3197 1694 3268 aspiciendam
1723 3195 1961 3269 [divinae]
1987 3195 2242 3266 majesta-

659 3297 733 3350 tis
758 3292 1262 3351 excellentissimam
1283 3289 1482 3355 lucem,
1513 3289 1619 3345 nisi
1638 3289 1851 3359 justitia
1876 3284 2000 3344 fidei
2024 3296 2081 3346 et
2105 3286 2243 3343 dile-

662 3384 882 3450 ctionis,
910 3382 1091 3438 divina
1122 3380 1355 3457 donante
1376 3379 1570 3452 gratia,
1597 3377 1901 3433 illustretur
1933 3377 2236 3448 splendore.

664 3476 1003 3546 Quapropter
1046 3473 1228 3528 divina
1283 3471 1424 3525 votis
1476 3469 1730 3526 omnibus
1789 3469 2110 3539 postulanda
2159 3476 2246 3524 est

661 3567 858 3638 gratia,
913 3572 975 3620 ut
1025 3563 1314 3618 mundetur
1352 3560 1550 3617 oculus
1583 3560 1766 3617 cordis
1812 3561 1883 3615 ad
1926 3561 2239 3627 videndum,

661 3667 827 3725 quam
872 3652 1091 3723 proprie
1136 3650 1372 3706 Trinitas
1415 3650 1488 3707 sit
1513 3665 1674 3715 unus,
1715 3657 1771 3704 et
1811 3649 1959 3705 solus
2001 3659 2058 3704 et
2080 3665 2241 3706 verus

661 3745 838 3810 Deus;
865 3750 922 3798 et
959 3757 1123 3812 quam
1163 3749 1309 3797 recte
1356 3739 1541 3806 Pater,
1591 3749 1647 3795 et
1694 3739 1865 3795 Filius
1910 3747 1966 3795 et
2008 3739 2243 3813 Spiritus

660 3841 904 3900 sanctus,
940 3832 1104 3889 unius
1138 3830 1485 3900 ejusdemque
1525 3830 1844 3887 substantiae
1869 3830 1956 3886 vel
1994 3833 2243 3889 essentia:

659 3924 892 3989 dicatur,
935 3923 1205 3987 credatur,
1241 3923 1589 3993 intelligatur.
1621 3921 1706 3977 Ad
1745 3921 1906 3995 huius
1935 3926 2245 3980 sacratissi-

659 4030 762 4072 ma
780 4015 1128 4071 beatitudinis
1154 4014 1416 4071 visionem
1439 4027 1616 4078 nemo,
1644 4014 1749 4069 nisi
1774 4028 1874 4084 per
1900 4013 2058 4070 ﬁdem
2084 4031 2242 4070 mun-

661 4108 788 4162 dato
808 4106 993 4172 corde,
1019 4105 1288 4176 attingere
1325 4103 1561 4175 poterit:
1589 4104 1803 4163 dicente
1837 4104 1952 4172 ipsa
1975 4105 2238 4173 Veritate,

659 4194 811 4251 Beati
857 4195 1053 4251 mundo
1097 4196 1274 4262 corde,
1329 4195 1581 4266 quoniam
1629 4196 1730 4265 ipsi
1776 4195 1946 4251 Deum
1998 4197 2242 4252 videbunt

658 4283 876 4354 (Matth.
905 4299 965 4352 v,
1000 4285 1078 4358 8).
1120 4284 1249 4340 Hac
1280 4299 1410 4340 vero
1449 4285 1588 4340 visio
1625 4300 1735 4341 non
1762 4286 2070 4342 carnalibus
2099 4289 2244 4342 aesti-

659 4373 858 4428 manda
878 4381 963 4430 est
1005 4374 1174 4430 oculis
1214 4376 1363 4430 cerni
1402 4388 1588 4445 posse;
1618 4377 1714 4433 sed
1740 4391 1888 4446 pura:
1933 4377 2129 4432 mentis
2153 4378 2239 4433 in-

2346 3179 2611 3244 Eoclesia,
2639 3179 2809 3250 possit
2827 3176 3006 3233 dicere
3031 3195 3042 3230 :
3077 3174 3192 3248 Ego
3220 3184 3276 3233 et
3307 3177 3427 3245 ipsi,
3458 3190 3564 3231 non
3602 3191 3795 3242 unum.
3830 3179 3935 3233 sed

2345 3287 2520 3339 unus;
2553 3271 2681 3343 quia
2708 3279 2872 3341 caput
2902 3275 2959 3324 et
2997 3281 3194 3339 corpus
3234 3281 3372 3322 unus
3408 3273 3492 3323 est
3513 3264 3793 3334 Christus;
3834 3270 3932 3324 sed

2341 3365 2681 3422 divinitatem
2707 3377 2861 3419 suam
2893 3361 3408 3417 consubstantialem
3437 3359 3587 3415 Patri
3616 3359 3935 3424 ostendens,

2345 3455 2473 3512 dum
2493 3456 2610 3512 ait:
2660 3452 2731 3510 Ut
2757 3455 2862 3512 sint
2905 3469 3086 3517 unum,
3133 3451 3268 3507 sicut
3311 3462 3357 3506 et
3401 3468 3496 3506 nos
3539 3466 3703 3506 unum
3748 3465 3930 3506 sumas

2345 3543 2510 3616 (Ibid.
2552 3544 2667 3617 23).
2697 3543 2823 3601 Vult
2852 3559 2986 3614 ergo
3025 3558 3147 3600 esse
3185 3559 3312 3600 suos
3338 3560 3527 3610 unum,
3555 3545 3649 3600 sed
3680 3543 3736 3600 in
3776 3545 3929 3616 ipso;

2343 3636 2472 3707 quia
2495 3632 2551 3691 in
2571 3651 2632 3691 se
2671 3634 2806 3706 ipsis
2826 3649 2934 3689 non
2960 3643 3203 3705 possunt,
3246 3633 3523 3690 dissociati
3554 3633 3645 3707 [ab
3673 3631 3931 3708 invicem}

2341 3738 2444 3799 per
2461 3726 2704 3782 diversas
2726 3724 3059 3780 voluntates.
3086 3723 3222 3781 Cum
3253 3726 3402 3781 enim
3427 3724 3499 3780 sit
3534 3734 3721 3781 sancta
3749 3724 3930 3781 Trini-

2344 3825 2428 3872 tas
2453 3831 2594 3872 nnus
2613 3825 2669 3870 et
2701 3814 2849 3871 solus
2881 3816 3044 3884 Deus,
3077 3817 3133 3870 in
3175 3816 3479 3872 substantia
3521 3816 3690 3881 solus,
3720 3816 3777 3872 in
3805 3831 3930 3888 per-

2342 3901 2492 3962 sonis
2519 3906 2625 3960 tria
2648 3904 2918 3976 quaedam,
2949 3920 3073 3960 cum
3095 3904 3262 3960 multa
3292 3906 3463 3961 voluit
3489 3921 3634 3972 esse,
3659 3921 3768 3962 non
3799 3906 3930 3962 illud

2342 4011 2409 4053 ea
2435 3998 2602 4054 voluit
2631 4012 2752 4054 esse
2777 3997 2921 4068 quod
2949 3997 3037 4053 ille
3060 3999 3178 4068 ipse
3204 4007 3324 4064 est;
3349 3997 3474 4053 dum
3501 4013 3566 4053 ea
3605 4013 3728 4071 qua
3758 3998 3932 4055 voluit

2341 4101 2463 4164 esse
2495 4087 2760 4160 originem
2798 4087 3039 4144 habent:
3071 4088 3144 4142 illi
3171 4087 3436 4159 siquidem
3468 4088 3586 4144 sine
3609 4089 3818 4160 origine
3845 4098 3930 4145 cst

2967 4249 3196 4306 CAPUT
3231 4249 3294 4306 11.

2699 4339 2856 4406 Quod
2893 4339 3036 4396 Deus
3073 4356 3232 4410 super
3268 4341 3445 4395 omnia
3480 4341 3569 4395 sit.

659 4463 797 4517 tuitu
827 4464 1213 4520 consideranda
1243 4475 1347 4531 est,
1394 4431 1702 4522 secundum:
1736 4431 1879 4536 quod
2117 4431 2241 4538 Spi-
2269 4463 2317 4524 υ
2380 4431 2581 4538 “Deum
2628 4448 2791 4504 supra
2834 4449 3051 4537 omne?!
3085 4432 3464 4538 ffisteniiam’
3502 4446 3665 4538 supra
3706 4446 3924 4489 omnem

661 4550 800 4607 ritus
843 4553 1016 4624 gratia
1043 4562 1241 4610 nostra:
1277 4555 1470 4612 mentis
1515 4557 1688 4613 aciem
1733 4555 2005 4612 illustrare
2045 4557 2238 4630 digna-

664 4643 832 4698 bitur.

1168 4715 1394 4775 CAPUT
1432 4719 1719 4779 PRIMUM.

734 4827 891 4896 Quod
918 4828 1058 4885 Deus
1085 4832 1319 4886 omnium
1345 4835 1412 4888 sit
1443 4851 1623 4900 causa,
1647 4851 1765 4906 quia
1789 4844 1930 4902 sunt,
1960 4844 2019 4889 ut
2042 4837 2166 4890 sint.

730 4923 932 4979 Eorum
971 4923 1134 4994 igitur
1154 4939 1275 4995 quae
1314 4934 1460 4992 sunt,
1507 4927 1592 4983 vel
1641 4926 1883 4994 fuerunt,
1928 4927 2010 4983 vel
2057 4927 2239 4984 futura

663 5027 1000 5082 sunt,causa
1028 5025 1113 5072 est
1141 5016 1303 5085 Deus,
1348 5027 1405 5073 et
1447 5019 1642 5074 horum
1689 5019 1844 5075 dator
1894 5031 1950 5076 et
2000 5029 2234 5076 creator.

660 5105 730 5160 Et
752 5120 860 5160 non
887 5112 972 5160 est
1001 5104 1287 5161 dicendum
1329 5105 1467 5178 [Αι.,
1492 5106 1724 5177 dicere],
1759 5108 1876 5165 haec
1913 5123 2034 5166 esse
2061 5111 2242 5180 ipsum

659 5195 793 5268 [Αι.,
821 5195 926 5252 hoc
952 5211 1071 5252 esse
1099 5197 1296 5267 ipsum,
1325 5197 1468 5267 quod
1511 5205 1637 5252 sunt
1666 5197 1798 5271 illa],
1839 5200 2035 5268 quibus
2068 5208 2129 5255 ut
2153 5217 2239 5257 es-

659 5292 784 5338 sent
809 5285 974 5339 dedit.
1010 5285 1120 5341 Nec
1143 5286 1300 5341 alicui
1329 5294 1591 5342 creaturae
1612 5297 1823 5357 partem
1853 5305 1961 5344 suae
1989 5291 2239 5346 substan-

661 5375 751 5429 tias
786 5377 951 5441 dedit,
997 5387 1054 5432 et
1081 5392 1203 5432 cum
1251 5378 1366 5448 ipse
1418 5379 1490 5433 sit
1536 5379 1903 5447 immutabilis,
1961 5381 2235 5437 mutabilia

661 5467 777 5520 sine
820 5467 903 5521 sui
948 5469 1310 5523 mutabilitate
1353 5469 1575 5526 creavit.
1623 5470 1750 5526 ideo
1798 5472 1852 5526 in
1901 5472 1992 5527 illo
2036 5474 2236 5543 hymno

660 5557 936 5624 laudabili,
967 5575 1127 5629 quem
1156 5568 1373 5630 peracta
1404 5576 1556 5617 caena
1583 5563 1808 5634 mystica
1854 5577 2035 5618 coram
2070 5564 2233 5619 disci-

660 5646 800 5719 pulis
836 5651 947 5705 suis
991 5652 1047 5705 in
1074 5651 1285 5708 laudem
1321 5653 1514 5718 Patris,
1563 5655 1658 5709 Dei
1702 5654 1835 5727 ML,
1871 5656 2034 5729 Deus]
2067 5657 2235 5713 Filius

663 5740 987 5810 decantavit,
1022 5757 1127 5797 non
1160 5742 1296 5798 dixit
1325 5742 1389 5800 de
1420 5742 1663 5800 ﬁdelibus
1694 5746 1824 5812 suis,
1853 5754 1909 5803 ut
1943 5762 2106 5804 unum
2128 5749 2237 5804 sint

2340 4527 2532 4593 vitam,
2569 4542 2732 4599 supra
2761 4542 2977 4583 omnem
3020 4524 3436 4595 intelligentiam
3479 4526 3753 4580 credimus
3776 4539 3918 4580 esse.

2340 4619 2409 4673 Et
2430 4619 2520 4674 ille
2547 4627 2630 4675 est
2675 4634 2887 4675 summa
2935 4619 3241 4683 existentia,
3291 4633 3500 4673 summa
3547 4617 3921 4690 intelligentia,

2337 4714 2554 4769 summa
2579 4711 2713 4777 vita,
2747 4729 2777 4767 a
2807 4727 2915 4782 quo
2961 4710 3086 4783 [est]
3123 4712 3302 4766 omnis
3338 4711 3469 4777 vita,
3499 4712 3678 4767 omnis
3721 4711 3922 4768 intelli-

2339 4802 2519 4874 gentia
2565 4809 2620 4857 et
2665 4803 2842 4856 omnis
2887 4803 3194 4866 existentia,
3232 4802 3328 4858 Dei
3362 4803 3506 4857 enim
3552 4802 3694 4857 idem
3740 4803 3919 4872 ipsum

2338 4899 2444 4959 est,
2485 4902 2539 4947 et
2575 4895 2834 4962 potentia,
2883 4905 2940 4949 et
2981 4896 3300 4959 substantia,
3327 4903 3384 4948 et
3423 4894 3693 4960 divinitas,
3722 4901 3780 4949 et
3805 4896 3921 4950 hac

2337 4983 2519 5038 omnia
2546 4999 2736 5050 unum,
2768 4993 2823 5039 et
2846 4986 2950 5042 hoc
2975 5001 3140 5040 unum
3169 4985 3415 5057 simplex.

2851 5093 3013 5166 715
3048 5094 3274 5152 CAPUT
3303 5094 3390 5151 lli.

2341 5183 2494 5249 Quod
2523 5183 2706 5239 melius
2736 5185 2801 5240 sit
2832 5187 2895 5241 de
2923 5188 3032 5242 Deo
3062 5187 3288 5258 aquatio
3316 5189 3488 5243 dicere
3512 5206 3674 5280 quam
3696 5189 3912 5244 similia.

2408 5297 2484 5353 De
2515 5298 2626 5374 Dei-
2650 5297 2786 5354 Filio
2819 5299 3008 5354 doctor
3041 5300 3290 5371 egregius
3326 5299 3516 5356 beatus
3549 5299 3747 5356 Paulus
3788 5317 3917 5371 apo-

2338 5390 2506 5446 stolus
2528 5389 2676 5452 dicit,
2705 5390 2836 5444 Cum
2863 5399 2994 5445 esset
3015 5392 3068 5445 in
3090 5391 3258 5460 [arma
3284 5391 3400 5450 Dei.
3434 5408 3536 5446 non
3563 5393 3801 5461 rapinam
3824 5409 3913 5444 ar-

2341 5482 2561 5534 bitratus
2584 5490 2660 5534 est
2687 5497 2796 5534 esse
2819 5497 2874 5535 se
2900 5480 3153 5556 mqualem
3185 5480 3290 5534 Deo
3319 5481 3539 5552 (Philip.
3572 5498 3634 5547 rt,
3663 5480 3738 5552 6).
3777 5479 3914 5535 Pro-

2338 5569 2461 5623 inde
2485 5569 2676 5623 melius
2694 5584 2814 5624 esse
2831 5569 3044 5624 videtur
3063 5569 3419 5640 aequalitatem
3442 5571 3508 5625 de
3527 5571 3720 5625 divinis
3737 5571 3916 5625 dicere

2336 5661 2581 5730 personis
2609 5674 2769 5728 quam
2804 5659 3212 5715 similitudinem
3233 5701 3247 5726 ,
3290 5675 3598 5731 quanquam
3627 5671 3921 5728 utrumque

2339 5747 2640 5802 inveniatur
2668 5760 2682 5800 :
2711 5745 2838 5815 quia
2862 5760 2967 5801 una
2995 5747 3249 5819 qualibet
3273 5749 3591 5818 substantia,
3622 5748 3916 5805 secundum
