4346 6670
215 585 291 642 25
867 579 1288 656 υοαιιΑτιεΑ.
1345 609 1396 620 -
1434 577 1520 634 DE
1558 571 1709 633 FIDE
1749 568 1809 625 S.
1852 566 2247 624 TRINITATIS
2286 569 2465 625 ιιειιι
2497 571 2581 627 lli.
2625 569 2755 626 LIB.
2795 567 2858 624 ll.
3422 564 3490 620 28

215 701 367 775 quod
401 698 701 757 substantia
735 705 837 761 cst,
877 712 986 752 non
1022 704 1106 752 est
1139 696 1261 760 alia,
1301 704 1362 751 ut
1397 695 1469 749 sit
1507 690 1700 748 similis
1743 685 1810 742 ad
1838 687 1885 747 Δ

216 796 405 852 aliam.
442 793 554 851 Nec
585 794 732 849 enim
764 793 819 847 in
853 799 1039 848 sancta
1067 788 1333 845 Trinitate
1356 786 1655 844 substantia
1685 788 1808 842 sub-

215 886 439 943 stantia!
462 883 656 940 similis
685 891 789 947 est,
821 882 916 936 sed
945 894 1087 947 una;
1119 887 1176 935 et
1201 880 1316 949 ipsa
1343 878 1533 933 eadem
1556 876 1809 932 substan-

217 977 297 1034 tia
323 985 411 1034 est
435 976 632 1041 Patris,
668 982 724 1032 et
754 972 902 1042 Filii,
941 980 997 1029 et
1029 973 1266 1043 Spiritus
1304 971 1496 1026 sancti.
1538 968 1649 1025 Nec
1685 977 1811 1024 sunt

219 1077 339 1127 tres
375 1068 694 1126 substantia:
737 1066 965 1130 similes,
1006 1064 1102 1118 sed
1147 1079 1252 1117 una
1302 1063 1463 1117 trium
1508 1059 1806 1128 aequaliter.

214 1158 336 1217 Nec
361 1158 528 1215 Pater
545 1155 684 1213 Filio
708 1157 878 1228 prior,
910 1169 1010 1210 nec
1035 1152 1204 1210 Filius
1231 1151 1388 1207 Patre
1416 1150 1706 1221 posterior,
1742 1149 1813 1204 si-

214 1261 318 1310 cut
335 1249 525 1307 Ariani
553 1248 860 1305 voluerunt.
912 1245 1048 1301 Nam
1076 1245 1351 1300 Abraham
1389 1252 1445 1298 et
1477 1242 1652 1304 lsaac,
1686 1239 1812 1296 licet

213 1342 389 1401 unius
423 1342 535 1398 sint
572 1339 892 1396 substantia:
927 1334 1223 1394 secundum
1273 1332 1687 1395 humanitatem,
1731 1338 1812 1383 ta-

215 1449 352 1492 men
378 1433 657 1490 Abraham
685 1430 839 1502 prior
858 1437 943 1486 est
966 1437 1231 1498 tempore,
1259 1433 1312 1480 et
1340 1425 1492 1480 lsaac
1517 1423 1811 1496 posterior.

216 1524 484 1596 Quamvis
506 1524 562 1581 hi
589 1523 700 1580 sint
720 1520 914 1579 similis
933 1519 1272 1582 substantiae,
1300 1525 1481 1572 tamen
1508 1515 1598 1571 illa
1619 1515 1810 1572 simili-

219 1614 358 1671 tudo
385 1614 701 1670 substantia:
727 1612 781 1668 in
811 1611 924 1667 lilio
950 1611 1104 1666 lsaac
1124 1609 1394 1681 posterior
1414 1615 1500 1664 est
1522 1614 1764 1678 tempore
1795 1623 1809 1658 :

216 1705 371 1778 quod
403 1704 624 1776 impium
650 1713 734 1762 est
768 1703 824 1760 in
859 1703 971 1760 Deo
1007 1702 1232 1758 credere
1269 1699 1473 1772 aliquid
1507 1701 1659 1769 prius
1693 1712 1814 1755 esse

215 1797 312 1854 vel
339 1797 630 1869 posterius,
654 1796 784 1868 quia
813 1811 920 1851 non
945 1811 1012 1850 ex
1041 1802 1285 1864 tempore
1319 1793 1458 1847 Deus
1492 1790 1658 1861 empit
1693 1803 1815 1845 esse

214 1888 406 1952 Pater.
427 1888 523 1946 sed
541 1889 685 1945 sicut
698 1901 915 1958 semper
940 1881 1102 1949 Deus,
1128 1885 1201 1938 ita
1230 1897 1443 1954 semper
1462 1880 1643 1946 Pater,
1675 1895 1815 1936 sem.

214 1996 325 2054 per
351 1983 559 2039 habens
585 1979 804 2046 Filium,
835 1994 994 2050 quem
1020 1976 1179 2033 simul
1203 1975 1334 2048 (AL,
1364 1974 1561 2040 semel;
1587 1973 1697 2039 AL,
1725 1989 1813 2028 so-

213 2071 332 2148 lus]
352 2074 539 2146 genuit
563 2087 630 2128 ει
658 2087 755 2140 sua
777 2071 1039 2141 aequalem
1061 2070 1163 2125 sibi
1186 2077 1397 2123 natura.
1437 2067 1656 2122 Addunt
1676 2081 1814 2137 quo-

214 2181 333 2238 que
367 2163 636 2222 dialectici
679 2162 826 2234 quod
868 2175 1032 2217 omne
1073 2160 1251 2216 simile
1291 2157 1601 2228 receptibile
1645 2156 1818 2229 possit

215 2273 348 2315 esse
390 2253 867 2318 dissimilitudinis,
917 2254 1059 2309 sicut
1105 2253 1210 2307 duo
1255 2250 1524 2314 homines,
1567 2246 1815 2318 quamvis

218 2349 423 2408 similis
447 2349 558 2405 sint
588 2347 908 2404 substantia:
930 2343 1067 2418 (AL,
1092 2344 1299 2399 similes
1326 2344 1436 2397 sint
1463 2335 1811 2410 substantia],

217 2445 522 2504 dissimiles
555 2453 738 2500 tamen
783 2449 1011 2512 possunt
1055 2455 1176 2496 esse
1220 2438 1464 2494 moribus
1495 2454 1508 2489 :
1539 2436 1662 2492 ideo
1707 2447 1816 2489 non

218 2547 454 2612 possunt
479 2548 629 2593 recte
655 2550 755 2607 per
780 2536 963 2591 omnia
990 2535 1226 2604 aequales
1262 2533 1399 2596 dici;
1442 2539 1498 2586 et
1534 2538 1660 2585 sunt
1698 2529 1816 2584 dna

217 2629 546 2688 substantiae
579 2628 633 2684 in
656 2630 741 2684 eis
777 2627 986 2691 divisae,
1023 2625 1397 2694 unusquisque
1444 2622 1498 2677 in
1546 2636 1645 2677 sua
1689 2619 1818 2675 sub-

216 2723 425 2778 stantia
445 2720 638 2791 plenus
656 2721 837 2775 homo.
874 2716 932 2774 In
959 2716 1121 2772 Patre
1143 2731 1274 2772 vero
1291 2724 1350 2770 et
1373 2714 1511 2768 Filio
1534 2720 1590 2768 et
1609 2712 1816 2783 Spiritu

217 2820 434 2877 sancto,
484 2827 591 2868 non
637 2819 721 2867 est
765 2809 959 2866 similis
994 2810 1294 2865 substantia
1332 2804 1680 2869 substantia,
1722 2803 1819 2860 sed

221 2918 334 2959 una
369 2903 597 2973 aequalis
632 2916 733 2974 per
773 2902 976 2965 omnia,
1024 2909 1081 2956 et
1127 2900 1250 2957 ideo
1287 2901 1580 2972 ὁμιλούσης,
1631 2897 1684 2952 id
1733 2909 1820 2951 est

220 2994 391 3050 unius
415 2992 751 3057 substantiae,
781 3008 888 3047 non
914 2991 1232 3064 ὅμοιούσιον,
1263 2991 1319 3046 id
1343 2998 1448 3056 est,
1475 2987 1670 3045 similis
1691 2987 1822 3044 sub-

220 3084 463 3151 stantiae,
493 3085 635 3139 sicut
655 3083 896 3139 haeretici
925 3082 1232 3137 voluerunt.

833 3192 1062 3249 CAPUT
1117 3192 1205 3248 IV.

520 3263 594 3320 De
630 3264 980 3322 immensitate
1008 3262 1395 3333 omnipotentia:
1417 3260 1537 3318 Dei.

286 3357 571 3429 Quidquid
602 3358 658 3412 in
687 3363 882 3412 natura
903 3365 1279 3411 creaturarum
1308 3359 1412 3416 est,
1452 3359 1700 3406 creatura
1735 3354 1820 3403 est

223 3449 346 3518 Dei,
370 3450 526 3519 cujus
548 3449 940 3519 omnipotentia
965 3463 1029 3504 ea
1053 3448 1338 3519 gubernat,
1370 3446 1530 3518 regit,
1551 3453 1609 3500 et
1631 3440 1819 3514 implet

222 3557 352 3613 qua:
366 3543 597 3599 creavit.
631 3541 742 3597 Nec
774 3540 893 3597 ideo
915 3539 1085 3595 Deum
1111 3539 1292 3594 omnia
1323 3537 1547 3607 implere
1566 3535 1816 3600 dicimus,

224 3639 285 3688 nt
306 3647 432 3688 eum
451 3631 787 3697 contineant,
818 3630 911 3685 sed
937 3639 996 3684 ut
1018 3629 1130 3700 ipsa
1151 3628 1331 3699 potius
1350 3626 1732 3682 contineantur
1752 3625 1822 3680 ab

222 3735 315 3778 eo.
343 3720 456 3778 Nec
475 3722 843 3793 particulatim
870 3721 1014 3775 Deus
1042 3718 1227 3790 implet
1250 3717 1461 3783 omnia;
1494 3731 1595 3772 nec
1623 3714 1821 3771 ullate-

225 3829 333 3872 nus
353 3816 436 3870 ita
454 3815 752 3884 putandum
774 3821 859 3868 est
883 3813 939 3868 in
963 3814 1216 3868 omnibus
1243 3827 1364 3867 esse
1387 3812 1576 3875 Deum,
1601 3818 1661 3866 ut
1689 3826 1822 3866 una-

228 3921 461 3978 quaque
501 3921 592 3961 res
625 3921 724 3977 per
763 3904 1188 3975 magnitudinem
1226 3903 1512 3974 positionis
1551 3900 1682 3973 (AL,
1722 3915 1823 3971 pro

231 3996 610 4068 magnitudine
631 3993 922 4068 partionis]
949 4009 1062 4049 suae
1081 3995 1260 4066 capiat
1286 4009 1429 4055 eum,
1454 3993 1507 4047 id
1531 4001 1635 4056 est,
1652 3991 1824 4046 maxi-

231 4105 321 4146 ma
352 4090 547 4161 majus,
579 4088 802 4143 minima
852 4086 1068 4142 minus:
1091 4087 1218 4142 dum
1253 4084 1328 4141 sit
1368 4085 1548 4155 potius
1594 4084 1710 4154 ipse
1741 4090 1826 4137 to-

229 4195 320 4240 tus
345 4183 401 4238 in
427 4182 698 4245 omnibus,
725 4180 839 4236 sive
863 4179 1047 4235 omnia
1073 4179 1128 4234 in
1155 4179 1290 4248 ipso,
1314 4179 1468 4249 cujus
1483 4178 1824 4248 omnipoten—

228 4275 306 4330 tia
345 4275 528 4331 omnia
572 4273 864 4329 concludit.
904 4271 1015 4326 Nec
1058 4271 1318 4326 evadendi
1356 4269 1655 4342 potentiam
1705 4267 1824 4337 eius

227 4366 352 4436 quis
381 4365 590 4420 aditum
617 4363 860 4420 invenire
884 4362 1117 4433 poterit;
1153 4361 1246 4431 qui
1273 4361 1418 4417 enim
1444 4373 1570 4416 eum
1597 4375 1704 4414 non
1728 4360 1824 4413 ba-

228 4459 323 4515 bet
349 4457 625 4530 placatum
649 4498 663 4524 ,
690 4469 1030 4525 nequaquam
1057 4452 1249 4510 evadet
1275 4454 1496 4509 iratum.
1542 4450 1824 4507 lmmensi-

229 4558 318 4607 tas
344 4550 545 4606 divinae
566 4547 952 4618 magnitudinis
983 4546 1086 4602 ista
1111 4553 1214 4610 est,
1239 4552 1300 4599 ut
1315 4544 1680 4616 intelligamus
1699 4559 1823 4599 eum

228 4642 377 4698 intra
406 4640 612 4705 omnia,
637 4638 732 4693 sed
749 4653 856 4692 non
881 4636 1176 4701 inclusum;
1200 4643 1357 4693 extra
1375 4635 1579 4700 omnia,
1602 4636 1697 4692 sed
1716 4651 1825 4690 non

2533 683 2759 742 CAPUT
2808 684 2874 737 γ.

1909 802 2088 869 Quare
2119 801 2262 858 Deus
2292 800 2502 854 dicatur
2527 798 2694 868 magis
2721 796 2777 851 in
2817 793 2942 851 calo
2975 794 3214 850 habitare
3245 809 3406 865 quam
3439 793 3494 848 in

2629 877 2677 922 te
2683 881 2790 921 πα.

1979 983 2133 1054 Quod
2157 999 2285 1039 vero
2305 984 2361 1038 in
2391 981 2663 1038 Dominica
2691 979 2937 1035 oratione
2963 977 3178 1044 dicitur,
3203 975 3365 1032 Pater
3394 990 3495 1030 tto-

1908 1088 2036 1141 ster,
2065 1077 2155 1148 qui
2180 1093 2234 1129 es
2262 1077 2316 1130 in
2345 1074 2486 1129 catis
2515 1070 2729 1144 (Matth.
2760 1085 2835 1136 vt,
2860 1071 2948 1141 9);
2979 1069 3064 1124 vel
3090 1068 3236 1138 quod
3268 1067 3320 1121 in
3345 1063 3499 1121 Psal-

1911 1172 2014 1227 mis
2034 1169 2247 1242 legitur,
2272 1168 2354 1222 Ad
2364 1179 2414 1222 te
2431 1166 2593 1221 tenari
2612 1163 2789 1219 oculos
2810 1180 2969 1228 meos,
2991 1161 3080 1231 qui
3102 1161 3305 1215 habitas
3323 1158 3380 1218 in
3401 1172 3495 1214 οω-

1911 1267 1975 1323 tis
1990 1265 2160 1341 (PsaL
2184 1281 2355 1330 cun,
2374 1251 2570 1334 l),non
2598 1260 2954 1331 corporaliter
2968 1257 3373 1329 intelligendum
3388 1263 3495 1320 est,

1913 1361 2008 1416 sed
2044 1357 2381 1430 spiritaliter,
2417 1354 2545 1424 quia
2575 1367 2682 1407 non
2718 1353 2893 1421 spatio
2921 1351 3160 1404 locorum
3183 1347 3498 1423 continetur

1913 1449 2074 1506 Deus.
2125 1448 2265 1504 Sunt.
2299 1446 2443 1501 enim
2477 1443 2611 1518 (AL,
2653 1439 2854 1514 autem]
2890 1439 3012 1498 ειειί
3047 1437 3497 1496 excellentissima

1913 1542 2129 1614 quidem
2153 1539 2337 1596 mundi
2359 1552 2613 1608 corpora,
2633 1550 2755 1607 qum
2779 1533 2954 1606 716
2972 1547 3076 1587 non
3105 1538 3331 1602 possunt
3355 1543 3495 1593 esse,

1913 1634 2018 1690 nisi
2044 1631 2285 1688 inloco:
2311 1629 2406 1686 sed
2437 1629 2483 1685 si
2514 1629 2568 1684 in
2605 1627 2780 1692 caelis,
2818 1633 3076 1696 tanquam
3116 1624 3170 1680 in
3209 1620 3501 1692 superiori-

1912 1726 2016 1783 bus
2037 1725 2220 1780 mnndi
2246 1724 2512 1795 partibus,
2535 1720 2687 1776 locus
2712 1719 2806 1775 Dei
2832 1732 2954 1773 esse
2974 1715 3231 1778 creditur,
3260 1711 3502 1768 melioris

1915 1818 2096 1874 meriti
2121 1825 2249 1872 sunt
2271 1830 2419 1882 aves,
2448 1828 2680 1886 quarum
2710 1812 2823 1866 vita
2845 1819 2927 1865 est
2956 1802 3067 1864 Deo
3093 1806 3340 1862 vicinior.
3380 1803 3498 1861 Non

1909 1894 2096 1965 autem
2126 1907 2386 1978 scriptum
2414 1913 2498 1961 est
2522 1923 2534 1959 :
2559 1904 2732 1974 Prope
2757 1912 2842 1958 est
2863 1901 3124 1957 Dominus
3150 1899 3381 1956 excelsis
3403 1898 3503 1954 hoo

1920 1999 2174 2065 minibus,
2213 2006 2302 2053 aut
2333 1997 2413 2053 eis
2439 1997 2530 2067 qui
2560 1997 2614 2050 in
2641 1994 2916 2050 montibus
2939 1992 3216 2058 habitant;
3245 1991 3339 2046 sed
3368 1990 3506 2044 scri-

1917 2099 2068 2162 ptum
2101 2097 2186 2146 est
2218 2107 2232 2144 :
2262 2088 2433 2160 Prope
2474 2096 2548 2142 est
2584 2085 2842 2142 Dominus
2881 2085 3084 2139 obtritis
3131 2085 3284 2138 corde
3343 2080 3500 2154 (Issi.

1917 2197 2050 2244 Lvn,
2082 2179 2202 2250 15);
2237 2179 2379 2249 quod
2417 2177 2588 2249 magis
2615 2177 2852 2249 pertinet
2876 2174 2942 2230 ad
2975 2175 3353 2230 humilitatem.
3395 2171 3503 2230 Sed

1916 2270 2369 2341 quemadmodum
2395 2277 2541 2323 terra
2566 2267 2864 2339 appellatus
2890 2275 2973 2323 est
3001 2275 3271 2338 peccator,
3303 2281 3424 2320 cum
3449 2266 3502 2321 ei

1917 2364 2118 2420 dictum
2142 2370 2264 2417 est:
2297 2360 2458 2415 Terra
2479 2376 2558 2425 es,
2591 2369 2638 2413 et
2663 2362 2720 2415 in
2748 2368 2943 2415 terram
2968 2359 3066 2412 ibis
3096 2354 3246 2428 (Gen.
3281 2372 3359 2419 ιιι,
3391 2354 3502 2427 i9),

1917 2454 1996 2508 sic
2021 2452 2218 2508 caelum
2242 2449 2420 2520 justus
2443 2466 2475 2506 e
2503 2449 2780 2507 contrario
2804 2449 2909 2504 dici
2935 2455 3142 2520 potest;
3177 2445 3338 2517 iustis
3361 2446 3504 2501 enim

1915 2543 2149 2598 dicitur:
2178 2540 2445 2612 Templum
2493 2538 2585 2594 Dei
2630 2548 2872 2595 sanctum
2915 2549 3022 2606 est,
3066 2538 3205 2610 quod
3249 2540 3372 2593 estis
3420 2553 3507 2592 vos

1918 2618 1972 2692 (Ι
2000 2628 2122 2686 Cor.
2152 2647 2236 2697 ιιι,
2266 2629 2373 2702 l7).
2420 2630 2758 2702 Quapropter
2781 2631 2828 2686 si
2865 2631 2920 2684 in
2943 2631 3146 2701 templo
3174 2645 3270 2686 suo
3295 2630 3506 2685 habitat

1917 2726 2081 2793 Deus,
2115 2727 2241 2796 quia
2276 2727 2449 2781 sancti
2484 2725 2742 2796 templum
2770 2725 2890 2793 ejus
2925 2733 3071 2791 sunt,
3105 2733 3253 2782 recte
3284 2724 3505 2788 dicitur,

1915 2818 2082 2888 quies
2111 2817 2167 2871 in
2195 2816 2361 2882 oretis,
2389 2817 2444 2871 id
2471 2825 2574 2883 est,
2611 2816 2668 2870 in
2695 2816 2928 2884 sanctis;
2964 2823 3020 2871 et
3055 2815 3506 2871 accommodatis-

1917 2908 2055 2988 sima
2082 2909 2186 2964 ista
2213 2908 2506 2964 similitudo
2532 2916 2637 2972 est,
2675 2916 2736 2962 nt
2770 2907 3090 2978 spiritaliter
3124 2914 3332 2960 tantum
3371 2906 3511 2960 inte-

1919 3016 2068 3057 resse
2091 3001 2343 3056 videatur
2379 3001 2522 3058 inter
2549 2997 2728 3069 justos
2771 2997 2826 3056 et
2866 3007 3200 3070 peccatores,
3243 3003 3505 3068 quantum

1918 3090 2274 3161 corporaliter
2295 3091 2438 3146 inter
2456 3090 2653 3146 caelum
2677 3098 2730 3145 et
2752 3099 2973 3144 terram.
3015 3087 3180 3157 Cujus
3204 3087 3281 3142 rei
3305 3085 3511 3154 signiti-

1918 3180 2106 3236 candte
2129 3179 2301 3250 gratia
2323 3194 2447 3233 cum
2473 3178 2543 3233 ad
2572 3179 2873 3234 orationem
2895 3186 3123 3239 stamus,
3155 3176 3220 3230 ad
3241 3176 3510 3231 orientem

1913 3270 2286 3326 convertimus
2327 3284 2428 3325 nos
2472 3267 2620 3342 (AL,
2667 3266 3087 3339 convertimur],
3131 3267 3271 3321 unde
3313 3263 3512 3322 oculum

1921 3361 2115 3430 surgit,
2160 3367 2217 3414 et
2257 3357 2438 3414 lumen
2478 3359 2687 3424 oritur,
2731 3373 2840 3415 non
2879 3366 3136 3427 tanquam
3190 3357 3262 3411 ibi
3306 3355 3513 3410 habitet

1923 3454 2084 3518 Deus,
2126 3452 2286 3523 quasi
2329 3459 2556 3508 ceteras
2607 3451 2792 3506 mundi
2833 3457 3017 3520 partes
3058 3449 3378 3514 deseruerit,
3418 3446 3514 3516 qui

1920 3550 2120 3621 ubique
2144 3563 2385 3620 praesens
2409 3556 2514 3614 est,
2552 3563 2659 3604 non
2689 3546 2932 3603 locorum
2966 3545 3173 3617 spatiis,
3216 3543 3310 3599 sed
3346 3542 3511 3611 maje-

1921 3645 2078 3700 statis
2102 3642 2342 3714 potentia
2375 3660 2386 3695 :
2418 3641 2512 3696 sed
2533 3649 2591 3696 ut
2615 3642 2970 3696 admoneatur
2998 3639 3210 3696 animus
3251 3636 3318 3692 ad
3353 3643 3512 3689 natn-
3605 3682 3610 3686 .

1920 3752 2037 3793 ram
2069 3735 2508 3791 excellentiorem
2536 3749 2594 3788 se
2620 3743 2937 3788 convertere
2958 3773 2972 3795 ,
3001 3730 3054 3784 id
3081 3738 3157 3785 est
3182 3769 3196 3793 ,
3222 3729 3289 3782 ad
3317 3727 3506 3791 Deum,

1920 3826 2016 3897 qui
2056 3832 2140 3880 est
2189 3824 2370 3879 lumen
2408 3837 2618 3887 verum,
2663 3821 2970 3877 illuminaus
3009 3835 3212 3872 omnem
3249 3817 3512 3871 hominem

1921 3917 2204 3970 uenientem
2251 3916 2305 3968 in
2351 3913 2489 3970 hunc
2528 3913 2785 3969 mundum
2829 3910 3010 3984 (Joan.
3062 3911 3134 3982 t);
3177 3924 3301 3964 cum
3349 3908 3515 3963 homo

1921 4005 2098 4077 ipsum
2125 4020 2322 4074 corpus
2358 4019 2535 4069 suum,
2578 4003 2724 4075 quod
2753 4010 3028 4057 terrenum
3067 4011 3173 4066 est,
3215 3999 3283 4054 ad
3315 4012 3514 4068 corpus

1919 4093 2304 4157 excellentius,
2351 4093 2402 4149 id
2449 4100 2561 4156 est,
2608 4092 2677 4146 ad
2723 4105 2921 4160 corpus
2954 4088 3178 4146 'cmleste
3224 4088 3514 4145 convertit.

1920 4185 2054 4242 Nam
2079 4187 2124 4241 si
2148 4185 2342 4241 coelum
2368 4186 2511 4243 istud
2534 4197 2875 4255 corporeum,
2892 4182 3032 4253 quod
3047 4180 3217 4237 oculis
3241 4180 3509 4244 videmus,

1922 4276 2348 4332 intellexerimus
2368 4290 2488 4330 esse
2518 4274 2908 4338 habitationem
2945 4272 3060 4338 Dei,
3101 4273 3396 4326 transitura
3432 4280 3516 4325 est

1923 4368 2183 4424 habitatio
2227 4368 2320 4422 Dei
2351 4382 2366 4421 :
2398 4367 2537 4433 Quia
2575 4365 2760 4419 celum
2805 4374 2853 4419 et
2887 4373 3027 4419 terra
3075 4363 3315 4417 transibit
3363 4360 3468 4435 (Al.
3496 4401 3511 4425 ,

1922 4458 2239 4532 transibunt]
2281 4457 2496 4529 (Matth.
2527 4472 2676 4521 nlv,
2701 4455 2815 4527 '55).
2862 4455 3065 4510 Deinde
3111 4463 3399 4524 antequam
3438 4449 3517 4505 fa-

1894 4545 1897 4547 ’
1923 4566 2071 4612 ceret
2099 4555 2242 4610 Deus
2263 4555 2458 4608 cmlum
2485 4560 2540 4608 et
2567 4559 2794 4615 terram,
2819 4549 2910 4605 ubi
2943 4548 3270 4603 habitabat?
3305 4544 3517 4601 Sed-di-

1923 4647 1999 4703 cit
2022 4645 2217 4715 aliquis
2244 4663 2256 4698 :
2282 4645 2350 4698 Et
2391 4651 2678 4713 antequam
2714 4641 2918 4696 laceret
2961 4640 3104 4696 Deus
3143 4648 3381 4702 sanctos,
3421 4637 3514 4694 ubi

229 4733 548 4795 exclusum;
575 4739 631 4785 et
659 4728 779 4784 ideo
818 4728 1158 4794 interiorem.
1195 4734 1258 4781 ιιι
1293 4726 1473 4782 omnia
1509 4727 1821 4791 contineat;
1857 4734 2360 4810 Dhabitabat?Cui
2397 4731 2828 4805 respondendum
2867 4739 2970 4796 est,
3014 4733 3067 4786 in
3109 4746 3167 4784 se
3212 4729 3514 4792 habitabat,

232 4825 358 4881 ideo
390 4823 741 4885 exteriorem,
770 4827 830 4874 ut
858 4818 1340 4886 incircumscriptze
1369 4815 1502 4889 (AL,
1537 4817 1825 4872 incircum-

231 4912 462 4986 scripta]
485 4911 872 4984 magnitudinis
895 4926 1006 4965 sum
1029 4909 1392 4964 immensitate
1409 4909 1586 4966 omnia
1608 4909 1826 4965 conclu-

228 5005 345 5062 dat.
394 5004 502 5060 Per
529 5003 583 5060 id
611 5018 744 5074 ergo
780 5001 925 5072 quod
961 5001 1202 5055 exterior
1234 5007 1341 5065 est,
1372 4999 1674 5055 ostenditur
1708 5013 1826 5054 esse

231 5102 480 5158 creator;
511 5106 612 5162 per
638 5091 694 5146 id
717 5105 847 5146 vero
874 5089 1018 5159 quod
1044 5088 1286 5155 interior,
1319 5090 1620 5158 gubernare
1644 5089 1826 5144 omnia

229 5190 660 5244 demonstratur.
705 5187 786 5240 Ac
825 5199 893 5238 ne
934 5199 999 5238 ea
1038 5199 1156 5254 qua:
1187 5193 1369 5239 creata
1404 5195 1531 5240 sunt
1563 5187 1680 5240 sine
1717 5186 1827 5240 Deo

227 5289 439 5346 essent,
472 5277 614 5334 Dens
647 5281 788 5333 intra
815 5277 996 5332 omnia
1023 5285 1135 5340 est;
1174 5291 1360 5331 verum
1385 5293 1452 5332 ne
1473 5288 1627 5333 extra
1659 5277 1826 5332 Dequ

232 5379 447 5439 essent,
482 5371 626 5426 Deus
648 5369 888 5424 exterior
911 5378 997 5424 est
1013 5408 1031 5434 ,
1052 5376 1113 5422 ut
1137 5369 1318 5422 omnia
1344 5368 1736 5422 concludantur
1759 5369 1827 5422 ab

233 5478 324 5526 eo,
353 5477 462 5518 non
486 5460 641 5517 locali
673 5459 1062 5530 magnitudine,
1089 5459 1183 5513 sed
1209 5458 1492 5528 potentiali
1516 5461 1824 5528 praesentia,
1866 5519 1879 5527 ι

231 5556 363 5628 quia
393 5552 528 5626 (AL,
550 5552 680 5624 qua]
703 5553 902 5621 ubique
922 5564 1161 5620 praesens
1181 5558 1283 5614 est,
1306 5558 1360 5605 et
1379 5551 1558 5604 omnia
1585 5551 1659 5604 illi
1691 5567 1830 5622 ῃτω-
1867 5594 1883 5606 .

235 5643 416 5700 sentia
441 5659 454 5708 ;
488 5643 736 5712 quamvis
763 5641 983 5710 quidam
1007 5639 1112 5695 hoc
1140 5639 1460 5709 intelligant,
1488 5641 1709 5710 quidam
1739 5658 1830 5697 ve-

236 5750 303 5790 ro
322 5748 432 5789 non
455 5731 780 5803 intelligant;
809 5747 935 5785 nam
956 5745 1100 5786 caico
1125 5732 1204 5785 sol
1234 5731 1428 5786 absens
1452 5740 1550 5793 est,
1583 5733 1830 5800 quamvis

237 5825 314 5881 sit
341 5823 396 5879 in
422 5824 560 5888 sole,
589 5832 644 5879 et
683 5822 781 5878 soli
810 5835 1067 5891 praesens.
1117 5820 1226 5876 Sed
1263 5822 1330 5876 de
1369 5822 1563 5877 talibus
1607 5823 1673 5878 de
1720 5823 1828 5880 Deo

238 5914 406 5974 dictis
428 5914 562 5970 nihil
588 5915 824 5969 humana
852 5928 1029 5978 mens,
1052 5911 1239 5968 localis
1259 5913 1343 5967 vel
1366 5913 1678 5985 temporalis
1705 5931 1826 5972 mu-

241 6006 544 6071 tabilitatis,
581 6005 782 6077 tingere
813 6006 892 6060 vel
918 6007 1157 6077 cogitare
1185 6005 1360 6061 debet,

1930 4829 2072 4898 apud
2097 4842 2155 4884 se
2180 4825 2475 4889 habitabat,
2507 4832 2562 4879 et
2591 4825 2734 4893 apud
2760 4837 2818 4878 se
2839 4831 2923 4878 est
2943 4823 3104 4886 Deus,
3133 4832 3189 4876 et
3217 4822 3269 4876 in
3307 4836 3364 4875 se
3399 4835 3516 4873 ma-

1928 4929 2040 4973 net.
2086 4916 2192 4972 Sed
2232 4917 2352 4970 ideo
2390 4914 2589 4969 dicitur
2613 4914 2667 4968 in
2695 4913 2847 4969 caelis
2881 4913 3150 4977 habitare,
3180 4913 3308 4982 quia
3346 4909 3519 4979 major

1927 5009 2160 5080 cognitio
2184 5005 2320 5079 (AL,
2345 5003 2569 5078 agnitio]
2597 5013 2679 5058 est
2706 5004 2762 5058 in
2788 5003 2944 5060 cmlis
2971 5004 3117 5058 illius
3153 5018 3378 5058 summa)
3406 5019 3518 5058 ma—

1921 5100 2134 5172 jestatis
2155 5107 2209 5151 et
2236 5095 2483 5152 essentin
2504 5097 2557 5151 in
2582 5094 2806 5164 angelis,
2839 5095 2922 5148 vel
2959 5095 3014 5149 in
3064 5097 3267 5150 sanctis
3306 5094 3512 5147 anima-

1926 5192 2029 5247 bus
2067 5198 2394 5248 sanctorum,
2427 5202 2589 5257 quam
2628 5187 2686 5240 in
2714 5195 2859 5242 terra
2886 5185 3253 5241 habitantibus
3287 5187 3515 5251 unctis,

1928 5287 2148 5351 propter
2172 5277 2490 5346 gravitatem
2518 5273 2648 5349 (AL,
2691 5275 3110 5348 gravitudincm]
3153 5276 3388 5331 carnalis
3427 5275 3520 5330 ha-

1926 5369 2224 5433 bitationis,
2253 5383 2374 5437 quae
2403 5367 2490 5420 vix
2519 5366 2783 5435 permittit
2803 5367 3038 5421 animam
3062 5366 3129 5420 ad
3151 5381 3347 5437 purum
3376 5365 3516 5421 veri-

1928 5463 2057 5518 tatis
2101 5461 2282 5514 lumen
2332 5457 2546 5513 avolare
2591 5455 2738 5529 (AL,
2778 5456 3015 5530 evolare]
3043 5476 3055 5510 :
3082 5459 3222 5513 sicut
3265 5459 3464 5513 dicitur
3497 5473 3518 5512 :

1922 5538 2151 5621 Corpus,
2189 5549 2328 5620 quod
2358 5548 2733 5617 corrumpitur,
2769 5558 3019 5619 aggravat
3057 5549 3311 5613 animum,
3344 5557 3394 5602 et
3424 5549 3515 5602 de-

1925 5641 2102 5711 primit
2138 5649 2344 5692 terrena
2390 5635 2701 5689 inhabitatio
2748 5653 2957 5690 sensum
2998 5637 3163 5691 multa
3201 5639 3514 5708 cogitantem
3563 5697 3575 5700 _,

1929 5730 2082 5804 (Sap.
2115 5744 2194 5792 ιι,
2226 5727 2335 5798 l5).
2382 5725 2517 5781 Cum
2541 5726 2705 5795 igitur
2723 5735 2885 5781 exuta
2914 5728 3020 5783 erit
3042 5729 3222 5782 anima
3254 5729 3358 5783 hac
3374 5743 3517 5783 mor-

1930 5821 2019 5877 tali
2058 5818 2414 5883 habitatione,
2446 5827 2502 5872 et
2547 5831 2739 5872 sereno
2775 5818 3030 5874 reddetur
3067 5828 3352 5890 perpetuo,
3387 5827 3518 5875 tunc

1928 5909 2132 5967 videbit
2164 5907 2300 5964 faeie
2337 5909 2406 5963 ad
2443 5905 2660 5972 faciem,
2696 5907 2840 5976 quod
2862 5923 3005 5962 nunc
3029 5923 3126 5979 per
3151 5907 3427 5979 speculum
3455 5907 3516 5966 in

1929 6005 2211 6074 aenigmate
2239 5999 2543 6057 considerat
2574 5997 2626 6070 (Ι
2655 5994 2777 6053 Cor.
2803 6012 2921 6063 sui,
2952 5997 3057 6069 ιε).
