4346 6682
689 427 759 482 27
1538 421 1598 473 ιι.
1641 418 1700 472 ιε’.
1743 414 1970 471 ALDlNl
2009 412 2140 468 SEU
2183 405 2458 464 ALClElNl
2495 404 2784 462 OPERUM
2818 402 3000 459 PARS
3035 401 3124 458 Ill.
3915 395 3997 449 9%

1300 536 1528 595 CAPUT
1576 535 1642 590 Vl

698 656 951 724 Quamvis
991 654 1220 708 human)
1258 667 1403 705 more
1439 644 1966 724 Scripturadeﬁbeo
2001 641 2250 713 loquatur
2272 682 2286 703 ,

914 723 1044 780 nihil
1071 734 1244 778 tamen
1273 717 1696 776 commutatiouis
1723 718 1778 770 in
1813 717 1916 769 Deo
1942 731 2075 769 esse.

768 839 952 895 Sacra:
999 833 1296 905 Scriptum
1347 831 1412 886 ad
1457 829 1885 899 cognoscendum
1923 825 2092 879 Deum
2137 822 2295 877 nobis

699 932 960 990 divinitus
984 943 1082 1001 per
1107 932 1324 981 sanctos
1345 923 1594 978 doctores
1619 918 2026 980 administratae,
2058 929 2089 968 a
2123 921 2295 966 terre-

700 1041 772 1083 no
797 1033 852 1079 et
880 1023 1116 1077 humano
1139 1032 1302 1074 sensu
1327 1015 1392 1070 ad
1427 1015 1667 1070 divinum
1693 1021 1748 1066 et
1769 1011 2046 1065 ccelestem
2071 1021 2168 1059 nos
2188 1003 2294 1058 eri—

701 1125 909 1190 gentes,
937 1128 1108 1184 usque
1137 1110 1202 1166 ad
1227 1127 1290 1165 ea
1318 1109 1484 1163 verba
1507 1103 1924 1166 descenderunt,
1965 1099 2165 1170 quibus
2202 1097 2297 1150 bu-

699 1224 863 1265 mana
891 1206 1064 1262 utitur
1090 1200 1420 1259 consuetudo
1454 1216 1466 1252 :
1503 1199 1577 1252 ita
1611 1197 1772 1250 etiam
1805 1202 1863 1248 ut
1905 1191 2296 1248 commotiones

702 1300 954 1357 humana:
995 1294 1212 1360 mentis,
1253 1301 1307 1348 et
1351 1292 1661 1362 passiones,
1710 1286 1791 1342 vel
1834 1282 2146 1339 affectiones
2185 1280 2298 1334 Deo

703 1391 1038 1448 ascriberent
1079 1385 1214 1458 (AL,
1263 1385 1331 1438 de
1371 1383 1482 1437 Deo
1524 1376 1870 1450 scriberent],
1913 1375 2056 1431 sicut
2097 1371 2295 1436 zelare,

705 1483 886 1547 irasci,
912 1479 1260 1553 pmnituisse;
1293 1475 1494 1545 aliquid
1518 1489 1587 1530 ex
1617 1481 1860 1542 tempore
1884 1467 2020 1525 velle
2045 1465 2129 1521 vel
2153 1463 2298 1519 nolle

705 1578 876 1635 Deum
903 1569 1215 1648 [dicerent],
1245 1585 1366 1641 quae
1389 1575 1516 1623 sunt
1537 1567 1789 1622 humanm
1815 1561 2010 1618 mentis
2034 1555 2300 1614 instabili-

703 1677 869 1732 tates,
898 1680 1006 1720 non
1035 1663 1229 1719 divina:
1249 1658 1555 1716 serenitatis
1575 1654 1997 1718 immutationes,
2019 1665 2141 1721 quae
2165 1663 2302 1704 sem.

703 1773 806 1829 per
833 1755 975 1813 idem
1001 1761 1103 1809 est.
1149 1751 1303 1819 Quod
1329 1765 1458 1821 ergo
1482 1748 1650 1802 Deum
1679 1743 1812 1818 [Al.,
1844 1740 2008 1813 Deus]
2038 1739 2196 1794 irasci
2228 1736 2303 1792 di-

704 1851 867 1916 citur,
895 1863 1001 1904 non
1023 1853 1107 1902 est
1127 1843 1456 1914 perturbatae
1479 1838 1676 1894 mentis
1701 1835 1890 1900 motio,
1921 1834 2049 1903 quia
2084 1829 2183 1885 Dei
2217 1829 2299 1882 ira

706 1956 815 1997 non
841 1947 924 1995 est
942 1935 1212 2010 passibilis
1233 1935 1374 1990 sicut
1394 1930 1646 1987 hominis.
1673 1929 1932 1984 Irascitur
1953 1927 2136 1994 itaque
2157 1923 2300 1977 Deus

707 2031 826 2087 sine
849 2029 1029 2099 aliqua
1051 2043 1163 2084 suae
1186 2024 1448 2096 simplicis
1475 2029 1684 2077 natura;
1705 2019 2060 2090 passibilitate
2081 2014 2165 2071 vel
2186 2029 2303 2085 per-

706 2124 1038 2185 turbatione,
1080 2118 1365 2175 autetiam
1404 2114 1800 2172 immutatione.
1857 2112 1932 2166 De
1967 2125 2035 2166 eo
2068 2122 2302 2178 namque

707 2217 946 2273 dicitur:
976 2215 1053 2268 Tu
1080 2221 1255 2269 autent
1284 2210 1504 2265 Domine
1532 2209 1804 2272 virtutum,
1845 2221 1963 2260 cum
1995 2199 2300 2274 tronquilli-
2338 2209 2344 2213 '

707 2316 814 2362 tate
830 2304 1047 2377 judiras
1075 2301 1226 2372 (Sap.
1264 2317 1362 2363 xu,
1406 2298 1492 2371 l8)
1521 2298 1702 2368 :quod
1741 2306 1921 2351 autem
1955 2291 2305 2363 tranquillum

707 2407 812 2460 est,
840 2413 946 2452 non
970 2403 1053 2451 est
1076 2393 1472 2466 perturbatum.
1517 2389 1608 2445 Sic
1641 2388 1806 2443 etiam
1839 2396 1898 2440 et
1926 2385 2149 2440 humani
2183 2397 2307 2438 cor-

707 2491 860 2564 poris
888 2490 1131 2544 mernbra
1154 2487 1267 2540 Deo
1298 2484 1579 2540 ascribunt
1613 2478 1747 2549 ML.
1783 2473 2189 2546 ascribuntur];
2235 2473 2310 2528 si-

711 2591 804 2639 cut
830 2601 844 2614 ·
877 2580 1070 2635 Manus
1099 2591 1206 2632 tuw
1235 2575 1471 2645 fecerunt
1500 2589 1582 2627 me
1625 2567 1798 2644 (Psal.
1841 2583 2031 2632 cxvtu,
2070 2564 2163 2638 78)
2198 2582 2212 2618 :
2243 2564 2311 2619 Et

712 2677 948 2732 iterum:
978 2669 1272 2725 Ambulabo
1299 2668 1437 2722 inter
1478 2682 1602 2730 eos;
1639 2673 1696 2720 et
1736 2665 1933 2719 iterum
1963 2679 1977 2716 :
2009 2657 2164 2714 Oculi
2203 2655 2313 2712 Do-

714 2767 842 2822 mini
867 2781 1024 2836 super
1032 2764 1232 2834 justas,
1257 2770 1305 2816 et
1327 2775 1482 2814 aures
1509 2757 1624 2828 ejus
1645 2757 1702 2810 in
1721 2771 1898 2828 preces
1919 2768 2100 2808 canam
2130 2747 2307 2823 (Psal.

717 2875 913 2925 nam,
945 2856 1030 2928 16)
1059 2873 1074 2910 :
1103 2855 1230 2910 dum
1254 2851 1565 2908 omnimodo
1593 2849 1730 2905 nihil
1760 2848 1885 2912 tale,
1915 2846 2000 2901 vel
2031 2842 2314 2915 corporale

716 2954 784 3008 de
806 2951 918 3005 Deo
939 2963 1092 3004 mens
1114 2948 1346 3001 humana
1369 2953 1562 3015 putare
1587 2940 1765 3032 debet.
1786 2939 1927 3032 VTam
1950 2933 2316 3032 [Al.,tamen1

717 3041 1016 3097 clementer
1063 3039 1205 3093 Deus
1253 3037 1503 3092 humanae
1549 3031 1823 3088 consuluit
1871 3029 2209 3095 inﬁrmitati,
2254 3029 2316 3082 ut

717 3134 844 3204 quia
865 3148 1009 3197 eum,
1035 3131 1175 3186 sicut
1201 3136 1305 3193 est,
1336 3142 1445 3182 non
1466 3124 1736 3197 possimus
1759 3134 2053 3193 agnoscere
2072 3159 2089 3186 ,
2116 3125 2316 3174 nostra:

2308 527 2356 583 Α
2387 536 2496 585 rus,
2526 528 2582 576 et
2610 521 2804 582 bonus,
2838 527 3093 579 aeternus,
3126 513 3606 578 incommutabilis,
3639 513 3841 582 ubique
3865 522 3987 567 tota

2392 620 2479 666 est
2519 610 2811 665 secundum
2851 607 3271 663 immensitatem
3323 614 3486 673 atque
3531 602 3990 673 omnipotentiaur

2393 701 2719 766 naturalem,
2747 698 2994 769 quamvis
3016 713 3124 752 non
3149 696 3412 751 inhabitet
3437 695 3491 750 in
3519 694 3772 750 omnibus
3791 708 3982 749 secun-

2397 794 2526 850 dum
2551 793 2738 864 gratia:
2757 791 3084 862 largitatem.
3842 787 3848 794 ’

2987 901 3217 959 CAPUT
3262 900 3371 957 Vill

2401 1021 2556 1090 Quod
2601 1019 2745 1076 Deus
2788 1019 2944 1075 aliter
2979 1019 3036 1072 in
3072 1016 3269 1098 sanctis
3311 1016 3399 1080 sit,
3437 1012 3592 1068 aliter
3629 1012 3996 1082 peccatoribus

3088 1097 3286 1156 prmstt.

2466 1210 2610 1266 Deus
2655 1221 2787 1279 ergo
2831 1204 2992 1260 bonis
3038 1210 3233 1257 natura
3279 1201 3625 1272 prepinquat,
3670 1207 3728 1255 et
3769 1197 3992 1267 gratia:

2397 1309 2616 1366 natura,
2644 1315 2749 1369 qua
2774 1313 2870 1352 eos
2898 1294 3027 1351 facit
3065 1294 3346 1359 homines;
3389 1293 3586 1364 gratia,
3626 1306 3733 1361 qua
3769 1289 3998 1346 eosdem

2398 1400 2712 1462 peceatores
2733 1389 3016 1460 justiﬁcat.
3050 1385 3297 1458 [Natura,
3328 1400 3434 1452 qua
3463 1397 3560 1438 eos
3588 1397 3654 1437 ex
3682 1381 4003 1437 hominibus

2400 1484 2550 1540 nasci
2575 1501 2588 1548 ;
2619 1482 2816 1554 gratia,
2846 1495 2952 1551 qua
2983 1480 3073 1535 dat
3101 1477 3182 1532 cis
3204 1485 3526 1549 potestatem
3554 1474 3691 1531 lilios
3715 1473 3808 1530 Dei
3829 1471 3998 1544 ﬁeri].

2401 1577 2626 1641 Natura,
2653 1589 2758 1645 qua
2786 1571 2916 1628 facit
2936 1578 2997 1625 ut
3015 1571 3231 1635 vivant;
3271 1567 3466 1638 gratia,
3506 1581 3613 1636 qua
3646 1565 3778 1621 facit
3811 1575 3868 1620 ut
3906 1579 4002 1622 so-

2400 1666 2520 1722 brie
2551 1665 2714 1738 [juste
2746 1670 2803 1719 et
2836 1661 2947 1734 pic]
2989 1661 3205 1715 vivant.
3236 1659 3463 1725 Natura,
3500 1672 3604 1728 qua
3641 1670 3735 1711 eos
3772 1655 3902 1711 facit
3941 1654 4000 1710 in

2402 1759 2507 1814 hec
2533 1756 2737 1810 mundo
2763 1769 2932 1827 parvo
2970 1759 3213 1822 tempore
3247 1765 3496 1815 manere;
3528 1750 3721 1820 gratia,
3759 1763 3866 1819 qua
3901 1763 4004 1804 eos

2405 1854 2534 1909 facit
2557 1853 2610 1908 in
2634 1852 2772 1910 caelo
2801 1851 2919 1906 sine
2943 1848 3048 1904 line
3072 1863 3320 1919 regnare.
3361 1845 3418 1900 ln
3449 1844 3605 1900 malis
3631 1860 3761 1900 vero
3779 1843 3892 1899 sola
3917 1852 4007 1898 εει

2405 1947 2501 2004 Dei
2544 1943 2882 2001 immensitas
2918 1951 3080 2011 atque
3121 1937 3510 2010 omnipotentia
3557 1935 3838 1999 naturalis,
3890 1950 4005 2005 qua

2403 2052 2498 2093 cos
2532 2034 2663 2091 facit
2688 2048 2832 2098 esse,
2862 2032 3066 2095 vivere,
3094 2038 3256 2098 atque
3277 2027 3502 2092 sentire,
3535 2025 3828 2082 rationales
3852 2042 4003 2093 esse,

2404 2128 2634 2185 liberum
2667 2141 2884 2198 quoque
2906 2125 3112 2180 habere
3139 2121 3432 2178 voluntatis
3458 2119 3774 2185 arbitrium;
3812 2120 3908 2179 sed
3936 2119 4008 2176 li-

2404 2221 2617 2286 berum,
2649 2235 2757 2275 non
2779 2219 3086 2274 liberatum.
3128 2214 3382 2270 Liberum
3405 2213 3547 2267 enim
3571 2212 3858 2269 arbitrium
3881 2227 4005 2268 ma-

2406 2325 2519 2381 net,
2546 2316 2710 2370 ctiam
2740 2326 2884 2366 nunc
2905 2310 2957 2365 in
2984 2307 3296 2364 hominibus
3325 2303 3457 2377 [Al.,
3483 2303 3756 2377 omnibus]
3783 2320 3883 2374 per
3907 2320 4010 2360 na-

2406 2417 2616 2472 turam,
2648 2405 2794 2476 quod
2818 2405 2873 2458 in
2898 2403 3095 2472 quibus
3115 2399 3355 2454 voluerit
3382 2398 3524 2453 Deus
3544 2438 3557 2461 ,
3591 2398 3843 2468 dignatur
3872 2396 4010 2451 libe-

2408 2517 2533 2558 rare
2556 2515 2653 2572 per
2673 2499 2925 2570 gratiam,
2950 2509 3017 2550 ne
3045 2493 3243 2548 malam
3273 2492 3509 2547 habeant
3537 2489 3888 2545 voluntatem.
3915 2489 3997 2543 Ex

2409 2611 2519 2666 quo
2557 2592 2702 2648 enim
2746 2590 2954 2660 primus
2981 2587 3147 2642 homo
3183 2583 3356 2638 libero
3393 2581 3620 2636 arbitrio
3665 2579 4013 2637 venundatus

2409 2695 2495 2745 est
2527 2687 2629 2743 sub
2654 2691 2899 2756 peccato,
2937 2681 3059 2737 ideo
3083 2678 3224 2734 mala
3251 2677 3414 2747 cmpit
3441 2690 3560 2731 esse
3586 2675 3809 2730 libertas
3834 2673 4015 2729 homi-

2409 2781 2518 2844 nis,
2547 2779 2674 2850 quia
2701 2775 2804 2846 ipsi
2826 2774 2999 2829 lihcro
3022 2771 3250 2826 arbitrio
3275 2769 3451 2824 ablata
3478 2775 3564 2822 est
3588 2766 3804 2820 bonitas
3823 2763 4013 2820 volun.

2412 2871 2562 2936 tatis,
2590 2883 2755 2939 quam
2781 2865 2975 2920 exinde
3001 2876 3162 2917 nemo
3192 2875 3224 2915 a
3254 2859 3431 2929 seipso
3452 2857 3656 2913 habere
3682 2856 3879 2926 potuit,
3906 2854 4013 2910 nisi

2414 2960 2586 3034 gratia
2631 2957 2827 3013 divina:
2861 2950 3247 3008 misericordia:
3284 2949 3498 3020 adjutus
3535 2946 3846 3012 habuisset;
3893 2946 4014 3001 sine

2414 3052 2570 3122 cujus
2596 3047 2864 3118 adiutorio
2883 3045 3110 3102 liberum
3133 3041 3417 3098 arbitrium
3449 3055 3551 3095 nec
3571 3039 3812 3094 converti
3836 3047 4018 3110 potest

2417 3145 2487 3200 ad
2523 3143 2724 3208 Deum,
2750 3155 2853 3197 nec
2881 3138 3147 3210 prolicere
3182 3135 3237 3191 in
3275 3134 3406 3189 Deo.
3452 3131 3754 3202 Utrumque
3790 3131 4020 3188 credere

717 3221 1010 3280 Immonis
1043 3236 1194 3275 more
1225 3218 1465 3288 “ipsum
1500 3214 1658 3270 "abis
1682 3211 1947 3306 “PSWW”
1972 3209 2156 3306 mile“
2181 3221 2316 3280 qua-
2339 3242 2388 3306 ο
2419 3237 2680 3293 debemus
2699 3274 2714 3299 ,
2755 3241 2812 3288 et
2837 3209 3071 3304 gratiam
3097 3228 3190 3284 Dei
3209 3267 3226 3294 ,
3255 3235 3310 3282 et
3343 3225 3573 3282 liberum
3603 3223 3888 3280 arbitrium
3917 3224 4020 3279 bo—

721 3324 884 3371 teuus
911 3312 979 3368 ad
1003 3328 1098 3367 sua
1130 3326 1229 3383 per
1264 3316 1452 3364 nostra
1489 3321 1593 3362 nos
1622 3304 1887 3368 traheret,
1925 3310 1982 3357 et
2020 3301 2148 3356 dum
2185 3312 2320 3354 con-

722 3406 995 3463 descendit
1036 3421 1133 3476 per
1170 3405 1427 3475 pietatem
1467 3408 1667 3457 nostra:
1703 3396 2023 3457 inﬁrmitati,
2067 3393 2320 3449 ascenda-

723 3511 848 3550 mus
880 3509 978 3549 nos
1005 3509 1100 3564 per
1127 3490 1492 3560 intelligentiae
1521 3487 1816 3559 puritatem
1847 3487 1916 3540 ad
1945 3483 2094 3540 illum
2132 3497 2323 3539 secun-

724 3589 857 3645 dum
879 3602 990 3644 sure
1011 3587 1210 3641 donum
1234 3583 1445 3653 gratiae.

1224 3694 1385 3766 717
1432 3690 1662 3747 CAPUT
1719 3688 1830 3746 vu.

836 3810 994 3878 Quod
1017 3808 1158 3864 Deus
1191 3808 1382 3878 ubique
1404 3807 1469 3860 sit
1498 3814 1659 3878 totus,
1681 3809 1934 3875 potestate
1960 3797 2214 3856 naturali.

798 3923 915 3980 Hoc
939 3921 1170 3979 maxime
1200 3918 1498 3990 intelligere
1527 3918 1785 3972 debemus
1811 3922 2012 3970 sancta:
2041 3908 2324 3968 Trinitatis

727 4032 890 4074 unam
921 4013 1277 4084 eamdemque
1301 4019 1550 4066 naturam
1573 4009 1647 4063 ita
1671 4015 1840 4062 totum
1865 4004 2109 4076 implere,
2131 4009 2321 4056 utnon

725 4109 801 4165 sit
833 4105 1036 4178 aliquid
1072 4104 1164 4160 ubi
1204 4118 1311 4158 non
1356 4100 1448 4156 sit.
1499 4097 1655 4154 Sicut
1689 4097 2001 4152 acutissime
2032 4090 2323 4164 quemdam

683 4256 687 4260 .
729 4199 1123 4263 Christianum,
1159 4193 1479 4267 philosopho
1523 4192 1891 4260 interrogante
1931 4187 2023 4241 ubi
2059 4193 2143 4240 est
2184 4181 2324 4256 [Αι.,

728 4288 896 4361 esset]
926 4287 1093 4352 Deus,
1117 4283 1463 4356 respondisse
1491 4281 1662 4337 fertur
1691 4298 1704 4334 :
1733 4281 1827 4336 Dic
1856 4288 1911 4333 tu
1943 4277 2116 4350 prius,
2143 4291 2178 4330 ο
2201 4273 2323 4347 plli-

729 4381 978 4451 losopbe,
1023 4378 1117 4434 ubi
1159 4393 1265 4432 non
1297 4376 1387 4432 sit.
1440 4374 1576 4429 Tota
1616 4374 1796 4444 itaque
1833 4370 2090 4426 divinitas
2125 4367 2326 4436 ubique

730 4479 845 4525 tota
870 4476 974 4534 est,
1005 4477 1060 4523 ct
1085 4466 1232 4522 nullo
1255 4465 1563 4521 continetur
1585 4463 1720 4526 loco,
1749 4461 1873 4531 quia
1900 4475 2007 4515 non
2033 4467 2116 4514 est
2137 4455 2326 4513 localis

731 4561 917 4630 Deus;
963 4571 1079 4616 tota
1125 4559 1334 4616 scilicet
1377 4557 1432 4614 in
1475 4556 1809 4628 spiritalibus
1850 4562 1906 4608 et
1955 4549 2328 4621 corporalibus

733 4653 976 4722 singulis,
1007 4661 1061 4707 et
1083 4659 1193 4706 tota
1217 4649 1378 4706 simul
1405 4649 1459 4704 in
1479 4648 1730 4702 omnibus
1754 4644 2036 4700 creaturis.
2087 4641 2199 4696 Nec
2230 4641 2325 4695 ad-
2354 4631 2401 4688 υ

735 4747 843 4802 huc
871 4745 936 4799 de
958 4744 1131 4814 gratia
1155 4741 1446 4812 loquimur,
1472 4754 1577 4810 qua
1613 4752 1672 4792 se
1701 4735 1938 4807 gratuito
1969 4744 2191 4787 munere
2224 4730 2328 4785 mi-

735 4841 1046 4898 sericordia:
1071 4856 1181 4896 suae
1209 4835 1480 4893 salvaudis
1508 4835 1817 4891 hominibus
1851 4833 2092 4902 przebet;
2131 4830 2228 4886 sed
2261 4829 2329 4885 de

736 4945 948 4997 natura,
977 4950 1083 5006 qua
1110 4934 1252 4988 Deus
1276 4930 1457 4986 ornnia
1485 4945 1607 4998 quae
1634 4926 1780 4987 fecit,
1806 4934 1862 4980 et
1882 4924 2088 4994 implet,
2115 4932 2172 4978 et
2206 4938 2333 4977 con-

737 5028 894 5092 tinet,
940 5025 1233 5082 secundum
1269 5039 1430 5092 quam
1479 5021 1651 5076 dicit:
1682 5018 1880 5075 Cretum
1925 5027 1972 5072 et
2011 5027 2207 5070 terram
2237 5031 2330 5086 ego

738 5117 930 5189 impleo
959 5115 1095 5186 (Jer.
1127 5131 1287 5181 χχιιι,
1317 5112 1430 5185 2i).
1478 5112 1544 5168 Et
1577 5111 1872 5167 secundum
1899 5124 2060 5178 quam
2091 5106 2193 5176 ipsi
2224 5106 2333 5161 Dco

742 5208 937 5264 beatus
969 5207 1136 5261 David
1163 5206 1294 5260 dicit
1318 5224 1330 5259 :
1360 5206 1476 5270 Quo
1505 5203 1586 5256 ilio
1617 5219 1649 5256 a
1686 5200 1885 5270 Spiritu
1913 5209 2002 5252 tuo
2027 5214 2046 5251 :
2068 5208 2115 5250 et
2141 5215 2173 5250 α
2200 5195 2335 5264 facie

741 5312 834 5358 tua
859 5319 959 5372 quc
986 5302 1186 5373 fugiam
1210 5300 1382 5370 (l’sal.
1407 5297 1777 5367 CXXX\'III,7)?
1803 5295 1869 5351 Et
1886 5296 1951 5351 de
1977 5294 2214 5358 Christo,
2241 5292 2335 5362 qui

744 5404 830 5451 est
852 5395 1118 5465 sapientia
1166 5394 1281 5456 Dei,
1324 5393 1523 5449 dicitur
1553 5410 1566 5446 :
1597 5389 1813 5458 Attiugit
1853 5406 1886 5442 a
1925 5386 2036 5456 ﬁne
2071 5402 2230 5459 usque
2266 5385 2336 5439 ad

747 5487 906 5557 ﬁnem
939 5487 1165 5556 fortiter,
1188 5495 1234 5540 et
1260 5486 1486 5556 dispertit
1512 5484 1689 5537 omnia
1710 5481 1934 5534 suaviter
1953 5479 2242 5550 (Sap.vtu,
2262 5476 2334 5551 l).

748 5579 824 5632 De
847 5577 1053 5647 Spiritu
1083 5593 1296 5646 quoque
1325 5583 1512 5631 sancto
1543 5575 1823 5644 Scriptura
1851 5582 2039 5627 sancta
2065 5571 2142 5626 sic
2164 5571 2339 5641 loqui-

750 5668 1041 5736 tur:Quia
1083 5668 1315 5737 Spiritus
1367 5666 1575 5721 Domini
1616 5663 1819 5736 replevit
1859 5663 2034 5718 orbem
2078 5673 2338 5717 terrarum

755 5757 904 5830 (Sep.
936 5774 978 5822 ι,
1005 5758 1081 5830 7).
1131 5758 1369 5814 Trinitas
1400 5757 1602 5826 itaque,
1631 5773 1748 5827 qua:
1776 5764 1859 5810 est
1888 5754 2028 5810 Deus
2056 5769 2216 5820 unus,
2246 5767 2338 5807 ve-

830 5884 857 5912 α
894 5870 1095 5932 ΑΞιιεεε
1124 5872 1294 5930 Paris.
1326 5889 1442 5946 cap.
1472 5873 1558 5929 8'2.

2421 3325 2604 3383 minis.
2631 3321 2690 3379 Si
2718 3339 2848 3394 ergo
2880 3337 2987 3377 non
3018 3329 3102 3376 est
3125 3317 3222 3374 Dei
3257 3316 3448 3389 gratia,
3475 3315 3745 3385 quomodo
3774 3313 4020 3369 salvatur

2422 3418 2692 3476 mundus?
2726 3416 2794 3472 Et
2822 3416 2868 3472 si
2899 3430 3006 3470 non
3030 3422 3113 3470 est
3140 3413 3372 3468 liberum
3402 3409 3683 3466 arbitrium
3701 3449 3717 3476 ,
3746 3407 4019 3479 quomodo

2414 3511 2750 3584 iudicabitur
2770 3507 3042 3564 mundus?

3035 3619 3266 3676 CAPUT
3308 3618 3402 3675 1x.

2768 3714 2842 3771 De
2869 3713 3164 3770 diversitate
3187 3729 3368 3768 eorum
3395 3727 3513 3784 qua:
3535 3720 3678 3768 sunt.

2496 3833 2670 3891 Omne
2699 3828 2844 3900 quod
2872 3835 2956 3884 est
2974 3869 2989 3894 ,
3019 3835 3112 3882 aut
3143 3841 3353 3897 semper
3382 3825 3515 3891 fuit,
3544 3836 3599 3880 et
3628 3841 3735 3880 non
3766 3839 3887 3880 esse
3912 3836 4022 3880 cce—

2423 3926 2536 3998 pit;
2563 3930 2659 3980 aut
2679 3937 2787 3976 non
2813 3934 3028 3990 semper
3051 3917 3186 3984 fuit,
3212 3926 3270 3973 et
3291 3933 3414 3973 esse
3442 3918 3628 3988 erepit.
3659 3918 3813 3984 Quod
3839 3919 4022 3988 itaque

2423 4033 2530 4074 non
2560 4015 2726 4085 erepit
2753 4028 2895 4079 esse,
2922 4011 3017 4066 sed
3045 4026 3262 4082 seraper
3287 4010 3420 4078 fuit,
3447 4012 3594 4068 solus
3621 4012 3762 4068 Deus
3791 4021 3896 4077 est,
3919 4011 4023 4066 Pa-

2426 4119 2529 4173 ter,
2567 4117 2621 4162 et
2651 4106 2858 4172 Filius,
2899 4112 2954 4160 et
2991 4101 3226 4174 Spiritus
3273 4113 3525 4170 sanctus;
3566 4106 3709 4175 quod
3748 4121 3877 4161 vero
3906 4121 4025 4160 esse

2425 4199 2610 4269 ccepit,
2637 4198 2816 4253 omnis
2837 4203 2921 4250 est
2944 4203 3219 4251 creatura.
3243 4193 3368 4250 Ideo
3390 4196 3445 4251 in
3469 4211 3652 4252 rerum
3676 4197 3886 4252 naturis
3911 4197 4024 4252 bzec

2427 4291 2532 4346 duo
2569 4297 2778 4345 tantum
2817 4295 2980 4355 sunt,
3021 4287 3078 4343 id
3123 4297 3206 4344 est
3248 4297 3483 4354 creator,
3510 4296 3565 4342 et
3601 4297 3874 4344 creatura.
3921 4291 4026 4346 Sed

2427 4381 2572 4453 quod
2596 4396 2810 4452 semper
2838 4379 2942 4435 fuit
2977 4388 3034 4435 et
3067 4394 3283 4450 semper
3308 4387 3422 4445 est,
3465 4387 3560 4434 aut
3597 4380 3897 4452 ingenitum
3925 4390 4024 4444 est.

2428 4487 2520 4532 aut
2549 4476 2820 4547 genitum;
2855 4481 2949 4531 aut
2990 4488 3090 4529 nec
3138 4473 3460 4544 ingenitum,
3506 4489 3608 4529 nec
3651 4475 3913 4545 genitum.
3962 4475 4027 4529 Et

2431 4579 2558 4628 sunt
2585 4572 2700 4627 haec
2734 4570 2839 4624 tria
2862 4567 3198 4623 mternaliter
3221 4567 3345 4622 tria.
3368 4579 3394 4608 α
3423 4566 3578 4634 Quod
3603 4566 3902 4638 ingenitum
3925 4577 4024 4635 est,

2429 4662 2591 4717 Pater
2616 4671 2700 4716 est
2728 4660 2906 4724 solus,
2937 4659 3063 4729 quia
3101 4674 3132 4712 a
3180 4657 3329 4712 nullo
3375 4672 3497 4713 esse
3543 4657 3710 4713 habet
3743 4658 3886 4727 quod
3925 4668 4024 4712 est.

2428 4754 2534 4808 nisi
2560 4769 2592 4807 a
2621 4753 2828 4822 seipso;
2867 4749 3009 4820 quod
3033 4749 3273 4820 genitura
3295 4756 3399 4812 est,
3429 4747 3599 4804 Filius
3625 4756 3730 4812 est,
3758 4749 3845 4803 cui
3869 4765 3898 4802 a
3931 4748 4028 4802 Pa-

2430 4853 2515 4900 tre
2541 4850 2769 4899 estesse
2796 4837 2939 4912 quod
2968 4847 3083 4904 est;
3111 4839 3256 4909 quod
3301 4854 3430 4894 vero
3468 4855 3573 4895 nec
3616 4838 3917 4908 ingenitum
3949 4850 4030 4894 est

2433 4953 2534 4994 nec
2562 4935 2826 5008 genitum,
2861 4931 3094 5003 Spiritus
3119 4941 3341 4987 sanctus
3366 4939 3472 4998 est,
3499 4932 3583 4987 cui
3615 4940 3700 4986 est
3725 4947 3848 4988 esse
3877 4947 3906 4985 a
3936 4931 4030 4985 Pa-

2436 5038 2522 5084 tre
2549 5034 2606 5082 et
2634 5026 2772 5081 Filio
2799 5024 3117 5096 procedere.
3145 5023 3214 5078 Et
3235 5025 3349 5079 haec
3379 5023 3482 5077 tria
3507 5023 3748 5078 Trinitas
3775 5033 3856 5079 est
3886 5041 4027 5089 vera,

2440 5115 2917 5174 consubstantialis
2937 5122 2996 5170 et
3017 5123 3304 5169 comterna.
3329 5114 3465 5182 Quia
3495 5113 3661 5184 igitur
3677 5114 3820 5169 aliud
3843 5123 3926 5170 est
3945 5132 4030 5186 ge-

2441 5211 2646 5276 nuisse,
2667 5203 2830 5279 qua'm
2857 5215 3043 5262 natum
3073 5221 3226 5270 esse;
3258 5205 3402 5259 aliud
3425 5213 3509 5260 est
3535 5207 3853 5275 procedere,
3873 5222 4028 5276 quam

2443 5302 2611 5374 718
2658 5301 2938 5371 genuisse,
2973 5297 3060 5354 vel
3101 5296 3284 5352 natum
3335 5309 3456 5352 esse
3504 5315 3518 5351 :
3571 5297 3917 5355 manifestum
3952 5306 4030 5353 est

2444 5393 2700 5465 quoniam
2731 5389 2865 5464 [Al.,
2891 5387 3186 5461 quomodo]
3209 5387 3348 5445 alius
3368 5397 3452 5446 est
3477 5389 3659 5455 Pater,
3684 5390 3821 5445 alius
3845 5389 4026 5456 Filius,

2445 5487 2583 5542 alius
2622 5484 2860 5556 Spiritus
2899 5491 3136 5540 sanctus.
3181 5483 3419 5539 Trinitas
3455 5484 3638 5555 itaque
3673 5485 3741 5539 ad
3777 5500 4031 5555 personas

2442 5581 2652 5644 Patris,
2678 5587 2737 5635 et
2765 5577 2923 5642 Filii,
2949 5587 3005 5632 et
3046 5575 3280 5646 Spiritus
3319 5578 3490 5633 sancti
3529 5576 3764 5633 refertur
3794 5594 3807 5630 :
3850 5576 4030 5633 Unitas

2444 5673 2513 5727 ad
2542 5679 2791 5727 naturam
2817 5678 3032 5724 aeterna:
3073 5667 3300 5723 Deitatis
3323 5670 3576 5738 pertinet.
3615 5669 3786 5725 Porro
3807 5668 4028 5740 plurima

2446 5764 2498 5818 in
2523 5763 2603 5818 eis
2628 5776 2748 5833 quae
2787 5757 2927 5814 facta
2959 5767 3104 5821 sunt,
3136 5766 3191 5813 et
3219 5773 3286 5814 ex
3316 5768 3558 5829 tempore
3585 5766 3868 5831 cmperun't
3902 5757 4026 5834 [Al.,
