4346 6678
495 639 567 696 29
1152 633 1576 692 ῺΟΕἎΙᾹΤΙΕΑ.
1615 667 1687 678 --
1724 635 1814 691 DE
1851 634 2008 691 FIDE
2047 633 2107 691 S.
2151 615 2547 691 TRINITATIS
2584 631 2766 688 LIBRI
2804 631 2890 688 III.
2930 631 3059 688 LIB.
3097 633 3163 690 II.
3727 635 3800 693 50

492 753 639 825 quod
675 767 743 806 ex
785 756 1029 820 tempore
1075 747 1289 818 carpit],
1333 748 1591 802 distantia
1630 748 1902 802 imeuitztr
1943 762 2092 811 esse;
2124 751 2170 806 Α
2199 743 2328 814 quia
2371 742 2546 798 forma
2595 741 2692 825 Dei
2741 743 2950 812 accepit
2997 739 3227 796 formam
3279 743 3457 810 servi,
3507 751 3800 816 utrumque

493 862 622 904 nam
651 843 900 914 quaedam
923 856 991 896 ex
1020 841 1102 896 eis
1131 849 1253 895 sunt
1278 840 1573 911 spiritalia,
1609 842 1856 911 quaedam
1901 855 2096 908 corpo-

493 937 658 1004 ralia;
705 937 952 1006 qumtlam
1000 933 1327 998 invisibilia,
1375 933 1624 1003 qumdam
1670 948 1798 986 vero
1842 930 2093 985 visibilia.

492 1027 762 1097 Quiddam
794 1027 978 1097 itaque
1003 1025 1060 1080 in
1085 1025 1166 1080 eis
1193 1024 1394 1080 factum
1424 1024 1642 1087 dicitur,
1670 1031 1728 1078 et
1752 1040 1857 1077 non
1887 1032 2095 1088 natum,

493 1129 554 1175 ut
582 1120 781 1175 malum
799 1159 815 1184 ,
844 1127 901 1173 et
935 1129 1115 1182 terra,
1142 1125 1198 1171 et
1223 1117 1387 1170 amita
1418 1115 1472 1171 in
1499 1114 1763 1169 creaturis
1797 1133 1807 1167 :
1841 1113 2097 1184 quiddam

490 1230 625 1272 vero
654 1212 860 1269 factum
889 1213 1108 1276 dicitur,
1137 1220 1190 1265 et
1220 1219 1404 1266 natam
1425 1251 1444 1275 ,
1471 1211 1565 1266 scd
1602 1207 2012 1273 insensibiliter,
2041 1217 2101 1263 ut

492 1309 722 1364 arbores
750 1316 803 1362 et
831 1306 1016 1363 herba:
1041 1306 1108 1360 de
1136 1313 1310 1370 terra;
1345 1304 1601 1375 quiddam
1629 1313 1712 1358 est
1735 1303 1937 1359 factum
1956 1342 1970 1363 ,
1998 1318 2097 1356 na-

493 1408 718 1472 tumque
745 1397 1100 1462 sensibiliter,
1127 1405 1188 1452 ut
1217 1397 1464 1452 homines
1488 1405 1542 1450 et
1572 1394 1845 1450 animalia.
1881 1393 2097 1466 Aliquid

489 1474 659 1548 etiam
691 1490 895 1546 faon
931 1498 1044 1555 est,
1085 1497 1141 1544 et
1179 1498 1394 1550 natum,
1434 1495 1490 1544 et
1527 1497 1811 1551 renatum,
1843 1487 2098 1541 ut'homo

490 1580 672 1639 factus
696 1597 728 1637 a
751 1582 883 1646 Deo,
910 1589 1072 1636 natus
1097 1598 1126 1636 a
1153 1580 1494 1651 parentibus,
1528 1587 1747 1634 renatus
1774 1579 1948 1650 gratia
1976 1577 2096 1645 Dei,

490 1677 797 1736 ministerio
832 1675 968 1750 ML,
999 1677 1054 1732 in
1077 1672 1362 1746 mysterio]
1389 1673 1762 1746 baptismatis;
1796 1689 1916 1743 qua:
1945 1687 2097 1742 rege-

489 1771 702 1825 neratio
741 1769 799 1825 in
831 1769 949 1824 solo
986 1769 1206 1823 homine
1236 1767 1528 1832 invenitur,
1562 1766 1656 1821 sed
1688 1782 1794 1820 non
1835 1765 1888 1819 in
1924 1764 2092 1818 omni.

490 1861 759 1930 Quiddam
783 1876 914 1916 vero
945 1860 997 1914 in
1027 1859 1112 1915 his
1139 1875 1260 1930 qua:
1286 1856 1428 1913 facta
1461 1865 1604 1921 sunt,
1639 1856 1908 1912 rationale
1934 1863 2100 1911 estet

488 1951 723 2011 mortale
742 1991 760 2018 ,
789 1959 850 2006 ut
875 1951 1018 2006 idem
1041 1949 1204 2006 homo
1236 1967 1250 2004 :
1279 1950 1376 2005 sed
1404 1950 1507 2005 hoc
1543 1949 1597 2003 in
1624 1947 1738 2003 solo
1765 1949 2016 2012 homine,
2040 1956 2100 2004 et

487 2046 545 2102 in
570 2047 722 2102 omni
760 2045 1061 2116 reperitur;
1110 2043 1368 2114 quiddam
1411 2059 1541 2100 vero
1583 2043 1845 2098 rationale
1884 2051 2092 2100 tantum

487 2149 596 2205 est,
629 2155 735 2194 non
766 2139 1018 2204 mortale,
1041 2146 1102 2194 ut
1123 2137 1344 2208 angelus
1370 2157 1382 2192 :

489 2229 731 2299 angelica
761 2237 958 2284 natura
988 2229 1279 2296 invenitur,
1310 2239 1365 2284 et
1394 2229 1446 2284 in
1475 2229 1653 2295 omni;
1687 2230 1780 2284 sed
1806 2246 1874 2286 ex
1910 2229 2012 2295 his,
2043 2230 2097 2285 id

490 2332 597 2391 est,
623 2323 852 2395 angelis,
886 2323 1107 2394 quidam
1133 2331 1261 2378 sunt
1287 2322 1618 2378 mternaliter
1645 2323 1852 2388 miseri,
1875 2324 2095 2393 quidam

488 2420 824 2478 mternaliter
847 2421 1024 2485 beati;
1058 2420 1202 2476 sicut
1225 2421 1390 2474 etiam
1414 2421 1480 2475 de
1513 2420 1844 2484 hominibus,
1873 2421 2092 2489 quidam

491 2524 618 2571 sunt
660 2514 905 2587 pmnales
937 2523 1159 2585 propter
1191 2516 1386 2569 merita
1427 2515 1675 2581 malitiae;
1705 2515 1922 2584 quidam
1965 2531 2094 2571 vero

441 2611 446 2614 ’
490 2624 616 2666 cum
668 2607 908 2679 angelis,
960 2609 1053 2678 qui
1099 2623 1256 2678 suum
1302 2617 1655 2665 servaverunt
1695 2608 2092 2679 principatum,

488 2701 637 2758 beati
665 2700 997 2780 aatcrnaliter
1023 2709 1184 2755 erunt
1217 2715 1314 2771 per
1340 2703 1568 2772 gratiam
1600 2701 1717 2756 Dei.
1758 2701 1862 2756 Sed
1902 2703 1982 2757 hze
2019 2702 2096 2756 di-

490 2793 780 2850 versitates
813 2784 1189 2848 creaturarum
1227 2805 1281 2849 et
1320 2795 1861 2862 commutabilitates,
1891 2797 1959 2850 ab
1985 2813 2093 2853 uno

488 2885 607 2942 solo
645 2895 701 2940 et
737 2885 1164 2941 incommutabili
1197 2887 1306 2940 Deo
1337 2897 1533 2942 creatae
1573 2897 1739 2953 sunt,
1777 2889 1870 2958 qui
1909 2891 2092 2945 oumia

491 2994 615 3049 qua:
640 2987 769 3033 sunt
791 2977 845 3032 in
867 2977 1007 3034 caelo
1026 2985 1081 3032 et
1103 2978 1155 3031 in
1180 2987 1346 3042 terra,
1375 2979 1578 3049 absque
1599 2981 1709 3034 ulla
1732 2981 2090 3047 dulmatione,

489 3071 635 3126 sicut
660 3069 861 3135 voluit,
901 3068 1048 3125 fecit.
1088 3069 1201 3126 Hoc
1239 3087 1456 3143 quoque
1486 3073 1764 3128 sciendum
1804 3081 1917 3138 est,
1948 3076 2092 3144 quod

491 3162 673 3217 omnis
701 3161 1023 3226 substantia,
1049 3177 1170 3232 quae
1196 3161 1337 3217 Deus
1367 3179 1472 3218 non
1499 3172 1603 3231 est,
1630 3172 1879 3220 creatura
1905 3173 2012 3232 est,
2037 3173 2094 3222 et

491 3268 616 3324 qua:
642 3263 894 3326 creatura
918 3268 1025 3306 non
1050 3261 1156 3317 est,
1187 3252 1330 3308 Deus
1357 3263 1460 3308 cst.

1124 3364 1352 3420 CAPUT
1392 3365 1458 3419 Χ.

2201 835 2378 902 Deus,
2421 843 2478 892 et
2511 844 2802 906 utrumque
2829 835 3022 902 homo;
3052 835 3146 891 sed
3178 844 3469 906 utrumque
3496 837 3639 893 Deus
3674 855 3802 912 pro-

2199 937 2323 1000 pter
2349 927 2706 999 accipientem
2736 927 2929 993 Deum,
2953 937 3245 999 utrumque
3276 937 3456 984 autem
3485 929 3648 987 homo
3674 949 3812 1002 pro-'

2199 1028 2321 1091 pter
2344 1030 2626 1091 acceptum
2657 1021 2954 1077 hominem.
2987 1020 3104 1076 Non
3132 1028 3310 1077 tamen
3334 1021 3426 1079 illa
3457 1027 3802 1097 susceptione

2200 1111 2431 1167 alterum
2456 1128 2646 1168 eorum
2687 1112 2740 1166 in
2776 1113 3004 1166 alterum
3041 1129 3360 1168 conversum
3407 1125 3568 1185 atque
3619 1124 3798 1172 mutas-

2202 1211 2313 1257 tum
2352 1212 2465 1269 cst;
2500 1219 2601 1259 nec
2627 1203 2894 1259 divinitas
2931 1205 3128 1276 quippe
3166 1205 3218 1260 in
3254 1215 3561 1262 creaturam
3593 1217 3800 1264 mutata

2198 1303 2300 1359 est,
2330 1303 2389 1348 ut
2411 1295 2697 1350 desisteret
2727 1311 2848 1350 esse
2871 1296 3156 1364 divinitas;
3184 1313 3284 1352 nec
3306 1305 3560 1353 creatura
3583 1299 3637 1354 in
3661 1298 3802 1353 divi-

2199 1387 2424 1440 nitatem
2447 1427 2461 1453 ,
2493 1395 2554 1441 ut
2591 1386 2878 1442 desisteret
2917 1405 3038 1445 esse
3079 1397 3349 1445 creatura.
3394 1389 3571 1446 Unum
3617 1399 3800 1445 tamen

2199 1479 2392 1533 horum
2435 1479 2713 1534 miraculis
2752 1480 2978 1547 claruit;
3023 1481 3168 1536 aliud
3215 1481 3501 1538 succubuit
3539 1480 3796 1551 injuriis:

2197 1572 2292 1628 sed
2322 1572 2629 1629 nullatenus
2667 1573 2806 1627 alius
2835 1573 2937 1628 fuit
2967 1575 3057 1644 qui
3091 1575 3369 1631 miraculis
3405 1574 3628 1639 claruit,
3659 1574 3801 1631 alius

2197 1664 2290 1734 qui
2331 1663 2543 1736 injuriis
2581 1661 2840 1736 fatigatus
2872 1673 2988 1732 cst;
3029 1666 3122 1723 sed
3161 1682 3301 1721 unus
3337 1675 3500 1737 athie
3544 1665 3702 1722 idem
3744 1668 3800 1722 in

2196 1754 2372 1812 forma
2423 1757 2520 1811 Dei
2567 1758 3048 1814 consubstantialis
3100 1757 3279 1823 Patri,
3324 1760 3377 1814 in
3425 1759 3601 1814 forma
3655 1757 3799 1814 servi

2197 1850 2675 1908 consubstantialis
2699 1852 2885 1915 matri.
2914 1852 3094 1908 anima
3122 1863 3177 1907 et
3202 1867 3366 1908 carne
3395 1853 3556 1908 homo
3585 1851 3795 1923 plenus.

2697 1979 2862 2058 719
2889 1982 3119 2042 CAPUT
3193 1984 3284 2041 ιιι.

1409 2092 1600 2194 ὲῦξοέ
2123 2119 2172 2181 Β
2200 2092 2388 2153 Utrum
2435 2097 2616 2153 anima
2639 2098 2834 2154 Christi
2867 2097 3076 2194 plenam
3123 2097 3313 2152 habeat
3355 2095 3644 2152 divinitatis
3685 2111 3799 2150 sua:

2811 2169 3180 2240 cognitionem.

2269 2276 2616 2336 Contldenter
2639 2279 2797 2353 plane
2834 2289 2890 2334 et
2933 2279 3302 2336 indubitanter
3322 2279 3554 2334 dicimus
3580 2279 3646 2334 de
3671 2293 3799 2333 sane

2197 2370 2302 2426 ctis
2322 2372 2549 2442 angelis,
2575 2381 2735 2442 atque
2761 2371 3073 2428 hominibus
3095 2371 3322 2436 sanctis,
3347 2386 3578 2441 quorum
3604 2385 3800 2439 quam-

2195 2463 2279 2518 vis
2325 2464 2582 2533 quislibet
2633 2479 2732 2535 per
2791 2464 3100 2534 adoptionis
3155 2463 3385 2536 gratiam
3434 2461 3790 2532 nuncupative

2196 2553 2340 2610 Deus
2369 2555 2601 2620 dicatur,
2644 2556 2788 2610 nulla
2814 2564 2995 2610 tamen
3044 2555 3255 2609 ratione
3286 2552 3430 2608 Deus
3452 2553 3790 2624 angelorum,

2196 2647 2282 2702 vel
2313 2647 2456 2704 Dens
2491 2659 2806 2705 sanctorum
2836 2646 3155 2702 naturaliter
3183 2646 3287 2702 dici
3334 2658 3516 2715 posse,
3561 2645 3704 2700 sicut
3730 2646 3794 2698 dc

2195 2743 2415 2799 Christo
2451 2742 2651 2796 dicitur
2690 2739 2807 2808 :Eti
2835 2739 3051 2794 adorent
3105 2755 3223 2791 eum
3273 2753 3448 2790 omnes
3478 2733 3650 2806 angeli
3702 2732 3795 2788 Dci

2197 2834 2370 2908 (Psal.
2413 2850 2557 2897 xcvr,
2598 2831 2687 2904 8);
2739 2842 2814 2897 et,
2877 2830 3070 2885 Omnia
3109 2827 3378 2899 subjecisti
3427 2826 3522 2882 sub
3575 2825 3794 2897 pedibus

2192 2928 2310 2998 ejus
2362 2925 2552 2999 (Hebr.
2603 2925 2758 2988 11,8;
2821 2921 2970 2977 Psal.
3002 2937 3121 2985 vut,
3166 2919 3241 2993 8).
3298 2919 3356 2974 In
3395 2935 3460 2976 eo
3499 2917 3642 2989 quod
3676 2917 3784 2980 ait,

2195 3020 2374 3076 omnia
2431 3019 2677 3090 subjecit,
2745 3018 2884 3072 nihil
2941 3017 3150 3072 dimisit
3200 3031 3307 3071 non
3359 3011 3659 3083 subjectum
3717 3013 3790 3067 ei.

2195 3111 2456 3180 Quamvis
2509 3110 2768 3180 quislibet
2802 3117 3024 3164 sanctus
3069 3107 3263 3163 divinae
3301 3107 3638 3164 habitatione
3666 3122 3791 3178 gra-

2194 3208 2286 3263 tim
2316 3205 2449 3278 [Αι.,
2480 3203 2834 3261 habitationis
2864 3202 3062 3276 gratia]
3081 3200 3398 3274 'prrecipuus
3424 3210 3590 3267 esset,
3617 3199 3797 3256 nullus

2198 3310 2378 3354 tamen
2428 3313 2617 3353 eorum
2673 3297 2726 3351 in
2777 3311 2942 3350 unam
2995 3309 3120 3350 cum
3159 3293 3443 3349 divinitate
3500 3308 3792 3365 personam

2195 3389 2402 3446 electus
2455 3396 2560 3455 εει,
2606 3388 2712 3444 nisi
2747 3385 2999 3442 Christus
3046 3385 3209 3450 Deus,
3255 3393 3311 3440 et
3359 3385 3544 3440 homo.
3597 3384 3794 3441 Anima

493 3479 650 3549 Quod
675 3478 918 3553 qua-dam
946 3477 1204 3553 mirabilis
1233 3479 1372 3547 facta
1405 3487 1476 3531 cst
1516 3477 1815 3548 conjunctio
1840 3478 2093 3534 creatoris
2121 3476 2165 3539 C
2198 3480 2420 3552 quippe,
2461 3487 2516 3536 et
2553 3495 2681 3534 caro
2709 3477 2931 3542 Christi,
2983 3492 3106 3532 cum
3139 3477 3316 3534 Verbo
3344 3493 3486 3533 unus
3517 3486 3604 3534 est
3631 3476 3791 3533 Chri-

1086 3549 1154 3603 ad
1182 3558 1500 3602 creaturam.

560 3663 709 3720 Inter
730 3663 874 3718 hanc
899 3659 1036 3734 [Al.,
1060 3661 1196 3716 baru
1206 3658 1278 3732 ιιι]
1301 3659 1510 3716 scilicet
1530 3667 1906 3715 creaturarum
1927 3661 2094 3716 mira-

487 3756 655 3816 bilem
681 3765 738 3811 et
764 3755 1064 3826 speciosam
1095 3752 1463 3826 [varictatem,
1485 3768 1550 3807 cx
1574 3751 1702 3824 qua]
1727 3753 2095 3822 pulcherrima

489 3847 822 3904 universitas
867 3845 1221 3901 [armatarum
1246 3851 1460 3899 constat
1493 3859 1697 3910 rerum,
1725 3845 1793 3898 de
1827 3861 1932 3914 qua
1963 3845 2097 3901 dici-

489 3947 584 3997 tur
621 3957 634 3992 :
667 3936 737 3992 Et
763 3947 913 3991 erant
949 3936 1128 3990 omnia
1156 3933 1306 3990 valde
1346 3935 1480 3990 bona
1519 3931 1674 4008 (Gen.
1708 3953 1751 4001 ι,
1779 3936 1894 4008 5i).
1923 3936 2090 4008 (Bona

488 4047 656 4097 vero,
681 4031 808 4102 quia
841 4045 871 4084 a
902 4030 1042 4083 bono
1073 4028 1287 4083 condita
1312 4037 1436 4082 sunt
1461 4037 1731 4095 creatore,
1757 4030 1850 4083 sed
1876 4046 1984 4085 non
2016 4031 2094 4086 sic

488 4126 631 4181 bona
674 4124 817 4178 sicut
843 4130 1080 4187 creator,
1107 4120 1200 4191 qui
1225 4120 1372 4176 solus
1393 4128 1477 4174 est
1505 4135 1775 4176 summum
1802 4132 1858 4176 et
1882 4123 2092 4179 incom-

490 4215 751 4273 mutabile
777 4200 1002 4287 bonum)
1031 4229 1044 4268 :
1074 4215 1234 4269 homo
1271 4214 1419 4269 solus
1447 4217 1512 4270 ad
1545 4215 1834 4285 imaginem
1861 4224 1917 4270 et
1941 4217 2095 4272 simi-

487 4309 773 4366 litudinem
798 4307 1098 4364 conditoris
1125 4313 1342 4361 creatus
1367 4320 1487 4361 esse
1512 4305 1728 4375 legitur,
1761 4314 1816 4362 ct
1844 4307 2094 4363 felicissi-

487 4415 612 4456 mus
657 4396 796 4470 [Al.,
835 4395 1155 4467 felicissimi]
1199 4395 1376 4459 horti,
1413 4395 1505 4465 qui
1548 4398 1834 4466 paradisus
1869 4397 2089 4464 dicitur,

487 4489 767 4546 habitator
799 4487 1123 4543 constitutus
1142 4526 1156 4550 ,
1195 4487 1460 4555 uniusque
1489 4489 1861 4541 tantummodo
1885 4486 2094 4544 fructus

400 4565 407 4577 ’
486 4579 664 4650 epulis
689 4577 1026 4650 prohibitus,
1053 4584 1321 4646 quatenus
1359 4585 1467 4629 tam
1504 4575 1678 4632 facilis
1713 4578 2093 4634 observatione

487 4670 766 4736 mandati,
795 4669 1072 4724 caelestem
1101 4675 1404 4722 mereretur
1429 4667 1820 4722 beatitudinem
1849 4687 1860 4720 :
1891 4669 1984 4723 sed
2012 4669 2094 4724 in-

486 4762 634 4819 vidia
667 4760 874 4817 ruentis
904 4759 1082 4830 angeli
1116 4759 1182 4814 de
1206 4755 1542 4814 beatitudine
1574 4776 1669 4814 sua
1690 4800 1705 4824 ,
1747 4759 1904 4829 hujus
1932 4777 2090 4816 mau-

2194 3581 2332 3638 stus,
2382 3580 2440 3627 ct
2465 3587 2604 3627 unus
2640 3570 2829 3625 Filius.
2886 3569 3156 3639 Perquam
3195 3584 3326 3623 vero
3361 3569 3556 3623 durum
3585 3577 3690 3636 est,
3738 3577 3795 3624 et

2196 3680 2229 3719 a
2254 3664 2488 3720 sanitate
2531 3661 2667 3737 [Αι.,
2691 3659 2973 3734 ﬁrmitate]
3007 3660 3128 3715 tidei
3176 3659 3392 3730 penitus
3442 3658 3700 3725 alienum,
3731 3668 3793 3714 ut

2195 3758 2442 3813 dicamus
2467 3756 2705 3811 animam
2725 3754 2924 3810 Christi
2956 3769 3064 3808 non
3086 3752 3299 3824 plenam
3321 3767 3434 3808 sua:
3465 3750 3596 3825 [Αι.,
3627 3752 3680 3806 in
3708 3749 3791 3825 se]

2197 3848 2416 3903 deitatis
2436 3848 2641 3903 habere
2667 3846 2939 3909 notitiam,
2973 3861 3102 3900 cum
3133 3861 3237 3916 qua
3271 3845 3595 3899 naturaliter
3620 3859 3788 3899 unam

2197 3943 2437 3998 creditur
2462 3941 2663 3997 habere
2719 3955 3033 4010 personam.
3087 3936 3238 3993 Unde
3267 3937 3504 3992 Joannes
3550 3936 3793 4007 Baptista

2193 4034 2414 4089 Clu-isto
2441 4032 2788 4105 singulariter
2844 4047 2909 4086 ac
2932 4031 3050 4084 sine
3098 4045 3351 4084 mensura
3389 4027 3794 4098 datam‘Spiri-

2197 4133 2284 4180 tus
2314 4124 2622 4195 largitatem
2667 4123 2803 4177 dixit
2833 4138 2848 4177 :
2883 4113 3008 4177 Non
3055 4122 3194 4175 enim
3234 4121 3304 4174 ad
3328 4137 3627 4176 mensuram
3672 4117 3794 4192 [ait]

2194 4219 2287 4272 dat
2313 4216 2451 4272 Deus
2472 4216 2726 4287 Spiritum
2750 4216 2930 4288 (Joan.
2951 4233 3037 4282 ιιι,
3064 4215 3178 4285 54).
3211 4215 3528 4271 ΙΙοιιιὶιιὶιιιιε
3546 4215 3614 4270 ad
3642 4231 3796 4271 men-

2195 4327 2379 4366 suram
2432 4310 2556 4376 dat;
2609 4310 2770 4364 unico
2825 4309 2963 4363 Filio
3016 4309 3084 4362 ad
3117 4323 3424 4363 mensuram
3464 4323 3571 4362 non
3619 4307 3794 4374 dedit,

2194 4403 2320 4473 quia
2347 4401 2522 4457 omnis
2550 4399 2826 4471 plenitudo
2881 4399 3181 4454 divinitatis
3213 4399 3265 4453 in
3297 4414 3362 4454 co
3399 4398 3628 4454 habitat.
3676 4398 3795 4469 Ipse

2193 4504 2279 4550 est
2333 4496 2476 4549 enim
2507 4493 2597 4563 qui
2637 4491 2730 4546 dat
2767 4491 2992 4557 sanctis,
3035 4490 3151 4561 ipse
3199 4497 3283 4545 est
3320 4490 3410 4560 qui
3440 4490 3683 4560 accepit;
3739 4497 3795 4544 et

2194 4586 2321 4658 quia
2357 4595 2550 4656 potens
2569 4591 2653 4640 est
2710 4585 2776 4639 ad
2801 4598 3113 4639 mensuram
3145 4583 3296 4648 dare,
3324 4582 3445 4637 ideo
3472 4597 3579 4636 non
3607 4581 3795 4637 debuit

2196 4681 2262 4733 ad
2293 4693 2603 4733 mensuram
2632 4677 2901 4747 accipere.
2950 4674 3009 4730 In
3040 4674 3213 4730 forma
3237 4674 3382 4729 enim
3430 4674 3523 4730 Dei
3565 4688 3792 4729 manens

2195 4773 2460 4846 Spiritum
2490 4773 2611 4837 dat;
2674 4770 2902 4825 formam
2929 4769 3072 4824 servi
3099 4769 3372 4839 accipiens
3403 4767 3666 4840 Spiritum
3697 4785 3791 4823 ac-

489 4857 602 4912 dati
641 4864 1012 4924 transgressor
1036 4852 1258 4908 effectus
1287 4861 1401 4917 est,
1429 4861 1590 4922 atque
1626 4853 1678 4907 in
1705 4853 1866 4924 hujus
1889 4853 2088 4919 exsilii,
2119 4845 2168 4903 υ
2195 4845 2336 4934 cepit
2365 4881 2377 4916 :
2408 4863 2584 4933 ipsum
2609 4861 2778 4927 enim,
2827 4876 2986 4932 quem
3020 4859 3086 4914 ad
3117 4874 3430 4915 mensuram
3457 4859 3570 4922 dat,
3617 4867 3796 4914 totum

487 4949 635 5006 sicut
652 4947 1014 5002 comminatus
1034 4953 1120 4999 est
1136 4945 1184 4998 ei
1208 4951 1442 5007 creator,
1464 4959 1824 4999 aerumnosam
1857 4945 2096 5013 dejectus
2194 4954 2421 5023 accepit.
2471 4952 2552 5007 Ad
2583 4967 2890 5008 mensuram
2917 4951 3117 5022 quippe
3143 4952 3236 5005 dat.
3263 4950 3446 5006 audtis
3495 4948 3653 5016 ﬁliis;
3691 4950 3788 5006 sed

486 5051 574 5098 est
600 5041 876 5096 miseriam
901 5079 916 5103 9
943 5044 999 5092 ei
1028 5036 1224 5108 Ιιωητιιί
1249 5036 1440 5092 Πἱοηίδ
1462 5036 1770 5092 conditione
1800 5037 2095 5094 mulctatus
2192 5062 2299 5099 non
2337 5044 2404 5098 ad
2459 5059 2772 5098 mensuram
2810 5044 3039 5114 accepit,
3089 5042 3182 5114 qui
3229 5042 3422 5098 unicus
3475 5049 3560 5096 est
3594 5041 3782 5106 Filius,

490 5131 648 5208 (Gen.
688 5135 772 5203 ιι).
811 5130 919 5185 Sed
958 5129 1279 5183 mitissimus
1318 5136 1548 5190 creator,
1599 5127 1788 5183 nolens
1825 5128 2090 5184 facturam
2190 5136 2317 5205 quia
2341 5136 2420 5190 sic
2443 5145 2527 5191 est
2549 5135 2873 5190 naturaliter
2903 5136 3065 5191 homo
3088 5151 3268 5200 verus,
3325 5135 3546 5190 utidem
3585 5136 3657 5190 sit
3687 5150 3788 5190 na-

488 5224 745 5296 uuaginis
772 5235 884 5277 suae
909 5219 1241 5275 teternaliter
1269 5219 1479 5289 perire.
1512 5219 1662 5274 misit
1699 5219 1894 5274 Filium
1933 5236 2091 5276 suum
2192 5227 2441 5283 turaliter
2488 5226 2651 5281 etiam
2686 5227 2828 5282 Deus
2855 5243 3038 5282 verus.
3073 5241 3097 5268 ιι
3129 5227 3187 5282 In
3226 5227 3444 5283 Christo
3470 5237 3650 5282 autem
3687 5244 3776 5283 se-

492 5317 830 5389 unigenitum
870 5313 1073 5379 Deum,
1112 5329 1210 5382 per
1246 5327 1408 5382 quem
1444 5313 1649 5367 creavit
1687 5313 1994 5377 hominem,
2034 5321 2095 5369 ut
2195 5321 2429 5376 cundum
2458 5319 2736 5375 catholica:
2769 5318 2890 5373 ﬁdei
2936 5319 3244 5384 veritatem,
3291 5318 3346 5374 in
3398 5320 3605 5373 unitate
3657 5335 3785 5396 per-

488 5423 590 5482 per
620 5407 872 5463 eumdem
905 5405 1285 5468 redimeretur,
1322 5419 1421 5474 per
1443 5417 1606 5474 quem
1625 5413 1842 5459 creatus
1862 5413 1963 5459 est.
1988 5405 2094 5472 Qui.

492 5518 716 5560 carnem
751 5517 818 5557 ex
861 5500 1071 5572 virgine
1115 5515 1432 5566 assumens,
1473 5500 1547 5555 ita
1596 5501 1846 5556 humana:
1882 5512 2092 5558 natura:

497 5599 767 5655 adunatus
785 5603 894 5661 est,
916 5602 978 5648 ut
1006 5594 1146 5648 idem
1175 5601 1319 5649 esset
1345 5593 1529 5658 homo,
1551 5592 1641 5664 qui
1665 5593 1827 5656 Deus,
1850 5604 1907 5649 et
1925 5594 2086 5660 Deus,

494 5693 588 5763 qui
619 5691 781 5745 homo
813 5707 826 5742 :
857 5689 983 5757 quia
1017 5687 1141 5741 talis
1167 5695 1286 5741 erat
1320 5687 1409 5740 illa
1447 5685 1738 5756 susceptio,
1767 5703 1886 5755 qua:
1918 5684 2087 5740 Deum

495 5783 771 5838 hominem
801 5779 1027 5847 faceret,
1058 5789 1112 5834 et
1138 5780 1411 5834 hominem
1437 5777 1637 5844 Deum;
1668 5794 1770 5834 nec
1796 5777 1900 5833 ulla
1927 5789 2010 5834 est
2035 5779 2088 5834 in

495 5877 601 5932 hac
628 5876 858 5930 duarum
882 5871 1262 5943 conjunctione
1297 5881 1614 5927 naturarum
1636 5913 1650 5938 ,
1679 5871 1733 5928 id
1757 5879 1869 5938 est,
1897 5872 2090 5928 divini-

495 5970 628 6024 tatis
663 5975 827 6039 atque
863 5967 1251 6032 humanitatis,
1285 5966 1588 6038 personalis
1623 5967 1910 6039 separatio.
1947 5966 2089 6039 Ergo

571 6118 595 6146 ι
636 6104 842 6162 Αῐιιεεε
867 6102 1042 6161 Paris.
1071 6117 1191 6174 cap.
1219 6102 1308 6160 85.

2196 5427 2342 5467 sana:
2368 5409 2527 5465 simul
2555 5417 2610 5463 et
2638 5410 2890 5465 deitatem
2914 5409 3169 5475 fatemur,
3196 5419 3252 5465 et
3285 5411 3521 5465 animam
3545 5412 3788 5465 rationa-

2196 5503 2302 5559 lem
2348 5513 2405 5559 et
2431 5518 2674 5559 carnem.
2724 5503 2782 5558 In
2809 5519 2916 5574 quo
2951 5512 3132 5560 tamen
3165 5503 3339 5559 deitas
3385 5505 3646 5576 Spiritum
3696 5519 3790 5560 ac-

2194 5596 2374 5668 cipere
2397 5612 2500 5651 non
2523 5597 2718 5666 potuit,
2748 5597 2873 5667 quia
2913 5598 3208 5655 secundum
3231 5600 3487 5655 deitatem
3525 5597 3706 5664 Pater,
3732 5607 3788 5654 et

2192 5687 2384 5755 Filius,
2405 5697 2461 5745 et
2491 5689 2725 5760 Spiritus
2750 5699 2972 5747 sanctus
2992 5707 3133 5747 unus
3169 5699 3254 5747 est
3305 5691 3468 5748 Deus.
3518 5691 3631 5760 Non
3654 5707 3787 5764 ergo

2193 5785 2370 5856 potuit
2419 5783 2682 5854 Spiritum
2735 5793 2979 5842 sanctum
3034 5787 3288 5843 divinitas
3336 5785 3460 5842 Filii
3510 5787 3783 5864 accipere,

2189 5893 2316 5935 cum
2358 5878 2472 5948 ipse
2500 5877 2735 5947 Spiritus
2755 5885 2973 5934 sanctus
2997 5879 3075 5935 sic
3101 5878 3361 5949 procedat
3385 5896 3416 5935 a
3466 5879 3606 5935 Filio
3639 5879 3786 5935 sicut

2193 5971 2436 6041 procedit
2465 5987 2494 6026 a
2523 5969 2708 6039 l‘atrc,
2750 5978 2806 6029 et
2833 5971 2913 6030 sic
2942 5971 3096 6030 detur
3125 5988 3156 6028 a
3190 5971 3328 6030 Filio
3375 5973 3516 6030 sicut
3562 5971 3721 6030 datur
3748 5987 3782 6025 ιι
