4346 6622
658 421 722 480 51
1485 423 1543 477 Β.
1589 423 1650 479 F.
1691 420 1917 478 ALBINI
1955 419 2087 476 SEU
2125 414 2283 474 ALCI

2245 414 2405 473 ZUlNI
2441 416 2729 475 OPERUM
2764 418 2950 476 PARS
2980 418 3065 476 ιιι.

3871 425 3940 481 32

660 544 840 600 Patre.
866 542 1057 602 Restat
1079 544 1258 613 itaque
1278 552 1338 596 ut
1357 542 1536 596 anima
1557 541 1762 597 Christi
1793 539 2058 610 Spiritum
2085 551 2239 592 acce-
2271 565 2283 593 ι

2271 541 2316 593 Α
2344 541 2508 604 atque
2535 535 2699 590 idem.
2741 533 2810 590 Et
2838 537 2941 592 hoc
2988 544 3163 591 totum
3203 537 3450 608 simplex,
3494 547 3671 596 totum
3720 541 3915 600 Unitas

655 635 820 705 perit,
859 650 1020 706 quem
1039 644 1220 690 tamen
1263 649 1370 690 non
1399 633 1468 688 ad
1492 647 1801 688 mensuram
1831 631 2059 701 accepit,
2098 629 2228 698 quia

655 735 828 782 totum
870 727 1100 796 accepit.
1141 724 1242 782 Ubi
1274 727 1420 782 enim
1447 740 1700 780 mensura
1736 724 1936 778 dicitur
1971 737 2077 776 non
2103 735 2246 784 esse,

649 817 927 888 plenitudo
956 817 1300 889 perfectionis
1324 827 1380 873 et
1406 818 1670 888 perfectio
1697 817 2050 886 plenitudinis
2094 816 2246 870 inve-

651 907 818 962 nitur.
847 905 950 963 Per
969 922 1130 978 quam
1158 909 1323 964 etiam
1353 908 1736 978 plenitudinem
1761 906 2045 979 [Spit-itus,
2071 905 2245 975 pleni-

650 997 915 1072 tudinem]
941 1001 1137 1055 divina:
1161 999 1487 1071 cognitionis
1519 998 1722 1054 habere
1743 996 2088 1052 manifestum
2115 1002 2201 1050 est
2223 1011 2237 1050 :

648 1089 703 1142 in
726 1097 988 1160 quantum
1010 1089 1157 1145 enim
1185 1089 1412 1144 cuilibet
1454 1097 1766 1144 sanctorum
1795 1087 2031 1158 Spiritus
2055 1087 2234 1152 datur,

645 1179 702 1235 in
732 1189 940 1235 tantum
966 1180 1204 1252 cognitio
1245 1179 1555 1237 Divinitatis
1593 1181 1861 1250 accipitur
1899 1179 2074 1233 abeo.
2117 1176 2236 1233 Non

645 1269 792 1325 enim
817 1271 1192 1328 :estimandnm
1218 1279 1304 1327 est
1341 1273 1536 1327 animte
1565 1271 1769 1328 Christi
1808 1270 1863 1326 in
1894 1270 2076 1342 aliquo
2116 1269 2234 1341 ple-

642 1375 769 1416 nam
801 1359 1107 1418 Divinitatis
1133 1363 1320 1418 deesse
1351 1363 1620 1426 notitiam.
1677 1360 1831 1431 cujus
1852 1377 1958 1416 una
1995 1371 2082 1417 est
2103 1375 2232 1433 per-

640 1466 773 1507 sona
823 1467 947 1507 cum
971 1452 1170 1517 Verbo,
1201 1467 1366 1523 quam
1399 1453 1480 1508 sic
1532 1450 1810 1523 Sapientia
1860 1451 2118 1521 suscepit,
2173 1457 2236 1504 ut

639 1555 764 1596 cum
795 1542 908 1610 ipsa
936 1541 1221 1599 divinitate
1245 1559 1343 1598 sua
1371 1559 1479 1598 una
1501 1543 1574 1598 sit
1593 1543 1650 1598 in
1684 1541 1950 1598 Trinitate
1975 1555 2229 1612 persona,

637 1630 695 1687 id
736 1641 844 1698 est,
890 1632 1142 1690 Christus
1163 1631 1474 1699 cruciﬁxus,
1504 1648 1666 1704 quem
1697 1632 1794 1688 Dei
1820 1632 2079 1688 virtutem
2106 1631 2232 1687 Dei-

634 1735 744 1793 que
794 1724 1114 1795 sapientiam
1155 1722 1354 1779 Paulus
1399 1723 1680 1796 apostolus
1726 1721 1988 1793 praedicat
2025 1721 2080 1796 (Ι
2098 1721 2224 1778 Cor.

634 1830 677 1881 ι,
708 1815 822 1888 et).

1252 1928 1480 1986 CAPUT
1509 1928 1626 1986 XII.

631 2022 698 2080 Si
723 2006 1116 2102 animaCItristi
1134 2021 1343 2102 plenam
1365 2022 1834 2102 habetAaivintta-tis
1857 2020 2225 2102 cognitionem,

697 2094 959 2151 auomodo
978 2090 1181 2163 dicitur
1217 2094 1271 2146 in
1290 2092 1604 2163 Evangelia,
1652 2090 1855 2147 Filium
1882 2090 2079 2146 nescire
2090 2091 2229 2145 δίεπε

691 2163 884 2235 judicii
911 2162 1104 2234 (Marc.
1135 2179 1256 2228 xm,
1286 2161 1401 2236 32).

698 2274 754 2330 In
806 2273 1105 2344 Scripturis
1150 2274 1356 2328 sanctis
1386 2288 1556 2344 genus
1594 2282 1678 2329 est
1732 2272 2040 2338 locutionis,
2081 2273 2228 2342 quod

625 2365 768 2436 apud
813 2364 1198 2434 grammaticos
1223 2365 1550 2434 metonymia
1592 2364 1816 2430 dicitur,
1848 2365 1903 2420 id
1932 2372 2037 2430 est,
2095 2364 2223 2419 dum

626 2467 726 2524 per
779 2453 1103 2509 eliieientem
1163 2453 1478 2523 designantur
1517 2454 1570 2508 id
1613 2455 1758 2525 quod
1806 2453 2057 2510 ellicitur.
2111 2454 2226 2509 Hoc

626 2543 771 2600 enim
810 2559 1007 2617 genere
1054 2545 1343 2602 locutionis
1390 2544 1531 2601 Deus
1577 2547 1790 2604 nescire
1830 2548 2048 2615 dicitur,
2097 2550 2222 2618 quia

624 2634 933 2689 nescientes
964 2632 1123 2699 facit;
1175 2635 1342 2690 etiam
1383 2644 1439 2690 et
1460 2635 1600 2691 scire
1645 2635 1791 2691 Deus
1818 2637 2042 2703 dicitur,
2093 2639 2223 2708 quia

621 2725 857 2780 scientes
885 2724 1035 2788 facit,
1086 2726 1227 2782 sicut
1256 2727 1521 2798 scriptum
1548 2737 1633 2783 est
1668 2747 1681 2782 :
1713 2727 1898 2784 Tentat
1919 2747 2008 2785 vos
2035 2730 2222 2786 Domi-

622 2832 721 2870 nus
746 2815 886 2870 Deus
907 2825 1090 2882 vester,
1118 2826 1177 2873 ut
1205 2818 1360 2883 sciat,
1395 2820 1443 2872 si
1469 2815 1702 2890 diligatis
1730 2835 1846 2874 eum
1869 2818 2068 2889 (Exod.
2100 2837 2215 2889 xvt,

616 2903 686 2972 ις
732 2906 890 2962 Deut.
917 2923 1040 2974 xm,
1078 2909 1157 2980 3).
1204 2908 1320 2964 Non
1367 2911 1512 2965 enim
1545 2912 1624 2966 sic
1664 2912 2075 2982 intelligendum
2102 2925 2209 2980 εει,

617 2999 776 3068 quasi
827 3001 968 3056 Deus
990 3002 1199 3058 nesciat
1243 3001 1290 3055 si
1325 3000 1550 3073 diligant
1591 3017 1739 3068 eum,
1788 3003 1855 3059 de
1880 3005 2078 3074 quibus
2105 3007 2211 3062 hoc

617 3090 862 3147 dicitur:
915 3093 1008 3148 sed
1031 3101 1089 3146 ut
1115 3092 1190 3147 illi
1219 3092 1319 3163 ipsi
1359 3096 1558 3160 sciant,
1597 3103 1859 3164 quantum
1911 3098 1966 3153 in
1995 3098 2210 3154 Domini

616 3181 905 3236 dilectione
930 3181 1255 3252 profecerim
1305 3182 1441 3254 [.tl.,
1482 3184 1866 3258 proﬁcerent];
1904 3189 2051 3258 quod
2105 3189 2206 3243 nisi

619 3246 1012 3325 tentationihus
1053 3287 1172 3341 quae
1200 3246 1497 3338 accidunt,-
1533 3290 1642 3330 non
1673 3246 1833 3346 plene
1856 3246 1939 3333 ab.
1970 3279 2210 3334 homini-
2239 3246 2283 3308 Ο

615 3359 720 3414 bus
746 3360 1074 3429 agnoscitur.
1108 3362 1173 3416 Et
1209 3362 1382 3432 ipsum
1403 3373 1590 3431 tentat,
1623 3381 1720 3436 pro
1755 3383 1822 3422 eo
1840 3370 2077 3438 positum
2105 3379 2208 3434 est,

617 3453 764 3519 quod
797 3453 989 3508 tentari
1021 3455 1182 3509 sinat.
1216 3453 1309 3510 Sic
1335 3466 1391 3511 ct
1414 3473 1538 3512 cum
1563 3459 1763 3515 dicitur
1782 3463 1992 3518 nescire
2018 3463 2210 3528 Deum,

618 3550 712 3594 ant
750 3559 848 3612 pro
877 3559 942 3597 eo
965 3544 1166 3599 dicitur
1207 3546 1351 3616 quod
1377 3562 1484 3601 non
1510 3550 1799 3618 approbat,
1849 3553 1993 3608 sicut
2029 3554 2211 3624 impiis

613 3631 863 3688 dicturus
891 3644 976 3690 est
1012 3653 1024 3688 :
1069 3635 1260 3691 Nescio
1288 3654 1375 3692 vos
1404 3637 1624 3707 (Matth.
1654 3656 1782 3707 xxv,
1814 3643 1935 3715 12);
1997 3655 2091 3700 aut
2111 3662 2211 3717 pro

619 3739 686 3777 eo
708 3725 851 3793 quod
901 3725 1106 3781 utiliter
1128 3727 1438 3783 nescientes
1464 3725 1614 3796 facit,
1665 3733 1781 3788 sive
1808 3734 1973 3789 etiam
2006 3753 2104 3808 pro
2146 3753 2211 3793 eo

617 3815 762 3886 quod
783 3828 889 3868 non
910 3824 996 3870 est
1019 3825 1226 3898 tempus
1250 3819 1478 3885 sciendi,
1511 3820 1653 3877 sicut
1679 3823 1732 3877 in
1762 3822 2054 3898 Evangelia
2080 3829 2213 3884 dici-

618 3915 737 3959 tur:
771 3903 848 3958 De
866 3905 953 3958 die
970 3914 1018 3960 et
1044 3906 1174 3960 hora
1187 3923 1336 3962 nemo
1356 3910 1476 3974 scit,
1499 3927 1664 3982 neque
1679 3914 1855 3984 angeli
1875 3917 1927 3971 in
1950 3917 2098 3984 mlo,
2123 3937 2213 3975 ne-

616 4014 720 4069 que
734 3995 905 4052 Filius
929 3997 1092 4067 720
1112 3997 1212 4052 nisi
1229 3999 1392 4053 Pater
1413 4001 1631 4072 (Matth.
1654 4022 1777 4071 xm,
1793 4007 1905 4079 δε).
1933 4008 2045 4065 Hoc
2067 4013 2210 4066 enim

615 4104 817 4161 genere
841 4089 1130 4144 locutionis
1155 4091 1368 4147 nescire
1396 4093 1598 4148 dicitur
1611 4095 1800 4162 Filius,
1818 4100 1944 4168 quia
1969 4098 2214 4158 nescien-

616 4188 702 4234 tes
745 4179 896 4246 fecit,
928 4181 1071 4252 quod
1119 4184 1252 4239 utile
1281 4184 1390 4242 illis
1413 4185 1514 4241 fuit
1556 4191 1791 4257 nescire,
1838 4191 1891 4247 id
1937 4204 2040 4258 εει,
2067 4198 2213 4265 quod

615 4284 726 4324 non
756 4270 832 4324 ita
875 4273 1102 4336 sciebat,
1153 4282 1215 4327 ut
1237 4288 1332 4329 eos
1376 4275 1520 4330 scire
1564 4277 1802 4334 fecisset.
1857 4280 1993 4346 Quia
2025 4283 2212 4339 utilius

617 4361 726 4416 illis
772 4360 872 4416 fuit
891 4360 1035 4417 diem
1053 4361 1246 4432 judicii
1282 4367 1494 4421 nescire
1520 4383 1685 4438 quam
1709 4372 1873 4436 scire,
1905 4381 1967 4426 ut
1995 4389 2212 4444 semper

614 4451 793 4520 parati
842 4461 1028 4508 essent
1075 4460 1132 4507 et
1196 4454 1516 4525 vigilantes,
1560 4460 1689 4515 dum
1746 4477 1852 4531 qua
1907 4463 2041 4519 hora
2093 4466 2211 4523 dies

611 4538 822 4596 Domini
873 4545 1030 4612 quasi
1071 4543 1160 4599 fur
1202 4546 1430 4612 veniret,
1486 4559 1705 4618 paratos
1729 4550 1997 4609 inveniret
2025 4571 2139 4612 eos.

1211 4656 1440 4713 CAPUT
1474 4659 1607 4714 Xlll.

860 4723 1014 4790 Quod
1043 4743 1202 4780 unum
1232 4744 1361 4797 opus
1383 4729 1448 4783 sit
1494 4730 1671 4785 Patris
1701 4741 1749 4784 et
1777 4730 1928 4787 Filii.

681 4814 949 4884 Operatur
987 4819 1130 4872 enim
1169 4819 1330 4875 Pater
1370 4838 1467 4892 per
1495 4822 1709 4889 Filium,
1740 4842 1838 4895 per
1882 4844 2042 4898 quem
2071 4828 2202 4886 fecit

611 4906 816 4971 omnia,
842 4915 897 4961 et
916 4923 1133 4979 seraper
1173 4920 1427 4982 operatur
1457 4931 1470 4966 :
1503 4914 1646 4969 sicut
1692 4918 1893 4972 dictum
1925 4931 2047 4975 est:
2074 4921 2201 4976 Om-

611 4996 701 5048 nia
749 5012 842 5065 per
861 4996 1029 5066 ipsum
1055 4997 1197 5067 facta
1220 5009 1342 5054 sunt
1402 5001 1581 5072 (Joan.
1627 5021 1670 5070 ι,
1697 5006 1786 5076 5);
1839 5007 2003 5062 item:
2035 5006 2200 5064 Pater

611 5101 758 5140 meus
779 5102 943 5156 usque
982 5088 1133 5143 modo
1167 5101 1436 5160 aperatur,
1469 5102 1517 5147 et
1562 5111 1655 5164 ego
1702 5112 1890 5166 operor
1919 5096 2100 5169 (Joan.
2145 5115 2199 5169 ν,

613 5176 703 5250 i7)
728 5195 743 5243 ;
809 5195 914 5233 non
936 5181 1306 5236 diversitatem
1335 5185 1515 5252 operis
1532 5186 1842 5257 designans,
1880 5191 2004 5257 quia
2031 5207 2197 5246 unum

612 5283 748 5338 Opus
767 5278 854 5323 est
893 5269 1069 5324 Patris
1098 5280 1153 5325 et
1198 5271 1340 5337 Filii,
1387 5276 1481 5329 sed
1508 5291 1861 5346 personarum
1899 5283 2202 5350 proprieta-

614 5367 724 5414 tem
750 5363 1056 5416 ostendens.
1086 5363 1203 5433 Ipsa
1230 5366 1412 5434 itaque
1440 5370 1681 5436 operatio
1702 5368 1819 5435 Dei,
1851 5369 1902 5424 id
1930 5381 2036 5438 est,
2069 5389 2196 5428 san-

612 5457 717 5505 cta
765 5450 1066 5517 Trinitatis,
1129 5455 1374 5512 voluntas
1413 5467 1498 5514 est
1543 5460 1659 5524 Dei,
1708 5468 1764 5515 et
1801 5463 2051 5520 voluntas
2104 5466 2200 5522 Dei

615 5543 842 5614 simplex
871 5554 975 5611 est,
1032 5554 1089 5602 et
1125 5563 1337 5618 semper
1354 5551 1405 5605 in
1436 5554 1620 5621 requie
1665 5554 2034 5611 beatitudinis.
2087 5557 2198 5615 Nec

617 5632 762 5688 aliud
785 5643 871 5689 est
901 5635 1011 5692 Deo
1035 5642 1267 5709 operari,
1315 5642 1459 5698 aliud
1483 5644 1642 5708 velle,
1695 5647 1789 5701 sed
1835 5648 1975 5702 idem
2009 5659 2091 5705 est
2121 5651 2194 5706 illi

619 5723 756 5779 velle
777 5732 830 5780 et
848 5729 1083 5797 operari,
1122 5731 1248 5802 quia
1299 5735 1544 5789 voluntas
1571 5735 1664 5791 Dei
1694 5737 1938 5794 ell'ectiva
1973 5750 2058 5796 est
2102 5759 2194 5812 po-

620 5815 807 5870 tentia.
837 5815 944 5874 Nec
973 5819 1082 5876 Deo
1106 5821 1248 5878 aliud
1275 5833 1358 5879 est
1383 5840 1524 5893 esse,
1551 5827 1692 5882 aliud
1715 5826 1874 5895 velle,
1905 5833 1998 5889 sed
2026 5850 2192 5893 unum

2352 633 2522 682 totum
2567 627 2828 692 Trinitas,
2872 638 3045 684 totum
3097 630 3395 703 innoxiam;
3455 635 3584 705 quia
3620 651 3741 692 esse
3790 639 3936 708 quod

2346 717 2702 774 substantiale
2737 729 2841 784 est,
2871 736 3038 774 unum
3069 731 3152 776 est
3182 723 3236 777 in
3261 721 3441 788 Patre,
3480 735 3534 780 et
3560 726 3719 793 Filio,
3738 737 3793 784 et
3813 727 3937 800 Spi-

2345 808 2455 864 ritu
2483 817 2673 864 sancto
2693 826 2714 874 ;'
2763 816 2819 864 et
2846 811 3039 865 horum
3071 826 3177 866 una
3223 813 3366 869 actio
3394 823 3501 880 est,
3533 817 3675 874 sicut
3702 835 3808 875 una
3841 837 3935 877 vo-

2341 905 2540 960 luntas.
2596 899 2842 956 Fuerunt
2905 902 3052 958 enim
3081 904 3263 959 omnia
3290 906 3360 961 ab
3408 916 3614 964 aeterno
3637 909 3739 985 [in]
3798 912 3930 969 Deo.

2340 988 2665 1061 Operatione
2687 1003 2890 1058 autem,
2915 993 2968 1048 id
2992 1003 3095 1059 est,
3123 996 3325 1052 virtute
3351 998 3471 1066 Dei,
3493 1001 3586 1072 qui
3627 1011 3713 1059 est
3738 1003 3930 1073 Filius,

2337 1096 2708 1155 apparuerunt
2762 1087 2969 1150 omnia.
3009 1097 3067 1144 et
3102 1087 3244 1145 facta
3296 1101 3424 1148 sunt
3457 1096 3599 1151 sicut
3633 1098 3827 1165 voluit,
3875 1107 3932 1155 et

2335 1175 2553 1244 qitiando
2576 1177 2767 1243 voluit,
2803 1187 2858 1234 et
2881 1184 3151 1250 quomodo
3184 1183 3386 1251 voluit,
3437 1188 3529 1256 qui
3555 1185 3684 1244 fecit
3700 1195 3884 1248 omnia
3911 1210 3926 1247 :

2335 1265 2430 1320 sed
2466 1282 2574 1321 non
2605 1267 2691 1321 ille
2711 1267 2906 1334 factus,
2934 1285 3033 1341 per
3055 1287 3216 1342 quem
3248 1273 3390 1331 facta
3419 1286 3548 1333 sunt
3580 1283 3782 1338 omnia.
3815 1283 3929 1341 Na-

2334 1362 2422 1410 tus
2447 1366 2532 1411 est
2575 1373 2708 1430 ergo
2747 1358 2919 1415 Filius
2959 1361 3076 1428 Dei,
3103 1377 3167 1420 ex
3192 1373 3398 1421 teterno
3437 1376 3695 1437 aeternus,
3720 1372 3787 1428 de
3816 1363 3928 1431 Deo

2331 1447 2499 1516 Deus,
2531 1451 2598 1506 de
2635 1451 2840 1510 lumine
2874 1454 3082 1523 lumen,
3121 1458 3264 1515 sicut
3287 1462 3587 1532 saepissime
3609 1464 3848 1527 diximus
3871 1477 3930 1529 et

2330 1552 2550 1611 semper
2570 1541 2835 1599 dicemus.
2901 1613 3132 1675 CAPUT
3169 1618 3290 1677 xw

2329 1718 2525 1778 Omnia
2561 1739 2657 1794 per
2699 1722 2967 1783 Christum
3017 1732 3161 1808 facta
3197 1749 3332 1802 esse,
3360 1737 3533 1808 ipsum
3573 1756 3693 1797 vero
3739 1753 3928 1803 natum

2955 1817 3060 1855 non
3081 1802 3303 1873 factum.

2261 1890 2308 1952 Β
2403 1906 2472 1961 1η
2497 1909 2753 1981 principio
2777 1913 2898 1982 fecit
2928 1913 3073 1972 Deus
3094 1918 3279 1975 cretum
3299 1931 3350 1976 et
3369 1931 3565 1979 terram
3589 1923 3746 1998 (Gen.
3771 1944 3811 1996 ι,
3839 1928 3920 2004 1);

2331 1998 2386 2056 id
2405 2007 2508 2064 est,
2540 2003 2595 2056 in
2626 1999 2845 2060 Christo
2871 2005 2998 2062 fecit
3039 2008 3204 2078 Deus,
3230 2013 3324 2083 qui
3350 2023 3434 2070 est
3459 2015 3629 2074 Filius
3665 2019 3783 2088 Dei,
3825 1998 3922 2095 qui

2330 2100 2416 2146 est
2444 2091 2680 2148 Verbum
2729 2094 2845 2162 Dei,
2898 2099 2990 2169 qui
3031 2111 3120 2156 est
3145 2101 3336 2169 virtus,
3403 2114 3459 2162 et
3488 2109 3755 2179 sapientia
3793 2091 3915 2182 Dci,

2331 2182 2699 2272 sicutdicitur
2726 2187 2779 2241 in
2819 2186 3034 2244 Psalmo
3068 2206 3084 2245 :
3116 2190 3309 2250 Omnia
3351 2195 3407 2252 in
3454 2199 3709 2271 sapientia
3757 2202 3926 2272 fecisti

2330 2270 2504 2344 (Psal.
2549 2289 2668 2341 cm,
2696 2276 2811 2348 et).
2872 2277 2980 2335 Sed
3005 2281 3118 2353 ipse
3145 2284 3287 2340 idem
3327 2285 3462 2359 [Al.,
3510 2270 3693 2365 idest]
3728 2270 3917 2361 Filius,

2328 2373 2456 2420 ante
2505 2367 2687 2422 omnia
2707 2385 2921 2440 semper
2946 2379 3048 2439 est,
3099 2383 3158 2429 et
3191 2392 3407 2449 semper
3441 2382 3602 2447 Deus,
3626 2393 3684 2440 et
3703 2399 3922 2458 semper

2329 2454 2384 2509 in
2415 2456 2553 2522 Deo;
2600 2457 2806 2518 idcirco
2830 2461 3101 2530 ὁμοαύσιον
3124 2464 3284 2523 Pater
3310 2477 3368 2524 et
3387 2470 3574 2528 Filius.
3602 2472 3664 2528 In
3695 2490 3762 2531 eo
3783 2454 3912 2534 vero

2327 2543 2459 2618 [Αι.,
2508 2547 2631 2640 ideo
2655 2549 2807 2622 vero]
2859 2554 3004 2622 quod
3029 2555 3201 2613 Filius
3243 2560 3443 2617 dicitur
3464 2573 3522 2620 ει
3570 2576 3675 2634 εει,
3707 2571 3923 2640 genitus

2324 2644 2431 2702 est,
2481 2654 2590 2692 non
2607 2638 2825 2708 factus;
2870 2647 3123 2714 quamvis
3149 2648 3442 2720 Apostolus
3499 2638 3730 2717 dixisset
3760 2677 3776 2717 :
3815 2661 3922 2730 Qui

2322 2727 2498 2797 factus
2534 2739 2614 2785 est
2641 2733 2900 2802 sapientia
2941 2738 3090 2793 nobis
3136 2757 3170 2794 a
3196 2742 3306 2798 Deo
3332 2743 3389 2815 (Ι
3412 2743 3535 2804 Cor.
3566 2767 3607 2817 ι,
3649 2751 3776 2826 30);
3812 2727 3919 2813 non

2322 2822 2470 2890 quod
2525 2822 2703 2880 factus
2732 2826 2803 2883 sit
2845 2828 2900 2883 in
2923 2830 3228 2890 substantia
3262 2851 3359 2892 sua
3383 2847 3443 2894 ut
3474 2853 3638 2909 esset,
3670 2822 3766 2903 sed
3790 2849 3921 2906 επε-

2320 2919 2444 2968 ειιιε
2482 2923 2568 2968 εει
2595 2924 2657 2969 ιιι
2707 2917 2968 2976 Dommus
3004 2933 3151 2979 esset
3177 2929 3423 2985 omnium
3449 2947 3570 3004 quae
3599 2935 3740 2992 facta
3767 2951 3916 3006 sunt,

2320 3005 2450 3058 dum
2496 3005 2716 3061 fuerunt
2764 3011 2962 3079 quibus
2983 3012 3245 3072 Dominus
3274 3029 3440 3076 esset.
3463 3022 3758 3084 Creaturas
3784 3045 3917 3104 ergo

2319 3097 2450 3153 fecit
2508 3099 2650 3156 Deus
2717 3116 2817 3171 per
2859 3103 3075 3172 Filium,
3128 3109 3226 3164 sed
3273 3127 3380 3167 non
3409 3113 3606 3172 Filium
3633 3117 3782 3188 fecit,
3819 3097 3918 3195 per

2318 3207 2478 3261 quem
2531 3192 2659 3250 fecit
2711 3197 2929 3264 omnia;
2980 3199 3076 3255 sed
3125 3205 3311 3273 genuit
3347 3207 3415 3262 de
3463 3210 3766 3268 substantia
3818 3192 3916 3270 sua

2316 3281 2577 3349 aequalem
2609 3285 2731 3339 sibi.
2780 3285 2951 3345 Natus
2973 3300 3060 3344 est
3085 3306 3214 3364 ergo
3242 3294 3515 3365 Christus,
3573 3317 3682 3358 non
3706 3302 3910 3361 factus.

2319 3369 2637 3442 Ubicunque
2675 3390 2806 3447 ergo
2847 3379 3046 3434 dicitur
3087 3385 3344 3452 quoniam
3388 3386 3569 3447 factus
3614 3405 3719 3460 est,
3781 3407 3912 3467 post

2313 3461 2543 3531 primam
2572 3468 2980 3534 generationem
3041 3473 3259 3541 dicitur,
3287 3492 3408 3547 qum
3448 3496 3516 3537 ex
3543 3495 3750 3543 esterno
3773 3461 3910 3561 [Αι.,

2313 3569 2435 3624 qua:
2462 3565 2668 3612 aeterna
2697 3560 2804 3634 est]
2837 3569 2943 3627 est,
2983 3572 3041 3619 et
3065 3581 3172 3622 una
3206 3577 3309 3634 est,
3335 3579 3392 3627 et
3410 3585 3624 3642 sancta,
3651 3588 3708 3636 et
3729 3560 3915 3638 instra-

2311 3643 2457 3699 bilis.
2518 3646 2742 3718 Legitur
2781 3652 2834 3707 in
2876 3653 3107 3711 Actibus
3153 3657 3533 3730 Apostolorum
3566 3683 3580 3722 :
3614 3666 3916 3730 Certissima

2310 3732 2475 3805 igitur
2506 3737 2638 3791 sciat
2676 3739 2864 3795 domus
2910 3741 3104 3810 Israel,
3145 3750 3270 3818 quia
3304 3753 3445 3808 hunc
3469 3753 3739 3816 Christum
3759 3762 3905 3819 Deus

2312 3826 2456 3897 fecit,
2488 3847 2642 3900 quem
2673 3850 2760 3887 vos
2813 3839 3157 3908 suspendistis
3199 3843 3256 3897 in
3289 3861 3445 3902 cruce
3478 3849 3617 3918 (Act.
3651 3869 3712 3919 ll,
3779 3856 3910 3929 36);

2311 3928 2369 3976 et
2385 3919 2674 3991 Apostolus
2715 3942 2728 3978 :
2780 3923 2887 3991 Qui
2923 3929 3095 4003 [actus
3137 3944 3212 3987 est
3235 3951 3301 3989 ea:
3341 3937 3559 3995 muliere
3603 3940 3802 4014 (Colat.
3829 3919 3909 4014 tv,

2312 4010 2367 4079 4)
2397 4027 2411 4077 ;
2446 4021 2502 4067 ει
2545 4016 2881 4087 evangelista
2912 4033 2928 4072 :
2974 4017 3196 4077 Verbum
3221 4041 3345 4079 caro
3367 4027 3567 4096 factum
3591 4010 3670 4088 est
3723 4010 3908 4107 (Joan.

2312 4119 2350 4166 ι,
2381 4101 2494 4173 Η).
2533 4103 2641 4160 Ista
2680 4108 2862 4163 omnia
2893 4124 3002 4165 non
3050 4111 3104 4165 in
3126 4113 3243 4181 ejus
3272 4117 3641 4190 existentiam,
3673 4101 3757 4182 vel
3782 4131 3909 4186 sub-

2311 4196 2586 4262 stantiam,
2649 4199 2744 4254 sed
2783 4200 2838 4255 in
2867 4210 3044 4271 actus,
3093 4213 3150 4259 et
3191 4208 3244 4261 in
3294 4210 3753 4273 ministratinnem
3792 4220 3911 4291 ejus

2309 4290 2564 4358 potentiae
2591 4300 2755 4363 atque
2804 4293 3025 4351 virtutis
3074 4298 3349 4356 dicuntur.
3395 4303 3551 4372 Quod
3605 4290 3901 4381 Apostolus

2311 4377 2390 4434 ait
2424 4380 2701 4438 Christum
2729 4383 2826 4440 Dei
2855 4388 3114 4450 virtutem
3142 4401 3197 4446 et
3226 4392 3323 4448 Dei
3344 4377 3672 4467 sapientiam
3699 4403 3754 4477 (Ι
3777 4403 3903 4463 Cor.

2311 4492 2350 4541 ι,
2405 4474 2520 4546 24),
2568 4494 2677 4532 non
2701 4477 2775 4533 ita
2809 4480 3216 4553 intelligendum
3273 4497 3375 4552 est,
3425 4493 3571 4560 quod
3617 4474 3780 4553 Pater
3799 4500 3906 4556 dici

2230 4595 2281 4657 ο
2308 4585 2414 4624 non
2438 4572 2610 4640 possit
2632 4572 2826 4640 virtus,
2856 4574 2940 4629 vel
2966 4577 3252 4649 sapientia,
3293 4582 3436 4637 sicut
3457 4585 3562 4641 dici
3585 4603 3693 4643 non
3725 4600 3907 4660 potest

2311 4659 2499 4726 Filius,
2524 4664 2607 4716 vel
2639 4664 2907 4731 Verbum;
2941 4667 3066 4736 quia
3099 4669 3213 4724 hate
3261 4671 3483 4729 relativa
3506 4687 3633 4732 sunt
3662 4659 3901 4750 nomina,

2307 4750 2448 4806 sicut
2482 4754 2730 4822 superius
2759 4755 2964 4810 dictum
3009 4766 3091 4812 est
3127 4774 3140 4812 :
3173 4760 3264 4814 illa
3313 4779 3465 4832 vero,
3519 4767 3572 4822 id
3607 4778 3692 4825 est
3728 4773 3903 4830 virtus

2306 4851 2361 4897 et
2388 4844 2682 4914 sapientia,
2712 4849 3090 4904 substantialia
3128 4864 3255 4908 sunt
3294 4873 3306 4909 :
3338 4857 3459 4913 ideo
3489 4859 3673 4930 Pater,
3725 4867 3900 4925 virtus

2305 4939 2361 4987 et
2405 4934 2702 5003 sapientia,
2739 4945 2795 4991 et
2819 4937 2990 4995 Filius
3010 4941 3184 4998 virtus
3219 4954 3275 5000 et
3305 4948 3605 5021 sapientia;
3643 4963 3699 5009 et
3727 4955 3902 5028 Spiri-

2307 5032 2395 5080 tus
2427 5035 2648 5083 sanctus
2673 5028 2845 5085 virtus
2870 5040 2924 5086 et
2946 5033 3245 5104 sapientia;
3279 5053 3388 5096 non
3427 5047 3609 5098 tamen
3651 5054 3762 5102 tres
3791 5049 3906 5104 vir-,

2309 5124 2471 5183 tates,
2526 5133 2627 5174 nec
2694 5128 2807 5176 tres
2848 5125 3147 5194 sapientiae,
3206 5129 3653 5202 sedunavirtus,
3712 5146 3768 5194 et
3788 5154 3896 5196 una

2307 5209 2570 5276 sapientia
2617 5207 2782 5266 Pater
2814 5223 2871 5270 et
2917 5214 3112 5283 Filius,
3147 5228 3202 5274 et
3230 5219 3466 5290 Spiritus
3491 5237 3743 5298 sanctus;
3791 5233 3895 5289 sic-

2306 5308 2367 5353 ut
2395 5315 2500 5353 una
2529 5303 2849 5371 substantia,
2890 5316 2945 5360 et
2980 5323 3086 5363 una
3127 5311 3536 5389 omnipotentia,
3563 5326 3618 5373 et
3641 5320 3744 5376 alia
3770 5339 3892 5393 qua:

2306 5388 2373 5443 de
2399 5391 2701 5447 substantia
2728 5394 3028 5452 divinitatis
3054 5398 3327 5457 dicuntur.
3354 5388 3362 5389 ί
3393 5405 3462 5463 Ει
3503 5408 3576 5462 ita
3617 5388 3887 5484 intelliga-

2305 5487 2397 5535 tur
2433 5481 2602 5538 Filius
2629 5485 2893 5556 sapientia
2920 5486 3115 5555 Patris,
3157 5497 3429 5560 quomodo
3464 5498 3664 5554 dicitur
3707 5481 3887 5561 lumen

2303 5568 2519 5636 Patris;
2573 5572 2626 5628 id
2669 5583 2771 5638 est,
2818 5583 2878 5630 ut
2913 5580 3368 5646 quemadmodum
3406 5585 3589 5646 iumen
3629 5591 3695 5645 de
3720 5593 3883 5648 lumi.

2302 5671 2391 5722 ne,
2415 5667 2469 5713 et
2489 5669 2778 5732 utrumque
2801 5679 2969 5719 unum
2995 5666 3195 5735 lumen,
3221 5672 3300 5727 sic
3326 5673 3656 5747 intelligatur
3676 5681 3887 5751 sapien-

2303 5749 2374 5803 tia
2424 5753 2488 5806 de
2532 5755 2792 5824 sapientia
2819 5797 2833 5820 ,
2873 5766 2931 5812 et
2958 5766 3246 5832 utrumque
3271 5781 3374 5820 una
3404 5769 3706 5838 sapientia;
3736 5749 3879 5845 quia

2301 5841 2354 5895 in
2387 5841 2476 5898 illa
2498 5843 2842 5915 simplicitate
2869 5847 3062 5907 divinae
3087 5864 3291 5913 natura:
3319 5858 3474 5930 721
3503 5877 3608 5919 non
3634 5872 3717 5920 est
3735 5841 3881 5923 aliud
