4346 6680
345 511 416 564 33
993 511 1414 570 DOGMATICA.
1451 542 1522 553 -—
1561 514 1650 569 DE
1687 511 1843 568 FIDE
1884 511 1943 567 S.
1988 509 2382 573 TRINITATIS
2420 520 2601 576 LIBRI
2642 523 2724 579 III.
2769 525 2897 581 LIB.
2941 527 3002 582 II.

3565 541 3637 595 56

343 636 535 694 sapere
557 637 720 694 quam
740 638 882 691 esse,
935 640 1040 680 nec
1063 625 1206 680 aliud
1257 640 1378 681 esse
1420 640 1582 695 quam
1605 639 1782 695 posse,
1827 637 1928 679 nec
1957 627 2008 686 Δ
2034 625 2305 725 multoties
2343 631 2554 702 legatur
2582 636 2723 704 quod
2753 640 3064 708 apparuerit
3102 641 3234 714 [At.,
3266 649 3630 725 apparuisset]

342 715 488 772 aliud
531 731 692 787 posse
711 731 878 788 quam
933 719 1135 773 vivere.
1183 718 1385 773 Eadem
1425 719 1500 774 ibi
1527 717 1793 787 sapientia
1817 731 1941 788 quae

343 803 445 878 [et]
471 808 732 872 essentia,
766 808 956 863 eadem
978 809 1220 878 potentia
1242 823 1363 877 quae
1385 815 1442 863 et
1464 809 1724 874 essentia,
1745 808 1939 864 eadem

340 893 455 949 vita
503 913 624 967 qua:
645 906 700 955 et
729 899 988 966 essentia,
1031 908 1086 956 et
1110 901 1224 956 hanc
1255 901 1442 956 omnia
1487 915 1676 968 unum,
1719 911 1776 956 et
1799 917 1940 956 unus

344 985 508 1042 Deus.
1027 989 1033 996 ’

468 1088 473 1092 -
952 1060 1182 1119 CAPUT
1219 1062 1338 1120 XV.

337 1169 422 1227 De
452 1187 516 1227 eo
551 1173 695 1245 quod
730 1172 868 1228 sicut
907 1173 1068 1230 Pater
1087 1184 1162 1230 est
1188 1176 1314 1242 vita,
1335 1177 1412 1230 ita
1440 1185 1489 1231 et
1521 1175 1693 1232 Filius
1714 1178 1935 1232 estvita.

411 1279 567 1339 Sicut
593 1283 758 1340 Pater
777 1284 1037 1352 viviﬁcat,
1071 1287 1150 1342 sic
1176 1296 1232 1342 et
1259 1286 1429 1342 Filius
1457 1301 1595 1358 quos
1619 1287 1733 1342 vult
1760 1286 1937 1341 viviti-

335 1380 432 1432 oat
459 1371 646 1447 (leas.
678 1389 734 1442 v,
763 1373 858 1449 26)
891 1396 904 1433 :
933 1393 1042 1435 non
1069 1387 1250 1435 tamen
1281 1379 1415 1436 alios
1448 1379 1533 1435 vel
1567 1379 1726 1435 aliter
1753 1379 1936 1446 Pater,

335 1473 395 1523 et
419 1467 558 1526 alios
586 1467 673 1524 vel
697 1468 860 1524 aliter
884 1468 1074 1535 Filius,
1095 1472 1189 1527 sed
1216 1471 1435 1527 eosdem
1461 1487 1598 1543 quos
1617 1471 1779 1526 Pater
1800 1471 1938 1526 vivi-

337 1554 486 1622 tleat,
509 1556 750 1615 viviﬁcat
768 1568 826 1615 et
847 1559 1016 1616 Filius
1037 1561 1305 1616 similiter.
1331 1561 1442 1619 Nec
1464 1561 1698 1632 Spiritus
1720 1570 1939 1619 sanctus

338 1644 408 1701 sb
437 1646 542 1702 hac
558 1646 926 1704 viviﬁeatione
948 1651 1309 1707 seoernendus
1330 1661 1433 1716 est,
1458 1653 1587 1723 quia
1608 1667 1774 1708 unum
1799 1669 1937 1723 opus

338 1747 424 1796 eat
453 1739 654 1807 Patris,
677 1748 735 1797 et
754 1740 900 1808 Filii,
930 1750 988 1797 et
1016 1741 1252 1814 Spiritus
1278 1743 1470 1810 sancti,
1502 1745 1646 1800 sicut
1670 1761 1776 1799 una
1803 1748 1934 1801 sub-

336 1831 539 1887 stantia
565 1839 732 1902 atque
765 1833 1023 1888 essentia.
1055 1833 1206 1888 Sicut
1245 1835 1390 1889 enim
1418 1832 1583 1889 Pater
1611 1836 1801 1892 vivens
1826 1836 1935 1891 vita

333 1931 440 1990 est,
466 1923 544 1978 ita
566 1930 624 1980 et
644 1923 815 1980 Filius
843 1925 974 1980 vita.
1016 1923 1194 1981 Manet
1230 1940 1359 1996 ergo
1399 1925 1557 1980 Pater
1591 1926 1721 1992 vita,
1755 1936 1936 1983 manet

334 2015 437 2090 [et]
463 2015 638 2074 Filius
662 2019 793 2074 vita.
826 2017 987 2075 Pater
1021 2021 1130 2076 vita
1161 2020 1217 2076 in
1242 2023 1554 2092 semetipso,
1580 2039 1689 2078 non
1713 2025 1782 2079 ab
1806 2025 1934 2091 alio,

331 2107 508 2166 Filius
531 2111 643 2166 vita
672 2111 728 2167 in
756 2113 1080 2184 semetipso,
1107 2114 1202 2169 sed
1233 2130 1265 2169 a
1287 2113 1469 2181 Patre,
1498 2117 1592 2186 qui
1617 2130 1741 2172 eum
1772 2118 1934 2174 talem

330 2199 545 2271 genuit,
569 2208 633 2256 ut
652 2202 820 2258 vitam
842 2203 1067 2260 haberet
1086 2205 1141 2261 in
1168 2207 1478 2276 semetipso.
1504 2206 1718 2264 Dictum
1738 2210 1937 2282 quippe

330 2297 438 2355 est,
464 2290 608 2346 sicut
643 2291 759 2362 ipse
786 2290 957 2349 Filius
982 2293 1060 2348 ait
1085 2307 1102 2348 :
1133 2292 1285 2351 Sicut
1315 2293 1480 2352 Pater
1498 2297 1651 2353 habet
1691 2299 1849 2354 vitam
1877 2303 1934 2356 in

329 2382 631 2455 semetipso,
661 2382 738 2438 sic
767 2383 910 2439 dedit
942 2394 992 2440 et
1011 2383 1156 2441 Filio
1183 2387 1342 2442 vitam
1361 2388 1550 2443 habere
1577 2391 1635 2444 in
1660 2393 1933 2464 semetipso

331 2471 520 2547 (Joan.
544 2489 598 2541 v,
625 2473 742 2546 26),
773 2476 825 2532 id
851 2485 956 2542 est,
986 2478 1174 2550 genuit
1201 2477 1399 2534 Filium
1417 2519 1433 2545 ,
1461 2480 1627 2535 vitam
1653 2482 1709 2537 in
1735 2493 1934 2539 semet-

333 2561 455 2634 lpso
477 2562 787 2621 habentem.
825 2565 942 2626 Hoc
970 2567 1142 2623 solum
1170 2568 1428 2636 interest,
1458 2571 1604 2641 quod
1629 2570 1792 2628 Pater
1818 2575 1931 2630 vita

331 2662 554 2711 estnon
581 2659 885 2722 nascendo,
917 2657 1087 2715 Filius
1114 2658 1269 2733 [vita]
1311 2671 1396 2718 est
1431 2666 1734 2731 nascendo;
1769 2664 1932 2722 Pater

331 2745 400 2799 de
428 2744 578 2801 nullo
607 2753 781 2817 patre,
810 2746 980 2803 Filius
1007 2749 1072 2805 de
1103 2748 1215 2806 Deo
1248 2750 1442 2816 Patre;
1474 2751 1681 2826 [Pater]
1710 2763 1930 2825 propter

329 2834 530 2891 Filium
565 2835 727 2893 Pater
751 2847 858 2903 est,
887 2837 1057 2896 Filius
1079 2855 1210 2896 vero
1242 2849 1298 2896 et
1324 2842 1468 2912 quod
1495 2841 1664 2898 Filius
1691 2854 1777 2898 est
1803 2860 1931 2914 pro—

328 2934 453 2997 pter
478 2925 696 2986 Patrem
726 2937 831 2996 est,
859 2937 912 2985 et
939 2933 1083 3001 quod
1109 2941 1214 3000 est,
1247 2948 1280 2987 a
1319 2933 1479 2988 Patre
1504 2942 1607 3000 est,
1647 2942 1704 2989 et
1737 2949 1770 2988 a
1793 2935 1926 3002 vita,

331 3015 442 3071 vita
470 3025 575 3072 est.
607 3017 770 3074 Pater
805 3021 898 3090 qui
933 3029 1018 3076 est
1043 3021 1152 3077 vita
1196 3023 1251 3078 in
1290 3025 1599 3095 semetipso,
1633 3026 1819 3096 genuit
1839 3026 1931 3081 Fi-

331 3106 464 3162 lium
496 3109 587 3179 qui
615 3119 762 3167 esset
794 3112 905 3167 vita
936 3113 990 3168 in
1023 3115 1336 3186 semetipso.
1369 3116 1493 3172 Ideo
1521 3126 1578 3172 et
1612 3121 1728 3190 ipse
1759 3119 1929 3176 Filius

329 3197 408 3253 ait
445 3215 459 3252 :
501 3198 656 3256 Sicut
692 3201 811 3257 uiuit
854 3202 1038 3271 Pater,
1075 3217 1128 3261 et
1157 3223 1251 3277 ego
1298 3209 1413 3262 vivo
1459 3220 1671 3280 propter
1712 3209 1928 3266 Patrem

2042 713 2191 773 Deus
2216 720 2436 776 cuilibet
2465 723 2518 776 in
2548 724 2725 780 Veteri
2766 713 3117 785 Testamento
3132 713 3372 800 Patrum,
3406 739 3500 793 sed
3532 713 3632 810 ap:

2040 809 2222 876 paruit
2243 812 2440 878 quibus
2474 814 2718 871 voluerat
2755 833 2852 888 per
2879 819 3176 887 subjectum
3209 834 3542 895 creaturam,
3566 809 3633 886 in

2040 916 2146 971 qua
2176 902 2420 958 voluerat
2450 907 2647 973 specie,
2674 916 2727 960 et
2750 911 3017 978 quomodo
3038 914 3224 968 voluit.
3261 916 3365 972 Sed
3405 921 3635 977 nullate-

2037 1006 2142 1047 nus
2182 1009 2213 1047 a
2253 995 2494 1064 quolibet
2539 999 2686 1052 visus
2724 1008 2806 1055 est
2853 1000 2953 1074 [in]
2996 1005 3294 1061 substantia
3334 1009 3634 1066 divinitatis

2038 1097 2183 1149 sum,
2224 1100 2344 1154 quae
2377 1088 2599 1143 omnino
2636 1091 2920 1148 invisibilis
2952 1103 3008 1149 et
3047 1097 3500 1157 incommutabilis
3527 1114 3629 1158 est.

2039 1172 2191 1240 Quod
2223 1177 2569 1238 beatissimus
2599 1190 2653 1235 et
2684 1199 2913 1253 magnus
2940 1188 3200 1256 propheta
3234 1189 3444 1261 Moyses
3476 1194 3632 1248 intel-

2038 1265 2211 1335 ligens
2234 1268 2308 1322 ait
2332 1268 2474 1335 Deo,
2503 1285 2624 1326 cum
2655 1289 2764 1343 quo
2794 1282 2853 1328 ut
2874 1276 3081 1332 amicus
3112 1279 3177 1332 ad
3208 1281 3461 1346 amicum,
3494 1281 3634 1338 facie

2038 1361 2106 1416 ad
2138 1360 2328 1416 faciem
2357 1363 2571 1420 locutus
2595 1382 2716 1421 esse
2736 1368 2970 1424 dicitur:
3002 1368 3061 1425 Si
3080 1371 3250 1425 int-eui
3271 1375 3493 1442 gratiam
3511 1386 3634 1430 ante

2036 1464 2116 1520 te,
2151 1459 2365 1512 ostende
2407 1461 2537 1515 milii
2576 1463 2902 1533 temetipsum
2937 1465 3135 1534 (Exod.
3166 1483 3374 1535 sum,
3413 1470 3522 1542 15).
3571 1473 3628 1527 Si

2036 1543 2220 1613 itaque
2241 1543 2358 1613 ejus
2374 1555 2623 1603 naturam
2648 1552 3116 1625 substantiamque
3137 1560 3488 1627 conspiceret,
3513 1562 3632 1616 nul-

2038 1635 2251 1690 latenus
2271 1637 2479 1694 diceret
2514 1657 2527 1694 :
2559 1639 2786 1696 Ostende
2812 1643 2940 1698 mihi
2975 1649 3320 1718 temetipsum.
3362 1651 3466 1721 ipsi
3501 1667 3632 1724 ergo

2036 1728 2288 1797 apparuit
2314 1729 2456 1785 Deus
2482 1731 2536 1785 in
2569 1747 2633 1786 ea
2659 1734 2841 1802 specie
2866 1750 2971 1805 qua
2999 1737 3271 1804 voluerat,
3303 1756 3408 1797 non
3446 1752 3629 1798 autem

2037 1819 2155 1889 ipse
2178 1822 2426 1891 apparuit
2452 1823 2529 1877 illi
2552 1824 2606 1878 in
2631 1833 2823 1880 natura
2848 1829 3065 1898 propria
3086 1870 3102 1895 ,
3126 1847 3287 1900 quam
3317 1832 3527 1905 Moyses
3547 1837 3628 1890 vi-

2038 1910 2170 1966 dere
2202 1914 2471 1984 cupiebat.
2513 1914 2797 1972 Manifeste
2848 1917 2981 1990 {Al.,
3027 1922 3278 1991 cupiebat
3321 1926 3626 2000 manifeste]

2040 2010 2268 2055 noverat
2293 2005 2500 2073 utique,
2537 2005 2680 2074 quod
2708 2007 3064 2078 corporaliter
3083 2011 3318 2076 videbat,
3351 2015 3630 2082 quodcun-

2037 2105 2144 2159 que
2169 2091 2418 2160 videbat;
2447 2103 2502 2150 et
2527 2112 2710 2151 veram
2735 2099 2995 2156 visionem
3027 2102 3121 2156 Dei
3151 2105 3506 2173 spiritualiter
3537 2123 3627 2162 re-

2036 2183 2304 2252 quirebat.
2335 2186 2562 2243 Locutio
2591 2191 2788 2260 quippe
2827 2191 2948 2258 illa,
2973 2209 3095 2264 qua:
3130 2195 3290 2252 tlebat
3319 2198 3373 2252 in
3405 2199 3628 2255 vocibus

2035 2277 2114 2330 sic
2139 2277 2301 2348 722
2328 2278 2759 2347 modiﬁcabatur,
2783 2291 3040 2355 tauquam
3061 2295 3205 2342 esset
3227 2290 3385 2347 amici
3406 2290 3628 2361 loquen-

2034 2368 2105 2422 tis
2134 2370 2201 2424 ad
2227 2372 2481 2427 amicum.
2509 2373 2810 2432 Cunllrmat
2844 2390 2973 2434 vero
2994 2382 3320 2453 evangelista
3362 2381 3456 2439 Dei
3507 2400 3626 2442 esse.

2034 2468 2284 2517 naturam
2312 2465 2624 2520 omnimodo
2651 2467 2998 2534 invisibilem,
3022 2471 3112 2526 ubi
3141 2474 3217 2526 ait
3243 2494 3255 2526 :
3281 2473 3447 2528 Deum
3473 2492 3623 2530 nemo

2030 2550 2160 2604 uidit
2186 2569 2418 2623 unquam
2449 2553 2630 2626 (Joan.
2670 2574 2707 2623 ι,
2748 2559 2868 2632 l8);
2898 2563 3024 2631 quia
3060 2563 3446 2633 plenitudinem
3488 2568 3625 2622 divi-

2032 2642 2220 2698 nitatis
2239 2661 2358 2714 quae
2379 2646 2431 2702 in
2455 2647 2564 2703 Deo
2587 2659 2690 2715 est,
2719 2667 2876 2708 nemo
2900 2654 3070 2710 oculis
3089 2659 3242 2723 vidit,
3265 2675 3423 2714 nemo
3444 2670 3624 2715 mente

2031 2737 2459 2804 comprehendit.
2496 2737 2605 2794 Nec
2640 2742 2804 2796 etiam
2844 2742 3098 2815 angelica:
3136 2758 3342 2802 natura:
3378 2765 3624 2820 compre-

2032 2824 2314 2881 hensibilis
2339 2836 2424 2883 est
2450 2827 2592 2885 Deus
2618 2849 2630 2884 :
2659 2833 2784 2902 quia
2808 2848 2933 2889 vere
2960 2835 3516 2905 incomprehensibilis
3542 2841 3624 2894 di-

2030 2916 2203 2984 citur;
2233 2919 2328 2973 sed
2369 2923 2663 2977 secundum
2705 2940 3008 2982 mensuram
3050 2929 3354 2984 donationis
3393 2932 3504 2994 Dei,
3545 2932 3623 2987 ita

2031 3007 2201 3063 Deum
2249 3010 2333 3064 vel
2371 3012 2545 3082 angeli
2588 3015 2671 3068 vel
2712 3015 2905 3073 anima
2942 3029 3250 3075 sanctorum
3295 3023 3616 3093 intelligunt.

2030 3098 2264 3156 Proinde
2306 3104 2557 3172 quamvis
2600 3121 2772 3175 usque
2806 3108 2873 3163 ad
2910 3110 3275 3180 :equalitatem
3319 3115 3617 3184 angelicam

2030 3193 2267 3247 humana
2299 3204 2420 3263 post
2448 3199 2896 3254 resurrectionem
2922 3211 3113 3257 natura
3152 3203 3429 3273 proﬁciat,
3468 3216 3520 3260 et
3547 3206 3617 3260 ad

325 3285 515 3359 (Joan.
540 3305 620 3356 vt,
665 3291 780 3365 58).
808 3291 928 3351 Non
955 3294 1042 3352 .ita
1088 3297 1294 3355 dictum
1331 3305 1444 3366 est,
1477 3299 1630 3369 quasi
1661 3300 1713 3356 in
1746 3301 1926 3372 seipso
1953 3330 2000 3396 α

1903 3318 2000 3396 ος
2031 3287 3051 3399 ῗὶἮίὲΨὲἰέἒξίῖῗῖτῗξῗῖωὲἷοΓίξίθδίδ
3435 3296 3619 3399 "iam

325 3380 499 3441 Fui“
517 3387 792 3458 propriam
817 3404 924 3445 non
947 3391 1173 3447 habere;
1194 3395 1377 3459 vitam,
1401 3395 1496 3450 sed
1513 3397 1926 3466 participatione
1956 3379 2000 3396 “'
2031 3385 2210 3430 tamen
2238 3379 2355 3447 ejus
2383 3380 2676 3435 essentiam
2706 3381 2860 3451 plene
2884 3397 2992 3436 non
3015 3384 3177 3449 valet,
3210 3387 3301 3440 sed
3328 3388 3618 3458 unicuique

328 3483 570 3546 paternas
609 3479 734 3535 vitae
765 3481 935 3537 vitam
979 3483 1222 3540 haberet.
1269 3485 1420 3542 Sicut
1457 3488 1646 3543 oculus
1690 3491 1925 3546 carnalis

327 3566 744 3638 participatione
768 3570 906 3628 lucis
928 3573 1155 3631 alterius
1176 3575 1355 3632 lumen
1385 3581 1610 3648 accipit,
1642 3582 1785 3651 quod
1815 3599 1923 3637 non

329 3655 494 3714 habet
516 3659 571 3714 in
590 3659 788 3731 seipso,
814 3663 920 3719 nisi
943 3664 1160 3722 aliunde
1183 3676 1502 3725 mutuasset.
1528 3669 1634 3726 Sed
1655 3673 1769 3743 jam
1787 3674 1924 3744 jam-

325 3763 434 3820 que
462 3748 596 3822 [Αι.,
619 3749 733 3821 jam
762 3755 966 3829 itaque]
996 3757 1120 3814 talis
1141 3775 1172 3813 a
1197 3759 1356 3817 Patre
1381 3763 1595 3834 genitus
1619 3776 1703 3821 est
1729 3767 1918 3836 Filius,

327 3839 421 3908 qui
447 3840 504 3896 in
535 3841 712 3912 seipse
746 3844 996 3901 viveret:
1026 3848 1165 3904 sicut
1205 3849 1367 3905 Pater
1410 3869 1516 3909 non
1554 3865 1637 3910 est
1677 3857 1922 3929 indigens

323 3931 458 3996 vita,
499 3933 580 3988 sic
609 3933 777 3989 Filius
816 3952 924 3992 non
968 3937 1234 4010 indigeret
1265 3940 1396 4015 [Αι.,
1438 3945 1664 4021 indiget]
1694 3949 1922 4007 alterius

323 4023 469 4080 vim.
506 4025 602 4081 Est
629 4025 793 4083 Pater
814 4029 942 4094 vita,
969 4039 1054 4086 est
1080 4031 1246 4089 Filius
1279 4036 1420 4103 vita;
1458 4047 1750 4110 utrumque
1786 4041 1917 4113 [ΑΛ.

324 4115 568 4189 utrique]
595 4126 774 4173 tamen
805 4135 914 4176 una
941 4121 1083 4188 vita,
1108 4137 1214 4179 non
1250 4127 1400 4193 duae,
1431 4130 1556 4198 quia
1591 4147 1730 4186 unus
1756 4132 1918 4199 Deus,

325 4220 435 4262 non
462 4207 569 4263 duo
601 4207 696 4264 dii.
726 4208 783 4262 In
809 4210 912 4265 hac
950 4227 1079 4266 vero
1107 4214 1215 4267 vita
1245 4216 1380 4269 vivit
1407 4218 1669 4284 mundus,
1698 4230 1752 4275 et
1778 4222 1921 4276 vivet

323 4299 563 4370 quandiu
610 4299 878 4356 obedierit
917 4303 1042 4359 huic
1082 4305 1223 4362 vitae.
1271 4305 1425 4365 Unde
1469 4318 1524 4365 et
1559 4309 1750 4368 Petrus
1787 4314 1863 4369 ait
1902 4334 1914 4369 :

328 4387 408 4446 Tu
449 4388 602 4443 verba
637 4391 756 4444 vita:
793 4402 1003 4447 (eterna.-
1038 4394 1197 4450 Itabes
1234 4395 1417 4466 (Joan.
1453 4415 1530 4466 vt,
1557 4401 1648 4472 69)
1682 4422 1695 4456 :
1724 4404 1778 4457 Id
1812 4415 1916 4473 est,

322 4480 418 4551 qui
447 4479 544 4533 tibi
569 4480 856 4550 obedierit,
889 4484 1058 4539 vitam
1085 4495 1344 4543 uernam
1375 4490 1556 4547 habet.
1582 4493 1648 4548 Et
1679 4495 1792 4564 ipse
1819 4495 1922 4553 Do-

325 4572 508 4629 minus
538 4590 554 4628 :
581 4575 779 4640 Amen,
822 4591 977 4631 omen
1020 4578 1138 4633 dico
1176 4581 1353 4647 vobis,
1379 4585 1504 4653 quia
1539 4587 1678 4640 venit
1712 4588 1920 4643 hora'et

326 4683 465 4722 nunc
486 4676 592 4733 est,
620 4669 832 4739 quando
859 4673 1057 4726 mortui
1089 4673 1305 4728 audient
1343 4691 1519 4732 vocem
1559 4676 1690 4732 Filii
1725 4678 1838 4744 Dei,
1871 4691 1920 4736 et
1947 4686 2000 4748 ι)

323 4760 416 4824 qui
441 4760 705 4815 audierint
731 4762 900 4818 vivent
924 4762 1108 4835 (Joan.
1137 4779 1189 4830 v,
1220 4765 1335 4839 25).
1367 4769 1508 4835 Quid
1535 4777 1620 4825 est
1640 4772 1786 4827 enim
1821 4789 1920 4828 au-

324 4849 500 4916 dient,
524 4851 625 4907 nisi
649 4851 962 4919 obaudient,
977 4854 1030 4910 id
1048 4863 1155 4920 est,
1173 4857 1466 4914 obedierit?
1481 4857 1752 4927 Quantum
1776 4865 1922 4918 enim

326 4941 562 5010 pertinet
588 4942 670 4997 ad-
693 4943 842 5000 auris
891 4945 1156 5012 auditum,
1196 4963 1304 5004 non
1344 4964 1534 5008 omnes
1570 4953 1662 5023 qui
1703 4955 1922 5009 audient

327 5033 543 5101 vivent;
573 5035 729 5092 multi
764 5037 908 5092 enim
946 5039 1186 5103 audiunt,
1218 5049 1274 5096 et
1299 5057 1404 5098 non
1430 5045 1680 5110 credunt,
1705 5046 1788 5102 vel
1815 5061 1921 5102 non

329 5119 535 5177 iaciunt
574 5139 696 5194 quas
739 5123 876 5198 [Al.,
904 5126 1071 5201 quod]
1117 5129 1373 5195 credunt;
1416 5133 1683 5190 audiendo
1717 5145 1773 5191 et
1813 5151 1921 5192 non

328 5213 600 5270 credendo
640 5231 746 5272 non
773 5218 1062 5286 obediunt;
1101 5236 1210 5276 non
1246 5223 1548 5280 obediendo
1577 5242 1685 5283 non
1719 5230 1919 5284 vivent.

329 5303 516 5373 Itaque
563 5308 618 5362 hi
671 5310 764 5379 qui
808 5310 1046 5379 audient,
1085 5313 1220 5370 nihil
1264 5323 1350 5370 est
1376 5317 1546 5386 aliud,
1579 5335 1742 5392 quam
1779 5323 1924 5392 quod

328 5397 592 5455 obediunt
618 5413 632 5453 :
661 5402 755 5471 qui
778 5417 910 5475 ergo
936 5403 1214 5473 obedient,
1245 5409 1448 5466 vivent.

928 5535 1156 5596 CAPUT
1190 5541 1332 5599 XVI.

334 5647 829 5735 Quod-substantia.
855 5654 1142 5735 divinitatis
1180 5660 1479 5716 omnimodo
1525 5664 1794 5720 invisibilis
1832 5667 1920 5735 sit,

466 5730 514 5774 et
545 5720 1075 5792 incomprehensibilis
1103 5726 1156 5783 in
1179 5745 1277 5783 suo
1306 5741 1498 5786 natura
1522 5737 1798 5790 creaturis.

407 5833 560 5890 Sicut
601 5835 764 5908 igitur
804 5837 1156 5898 immutabilis
1200 5852 1285 5900 est
1317 5847 1536 5903 omnino
1563 5847 1724 5915 Deus,
1763 5852 1834 5906 ita
1866 5861 1924 5910 et

335 5924 619 5981 Invisibilis
645 5934 728 5982 est
768 5926 821 5980 in
858 5937 1049 5985 natura
1078 5934 1460 6003 magnitudinis
1499 5953 1628 5994 suae.
1667 5940 1923 6007 Quamvis

2026 3478 2336 3524 sanctorum
2377 3472 2445 3525 ad
2494 3488 2604 3526 sua:
2643 3472 3021 3532 suﬁcientiam
3060 3475 3408 3534 beatitudinis
3437 3479 3614 3534 mani-

2025 3562 2310 3618 testabitur
2339 3566 2509 3636 gloria
2533 3567 2666 3636 ejus.

2591 3678 2821 3739 CAPUT
2856 3682 3014 3738 XVII.

2025 3765 2179 3830 Quod
2206 3767 2313 3842 illm
2340 3769 2580 3842 visiones,
2607 3789 2727 3842 qua
2752 3773 2806 3827 in
2820 3771 2989 3828 Veteri
3013 3773 3343 3832 Testamento
3364 3776 3615 3836 Patr-ibus

2092 3839 2395 3917 apparuisse
2414 3839 2686 3917 leguntur,
2719 3844 2947 3898 maxime
2969 3862 3064 3916 per
3093 3849 3354 3917 angelicas
3381 3851 3614 3907 admini-

2097 3908 2372 3962 strationes
2399 3908 2600 3978 ﬁerent.

2089 4018 2244 4084 Quod
2275 4036 2402 4073 vero
2429 4023 2609 4076 omnia
2639 4037 2760 4092 qua:
2781 4023 3035 4082 Patribus
3063 4029 3176 4082 visa
3204 4040 3328 4085 sunt
3356 4032 3612 4103 congruis

2021 4111 2351 4179 temporibus
2392 4112 2474 4164 vel
2503 4112 2664 4177 locis,
2701 4116 2993 4170 secundum
3034 4118 3126 4173 Dei
3153 4119 3608 4189 dispensationem

2019 4214 2118 4268 per
2164 4201 2435 4270 angelieas
2477 4217 2598 4258 esse
2646 4203 2779 4276 [ΑΛ.
2827 4207 3030 4280 essent]
3082 4211 3607 4280 administrationes,

2019 4291 2357 4360 apertissime
2379 4293 2612 4349 eximius
2634 4297 2815 4351 mundi
2842 4298 3055 4363 Doctor,
3079 4302 3170 4370 qui
3198 4302 3252 4356 in
3274 4303 3491 4358 tertium
3511 4320 3606 4359 ra-

2017 4391 2144 4451 ptus
2178 4383 2370 4437 cmlum
2402 4386 2606 4440 audivit
2635 4385 2764 4458 [Α(.,
2789 4388 2977 4443 audire
3005 4388 3222 4462 meruit]
3249 4392 3493 4462 quaedam
3516 4409 3606 4449 ar-

2019 4488 2155 4528 cana
2179 4477 2558 4545 mysteriorum
2581 4477 2675 4532 Dei
2701 4479 2884 4543 verba,
2903 4482 3160 4544 ostendit,
3185 4482 3272 4537 ubi
3294 4484 3397 4538 ait:
3415 4484 3607 4541 Nonne

2019 4582 2193 4620 omnes
2224 4578 2342 4622 sunt
2371 4569 2808 4624 administratorii
2842 4571 3054 4641 spiritus
3074 4573 3144 4626 ad
3170 4575 3609 4632 ministrationetls

2024 4655 2194 4719 missi,
2236 4667 2446 4726 propter
2495 4675 2580 4712 eos
2627 4660 2716 4731 qui
2768 4658 3125 4716 Ita'reditatem
3171 4664 3381 4735 capiunt
3421 4664 3610 4722 salutis

2023 4743 2210 4817 (Hebr.
2242 4763 2282 4812 ι,
2321 4748 2442 4818 M);
2473 4749 2660 4804 volens
2696 4749 2920 4823 intelligi
2951 4751 3038 4808 illa
3078 4757 3258 4810 omnia
3296 4772 3404 4811 non
3432 4758 3608 4814 solum

2021 4853 2120 4906 per
2149 4840 2368 4909 angelos
2400 4840 2570 4904 facta,
2599 4844 2694 4898 sed
2717 4845 2882 4899 etiam
2911 4856 3132 4916 propter
3157 4863 3254 4904 nos
3283 4850 3424 4906 facts
3442 4891 3458 4916 ,
3485 4867 3608 4922 quae

2024 4921 2080 4980 in
2108 4930 2381 4985 veteribus
2412 4929 2665 5000 leguntur
2693 4930 3136 5003 tignrationibus;
3165 4949 3215 4993 et
3250 4940 3411 5009 paulo
3436 4921 3558 5010 post
3587 4961 3603 4996 :

2024 5017 2087 5074 Si
2111 5019 2248 5073 enim
2277 5038 2445 5077 sermo
2469 5039 2560 5094 per
2587 5025 2798 5095 angelos
2827 5027 3027 5090 dictus,
3064 5030 3235 5099 [uetus
3264 5041 3340 5086 est
3366 5032 3552 5102 ﬁrmus
3586 5049 3604 5088 :

2021 5112 2201 5167 omnia
2230 5129 2349 5182 qua:
2374 5116 2496 5170 data
2522 5129 2649 5171 sunt
2675 5119 2757 5173 vel
2788 5119 2929 5175 dicta
2957 5123 3152 5192 popqu
3180 5125 3370 5194 priori,
3390 5141 3488 5194 per
3508 5143 3605 5184 an-

2022 5204 2171 5273 gelos
2215 5205 2516 5262 ministrata
2551 5223 2669 5262 esse
2707 5211 2971 5277 ostendit;
3010 5223 3209 5270 nostra:
3250 5231 3379 5271 vero
3415 5217 3606 5275 salutis

2022 5298 2283 5368 originem
2314 5309 2366 5352 et
2398 5300 2782 5370 plenitudinem
2812 5321 2909 5375 per
2932 5306 3102 5376 ipsum
3133 5307 3227 5363 Dei
3254 5307 3449 5365 Filium
3477 5327 3603 5367 mox

2023 5389 2078 5443 in
2106 5392 2452 5459 sequentibus
2480 5392 2718 5460 ejusdem
2752 5396 2991 5464 epistolre
3030 5400 3209 5455 verbis
3244 5401 3601 5458 ministratam

2024 5493 2146 5534 esse
2165 5479 2567 5536 demonstravit.
2597 5483 2662 5538 Et
2681 5485 2872 5541 beatus
2900 5486 3206 5557 Stephanus
3241 5499 3603 5564 protomartyr

2026 5571 2272 5640 angelum
2302 5571 2466 5643 Moysi
2493 5573 2728 5629 locutum
2750 5591 2869 5631 esse
2889 5578 2942 5633 in
2967 5576 3181 5633 ﬂamma
3206 5580 3344 5651 ignis
3371 5584 3602 5638 asseruit

2024 5663 2079 5715 in
2109 5662 2468 5731 disputatione
2499 5678 2662 5733 quam
2691 5666 2878 5722 habuit
2904 5679 3094 5725 contra
3127 5670 3455 5740 lapidatores
3475 5686 3602 5728 suos

2025 5753 2163 5823 (Act.
2194 5755 2332 5825 vn);
2376 5755 2506 5809 dum
2536 5755 2590 5810 in
2627 5757 2810 5814 eadem
2845 5759 3050 5816 visione
3087 5763 3285 5819 dicitur
3317 5764 3602 5819 Dominum

2024 5848 2336 5915 apparuisse
2362 5845 2532 5918 Moysi
2560 5867 2573 5902 :
2605 5861 2964 5921 apparuerunt
2988 5869 3119 5909 vero
3144 5855 3334 5928 angeli,
3360 5865 3413 5913 et
3435 5856 3600 5911 locuti

2024 5952 2149 5998 sunt
2177 5944 2228 5999 in
2270 5959 2498 6014 persona
2540 5944 2678 6000 illius
2705 5945 2795 6016 qui
2820 5963 2916 6006 eos
2951 5950 3220 6007 direxerat
3261 5950 3455 6027 (Exod.
3490 5953 3595 6010 tul.
