4346 6670
182 534 256 590 57
798 529 1224 589 DOGMATICA.
1263 561 1334 571 -—
1373 530 1462 586 DE
1501 528 1657 583 FIDE
1698 529 1756 584 S.
1798 525 2196 584 TRINI'I‘ATIS
2235 523 2413 582 LIBRI
2453 523 2541 580 lll.
2588 523 2715 578 LIB.
2761 521 2848 578 lll.
3402 523 3477 580 '58

771 641 1001 704 CAPUT
1020 682 1021 685 η
1038 647 1180 704 XXI.

178 757 296 814 Cur
317 758 456 816 idem
482 758 712 833 Spiritus
728 773 942 816 sanctus
965 761 1043 815 bis
1063 779 1095 816 α
1118 760 1231 816 Deo
1259 759 1468 816 Christo
1490 759 1647 814 datus
1676 759 1740 813 sit
1755 758 1783 813 .7

254 886 281 915 ι
309 873 531 944 Absque
555 873 891 929 dubitatione
919 875 1040 930 ideo
1069 872 1304 945 Spiritus
1328 882 1550 929 sanctus
1576 871 1661 927 his
1691 872 1784 928 da-

180 975 268 1020 tus
297 975 403 1030 est,
429 976 490 1021 ut
507 965 1020 1022 commendarentur
1044 965 1150 1022 duo
1175 974 1442 1037 praecepta
1471 963 1780 1021 charitatis.

181 1057 301 1112 Duo
332 1066 457 1113 sunt
484 1059 630 1114 enim
666 1068 964 1129 praecepta,
997 1061 1090 1116 sed
1117 1075 1222 1113 una
1264 1067 1350 1114 est
1391 1058 1664 1122 Charitas;
1703 1056 1784 1112 sic

178 1150 345 1206 etiam
373 1167 512 1206 unus
551 1150 814 1222 Spiritus,
854 1160 910 1205 et
942 1153 1047 1208 duo
1083 1152 1226 1206 data.
1259 1152 1367 1207 hee
1402 1150 1506 1206 alia
1543 1149 1784 1206 cbaritas

179 1239 360 1313 diligit
403 1242 740 1312 proximum,
786 1257 950 1312 quam
994 1242 1084 1297 illa
1129 1258 1251 1313 quae
1282 1241 1460 1310 diligit
1492 1241 1682 1296 Deum.
1721 1240 1782 1296 In

179 1337 333 1384 terra
357 1331 518 1386 datur
547 1330 805 1400 Spiritus,
832 1340 894 1386 ut
917 1331 1175 1402 diligatur
1196 1331 1478 1403 proximus
1507 1347 1519 1382 :
1553 1330 1619 1383 de
1645 1327 1784 1384 coelo

178 1420 362 1485 datur,
401 1430 463 1478 ut
497 1423 751 1494 diligatur
791 1424 954 1480 Deus.
1009 1423 1268 1493 Quamvis
1312 1424 1383 1478 sit
1429 1422 1574 1478 aliud
1617 1422 1780 1485 Deus,

179 1513 334 1567 aliud
359 1514 667 1584 proximus,
696 1524 876 1570 tamen
920 1532 1029 1572 una
1057 1515 1325 1571 charitate
1363 1512 1666 1586 diligendus
1699 1519 1787 1568 est

181 1606 332 1663 Deus
359 1615 415 1663 et
439 1607 739 1681 proximus.
785 1608 956 1662 Deum
989 1607 1111 1678 plus
1136 1605 1343 1676 seipse,
1383 1605 1691 1675 proximum
1724 1607 1788 1655 ut

178 1700 427 1771 seipsum
451 1710 664 1755 amator
687 1708 851 1755 amet.
883 1699 941 1754 In
985 1707 1132 1754 terra
1163 1697 1410 1754 Christus
1439 1695 1586 1752 dedit
1614 1693 1786 1765 Spiri-

181 1799 328 1854 tum,
355 1789 450 1846 sed
472 1789 540 1844 de
569 1790 708 1845 coelo
735 1801 818 1845 est
843 1789 986 1860 quod
1016 1789 1182 1844 dedit.
1207 1788 1300 1844 llle
1332 1788 1477 1843 enim
1505 1787 1674 1852 dedit,
1693 1785 1786 1857 qui

180 1878 428 1935 delerelo
455 1879 754 1936 descendit.
787 1879 888 1936 llic
925 1881 1131 1936 invenit
1155 1880 1243 1934 cui
1291 1881 1479 1945 daret,
1527 1879 1620 1935 sed
1663 1878 1787 1934 inde

173 1969 374 2027 attulit
412 1970 541 2040 quid
573 1969 708 2042 [Al.,
737 1969 902 2044 quod]
933 1971 1108 2027 daret.
1139 1969 1246 2026 Sed
1275 1971 1381 2026 ista
1411 1971 1648 2026 Charitas
1676 1984 1784 2024 non

179 2066 405 2116 tenetur
428 2058 531 2114 nisi
561 2061 617 2115 in
645 2062 853 2116 unitate
877 2060 1133 2117 Ecclesia:
1153 2060 1378 2126 Christi,
1399 2075 1502 2114 nec
1521 2060 1668 2120 illam
1693 2061 1789 2116 ha-

177 2147 340 2216 bent,
369 2149 464 2220 qui
492 2165 553 2208 se
578 2150 825 2207 dividunt
849 2152 916 2207 ab
943 2151 1152 2212 unitate
1176 2151 1456 2208 catholicae
1486 2150 1653 2223 pacis.

774 2261 1007 2320 CAPUT
1041 2262 1208 2321 XXII.

185 2371 445 2440 Quamvis
473 2375 682 2430 diversa
717 2374 820 2429 sint
860 2374 957 2428 Dci
988 2373 1128 2429 dona
1155 2377 1210 2430 in
1241 2375 1459 2441 sanctis,
1482 2378 1548 2430 ab
1573 2393 1678 2433 uno
1704 2391 1794 2432 eo-

426 2446 646 2517 demque
662 2443 866 2516 Spiritu
889 2445 1109 2516 singulis
1129 2447 1578 2518 singula'dantur.

260 2556 412 2615 Dona
447 2559 626 2621 sancti
664 2556 905 2630 Spiritus
943 2558 1205 2615 membris
1232 2558 1489 2615 Ecclesia:
1521 2558 1793 2630 sigillatim

182 2646 531 2713 dividuntur,
561 2655 619 2702 et
664 2647 888 2718 singulis
926 2648 1136 2718 singula
1182 2650 1323 2705 dona
1366 2650 1696 2705 tribuuntur.
1734 2649 1794 2705 In

182 2735 414 2791 Christo
465 2737 734 2806 siquidem
791 2737 908 2791 solo
955 2738 1132 2794 omnis
1181 2737 1460 2809 plenitudo
1507 2739 1792 2804 donorum,

183 2828 318 2897 quia
347 2828 525 2884 omnis
551 2827 829 2899 plenitudo
871 2829 1172 2885 divinitatis
1207 2831 1261 2886 in
1288 2845 1354 2885 eo
1381 2830 1607 2886 habitat.
1645 2829 1797 2888 Unde

184 2921 385 2991 plenus
425 2921 616 2991 gratia:
643 2929 699 2976 et
723 2921 972 2977 veritatis
1006 2922 1075 2978 ab
1102 2922 1432 2993 evangelista
1466 2923 1798 2993 praedicatur

188 3011 378 3082 (Joan.
406 3027 444 3074 ι,
471 3010 581 3078 lt).
606 3009 665 3065 ln
687 3008 892 3080 Spiritu
924 3019 1112 3067 sancto
1133 3013 1311 3067 omnis
1332 3013 1508 3083 gratia
1529 3012 1796 3068 donorum

189 3100 443 3156 consistit
473 3098 609 3172 [Αι.,
638 3099 877 3171 existit];
911 3101 1026 3171 ipse
1053 3102 1218 3166 enim,
1250 3113 1411 3172 prout
1430 3102 1564 3171 vult,
1590 3104 1797 3174 gratias

189 3190 460 3245 donorum
510 3189 758 3262 largitur,
803 3191 926 3245 aliis
964 3192 1100 3246 dans
1148 3207 1453 3248 sermonem
1493 3194 1793 3266 sapientiae,

190 3282 317 3336 aliis
341 3282 615 3347 scientia},
648 3281 770 3338 aliis
813 3282 1010 3348 fidem;
1061 3292 1224 3354 atque
1256 3283 1376 3357 [ita]
1416 3285 1705 3356 unicuique
1740 3286 1793 3340 in

1803 649 1853 709 Α
1880 643 2145 699 luntatem
2174 638 2471 711 largitoris,
2503 645 2558 692 ct
2586 637 2638 692 in
2665 637 2918 691 omnibus
2943 635 3083 690 idem
3115 635 3350 706 Spiritus
3377 638 3477 692 ba-

1883 734 2067 794 betur,
2095 732 2237 788 sicut
2257 729 2312 785 in
2334 727 2615 800 prophetis
2639 743 2778 782 unus
2800 736 2961 796 atque
2992 727 3133 781 idem
3165 729 3373 781 locutus
3397 735 3484 782 cst

1885 823 2121 896 Spiritus
2150 821 2204 893 (1
2227 820 2352 878 Cor.
2375 835 2476 885 xu,
2501 818 2534 873 4
2559 820 2712 890 seq.).
2742 817 2859 889 Ipse
2881 821 3043 873 etiam
3072 816 3364 872 inell'abilia
3388 817 3483 872 do-

1883 922 2002 980 cet,
2040 928 2163 984 qua;
2190 911 2439 983 proferre
2479 909 2749 964 humanus
2777 923 2956 962 sermo
2985 923 3091 962 non
3120 915 3330 979 potest;
3371 907 3484 977 ipse

1881 1006 2026 1062 enim
2071 1002 2269 1058 dicitur
2307 1001 2377 1056 ab
2412 999 2670 1071 Apostolo
2709 999 2999 1070 gemitibus
3029 997 3484 1054 iuenarrabilibus

1883 1095 2158 1167 postulare
2185 1108 2284 1164 pro
2308 1091 2464 1148 nobis
2498 1089 2678 1164 (Rom.
2705 1106 2828 1156 vni,
2857 1090 2948 1160 26)
2976 1109 2989 1144 :
3021 1090 3300 1161 postulare
3325 1089 3486 1159 plane

1884 1185 2102 1251 dicitur,
2143 1184 2268 1254 quia
2307 1197 2408 1240 nos
2436 1178 2781 1257 postulantes
2827 1181 2957 1236 facit
2999 1181 3259 1236 ineffabili
3302 1181 3484 1235 cordis

1883 1276 2106 1348 gemitu.
2159 1275 2266 1330 Sed
2309 1289 2416 1329 non
2458 1288 2602 1330 nunc
2625 1313 2640 1339 ,
2687 1283 2748 1328 ut
2785 1275 3090 1344 quondam,
3129 1275 3268 1328 dona
3307 1274 3485 1327 sancti

1885 1369 2123 1442 Spiritus
2164 1377 2292 1425 sunt
2326 1368 2380 1422 in
2413 1367 2754 1434 hominibus;
2795 1382 2921 1422 nam
2962 1366 3152 1438 paucis
3191 1365 3246 1421 in
3285 1363 3485 1435 populo

1883 1459 2050 1516 Israel
2079 1459 2218 1516 dona
2257 1459 2600 1514 emicuerunt
2632 1459 2805 1514 sancti
2839 1457 3074 1529 Spiritus
3110 1472 3209 1528 per
3232 1454 3489 1526 qumlibet

1885 1551 2072 1622 signa,
2096 1548 2180 1605 vel
2210 1549 2554 1621 prOphetias;
2609 1565 2754 1604 nunc
2785 1559 2964 1604 autem
2993 1550 3046 1603 in
3076 1549 3223 1602 omni
3263 1545 3488 1600 creden-

1887 1641 2020 1696 tium
2059 1641 2404 1697 multitudine
2443 1639 2679 1711 Spiritus
2717 1641 2890 1696 sancti
2934 1641 3109 1712 gratia
3148 1636 3486 1702 dillunditur,

1887 1733 2182 1789 secundum
2237 1731 2565 1786 voluntatem
2625 1731 3000 1786 distribuentis
3057 1729 3295 1800 Spiritus
3350 1725 3485 1800 ML,

1889 1823 2030 1896 Dei].
2057 1823 2127 1878 Et
2150 1825 2253 1880 hoc
2276 1832 2381 1888 est,
2411 1823 2555 1893 quod
2576 1823 2630 1876 in
2657 1820 2950 1892 Evangelio
2974 1820 3204 1876 dicitur:
3235 1819 3489 1874 Nondum

1887 1915 2024 1970 enim
2063 1922 2175 1968 erat
2213 1911 2443 1982 Spiritus
2471 1912 2661 1978 datus,
2691 1913 2818 1984 quia
2853 1910 3011 1966 Jesus
3053 1911 3285 1965 nondum
3315 1909 3491 1980 fuerat

1821 2013 1864 2074 Β
1888 2003 2214 2075 gloriﬁcatus
2260 2002 2393 2075 [Al.,
2419 2001 2766 2074 clariﬁcatus]
2809 2001 2990 2074 (Joan.
3032 2017 3130 2063 vn,
3176 2001 3291 2072 59).
3339 2000 3494 2055 Sicut

1889 2097 2035 2152 enim
2063 2095 2226 2152 unius
2257 2095 2505 2166 corporis
2538 2096 2781 2150 membra
2820 2094 3030 2150 diversa
3060 2093 3261 2148 habent
3287 2089 3489 2157 ofﬁcia,

1889 2205 2012 2262 quae
2040 2196 2221 2244 tamen
2257 2187 2438 2243 omnia
2465 2201 2573 2242 una
2610 2195 2870 2258 operatur
2902 2187 3083 2241 anima
3108 2193 3165 2240 et
3189 2184 3348 2256 regit,
3379 2182 3492 2239 dis-

1891 2285 2138 2338 tribuens
2180 2280 2476 2350 unicuique
2525 2279 2800 2347 membro,
2830 2279 2959 2350 quid
2994 2277 3191 2342 faciat;
3223 2275 3398 2338 oculo,
3433 2283 3496 2329 ut

1890 2373 2109 2438 videat;
2140 2372 2348 2437 manui,
2376 2378 2438 2426 ut
2467 2379 2751 2443 operetur;
2780 2371 2940 2442 pedi,
2963 2379 3024 2424 ut
3051 2367 3320 2436 ambulet;
3349 2366 3490 2434 auri,

1892 2470 1955 2518 ut
1978 2462 2162 2518 audiat
2189 2479 2203 2516 :
2230 2460 2309 2516 sic
2335 2469 2462 2518 sunt
2481 2460 2647 2516 etiam
2671 2460 2884 2515 diversa
2916 2459 3058 2515 dona
3085 2458 3334 2513 ﬁdelibus
3365 2467 3490 2513 tan-

1893 2568 2054 2624 quam
2084 2552 2346 2608 membris
2366 2553 2432 2608 ad
2459 2565 2768 2608 mensuram
2786 2549 2980 2621 cuique
3002 2551 3276 2621 propriam
3301 2549 3491 2604 distri-

1891 2643 2043 2698 buta.
2075 2640 2332 2710 Quamvis
2357 2640 2521 2706 enim,
2544 2651 2601 2696 et
2630 2640 2683 2695 in
2715 2639 2862 2695 omni
2889 2639 3126 2695 lidelium
3147 2639 3494 2694 multitudine

1896 2731 2123 2787 diversae
2148 2731 2256 2788 sint
2276 2732 2540 2789 donorum
2562 2733 2772 2802 gratim,
2798 2746 2967 2785 unum
2989 2738 3171 2785 tamen
3191 2745 3389 2802 corpus
3409 2742 3497 2785 est.

1894 2821 2151 2878 Ecclesia:
2175 2837 2276 2893 per
2302 2837 2478 2877 unum
2499 2821 2784 2892 Spiritum,
2806 2837 2911 2876 una
2931 2821 3214 2877 charitatis
3235 2836 3497 2893 compage

1893 2914 2322 2986 conglutinatam
2369 2922 2532 2984 atque
2575 2929 2876 2969 connexum
2911 2930 2923 2966 :
2955 2914 3048 2984 qui
3088 2913 3327 2984 Spiritus
3360 2929 3496 2969 meae

1896 3004 2217 3061 humilitatis
2254 3004 2469 3075 spiritui
2499 3004 2766 3075 inSpirare
2793 3003 3068 3074 dignetur,
3090 2999 3220 3074 quid
3241 3001 3497 3073 deinceps

1896 3097 2182 3153 dicendum
2213 3097 2285 3152 sit
2311 3095 2378 3150 de
2407 3093 2662 3150 inell‘abili
2689 3093 2892 3150 Christi
2920 3091 3048 3148 Jcsu
3076 3093 3286 3148 Domini
3321 3094 3495 3149 nostri

1895 3188 2209 3254 Nativitate,
2238 3189 2305 3243 de
2330 3203 2437 3259 quo
2475 3187 2745 3258 Propheta
2785 3187 2863 3241 ait
2898 3204 2912 3240 :
2949 3184 3350 3240 Cencrationem
3382 3185 3496 3256 ejus

1895 3285 2014 3356 quis
2045 3284 2310 3338 enarrabit
2343 3281 2494 3355 (Isai.
2531 3296 2648 3345 ιιιι,
2681 3279 2774 3350 8)?
2803 3277 2948 3350 quod
2976 3279 3045 3334 ab
3094 3277 3201 3332 alio
3229 3277 3493 3350 incipien-

190 3372 394 3427 rirtute
423 3373 599 3428 sancti
625 3370 860 3445 Spiritus
886 3373 1060 3446 gratia
1089 3373 1347 3430 tribuitur
1375 3376 1672 3432 secundum
1700 3391 1794 3432 vo-
1817 3363 1867 3426 c
1897 3375 2027 3431 dum
2051 3388 2172 3429 esse
2192 3371 2416 3428 exordio
2443 3370 2637 3426 melius
2662 3368 2918 3424 arbitror.

267 3515 293 3544 ι
335 3503 543 3561 Encas
564 3504 739 3570 Paris,
771 3521 891 3576 cap.
929 3504 1018 3562 86.

1502 3733 1737 3795 LIBER
1781 3733 2144 3796 TERTIUS.

807 3854 1195 3913 PROLOGUS.

268 3946 418 4003 Duas
443 3947 590 4003 enim
625 3956 908 4002 creaturas
946 3949 1236 4004 rationales
1267 3946 1506 4003 condidit
1529 3956 1741 4003 creator
1774 3966 1788 4002 :

193 4053 364 4093 unam
403 4037 708 4102 ccelestem,
743 4037 969 4093 alteram
1010 4047 1355 4106 terrestrem;
1406 4049 1465 4095 et
1506 4048 1793 4109 utramque

193 4129 355 4185 liberi
393 4128 606 4184 arbitrii
635 4137 912 4199 potestate
951 4130 1284 4196 nobilitavit,
1312 4138 1373 4185 ut
1408 4129 1709 4185 voluntarie
1737 4129 1792 4184 in

193 4219 491 4276 dilectione
515 4216 632 4285 Dei,
653 4227 710 4273 et
731 4217 926 4273 divina:
949 4218 1204 4288 potentia:
1229 4217 1386 4274 laude
1410 4215 1795 4289 perpetualiter

196 4321 366 4382 atque
395 4311 553 4365 beate
579 4317 942 4380 permaneret.
977 4307 1083 4367 Sed
1110 4310 1235 4379 quia
1269 4313 1437 4380 prior,
1465 4309 1517 4366 id
1551 4321 1654 4376 est,
1693 4328 1792 4366 an-

196 4403 391 4475 gelica,
417 4416 524 4456 non
555 4409 738 4455 tamen
769 4407 900 4466 tota,
923 4400 1142 4470 propria
1161 4399 1478 4456 delectando
1505 4400 1669 4472 735
1694 4416 1794 4472 po-

197 4495 370 4552 tentia
391 4534 408 4560 ,
437 4493 506 4548 ab
535 4507 721 4563 amore
755 4481 952 4547 summi
989 4490 1117 4546 boni
1157 4491 1436 4554 recedens,
1478 4491 1532 4546 in
1562 4492 1797 4562 seipsam

197 4587 446 4659 delapsa,
477 4584 562 4640 sui
610 4571 878 4639 homicida
918 4581 1059 4639 facta
1093 4591 1199 4647 est,
1237 4598 1596 4644 aerumnosam
1637 4591 1801 4652 atque

199 4677 476 4752 penalem
504 4674 798 4745 impietatis
823 4689 935 4728 sua:
968 4673 1327 4731 aeternitatem
1357 4682 1583 4743 experta
1621 4687 1634 4724 :
1678 4688 1805 4743 pro-

200 4770 331 4826 inde
365 4767 568 4823 invidia
595 4775 788 4821 contra
831 4765 1104 4819 hominem
1140 4764 1510 4829 inardescens,
1546 4778 1616 4819 ne
1643 4763 1807 4822 caele—

203 4872 347 4919 stem
371 4858 725 4916 beatitudinis
753 4857 937 4912 sedem
966 4856 1287 4926 possideret,
1321 4855 1566 4911 incitavit
1591 4870 1714 4910 eum
1739 4854 1805 4910 ad

204 4951 567 5026 peccandum,
595 4947 838 5004 efficiens
857 4963 978 5001 eum
1009 4962 1118 5002 sua:
1141 4947 1347 5002 socium
1378 4945 1630 5012 miseriae,
1651 4947 1807 5016 quasi

203 5043 482 5118 quoddam
523 5039 779 5096 solatium
827 5038 928 5092 sibi
969 5047 1116 5092 esset
1155 5053 1278 5092 cum
1328 5037 1576 5108 plurimis
1619 5053 1809 5108 pmnas

203 5137 320 5213 pati
349 5154 362 5189 :
395 5134 485 5190 vel
512 5133 679 5191 etiam
715 5137 776 5186 ut
809 5130 1005 5201 injuria
1045 5129 1279 5186 creatori
1317 5128 1627 5184 inurerctur
1672 5127 1806 5199 ML,

205 5223 597 5300 iagereretur],
622 5223 667 5280 si
697 5230 948 5278 creatura
977 5221 1042 5276 ad
1065 5221 1356 5292 imaginem
1387 5236 1540 5276 suam
1568 5219 1806 5284 condita,

206 5317 424 5390 perdito
442 5316 722 5388 dignitatis
744 5328 856 5368 suas
884 5311 1099 5366 nomine
1118 5311 1408 5368 etnuInine
1431 5308 1564 5383 [ΑΛ.
1591 5311 1810 5365 nomine

208 5414 264 5469 in
295 5419 563 5468 aeternum
602 5408 780 5479 ignem
813 5404 970 5478 sum],
1008 5421 1118 5460 sua;
1153 5405 1475 5460 subderetur
1521 5405 1806 5475 impietati.

209 5504 364 5572 Quod
387 5503 510 5573 pius
534 5499 786 5557 conditor
808 5513 914 5553 non
941 5512 1128 5567 passus
1145 5538 1158 5561 ,
1192 5497 1484 5552 miseratus
1513 5498 1806 5555 hominem.

212 5595 516 5652 reformare
540 5606 668 5648 eum
697 5591 881 5645 volens
909 5592 974 5646 ad
999 5591 1237 5660 pristinze
1259 5591 1536 5661 dignitatis
1562 5591 1812 5649 nobilita-

213 5699 346 5753 tem,
375 5686 523 5741 misit
553 5685 768 5739 unicum
803 5683 996 5735 Filium
1023 5697 1177 5736 suum
1208 5683 1480 5736 hominem
1512 5684 1807 5754 suscipere,

213 5791 274 5839 ut
311 5782 487 5846 idem,
517 5779 608 5850 qui
636 5777 776 5831 Deus
800 5784 919 5830 erat
958 5790 1025 5828 cx
1072 5774 1181 5829 Deo
1204 5815 1217 5834 ,
1247 5784 1389 5829 esset
1418 5775 1578 5830 homo
1614 5790 1681 5829 ex
1710 5777 1809 5830 ho-

215 5875 394 5936 mine,
433 5881 490 5927 et
531 5870 852 5924 immortalis
888 5868 1112 5921 haberet
1141 5867 1340 5936 aliquid
1373 5867 1512 5922 unde
1549 5868 1686 5922 mori
1715 5882 1812 5938 po-

219 5968 428 6023 tniSset.
462 5964 767 6034 Assumpsit
813 5961 992 6031 itaque
1023 5959 1116 6016 Dei
1159 5959 1325 6014 Filius
1370 5976 1434 6016 ex
1478 5959 1810 6015 mortalitate

1897 3863 2114 3920 nostra,
2144 3855 2289 3910 unde
2317 3853 2465 3910 salva
2490 3867 2586 3910 sua
2618 3852 3058 3920 immortalitate,
3087 3851 3332 3908 mortalis
3355 3852 3498 3907 esset

1899 3945 2033 4021 [Al.,
2065 3947 2204 4004 mori
2234 3946 2540 4018 potuisset],
2569 3937 2628 4002 et
2648 3945 2922 4000 diabolum
2960 3945 3196 4000 hominis
3231 3945 3497 3999 victorem

1899 4042 2072 4113 magis
2097 4038 2564 4109 vinceretjustitia
2593 4054 2755 4110 quam
2785 4040 3026 4109 potentia
3046 4078 3060 4102 ,
3101 4045 3160 4092 ut
3186 4037 3500 4092 ostenderet

1897 4141 2218 4202 utrumque,
2243 4139 2298 4186 et
2322 4138 2635 4202 perpetuam
2675 4130 2947 4200 aequitatis
2983 4145 3095 4184 sua:
3114 4126 3411 4197 justitiam,
3444 4137 3501 4184 ct

1900 4234 2117 4280 teternze
2157 4222 2418 4278 bonitatis
2453 4219 2612 4293 [suae]
2650 4221 3097 4276 misericordiam.
3134 4217 3406 4274 Justitiam
3442 4220 3499 4276 in

1901 4317 2089 4389 angelo
2113 4314 2383 4372 homicida
2413 4315 2497 4370 sui
2526 4314 2696 4386 ipsius
2716 4323 2878 4383 atque
2897 4313 3162 4379 hominis;
3196 4311 3249 4366 in
3279 4313 3498 4368 homine

1899 4423 2031 4463 vero
2056 4405 2125 4462 ab
2149 4406 2341 4462 eodem
2369 4406 2580 4476 perdito
2607 4405 3060 4473 misericordiam,
3080 4421 3240 4476 quem
3260 4407 3498 4477 gratuito

1903 4511 2112 4566 magna
2137 4494 2352 4566 pietatis
2378 4509 2490 4550 sua:
2513 4510 2739 4550 munere
2765 4495 3032 4552 redimere
3054 4495 3241 4550 voluit.
3265 4497 3417 4562 Quod
3441 4497 3496 4552 in

1909 4590 2260 4660 sequentibus
2273 4587 2455 4642 divina
2468 4589 2626 4656 nobis
2638 4589 2874 4645 donante
2885 4591 3061 4661 gratia
3073 4588 3273 4645 dicturi
3285 4596 3492 4647 sumus.

2421 4699 2652 4757 CAPUT
2691 4699 2983 4757 PRIMUM.

2081 4771 2162 4825 De
2186 4772 2359 4844 gratia
2387 4771 2502 4837 Dei,
2536 4789 2638 4845 qua
2662 4771 2802 4827 Deus
2830 4773 2986 4828 homo
3016 4771 3190 4841 factus
3216 4781 3313 4826 est.

1973 4860 2034 4918 In
2064 4863 2168 4918 hoc
2193 4863 2358 4919 etiam
2388 4864 2671 4919 evidenter
2703 4864 3118 4919 commendatur
3147 4864 3290 4934 quod
3320 4853 3496 4934 Spiri-

1909 4963 1997 5010 tus
2026 4964 2247 5011 sanctus
2280 4956 2351 5009 sit
2377 4956 2578 5011 donum
2611 4956 2727 5022 Dei,
2758 4956 2900 5011 sicut
2925 4971 3094 5028 supra
3133 4957 3493 5022 ostendimus,

1909 5045 2037 5099 dum
2064 5044 2262 5099 dicitur
2287 5045 2338 5100 in
2378 5044 2636 5117 Symbolo
2666 5045 2947 5101 catholic'e
2989 5045 3135 5110 ﬁdei,
3164 5045 3306 5115 quod
3336 5044 3496 5101 Chri-

1909 5147 2025 5194 stus
2061 5139 2127 5195 de
2165 5138 2370 5210 Spiritu
2398 5150 2587 5196 saneto
2618 5150 2932 5212 conceptus,
2969 5149 3026 5196 et
3071 5157 3137 5195 ex
3169 5135 3338 5195 Maria
3379 5141 3489 5196 vir-

1909 5231 2032 5300 gine
2064 5231 2136 5285 sit
2161 5240 2338 5286 natus.
2373 5231 2505 5287 Cum
2529 5233 2686 5288 aliter
2713 5235 2779 5288 dc
2809 5233 2918 5299 illo,
2943 5234 3102 5289 aliter
3133 5236 3198 5288 de
3221 5233 3308 5288 illa
3335 5245 3496 5290 natus

1909 5321 2001 5387 sit,
2029 5338 2136 5378 non
2175 5323 2240 5377 de
2271 5322 2363 5378 illo
2394 5324 2533 5380 sicut
2574 5325 2641 5380 de
2678 5324 2858 5389 Patre,
2897 5326 2964 5382 de
2983 5323 3074 5381 illa
3111 5341 3243 5381 vero
3266 5326 3409 5389 sicut
3428 5327 3495 5382 de

1911 5413 2081 5470 Matre
2121 5431 2132 5467 :
2165 5415 2293 5483 quid
2316 5424 2496 5470 tamen
2531 5416 2618 5471 hic
2645 5418 2817 5471 sancti
2850 5417 3085 5486 Spiritus
3117 5418 3320 5472 mentio
3351 5417 3492 5473 facta

1911 5512 2011 5571 est,
2069 5505 2172 5560 nisi
2227 5507 2370 5576 quod
2419 5523 2608 5581 magna
2664 5508 2757 5564 Dei
2815 5511 2989 5580 gratia
3049 5511 3496 5566 commendatur?

1887 5593 2048 5660 'Qnid
2085 5596 2226 5650 enim
2280 5605 2470 5651 natura
2513 5599 2743 5655 humana
2777 5603 2827 5655 in
2860 5603 3076 5658 homine
3113 5602 3334 5658 Christo
3383 5617 3496 5659 Ine-

1913 5689 2040 5752 ruit,
2077 5697 2135 5742 nt
2172 5691 2224 5743 in
2279 5691 2488 5746 unitate
2539 5691 2670 5764 [Al.,
2715 5697 3000 5769 unitatem]
3051 5714 3296 5767 personae
3350 5699 3492 5755 unici

1911 5780 2033 5834 Filii
2093 5781 2187 5836 Dei
2229 5783 2579 5853 singulariter
2635 5799 2777 5844 esset
2824 5792 3137 5860 assumpta?
3180 5791 3310 5858 Qua:
3353 5794 3491 5848 bona

1913 5871 2196 5927 voluntas?
2251 5874 2417 5943 Cujus
2447 5878 2572 5932 boni
2597 5883 2856 5949 propositi
2903 5884 3178 5938 studium?
3221 5883 3351 5950 Quae
3397 5885 3492 5937 lio--

1914 5977 1978 6016 na
2005 5978 2170 6033 opera
2195 5981 2614 6038 praecesserunt,
2651 5974 2846 6044 quibus
2884 5985 3186 6032 mereretur
3218 5977 3323 6034 ista
3353 5973 3492 6052 ML,

4195 255 4286 306 πί

4098 315 4138 384 ἐ

4114 738 4131 771 ξ
4241 743 4248 766 2

4112 778 4131 895 ἓ
4239 725 4302 924 εξ

4114 962 4133 1033 ξ
4241 869 4310 1130 gl

4216 1211 4306 1284 ς’

4228 1297 4306 1407 ε

4116 1404 4133 1459 ξ

4118 1474 4135 1507 s
4251 1465 4304 1512 ινδ

4122 1548 4123 1551 η
4250 1536 4303 1589 ξι..

4116 1657 4160 1755 ί
4228 1657 4313 1749 έ

4121 1778 4129 1802 .
4232 1762 4306 1821 35;

4125 1837 4146 1852 ὀ
4218 1824 4277 1863 ἔτ

4112 1902 4148 1966 ‘
4230 1888 4306 1986 .

4123 2137 4142 2170 3

4104 2304 4146 2374 ἓ

4129 2377 4146 2438 ἓ
4307 2389 4313 2406 ⁵

4197 2473 4288 2610 ἱξξέ

4102 2619 4144 2669 ξ
4197 2593 4306 2674 ius

4102 2976 4138 3029 e
4199 2951 4232 3038 ὲ

4100 3053 4138 3128 ’⁵

4098 3153 4136 3228 .ζὲ

4129 3447 4140 3472 ι
4197 3419 4308 3486 Stis.

4101 3485 4116 3522 ξ
4199 3487 4312 3536 ξςῖὲζ

4201 3533 4302 3618 ἷίξ

4109 3671 4114 3674 .
4213 3633 4280 3678 sui
