4346 6618
781 335 854 394 39
1631 327 1690 384 Β.
1731 325 1794 382 r.
1835 325 2060 383 ALBlNi
2099 327 2230 386 seu
2271 327 2497 386 ALCUl!

2342 327 2546 386 .CUINI
2583 331 2867 390 OPERUM
2902 335 3084 392 PARS
3121 336 3205 394 111.
3982 352 4058 406 ιο

784 458 911 528 iste)
933 457 1116 518 homo,
1146 466 1252 506 una
1283 448 1398 504 ﬁeri
1418 459 1644 518 persona
1675 458 1797 499 cum
1818 445 1949 509 Deo,
1987 444 2096 498 imo
2118 452 2174 497 et
2200 444 2364 499 homo
2389 445 2442 508 Δ
2463 459 2590 500 eum
2637 447 2706 502 de
2730 448 2949 520 Virgine
2979 451 3168 508 nasci?
3211 451 3346 520 Quia
3374 455 3476 511 hoc
3501 469 3639 527 Opus
3686 459 3932 519 mirabile
3963 476 4052 521 ιο,

785 552 898 620 ipse
927 544 1103 602 Deus?
1126 543 1328 610 Nempe
1358 541 1472 608 ipse
1497 553 1563 592 ex
1590 551 1697 604 quo
1717 548 1837 590 esse
1857 536 2019 590 homo
2045 536 2226 605 coepit,
2254 550 2364 590 non

783 640 928 694 aliud
959 636 1124 708 coepit
1147 647 1266 688 esse
1286 645 1446 700 quam
1472 627 1564 684 Dei
1587 626 1777 691 Filius,
1802 626 1977 681 ethoc
1998 625 2209 689 unicus,
2243 625 2364 678 uni-

782 733 995 804 genitus
1016 739 1069 784 et
1103 726 1386 799 proprius;
1445 732 1500 778 et
1527 731 1750 792 propter
1779 721 1874 775 Dei
1926 719 2189 784 Verbum,
2217 720 2363 790 quod

781 839 910 878 caro
935 823 1135 876 factum
1163 826 1268 882 εει,
1300 817 1486 884 utique
1508 813 1688 877 Deus;
1722 818 1783 865 ut
1803 811 2251 880 quemadmodum
2279 816 2362 865 est

781 930 888 970 una
910 925 1138 984 persona
1158 908 1387 979 quilibet
1409 906 1590 970 homo,
1615 903 1795 958 anima
1841 901 2051 956 scilicet
2079 899 2362 956 rationalis

779 1014 836 1060 et
881 1019 1026 1065 caro,
1068 1001 1143 1056 ita
1190 1000 1264 1054 sit
1305 997 1555 1052 Christus
1602 1008 1709 1048 una
1736 1007 1992 1063 persona,
2022 992 2257 1047 Verbum
2304 1001 2361 1047 et

780 1111 908 1152 caro
938 1093 1070 1168 [AI.,
1126 1100 1181 1147 et
1208 1090 1433 1144 verbum
1461 1083 1636 1157 caro].
1679 1083 1830 1140 Unde
1860 1090 2066 1137 natura:
2111 1083 2360 1139 humanm

781 1197 929 1244 tanta
974 1185 1144 1257 gloria
1200 1181 1362 1237 nullis
1382 1178 1809 1251 praecedentibus
1835 1176 2059 1238 meritis,
2104 1176 2220 1231 sine
2267 1177 2363 1231 du-

777 1280 1042 1336 bitatione
1092 1273 1324 1346 gratuito
1360 1285 1604 1334 munere,
1659 1268 1761 1323 nisi
1791 1268 1918 1336 quia
1969 1280 2164 1336 magna
2190 1268 2279 1323 hic
2306 1275 2360 1321 et

778 1371 891 1426 sola
940 1368 1036 1422 Dei
1085 1366 1256 1436 gratia
1312 1363 1540 1417 lideliter
1573 1369 1626 1415 et
1660 1359 1841 1413 sobrie
1888 1358 2358 1413 considerantibus

776 1463 1056 1518 evidenter
1111 1455 1444 1512 ostenditur?
1510 1460 1572 1506 ut
1616 1450 1915 1520 intelligant
1970 1449 2216 1504 homines
2263 1464 2357 1519 per

775 1553 1018 1607 eamdem
1060 1549 1289 1617 gratiam
1318 1562 1376 1601 se
1400 1543 1685 1616 iustiﬁcari
1721 1556 1878 1610 posse
1919 1557 1946 1595 a
1976 1543 2232 1611 peccatis,
2261 1557 2358 1611 per

774 1660 936 1714 quam
995 1641 1193 1696 factum
1235 1644 1406 1693 estut
1459 1637 1621 1691 homo
1648 1633 1898 1689 Christus
1938 1631 2140 1686 nullum
2187 1632 2358 1701 possit

774 1736 974 1789 habere
1015 1739 1316 1802 peccatum.
1371 1726 1464 1780 Sic
1511 1731 1754 1780 sanctam
1794 1723 2068 1794 Virginem
2126 1729 2356 1776 matrem

2465 547 2578 593 tum
2608 541 2749 596 dono
2791 539 2924 613 [ΑΛ.
2971 544 3196 620 donum]
3239 545 3334 601 Dei
3380 547 3580 605 factum
3635 559 3740 618 εει,
3769 561 3825 608 ει
3849 555 4053 615 donum

2461 628 2556 686 Dei
2601 634 2822 703 proprie
2866 633 3103 705 Spiritus
3153 646 3373 694 sanctus
3407 641 3623 696 dicitur.
3670 642 3857 716 Neque
3902 651 4052 705 enim

2459 722 2588 790 quia
2643 723 2902 780 mundum
2953 726 3114 782 istum
3161 727 3290 784 fecit
3340 729 3502 794 Deus,
3537 734 3643 787 dici
3691 751 3814 790 cum
3855 735 3939 795 fas
3967 753 4055 796 est

2460 810 2555 868 Dei
2584 813 2810 880 Filium;
2844 816 2989 872 haud
3017 819 3162 873 enim
3217 835 3340 876 eum
3389 834 3602 894 oportet
3636 828 3816 881 dicere
3863 842 4052 886 natum

2460 902 2527 957 de
2555 902 2686 969 Deo,
2718 905 2810 960 sed
2853 905 3081 973 factum,
3106 909 3189 964 vel
3239 920 3501 976 creatum.
3529 915 3609 969 vel
3634 921 3929 987 conditum,
3965 925 4052 978 vel

2459 994 2766 1050 institutum
2806 996 2875 1050 ab
2915 995 3027 1062 illo,
3053 999 3136 1053 vel
3165 1000 3211 1054 si
3242 1003 3370 1070 quid
3415 1002 3721 1070 huiusmodi
3749 1018 3894 1064 recte
3925 1027 4052 1082 pos-

2458 1098 2646 1139 sumus
2665 1085 2864 1141 dicere.
2891 1085 2999 1142 Nec
3034 1089 3199 1159 igitur
3223 1094 3626 1150 concedendum
3645 1107 3748 1162 εει,
3780 1101 4050 1170 quidquid

2458 1179 2526 1232 ale
2566 1177 2745 1248 aliqua
2788 1195 2848 1236 re
2885 1192 3159 1247 nascatur,
3208 1186 3464 1241 continuo
3489 1187 3730 1256 ejusdem
3758 1194 3836 1247 rei
3878 1194 4050 1250 lilium

2457 1272 2898 1340 nuncupandum.
2933 1272 3004 1328 Ut
3031 1273 3098 1328 de
3124 1274 3304 1330 multis
3324 1280 3590 1348 exemplis
3616 1282 3718 1336 hoc
3742 1283 4048 1351 proferam.

2457 1366 2603 1413 certe
2648 1361 2742 1429 qui
2780 1371 3078 1417 nascuntur
3104 1379 3168 1418 ex
3208 1379 3346 1435 aqua
3374 1374 3430 1421 et
3475 1366 3680 1438 Spiritu
3709 1382 3916 1435 sancto,
3954 1391 4050 1429 ne-

2457 1466 2562 1519 que
2595 1451 2732 1505 lilios
2761 1468 2854 1508 eos
2886 1462 3034 1509 recte
3065 1455 3350 1525 quisquam
3381 1460 3576 1513 dixerit
3606 1475 3779 1531 aqum,
3811 1464 3895 1518 vel
3924 1464 4049 1535 Spi-

2459 1543 2596 1596 ritus
2621 1543 2816 1610 sancti,
2848 1544 2943 1599 sed
2988 1545 3148 1614 plane
3190 1548 3444 1603 dicuntur
3471 1550 3592 1606 Filii
3623 1552 3717 1606 Dei
3765 1553 3945 1611 Patris
3993 1565 4050 1612 et

2457 1633 2649 1686 matris
2671 1633 2948 1689 Ecclesi:c.
2971 1634 3062 1690 Sic
3085 1651 3218 1708 ergo
3237 1642 3303 1694 de
3326 1640 3531 1710 Spiritu
3561 1653 3750 1701 sancto
3772 1657 3935 1703 natus
3958 1656 4049 1704 εει

2457 1721 2626 1777 Filius
2658 1723 2752 1778 Dei
2797 1723 2998 1791 Patris,
3047 1735 3102 1782 et
3148 1745 3255 1783 nou
3288 1729 3523 1800 Spiritus
3566 1738 3761 1792 sancti.
3811 1736 3867 1793 Si
3897 1739 4049 1796 enim

771 1825 981 1881 scilicet
1023 1821 1144 1877 Filii
1176 1821 1290 1884 Dei,
1319 1817 1539 1888 angelus
1580 1814 1851 1873 salutavit,
1880 1815 2095 1883 quando
2133 1815 2183 1867 ei
2214 1812 2355 1868 futu-
2388 1805 2426 1861 Β
2455 1812 2623 1868 Filius
2667 1812 2904 1884 Spiritus
2949 1820 3122 1873 sancti
3153 1820 3426 1877 diceretur
3466 1823 3718 1880 Christus
3746 1830 4048 1886 secundum

771 1933 894 1972 rum
936 1911 1202 1970 nuntiavit
1253 1918 1466 1981 partum
1502 1926 1519 1966 :
1552 1907 1656 1961 Ave
1686 1906 1903 1978 (inquit)
1941 1904 2111 1976 gratia
2160 1904 2350 1975 plena;

768 2019 827 2063 et
873 2005 1031 2077 paulo
1078 2012 1237 2075 post:
1272 2000 1522 2055 Invenisti
1563 1999 1681 2070 (ait)
1731 1998 1956 2069 gratiam
1997 1996 2141 2066 apud
2182 1994 2353 2050 Deum

767 2097 926 2169 (Luc.
959 2114 999 2160 ι,
1046 2095 1141 2160 28,
1188 2093 1300 2165 50).
1343 2092 1410 2147 Ει
1442 2092 1555 2145 hate
1603 2090 1821 2161 quidem
1869 2089 2041 2161 gratia
2091 2088 2269 2160 plena,
2296 2095 2355 2144 et

769 2188 1039 2249 invenisse
1068 2186 1208 2258 apud
1230 2185 1401 2240 Deum
1425 2183 1655 2254 gratiam
1677 2179 1894 2244 dicitur,
1924 2190 1984 2234 ut
2003 2178 2216 2234 Domini
2241 2179 2349 2244 sui,

768 2283 878 2337 imo
902 2279 1114 2334 Domini
1148 2277 1409 2339 omnium,
1434 2273 1582 2329 salva
1621 2271 1950 2343 virginitate,
1983 2279 2157 2325 mater
2184 2279 2347 2325 esset.

1390 2407 1617 2465 CAPUT
1659 2407 1720 2462 Il.

764 2528 846 2584 Ad
870 2522 1370 2597 commendationem
1398 2519 1631 2597 ejusdem
1658 2518 1866 2597 gratiae,
1906 2523 2346 2597 beatushenangeo

872 2599 991 2650 (ista
1024 2595 1290 2650 Christum
1319 2588 1660 2660 ait,‘plenum
1686 2588 1861 2659 gratia
1905 2595 1960 2640 et
1994 2588 2241 2640 veritate.

836 2711 912 2766 De
948 2710 1065 2778 ipso
1094 2714 1273 2761 autem
1327 2703 1554 2758 Domino
1585 2699 1821 2754 Joannes
1857 2697 2186 2769 evangelista
2225 2711 2349 2752 cum

764 2806 990 2862 dixisset
1031 2821 1041 2854 :
1094 2800 1318 2855 Verbum
1366 2813 1490 2851 caro
1533 2794 1729 2864 factum
1777 2801 1872 2855 est,
1917 2800 1968 2846 et
2012 2788 2264 2844 habitavit
2293 2789 2349 2842 in

764 2897 941 2960 nobis;
999 2893 1291 2963 adiunxit:
1346 2888 1607 2950 Vidimus,
1678 2883 1873 2955 inquit,
1936 2882 2160 2954 gloriam
2207 2881 2345 2952 ejus,

762 2986 984 3058 gloriam
1037 2984 1189 3054 quasi
1235 2979 1489 3050 unigeniti
1541 2993 1574 3030 a
1607 2976 1787 3037 Patre,
1817 2974 2026 3047 plenum
2074 2973 2260 3044 gratia:
2299 2983 2348 3026 et

761 3077 995 3131 ueritatis
1026 3074 1207 3144 (Joan.
1241 3088 1278 3136 ι,
1311 3069 1419 3140 Η).
1451 3067 1602 3136 Quod
1647 3068 1725 3120 ait
1768 3083 1780 3118 :
1827 3063 2054 3118 Verbum
2094 3081 2218 3118 caro
2263 3064 2347 3133 fa-

2454 1902 2872 1971 humanitatem,
2897 1907 3005 1962 duo
3030 1906 3222 1965 Patres
3252 1920 3436 1968 essent
3464 1913 3518 1968 in
3545 1923 3731 1970 sancta
3756 1917 4044 1984 Trinitate,

2451 2001 2507 2048 et
2535 1992 2679 2049 Deus
2717 1995 2881 2052 homo
2906 1996 3103 2066 factus,
3135 2000 3274 2056 duos
3315 2003 3594 2062 habuisset
3622 2007 3835 2073 Patres,
3873 2028 4045 2068 unum

2452 2087 2766 2154 divinitatis,
2819 2091 3052 2149 alterum
3097 2094 3474 2154 humanitatis.
3532 2098 3641 2158 Sed
3672 2104 3794 2172 quis
3832 2105 3937 2162 hoc
3963 2106 4047 2161 di-

2450 2193 2575 2237 cere
2608 2181 2862 2240 audebit?

3060 2277 3288 2338 CAPUT
3341 2281 3426 2339 IV.

2523 2385 2796 2453 Quomodo
2831 2390 3168 2463 intelligenda
3196 2396 3264 2449 sit
3310 2399 3490 2454 missio
3537 2397 3667 2456 Filii
3696 2418 3729 2458 a
3764 2400 3971 2460 Patre?

2522 2495 2881 2562 Quaerendum
2926 2513 3012 2557 est
3057 2505 3329 2572 quomodo
3366 2507 3699 2581 intelligatur
3731 2514 3922 2572 missio
3947 2515 4045 2571 Fi-

2448 2583 2548 2639 lii?
2575 2584 2736 2642 Pater
2777 2590 2922 2645 enim
2958 2591 3107 2647 solus
3150 2610 3414 2665 nusquam
3444 2597 3644 2670 legitur
3682 2603 3922 2671 missus;
3973 2605 4045 2661 de

2450 2675 2588 2732 Filio
2616 2678 2838 2748 quidem
2863 2681 2938 2736 ita
2970 2683 3159 2738 scribit
3185 2684 3477 2754 Apostolus
3505 2706 3517 2741 :
3547 2687 3680 2743 Cum
3702 2702 3878 2747 autem
3908 2696 4046 2750 venit

2448 2766 2716 2837 plenitudo
2745 2771 3014 2839 temporis,
3046 2774 3186 2827 misit
3217 2773 3361 2830 Deus
3403 2775 3601 2832 Filium
3636 2785 3808 2846 suum,
3845 2783 4044 2852 factum

2449 2871 2515 2909 ea:
2537 2855 2772 2920 muliere,
2805 2857 3003 2926 factum
3028 2860 3122 2914 sub
3151 2862 3280 2933 lege,
3313 2875 3370 2918 ut
3391 2883 3478 2922 eos
3500 2868 3591 2938 qui
3614 2871 3709 2924 sub
3739 2870 3850 2940 lege
3869 2883 4042 2935 erant,

2451 2945 2896 3019 redemiret(Gal.
2938 2967 3012 3016 tv,
3050 2951 3127 3023 4).
3155 2952 3291 3010 Cum
3340 2965 3521 3012 autem
3544 2959 3622 3012 ait
3670 2976 3681 3012 :
3727 2959 3875 3014 Misit
3902 2960 4043 3018 Deus

2451 3035 2652 3092 Filium
2699 3056 2874 3105 suum,
2917 3042 3114 3110 factum
3142 3063 3207 3101 ea:
3243 3047 3481 3114 muliere,
3528 3051 3664 3107 satis
3706 3054 4041 3110 ostenditeo

760 3177 901 3222 etum
922 3133 1147 3229 est,‘hoc
1184 3133 1288 3224 est,
1318 3133 1526 3231 plenum
1552 3159 1772 3227 gratia;
1798 3155 1939 3226 quod
1978 3156 2094 3210 ait:
2123 3154 2343 3226 gloriam
2372 3153 2416 3215 C
2452 3133 2840 3231 iP5°_mi53‘"_“
2884 3135 3102 3231 gilium:
3157 3155 3266 3209 quo
3316 3140 3493 3196 ίθείιιε
3543 3149 3627 3197 εει
3672 3159 3736 3200 ex
3785 3146 4038 3204 muliere.

760 3257 910 3326 quasi
945 3253 1198 3324 unigeniti
1249 3270 1283 3306 a
1313 3250 1493 3314 Patre,
1530 3250 1634 3303 hoc
1667 3257 1772 3311 est,
1825 3246 2034 3316 plenum
2087 3246 2340 3299 veritatis.

764 3347 975 3402 Veritas
1025 3345 1224 3414 quippe
1264 3342 1377 3411 ipsa
1405 3340 1714 3410 unigenitus
1736 3346 1820 3392 est
1868 3337 1960 3391 Dei
2002 3337 2194 3400 Filius,
2234 3351 2342 3390 non

759 3439 955 3511 gratia,
987 3435 1082 3490 sed
1127 3442 1342 3490 natura.
1373 3431 1560 3488 Gratia
1607 3428 1844 3497 suscepit
1890 3429 2162 3483 hominem
2194 3435 2342 3480 tanta

760 3530 966 3584 unitate
992 3540 1258 3596 persona},
1287 3531 1344 3578 ut
1370 3523 1509 3577 idem
1541 3521 1656 3589 ipse
1681 3527 1824 3574 esset
1853 3519 2017 3573 etiam
2061 3516 2204 3571 ﬁlius
2241 3517 2342 3571 ho-

761 3621 940 3684 minis,
967 3618 1059 3688 qui
1102 3616 1197 3670 Dei
1225 3613 1392 3670 Filius
1425 3615 1614 3667 unicus
1637 3610 1962 3680 unigenitus.
1989 3609 2047 3663 ln
2089 3609 2205 3679 ipso
2235 3623 2343 3662 uno

759 3712 870 3765 Deo
914 3718 967 3762 et
997 3709 1234 3771 homine,
1274 3706 1430 3774 plena
1475 3703 1645 3772 gratia
1673 3701 2048 3764 humanitatis,
2078 3699 2342 3770 plenaque

758 3801 1055 3858 divinitatis
1096 3801 1295 3855 veritas
1323 3797 1668 3868 agnoscitur;
1703 3795 1868 3865 726
1913 3793 2029 3848 haec
2065 3793 2340 3861 plenitudo

756 3892 1058 3949 divinitatis
1089 3892 1144 3948 in
1172 3890 1345 3960 seipsa
1385 3886 1771 3958 plenitudinem
1811 3886 1974 3939 habet
1997 3884 2201 3954 gratias,
2234 3898 2338 3954 qua

756 3994 843 4042 est
864 3985 995 4058 (AL,
1026 3999 1147 4054 quae
1166 3980 1272 4054 est]
1299 3989 1410 4034 tota
1436 3980 1745 4034 humanitas
1767 3980 1820 4031 in
1840 3977 2122 4031 divinitate
2139 3991 2266 4040 sua;
2285 3983 2340 4030 et

756 4073 1029 4147 plenitudo
1072 4075 1257 4144 gratiae
1285 4070 1670 4141 plenitudinem
1704 4068 1756 4122 in
1797 4082 1857 4123 se
1880 4067 2046 4123 habet
2073 4066 2335 4130 veritatis,

756 4180 864 4234 qua
918 4173 1003 4218 est
1074 4162 1209 4235 [ΑΙ.,
1265 4177 1385 4230 qua:
1424 4158 1528 4233 est]
1576 4167 1688 4214 tota
1735 4158 1991 4214 divinitas
2038 4158 2093 4212 in
2144 4158 2338 4211 huma-

757 4258 927 4313 nitate
1002 4270 1118 4311 sua.
1196 4255 1276 4309 Ita
1331 4261 1391 4307 ut
1453 4253 1731 4326 plenitudo
1789 4252 2035 4306 veritatis
2103 4249 2337 4321 plenitu-

757 4350 936 4404 dinem
994 4349 1047 4401 in
1105 4361 1163 4401 se
1215 4347 1413 4401 habeat
1460 4347 1672 4417 gratiae,
1723 4355 1778 4400 et
1820 4345 2100 4414 plenitudo
2148 4344 2336 4415 gratiae

756 4439 1139 4510 plenitudinem
1181 4439 1234 4492 in
1281 4454 1341 4494 se
1382 4439 1580 4492 habeat
1626 4438 1893 4492 veritatis.
1943 4435 2060 4509 [Sic
2087 4445 2169 4491 est
2203 4451 2333 4506 ergo

2448 3223 2603 3292 Quod
2625 3239 2756 3296 ergo
2783 3228 2850 3282 de
2890 3227 3001 3283 Deo
3023 3240 3183 3284 natus
3207 3241 3293 3286 est
3320 3233 3414 3287 Dei
3445 3233 3634 3299 Filius,
3657 3236 3714 3291 in
3747 3238 3852 3294 hoc
3879 3255 4044 3296 mun-

2444 3313 2513 3368 do
2542 3325 2680 3380 erat,
2725 3317 2866 3372 sicut
2892 3317 3234 3390 Evangelista
3280 3322 3357 3377 ait
3408 3341 3422 3378 :
3471 3323 3538 3379 In
3576 3326 3774 3382 mundo
3818 3339 3949 3394 erat,
3991 3341 4044 3386 et

2442 3405 2672 3460 mundus
2709 3424 2803 3478 per
2832 3409 3004 3478 ipsum
3030 3410 3202 3480 factus
3223 3421 3297 3465 est
3320 3413 3500 3484 (Joan.
3527 3431 3566 3478 ι,
3597 3415 3720 3482 £0);
3769 3419 3912 3488 quod
3939 3436 4040 3476 au-

2443 3504 2552 3552 tem
2595 3497 2662 3553 de
2706 3498 2871 3554 Maria
2923 3501 3136 3570 virgine
3181 3511 3342 3558 natus
3380 3516 3487 3570 est,
3515 3507 3569 3561 in
3596 3507 3745 3564 hunc
3775 3511 4038 3570 mundum

2442 3588 2641 3643 missus
2688 3589 2926 3645 advenit.
2972 3591 3110 3647 Nam
3155 3601 3210 3648 et
3255 3594 3369 3666 ipse
3412 3597 3674 3654 Dominus
3717 3601 3833 3656 ait:
3867 3600 4036 3673 Egon

2443 3679 2605 3734 Patre
2631 3681 2785 3747 exivi,
2813 3690 2862 3737 et
2894 3684 3007 3736 veni
3026 3683 3081 3737 in
3101 3685 3240 3740 hunc
3266 3687 3519 3742 mundum
3541 3688 3727 3761 (Joan.
3769 3706 3885 3758 va,
3916 3692 4031 3765 28).

2443 3769 2614 3844 [Ergo
2639 3787 2666 3824 a
2693 3771 2858 3827 Patre
2889 3773 3060 3840 exire,
3085 3783 3140 3831 et
3165 3777 3350 3834 venire
3377 3779 3428 3832 in
3453 3779 3600 3836 hunc
3620 3783 3904 3857 mundum]
3934 3785 4040 3840 hoc

2439 3870 2523 3917 est
2550 3863 2711 3917 mitti.
2761 3863 2900 3930 Quid
2946 3866 3113 3935 igitur
3148 3876 3232 3923 est
3286 3870 3431 3939 quod
3481 3871 3547 3927 de
3604 3873 3696 3928 illo
3747 3875 3888 3932 idem
3919 3877 4037 3946 ipse

2439 3953 2770 4022 evangelista
2811 3955 2944 4010 dicit
2986 3971 3000 4010 :
3050 3957 3118 4011 In
3169 3959 3365 4013 mundo
3403 3971 3539 4027 erat,
3594 3972 3643 4016 et
3676 3967 3907 4022 mundus
3941 3984 4039 4040 per

2435 4035 2557 4099 eum
2583 4047 2754 4116 factus
2785 4059 2882 4110 est,
2934 4058 2982 4102 et
3024 4052 3256 4106 mundus
3294 4069 3414 4106 eum
3442 4069 3547 4108 non
3593 4059 3827 4126 cognovit
3847 4035 4033 4129 (locis.

2441 4151 2477 4200 ι,
2537 4137 2664 4209 l0);
2718 4138 2914 4196 deinde
2968 4140 3246 4215 subiungit
3276 4156 3293 4198 :
3327 4141 3394 4198 In
3442 4161 3540 4200 sua
3594 4147 3808 4216 propria
3857 4149 4039 4204 uenit!

2439 4238 2466 4269 ι
2498 4226 2628 4285 Illuc
2655 4232 2845 4300 utique
2895 4234 3094 4289 missus
3125 4243 3234 4301 est,
3271 4250 3380 4304 quo
3427 4235 3596 4293 venit.
3627 4237 3698 4291 At
3738 4238 3863 4295 siin
3888 4240 4034 4298 hunc

2435 4320 2698 4376 mundum
2726 4323 2928 4378 missus
2966 4331 3068 4390 est,
3117 4324 3245 4381 illuc
3278 4333 3364 4380 est
3411 4327 3636 4390 missus,
3667 4329 3761 4384 ubi
3803 4338 3939 4388 erat.
3971 4330 4032 4388 In

2436 4412 2639 4467 mundo
2678 4422 2815 4477 erat,
2849 4424 2905 4471 et
2945 4417 3001 4471 in
3031 4417 3289 4472 mundum
3331 4418 3529 4475 missus
3551 4429 3658 4476 est.
3695 4419 3870 4491 Quam
3893 4423 4028 4480 mis-

754 4501 1003 4585 Christus
1035 4529 1224 4598 plenus
1252 4529 1440 4600 gratia:
1466 4536 1520 4582 et
1548 4526 1834 4598 veritatis],
1862 4535 1923 4580 ut
1945 4501 2103 4583 .sicut
2133 4542 2164 4582 a
2192 4501 2332 4580 divi-
2358 4520 2411 4581 Ι)
2436 4501 2643 4600 ³ξ⁰¹ξξ⁵¹η
2683 4512 2863 4600 iatn?"
2889 4521 3026 4600 ορυε
3055 4522 3176 4564 355°
3221 4517 3422 4564 εθηοῑίε
3454 4509 3739 4570 Trinitatis
3780 4513 3914 4571 nulli
3938 4529 4030 4570 cu.

755 4622 925 4675 nitate
973 4619 1249 4690 plenitudo
1300 4619 1651 4674 humanitatis
1683 4626 1933 4687 suscepta
1994 4625 2095 4681 εει,
2148 4617 2223 4671 ita
2276 4616 2332 4670 in

756 4713 1090 4768 humanitate
1132 4713 1249 4782 ejus
1299 4710 1578 4782 plenitudo
1610 4711 1681 4766 sit
1709 4710 2026 4774 divinitatis,
2076 4707 2335 4778 Apostolo

755 4812 1008 4869 testante,
1033 4802 1127 4874 qui
1157 4803 1268 4856 ait:
1310 4801 1376 4857 In
1397 4819 1500 4872 quo
1523 4801 1726 4856 habitat
1769 4800 1937 4856 omnis
1962 4799 2229 4870 plenitudo
2259 4800 2334 4854 di-

755 4894 984 4949 uinitatis
1003 4894 1346 4964 corporaliter
1371 4893 1595 4964 (Coloss.
1628 4911 1688 4958 ιι,
1717 4893 1793 4966 9).

1361 5004 1591 5063 CAPUT
1628 5004 1713 5060 Ill.

755 5118 1027 5186 Quomodo
1046 5136 1150 5175 non
1171 5119 1240 5174 sit
1266 5119 1504 5174 Christus
1527 5118 1700 5172 Filius
1724 5118 1953 5189 Spiritus
1983 5121 2171 5181 sancti,
2203 5118 2329 5172 dum

821 5192 876 5274 in
906 5189 1149 5276 ngbolo
1177 5191 1391 5276 dieitur,
1417 5191 1484 5245 de
1511 5189 1716 5261 Spiritu
1763 5199 1952 5244 sancto
1978 5197 2034 5243 et
2069 5204 2138 5246 es
2161 5189 2330 5245 Maria

825 5261 1034 5332 virgine
1051 5261 1249 5316 natus?

823 5368 955 5428 Illud
998 5387 1129 5428 vero
1163 5387 1382 5429 movere
1438 5373 1659 5444 poterit,
1706 5372 1976 5442 quomodo
2005 5371 2209 5428 dictum
2258 5373 2329 5428 sit

753 5460 1026 5517 Christum
1051 5462 1119 5517 de
1146 5461 1353 5532 Spiritu
1377 5470 1565 5517 sancto
1591 5469 1777 5517 natum
1804 5470 1860 5517 et
1903 5461 2068 5518 Maria
2097 5464 2329 5533 virgine,

753 5569 877 5609 eum
926 5553 1101 5609 Filius
1146 5555 1293 5610 nullo
1339 5555 1499 5611 modo
1553 5557 1627 5610 sit
1674 5555 1908 5626 Spiritus
1937 5557 2111 5613 sancti
2154 5557 2334 5613 ﬁlius?

757 5644 837 5698 An
863 5644 984 5700 ideo
1033 5645 1230 5700 dicitur
1254 5648 1321 5701 de
1365 5645 1570 5716 Spiritu
1601 5657 1790 5703 sancto
1821 5657 2002 5714 natus,
2030 5650 2157 5721 quia
2204 5649 2330 5705 fecit

828 5769 853 5795 ι
889 5759 1022 5813 Vide
1047 5758 1100 5812 S.
1136 5761 1271 5831 Aug.
1299 5761 1386 5815 lib.
1422 5777 1459 5815 ιι
1482 5762 1547 5817 de
1571 5762 1858 5830 Trinitate,
1887 5782 2032 5819 num.
2062 5767 2092 5820 7
2122 5775 2175 5822 et
2203 5769 2254 5822 8.

2437 4593 2641 4650 tholico
2678 4596 3035 4652 dubitandum
3061 4607 3166 4654 est.

3061 4707 3290 4769 CAPUT
3334 4711 3393 4766 V.

2506 4818 2780 4887 Quomodo
2807 4823 2986 4876 missio
3031 4823 3199 4878 sancti
3229 4823 3462 4894 Spiritus
3489 4827 3560 4881 sit
3584 4827 3946 4900 intelligenda.

2507 4933 2538 4974 δ
2559 4930 2712 4987 Sicut
2733 4932 2877 4988 enim
2909 4947 2937 4986 a
2961 4931 3123 4990 Patre
3151 4933 3384 5006 Spiritus
3413 4945 3634 4994 sanctus
3662 4940 3915 5007 mittitur,
3946 4943 4024 4999 ita

2433 5029 2490 5077 et
2513 5037 2542 5076 a
2572 5021 2745 5087 Filio;
2771 5030 3062 5093 utrumque
3089 5025 3235 5080 enim
3265 5027 3319 5080 in
3356 5027 3651 5100 Evangelia
3682 5028 3877 5100 legitur
3900 5033 4023 5106 ipso
4087 5090 4089 5092 .

2434 5111 2666 5168 Domino
2685 5114 2898 5169 dicente
2927 5131 2942 5168 :
2967 5113 3110 5168 Dum
3152 5125 3328 5170 autem
3359 5121 3551 5173 uenerit
3580 5119 3813 5191 Spiritus
3846 5121 4020 5178 Pareo

2432 5201 2597 5258 cletus
2624 5243 2638 5265 ,
2683 5220 2838 5274 quem
2884 5203 3049 5260 Pater
3088 5206 3255 5260 mittet
3306 5207 3363 5261 in
3415 5209 3625 5263 nomine
3670 5227 3786 5266 meo
3833 5209 4018 5283 (Iona.

2432 5309 2544 5358 Ilv.
2573 5294 2686 5368 26).
2714 5295 2929 5353 Etillud
2960 5296 3026 5352 de
3051 5300 3229 5366 seipso
3258 5317 3273 5351 :
3314 5297 3447 5352 Cum
3475 5310 3648 5356 mrtem
3674 5305 3873 5359 verterit
3896 5302 4020 5377 Spi-

2433 5385 2568 5439 ritus
2591 5383 2918 5450 Paraeletus,
2947 5403 3100 5457 quem
3147 5404 3240 5459 ego
3273 5389 3477 5442 mittam
3504 5390 3560 5444 in
3601 5391 3808 5447 nomine
3837 5391 4019 5451 Patris

2434 5475 2572 5538 mei;
2601 5474 2694 5530 sed
2721 5475 2822 5530 ista
2848 5475 3034 5529 missio
3063 5490 3161 5545 per
3188 5478 3449 5546 quasdam
3473 5480 3714 5536 visibiles
3736 5479 3804 5535 ad
3824 5481 4015 5538 horam

2434 5562 2577 5619 facta
2623 5573 2708 5620 est
2741 5575 3040 5621 creaturas.
3079 5565 3241 5622 Facta
3280 5577 3366 5622 est
3398 5569 3541 5624 enim
3585 5572 3829 5640 quaedam
3857 5587 4013 5630 crea-

2435 5666 2571 5712 tum
2591 5658 2799 5726 species
2825 5673 2892 5714 es
2936 5666 3194 5728 tempore,
3228 5659 3282 5714 in
3324 5676 3429 5731 qua
3458 5662 3744 5718 visibiliter
3765 5663 4017 5722 ostende-

2507 5773 2534 5812 δ
2567 5772 2766 5828 Encas
2802 5773 2997 5841 Paris,
3027 5790 3146 5846 cap.
3180 5775 3251 5830 87
