4346 6696
202 554 270 615 ΑΙ
792 547 1212 608 DOGMATlCA.
1252 577 1320 588 -—-
1357 545 1446 601 DE
1478 543 1637 600 FIDE
1675 541 1734 597 S.
1780 530 2180 595 TRINITATIS
2221 530 2398 586 LIBRI
2433 529 2519 585 ιη.
2548 525 2759 582 --LIB.
2802 524 2886 581 Ill.
3431 519 3501 574 4?.

205 677 360 728 retur
386 661 629 736 Spiritus
667 666 913 726 sanctus,
941 659 1057 715 sive
1089 672 1216 713 cum
1245 670 1408 726 super
1432 654 1593 726 727
1631 653 1806 724 ipsum
1837 656 1886 712 Α
1916 655 2025 711 tur,
2065 654 2124 700 ut
2165 643 2387 712 :equalis
2426 641 2589 736 _Patri
2643 637 2982 736 ostendatur,
3042 636 3183 689 sicut
3237 633 3368 736 [init
3410 634 3501 690 ubi

206 755 500 816 Dominum
523 751 859 825 baptizatum
905 747 1174 820 corporali
1202 746 1386 818 specie
1423 743 1674 802 columba
1719 742 1813 797 de-

207 841 659 917 scendit(lattlt.
691 840 924 912 "516);
949 840 1036 896 vel
1058 838 1223 895 etiam
1255 837 1524 909 corporali
1548 835 1729 906 specie
1758 834 1812 888 in

209 934 412 1011 linguis
449 935 624 1008 igneis
667 932 818 992 visus
845 938 931 988 est
957 945 1125 1004 super
1158 926 1437 1001 apostolos
1468 925 1815 983 descendisse

208 1026 357 1102 (Act.
409 1043 471 1094 ll,
514 1026 594 1096 3).
645 1024 776 1083 litae
823 1024 1073 1096 operatio
1100 1021 1390 1078 visibiiiter
1425 1034 1708 1090 expressa,
1759 1025 1816 1074 et

210 1118 391 1178 oculis
418 1117 599 1176 oblata
633 1116 978 1180 mortalibus,
1003 1113 1191 1171 missio
1212 1112 1386 1170 sancti
1409 1111 1647 1182 Spiritus
1671 1109 1814 1165 dicta

217 1219 330 1276 est,
375 1224 486 1266 non
517 1215 582 1264 ut
617 1212 908 1278 appareret
935 1201 1053 1274 ejus
1100 1202 1219 1275 ipsa
1261 1201 1586 1266 substantia,
1614 1214 1722 1270 qua
1761 1206 1817 1255 et

218 1303 338 1375 ipse
363 1299 654 1358 invisibilis
697 1305 753 1354 et
777 1293 1241 1354 incommutabilis
1269 1302 1374 1361 est,
1401 1292 1544 1351 sicut
1567 1289 1734 1348 Pater
1760 1299 1816 1346 et

215 1393 423 1461 Filius;
466 1390 563 1449 sed
605 1396 668 1445 ut
722 1386 1089 1445 exterioribus
1126 1385 1264 1442 visis
1318 1382 1603 1440 hominum
1648 1381 1815 1438 corda

217 1487 702 1544 eommouerentur
773 1477 909 1552 (AL,
976 1472 1471 1548 commoverentur]
1530 1471 1817 1543 temporali

220 1573 667 1633 manifestatione
708 1571 999 1636 venientis,
1036 1568 1102 1626 ad
1139 1567 1414 1626 occultam
1455 1566 1817 1623 mternitatem

221 1680 444 1739 semper
467 1663 756 1738 praseutis
782 1669 1124 1719 convertere.

837 1772 1068 1833 CAPUT
1109 1772 1198 1829 Vl.

461 1865 576 1924 Cur
609 1864 754 1922 solus
784 1862 948 1920 Pater
973 1863 1167 1919 missus
1194 1877 1300 1917 non
1325 1859 1533 1932 legatur
1555 1860 1581 1915 .’

289 1977 421 2041 Ideo
463 1979 632 2038 Pater
674 1978 877 2036 missus
916 1992 1026 2035 non
1050 1975 1274 2049 legitur,
1318 1974 1446 2048 quia
1504 1975 1730 2030 incarna

222 2089 338 2133 non
365 2073 626 2130 creditur.
674 2068 1053 2142 Congruenter
1098 2068 1276 2124 dictus
1327 2076 1412 2124 est
1464 2067 1666 2122 missus
1703 2063 1816 2127 ille,

221 2167 323 2238 qui
352 2165 407 2222 in
447 2177 616 2222 carne
669 2160 924 2235 apparuit
979 2157 1216 2233 [misisse
1242 2165 1422 2214 autem
1449 2156 1623 2222 illum,
1646 2153 1740 2227 qui
1771 2155 1825 2209 in

224 2269 295 2316 ea
323 2267 434 2309 non
463 2248 763 2325 apparuit].
791 2249 993 2307 Forma
1037 2247 1201 2322 igitur
1229 2245 1322 2302 illa
1369 2243 1606 2315 suscepti
1651 2244 1829 2300 homi-

226 2345 337 2410 nis,
368 2343 494 2401 Filii
516 2357 752 2415 persona
788 2349 899 2407 est,
930 2354 1040 2397 non
1072 2339 1240 2395 etiam
1264 2337 1464 2394 Patris.
1483 2336 1829 2407 Quapropter

227 2433 400 2491 Pater
437 2431 729 2490 invisibilis
774 2445 884 2488 una
935 2445 1060 2487 cum
1117 2428 1258 2485 Filio
1310 2442 1496 2484 secum
1548 2423 1827 2489 invisibili,

227 2523 483 2580 eumdem
546 2521 747 2580 Filium
797 2521 1072 2580 visibilem
1122 2519 1394 2580 faciendo.
1445 2518 1662 2574 misisse
1704 2532 1858 2580 eum.

225 2614 413 2674 dictus
455 2620 560 2670 est.
598 2613 676 2670 Ita
730 2627 862 2669 vero
910 2617 1134 2682 accepta
1181 2607 1312 2684 [est]
1355 2606 1533 2664 forma
1578 2605 1742 2671 servi,
1771 2615 1834 2662 ut

231 2711 485 2762 maneret
533 2701 994 2761 incommutabilis
1035 2701 1211 2759 forma
1267 2699 1386 2756 Dei.
1408 2698 1565 2767 Quod
1618 2712 1749 2753 vero
1778 2697 1832 2752 in

231 2795 375 2854 Filio
403 2794 656 2866 apparuit
687 2793 999 2851 carnalibus
1021 2792 1214 2857 oculis,
1249 2791 1318 2846 ab
1347 2788 1605 2846 invisibili
1643 2797 1836 2845 sancta

233 2888 507 2946 'l‘riuitate
549 2885 757 2944 factum
798 2893 886 2943 est
941 2885 1110 2958 [sicut
1160 2885 1394 2942 Abrahz
1443 2892 1501 2940 et
1546 2883 1740 2956 Moysi,
1779 2890 1839 2940 et

232 2976 432 3036 Joauni
453 2974 714 3048 Baptism
731 2985 789 3032 et
814 2977 992 3034 tribus
1010 2973 1289 3048 discipulis
1311 2974 1365 3030 in
1389 2971 1615 3047 monte].

808 3101 834 3132 ι
874 3087 1109 3148 CAPUT
1149 3087 1260 3144 VII.

346 3199 528 3271 Quare
549 3200 599 3258 F
599 3201 728 3258 ilius
748 3217 887 3258 nune
913 3199 1174 3329 ἇῖὲἕὲἑεὶ
1201 3217 1341 3256 nunc
1369 3202 1542 3256 minor
1569 3200 1734 3258 Patre

1913 737 2078 810 idem]
2112 737 2227 807 ipse
2262 736 2382 790 ait:
2418 733 2530 804 Ego
2582 742 2630 788 et
2683 728 2847 785 Pater
2889 744 3048 783 unum
3094 744 3276 782 sumus
3312 725 3499 798 (loan.

1915 847 1969 896 ι,
1996 829 2088 902 50)
2114 845 2129 894 ;
2157 845 2341 894 unum,
2377 835 2601 898 propter
2630 823 2953 879 substantia:
2979 821 3272 880 unitatem;
3299 835 3501 882 sumus,

1913 929 2137 994 propter
2188 931 2544 993 personarum
2605 915 3019 987 proprietatem.
3076 912 3233 981 Quod
3275 910 3504 982 diligen-

1916 1011 2124 1076 tissime
2146 1008 2282 1082 [Al.,
2309 1004 2751 1079 prudentissime]
2791 1005 3030 1074 prudens
3056 1003 3228 1059 lector
3257 1001 3509 1058 conside-

1915 1117 2038 1159 rare
2063 1103 2243 1166 debet,
2275 1101 2405 1173 quid
2431 1115 2530 1172 pro
2557 1115 2663 1170 qua
2686 1098 2898 1153 dicatur
2925 1095 3099 1152 forma
3132 1112 3144 1149 :
3177 1110 3300 1150 cum
3327 1101 3508 1149 tamen

1915 1203 1971 1252 ct
2007 1194 2062 1250 in
2107 1193 2283 1249 forma
2322 1192 2490 1256 servi,
2521 1199 2576 1247 et
2622 1190 2681 1248 in
2730 1188 2903 1245 forma
2961 1186 3077 1252 Dei,
3130 1185 3275 1242 idem
3304 1185 3416 1256 ipse
3440 1184 3512 1238 sit

1915 1284 2106 1349 Filius,
2148 1297 2309 1349 unus,
2353 1281 2664 1354 unigenitus
2691 1279 2788 1335 Dei
2819 1278 3037 1346 Patris;
3083 1278 3136 1334 in
3188 1276 3362 1332 forma
3412 1274 3511 1331 Dei

1915 1375 2144 1446 aqualis
2186 1374 2362 1440 Patri,
2414 1375 2468 1428 in
2506 1373 2682 1429 forma
2723 1371 2865 1428 servi
2920 1371 3100 1426 minor
3147 1369 3329 1425 Patre.
3369 1368 3516 1437 Qua-

1917 1475 2139 1540 propter
2163 1465 2300 1539 [AI.,
2331 1464 2535 1538 itaque]
2561 1479 2670 1521 non
2702 1463 2977 1520 immerito
3003 1461 3284 1533 Scriptura
3311 1468 3520 1517 utrum-

1917 1575 2025 1630 que
2061 1558 2214 1622 dicit,
2245 1565 2302 1613 et
2330 1557 2593 1628 mqualem
2639 1555 2789 1612 Patri
2815 1553 3031 1616 Filium.
3059 1562 3115 1609 et
3155 1553 3374 1610 Patrem
3401 1567 3520 1609 ma-

1913 1649 2090 1720 jorem
2128 1648 2286 1704 Filio.
2339 1648 2475 1704 Illud
2513 1647 2662 1704 enim
2712 1655 2938 1718 propter
2984 1645 3216 1702 formam
3245 1645 3338 1701 Dei
3373 1645 3520 1702 :hoc

1921 1751 2103 1800 autem
2136 1749 2361 1813 propter
2400 1741 2633 1796 formam
2662 1739 2830 1804 servi,
2862 1739 2980 1796 sine
3004 1737 3110 1794 ulla
3136 1752 3382 1809 persona:
3408 1738 3519 1795 dis-

1922 1835 2167 1892 cretione
2225 1832 2365 1906 (AL,
2404 1830 2640 1888 naturali
2689 1828 3033 1903 confusione]
3076 1829 3414 1901 intelligitur.
3461 1830 3520 1887 ln

1925 1922 2100 1980 forma
2129 1922 2246 1988 Dei,
2271 1923 2328 1978 in
2355 1921 2616 1993 principio
2635 1928 2748 1976 erat
2784 1917 3040 1985 Verbum;
3070 1919 3125 1975 in
3157 1921 3328 1976 forma
3351 1920 3518 1986 servi,

1736 1980 1820 2084 ξιξδ
1854 2001 1897 2063 Β
1935 2012 2164 2069 Verbum
2195 1980 2320 2068 caro
2355 1980 2559 2082 'faetunt
2604 2021 2680 2067 est
2719 2009 2905 2084 (Ioan.
2942 2027 2982 2077 ι,
3013 1980 3123 2084 ll),
3151 2011 3203 2066 id
3231 2020 3336 2078 εει,
3376 1980 3523 2070 De“g

1927 2107 2093 2163 homo
2121 2105 2298 2162 factus
2329 2113 2432 2161 est.
2457 2103 2516 2162 In
2546 2105 2637 2161 illa
2683 2120 2749 2161 ex
2798 2113 3004 2162 mterno
3029 2106 3253 2176 aequalis
3281 2105 3477 2184 [Patri]
3504 2125 3519 2173 ;
3550 2091 3552 2093 i

1929 2197 1985 2252 in
2007 2194 2110 2252 ista
2154 2209 2223 2250 ex
2261 2203 2506 2266 tempore
2532 2193 2731 2251 minor.
2756 2193 2818 2250 In
2847 2193 3020 2250 forma
3063 2211 3170 2266 qua
3195 2197 3422 2268 mqualis
3439 2207 3527 2254 est

1927 2286 2103 2354 Patri,
2127 2286 2258 2344 fecit
2281 2287 2558 2343 hominem
2584 2303 2600 2353 ;
2628 2285 2686 2343 in
2704 2283 2882 2342 forma
2902 2301 3009 2357 qua
3038 2287 3218 2344 minor
3237 2298 3321 2343 est
3338 2287 3522 2352 Patre,

1929 2383 2107 2439 factus
2141 2389 2227 2439 est
2266 2382 2450 2438 homo.
2481 2379 2719 2437 Proinde
2758 2379 2816 2436 in
2850 2379 3115 2436 catholica
3143 2378 3249 2437 fide
3274 2379 3391 2436 sine
3418 2379 3526 2435 ulla

1931 2472 2269 2530 dubitatione
2306 2471 2690 2528 confirmatum
2719 2478 2806 2527 est
2845 2470 3123 2528 hominem
3155 2469 3330 2538 illum,
3364 2487 3527 2545 quem

1932 2561 2175 2632 suscepit
2193 2561 2458 2633 sapientia
2499 2560 2597 2616 Dei
2623 2576 2691 2616 ex
2709 2560 2963 2634 virginali
2989 2569 3168 2628 utero,
3191 2561 3327 2618 nihil
3349 2562 3533 2620 minus

1934 2653 2190 2710 habuisse
2214 2668 2378 2724 quam
2400 2652 2584 2708 cteteri
2615 2651 2884 2715 homines,
2914 2659 3178 2722 quantum
3204 2652 3444 2724 pertinet
3462 2653 3532 2708 ad

1936 2744 2301 2818 integritatem
2332 2745 2583 2800 humana:
2630 2751 2860 2812 naturae,
2895 2743 2953 2800 in
2981 2759 3089 2817 qua
3117 2745 3281 2802 homo
3313 2755 3537 2806 creatus

1935 2846 2044 2904 est,
2091 2845 2148 2893 et
2181 2837 2316 2893 nihil
2358 2837 2582 2892 omnino
2607 2851 2676 2892 ex
2708 2851 2799 2902 eo,
2841 2837 2987 2907 quod
3020 2837 3279 2910 deceptor
3325 2839 3534 2897 homini

1939 2928 2167 2987 invexit.
2211 2928 2486 2998 Quantum
2534 2937 2719 2984 autem
2762 2928 2830 2985 ad
2856 2928 3238 2986 excellentiam
3264 2943 3539 3002 persona),-

1939 3018 2099 3093 longe
2141 3019 2288 3074 aliud
2311 3030 2396 3076 est
2445 3033 2610 3091 quam
2661 3019 2845 3076 caeteri
2895 3021 3163 3086 homines,
3218 3021 3346 3092 quia
3391 3020 3536 3078 idem

1942 3111 2128 3176 homo,
2154 3126 2261 3166 una
2288 3127 2542 3183 persona,
2580 3127 2704 3168 cum
2733 3111 2828 3167 Dei
2858 3112 3038 3171 Verbo
3060 3111 3236 3171 factus
3259 3121 3370 3169 est.

2537 3245 2766 3304 CAPUT
2811 3247 2939 3304 Vill.

313 3383 396 3445 Ea
426 3401 536 3443 una
581 3384 852 3442 sententia
879 3383 1128 3459 Apostoli
1172 3383 1292 3442 dum
1339 3384 1396 3442 in
1438 3383 1580 3443 Filio
1613 3386 1712 3444 Dei
1740 3401 1839 3443 na-

1813 3420 1839 3430 _
1861 3369 1909 3434 ο
1945 3361 2127 3432 Quare
2147 3378 2407 3434 nusquam
2434 3361 2665 3433 Spiritus
2687 3370 2902 3419 sanctus
2927 3360 3090 3420 Patre
3102 3364 3279 3420 minor
3299 3364 3545 3438 legatur!

240 3487 381 3537 tura
403 3476 781 3548 intelliguntur
812 3491 826 3530 :
851 3491 982 3542 una,
1006 3475 1063 3532 in
1086 3490 1196 3546 qua
1215 3484 1301 3532 est
1323 3491 1422 3548 per
1451 3477 1634 3534 omnia
1655 3493 1840 3550 aqua-

240 3567 314 3625 lis
334 3564 488 3624 Patri
516 3583 530 3620 :
563 3565 762 3631 altera,
807 3565 864 3621 in
903 3579 1009 3636 qua
1052 3564 1233 3623 minor
1274 3573 1360 3622 est
1391 3565 1575 3633 Patre,
1604 3567 1696 3624 ubi
1725 3568 1841 3626 ait:

242 3656 356 3726 Qui
380 3671 503 3712 cum
529 3665 663 3712 esset
691 3656 749 3711 in
784 3654 962 3726 {arma
991 3653 1110 3720 Dei,
1139 3671 1246 3711 non
1288 3657 1529 3729 rapinam
1556 3658 1846 3714 arbitratus

241 3759 324 3805 est
349 3765 465 3806 esse
505 3747 735 3821 aqualis
757 3747 892 3823 [Α1.,
923 3747 1206 3820 aqualem]
1235 3748 1369 3817 Deo,
1392 3749 1485 3805 sed
1515 3752 1849 3822 semetipsum

240 3839 542 3898 eainanioit
591 3838 821 3911 {omam
864 3838 1000 3895 servi
1049 3839 1341 3911 suscipiens
1391 3839 1613 3914 (Philip.
1661 3858 1723 3907 tt,
1770 3841 1848 3914 ὃ),

244 3929 488 3990 Proinde
525 3932 776 4003 quaedam
824 3931 900 3987 ita
935 3931 1190 3989 dicuntur
1218 3932 1274 3988 in
1297 3931 1598 4006 Srripturis
1623 3937 1850 4003 sanctis,

245 4033 310 4083 ut
331 4024 510 4081 minor
554 4023 728 4080 Filius
772 4021 1126 4095 intelligatur,
1161 4024 1305 4081 sicut
1360 4025 1477 4096 ipse
1531 4026 1656 4084 ait:
1691 4025 1856 4082 Pater

245 4117 429 4190 major
445 4126 620 4174 meest
635 4115 820 4192 (Joan.
850 4131 963 4182 xiv,
991 4115 1113 4187 28);
1143 4117 1396 4189 quaedam
1417 4133 1548 4176 vero
1561 4119 1636 4175 ita
1657 4119 1855 4175 dicun-

322 4285 351 4315 ι
381 4269 441 4329 In
472 4270 610 4330 Cod.
644 4271 1051 4330 Vindobonensi
1080 4273 1270 4330 Theol.
1303 4274 1430 4342 455.
1464 4291 1591 4333 saec.
1625 4277 1716 4342 12,
1763 4293 1857 4336 ca-

247 4352 353 4428 put
393 4343 428 4398 ’1
463 4343 807 4428 liuius__libri
837 4344 1111 4428 discrepat
1152 4359 1184 4399 a
1213 4346 1407 4428 priori,
1448 4354 1506 4402 et
1534 4347 1798 4428 in_habet
1837 4361 1855 4428 :_

251 4412 275 4468 ἱ
304 4412 426 4540 gina
447 4412 766 4469 discretione
788 4412 1160 4498 intelligendus
1183 4412 1252 4470 sit
1285 4433 1424 4472 nunc
1448 4417 1670 4490 aequalis
1701 4417 1857 4474 Patri

252 4483 323 4540 Fr
367 4499 454 4540 us.
486 4500 626 4538 nunc
644 4491 821 4539 autem
842 4485 1053 4540 mmor?

252 4483 454 4550 Filius,
486 4500 626 4538 nunc
644 4491 821 4539 autem
842 4483 1053 4540 minor?
1504 4483 1518 4490 '

252 4623 290 4642 ⁸
329 4553 750 4642 «JQ‘uapropterj
765 4555 1020 4642 Acgguita“
1035 4557 1139 4642 ista
1163 4555 1356 4642 regula
1384 4556 1859 4642 intelligendarum

251 4623 670 4698 Scripturarn'm
717 4623 786 4680 de
812 4623 950 4681 Filio
980 4626 1100 4691 Dei,
1122 4634 1184 4680 ut
1203 4623 1604 4697 distinguamus
1631 4629 1764 4699 quid
1801 4632 1858 4686 in

252 4700 338 4757 eis
375 4704 536 4769 sonet
588 4693 888 4769 secundum
957 4694 1191 4769 formam
1237 4696 1354 4769 Dei,
1390 4699 1468 4769 in_
1495 4713 1602 4769 qua
1639 4707 1744 4764 est,
1799 4709 1857 4755 et.

253 4767 483 4838 aqualis
509 4772 594 4821 est
625 4764 808 4838 Patri;
849 4773 906 4838 et
931 4767 1062 4838 quid
1099 4768 1397 4838 secundum
1445 4764 1678 4824 formam
1709 4771 1854 4826 servi

255 4835 422 4910 quam
460 4835 690 4906 accepit,
720 4844 779 4891 et
804 4835 982 4910 minor
1023 4845 1107 4893 est
1134 4836 1296 4893 Patre
1325 4855 1341 4895 :
1374 4853 1480 4895 non
1507 4841 1856 4896 conturbabi-

255 4907 384 4966 mur
405 4915 664 4978 tanquam
683 4907 978 4979 contrariis
1003 4915 1061 4963 et
1089 4910 1514 4979 repugnantibus
1535 4919 1853 4966 sanctorum

255 4977 528 5036 librorum
568 4978 874 5033 sententiis.
932 4977 1065 5034 Nam
1130 4977 1429 5034 secundum
1474 4979 1706 5035 formam
1755 4980 1852 5037 Dei

255 5048 486 5132 aequalis
513 5057 596 5132 est
616 5047 767 5103 Patri
788 5046 954 5120 728
976 5058 1031 5104 et
1049 5048 1224 5132 Pilius
1246 5057 1302 5132 et
1331 5049 1567 5132 Spiritus
1593 5059 1850 5132 sanctus;

300 5127 392 5175 uia
429 5127 624 5176 neuter
671 5133 863 5174 eorum
914 5128 1164 5175 creatura
1205 5128 1309 5184 est,
1339 5127 1483 5177 sicut
1521 5127 1635 5189 jam
1672 5131 1857 5178 osten-

299 5191 445 5272 imus
477 5207 492 5244 :
523 5189 1075 5272 secuudum_autem_
1099 5191 1330 5272 formam
1375 5193 1514 5247 servi
1548 5192 1725 5272 minor
1771 5201 1859 5249 est

265 5262 456 5326 Patre,
499 5260 628 5330 quia
659 5259 775 5330 ipse
819 5259 995 5314 dixit:
1028 5259 1193 5316 Pater
1217 5261 1394 5330 major
1436 5279 1519 5317 me
1562 5271 1638 5317 est
1668 5263 1852 5331 (Joan.

263 5348 390 5420 ξινο,
412 5329 1851 5420 is):HW?£‘E§E§?‘B%..9¥"3“2.319-ilimmﬁi‘.‘

267 5400 621 5474 Semetipsum
641 5400 929 5456 exinanivit
961 5400 1192 5472 '(Pln'lia.
1227 5417 1287 5465 tt,
1313 5401 1406 5473 7);
1438 5403 1616 5458 minor
1634 5411 1720 5458 est
1742 5403 1861 5473 Spi-

271 5475 639 5552 rituﬁs-ancto‘,
663 5472 800 5552 quia.
821 5471 935 5541 ipse
1067 5489 1081 5525 :
1117 5433 1222 5535 Qui
1247 5473 1448 5552 _dia:erit
1483 5472 1860 5552 blasphemiam

271 5545 328 5599 in
370 5541 574 5613 Filium
601 5541 844 5613 hominis,
887 5543 1180 5613 remittetur
1209 5545 1291 5608 ei;
1328 5544 1418 5613 qui
1458 5541 1633 5597 autem
1670 5545 1864 5598 dixerit

270 5612 653 5683 blasphemiam
692 5612 754 5683 in
797 5610 1052 5683 Spiritum
1102 5610 1361 5676 sanctum,
1418 5630 1528 5668 non
1570 5614 1864 5669 remittetur

273 5681 624 5757 (latthgu,
645 5681 759 5757 52).
813 5681 898 5757 Et
914 5683 968 5757 in
998 5683 1113 5757 ips_o
1136 5684 1371 5757 virtutes
1383 5692 1640 5757 operatus
1665 5692 1750 5739 est
1773 5683 1861 5738 di-

274 5751 411 5810 cens
440 5771 453 5807 :
481 5752 679 5836 Sihego
724 5754 783 5806 in
808 5751 1029 5821 Spiritui
1052 5753 1167 5836 Dnei.
1187 5753 1341 5836 efficio
1388 5751 1689 5836 dmmuuiaJ
1725 5763 1865 5836 certe

273 5823 572 5909 supervenit
711 5839 798 5877 sos
826 5823 1167 5909 regnumPci
1194 5823 1345 5906 (Luc.
1380 5842 1456 5888 XI,
1477 5825 1612 5909 ,θοὴ
1632 5825 1697 5879 Et
1723 5824 1864 5893 apud

278 5893 473 5952 Isaiam
521 5893 693 5958 dicit,
760 5904 924 5963 quam
968 5893 1251 5950 lectionem
1307 5896 1421 5963 ipse
1475 5897 1528 5949 in
1563 5893 1863 5967 'Synagoga

273 5964 554 6031 recitavit,
597 5971 653 6019 et
680 5963 747 6018 de
771 5978 831 6023 se
864 5965 1188 6034 conpletam
1219 5967 1336 6023 sine
1370 5965 1621 6037 scrupulo
1645 5967 1863 6044 dubita-

610 6059 884 6121 Ρηιοι..
931 6055 1031 6117 CI.

2016 3475 2048 3516 δ
2084 3473 2212 3531 ideo
2261 3482 2443 3530 autem
2472 3488 2742 3544 nusquam
2785 3474 3047 3546 scriptum
3075 3484 3178 3542 est,
3210 3478 3354 3548 quod
3398 3477 3544 3538 Deus

1947 3566 2110 3623 Pater
2141 3564 2316 3636 major
2360 3565 2434 3620 sit
2462 3564 2666 3635 Spiritu
2691 3573 2905 3632 sancto,
2944 3566 3030 3622 vel
3056 3566 3294 3640 Spiritus
3317 3578 3542 3628 sanctus

1948 3658 2129 3713 minor
2168 3655 2280 3712 Deo
2309 3655 2492 3720 Patre,
2526 3655 2662 3725 quia
2691 3672 2799 3712 non
2823 3664 2911 3713 est
2935 3657 3012 3713 ita
3039 3673 3071 3714 a
3108 3657 3314 3731 Spiritu
3349 3670 3544 3719 sancto

1949 3747 2220 3814 columba,
2251 3747 2305 3801 in
2345 3761 2453 3817 qua
2492 3747 2762 3819 apparuit,
2799 3757 3112 3820 assumpta;
3146 3751 3233 3806 vel
3264 3752 3355 3809 ille
3375 3754 3539 3826 ignis,

1951 3840 2008 3895 in
2055 3855 2164 3910 quo
2192 3839 2473 3895 descendit
2528 3854 2693 3912 super
2721 3842 3015 3913 apostolos,
3051 3843 3104 3899 in
3157 3860 3322 3900 unam
3359 3861 3545 3916 perso-

1952 3947 2078 3987 nam
2116 3932 2418 3987 divinitatis
2472 3946 2602 3997 suaa,
2633 3933 2774 3988 sicut
2803 3942 3080 4007 assumpta
3107 3945 3190 3991 est
3225 3951 3256 3991 a
3283 3936 3420 3993 Filio
3451 3935 3548 3994 Dei

1953 4036 2022 4076 ex
2048 4021 2261 4093 virgine
2311 4021 2479 4078 Maria
2527 4023 2840 4080 humanitas
2871 4024 2925 4080 in
2953 4040 3115 4082 unam
3163 4041 3280 4082 sua:
3326 4027 3551 4085 deitatis

1954 4127 2268 4185 personam.
2314 4113 2500 4186 Neque
2539 4114 2686 4170 enim
2719 4114 3031 4172 columbam
3056 4117 3388 4174 beatiﬁcavit
3420 4116 3548 4192 Spi-

1958 4270 2132 4358 tionis
2149 4273 2410 4358 ostendit,
2443 4268 2696 4358 Spiritus,
2747 4270 2959 4358 inquit,
2996 4270 3208 4328 Domini
3247 4289 3406 4358 super
3444 4290 3550 4358 me,

1956 4350 2170 4416 propter
2195 4343 2530 4416 quodhunxit
2575 4358 2658 4416 me
2680 4359 2705 4416 ί
2724 4343 3086 4416 evangelisare
3105 4343 3422 4416 pauperibus
3451 4345 3553 4400 mi-

1958 4412 2028 4484 sit
2056 4412 2168 4484 'm_e,
2197 4412 2733 4484 pradicarecaptivis
2755 4412 3138 4484 rentissionem,
3161 4412 3268 4470 etc.
3293 4414 3445 4484 (Luc.
3471 4429 3551 4480 tv,

1961 4483 2030 4539 18
2054 4498 2068 4547 ς
2097 4480 2211 4537 Ιεαζ
2241 4498 2354 4545 ιιι,
2380 4482 2454 4550 i).
2481 4480 2712 4552 Ad'qute
2746 4480 2993 4539 facienda
3022 4483 3145 4540 ideo
3184 4499 3243 4542 se
3272 4480 3405 4543 dicit
3427 4487 3553 4544 mis-

1961 4568 2109 4624 sum,
2129 4553 2254 4624 quia
2292 4553 2521 4624 spiritus
2553 4552 2762 4624 Domini
2791 4567 2954 4624 super
2977 4569 3102 4609 eum
3126 4563 3229 4611 est.

2038 4641 2058 4675 ι
2091 4622 2402 4697 secundum
2444 4623 2676 4697 formam
2707 4623 2800 4678 Dei
2831 4622 3012 4697 omnia
3044 4638 3142 4697 per
3186 4627 3362 4697 ipsum
3409 4625 3555 4685 facta

1965 4702 2131 4761 sunt;
2181 4694 2480 4749 secundum
2524 4694 2753 4750 formam
2785 4693 2931 4751 servi
2962 4693 3077 4761 ipse
3108 4693 3284 4753 factus
3322 4713 3390 4752 ex
3435 4714 3554 4753 mu-

1888 4731 1935 4793 Β
1961 4731 2131 4839 ['i'é'r'é,’
2143 4731 2780 4839 τῖὲὧῖῖιῗιῗιεξὲυ
2785 4731 2950 4839 lii
2963 4731 3352 4824 lltliatrlm'amt‘ri.‘Beih
3358 4731 3558 4839 psic];

1961 4833 2124 4890 Pater
2144 4850 2312 4889 unum
2340 4844 2499 4900 sunt;
2520 4833 2816 4890 secundum
2851 4835 3085 4893 formam
3109 4839 3252 4895 servi
3282 4833 3394 4894 noti
3408 4842 3557 4896 venit

1960 4904 2144 4963 i'acere
2173 4905 2521 4978 voluntatem
2551 4921 2729 4978 suam,
2775 4905 2868 4961 sed
2903 4908 3255 4978 ﬁvoluntatem
3296 4908 3416 4978 ejus
3457 4910 3554 4978 qui

1961 4991 2085 5033 eum
2114 4976 2280 5031 misit.
2309 4974 2620 5032 Secundum
2639 4975 2873 5032 formam
2896 4977 3023 5041 Dei,
3052 4981 3186 5034 sicut
3216 4974 3384 5035 Pater
3401 4974 3555 5037 habet

1961 5047 2206 5118 vitamrin
2233 5047 2528 5118 semetipso,
2569 5047 2653 5118 sic]
2674 5047 2818 5102 dedit
2841 5055 2888 5101 et
2932 5045 3073 5104 Filio
3101 5051 3259 5105 vitam
3283 5051 3475 5106 habere
3498 5052 3554 5105 in

1962 5117 2234 5190 gmetipso
2275 5114 2458 5190 (Joan.
2490 5133 2544 5182 v,
2575 5117 2704 5190 26);
2742 5118 3038 5190 secundum
3093 5121 3324 5176 formam
3366 5121 3552 5190 servi:

1966 5186 2156 5260 Tristis
2197 5186 2501 5260 estfortima
2535 5186 2657 5243 mea
2677 5205 2841 5260 usque
2865 5188 2936 5242 ad
2963 5202 3219 5256 mortem;
3247 5199 3324 5256 et,
3370 5189 3554 5254 Pater,

1962 5257 2161 5326 inquit,
2183 5259 2229 5312 si
2252 5256 2382 5381 ξένε
2408 5266 2599 5329 potest,
2627 5256 2862 5312 transeat
2883 5276 2917 5312 a
2939 5276 3019 5313 me
3046 5261 3188 5314 calix
3213 5262 3311 5317 iste
3333 5260 3551 5333 (Matth.

1962 5342 2117 5381 xxvr.
2161 5329 2251 5381 58-
2288 5327 2366 5381 9i.
2417 5327 2727 5381 Secundum
2757 5329 2987 5381 formam
3017 5330 3110 5381 Dei
3141 5333 3255 5381 inse
3282 5340 3369 5381 est
3393 5344 3551 5381 verus

1961 5342 2117 5403 ngr,
2161 5327 2366 5403 38-59).
2408 5327 2727 5383 Secundum
2757 5329 2987 5403 formam
3017 5330 3110 5387 Dei
3141 5333 3255 5403 ipse
3282 5327 3369 5403 est
3387 5344 3556 5403 verus

1963 5398 2109 5454 Deus
2133 5405 2189 5453 et
2212 5397 2334 5453 vita
2351 5406 2588 5463 retenta;
2628 5399 2927 5454 secundum
2952 5397 3184 5459 formam
3211 5402 3353 5459 servi
3379 5399 3554 5458 factus

1963 5477 2050 5523 est
2071 5467 2335 5524 obediens
2356 5484 2528 5538 usque
2553 5469 2621 5523 ad
2643 5479 2899 5535 mortem,
2923 5480 3152 5527 mortem
3174 5480 3355 5527 autem
3377 5471 3558 5528 crucis

1965 5538 2201 5612 (Philip.
2227 5556 2290 5604 tt,
2335 5540 2413 5612 8).
2460 5538 2771 5612 Secundum
2811 5539 3042 5612 fgrmam
3072 5541 3168 5598 Dei
3199 5543 3405 5608 omnia,
3432 5557 3560 5611 quae

1969 5609 2144 5681 habet
2171 5609 2378 5675 Pater,‘
2402 5610 2574 5681 ipsius
2600 5617 2735 5681 sunt
2766 5627 2778 5662 :
2821 5609 2892 5664 Et
2920 5613 3099 5665 omnia
3129 5623 3221 5667 tua
3268 5629 3383 5667 mea
3410 5609 3555 5677 sunt,

1967 5679 2164 5750 inquit,
2208 5688 2257 5734 et
2288 5696 2404 5735 mea
2423 5678 2531 5736 tua
2554 5678 2737 5752 (Joan.
2766 5695 2917 5752 ixvu,
2946 5681 3034 5751 10)
3059 5698 3074 5748 ;
3107 5683 3403 5739 secundum
3432 5681 3558 5752 lor-

1967 5767 2112 5826 mam
2155 5752 2299 5806 servi
2324 5766 2442 5826 Anon
2481 5750 2572 5807 est
2605 5750 2721 5820 ejus
2745 5751 2993 5809 doctrina
3034 5754 3231 5826 ipsius,
3267 5753 3365 5809 sed
3388 5751 3568 5826 illius,

1967 5823 2059 5892 qui
2096 5836 2221 5876 eum
2266 5821 2432 5892 misit.
2471 5841 2489 5876 ι
2631 5816 2646 5820 ⁷
3055 5816 3076 5826 “
3215 5816 3224 5820 ’
3394 5816 3438 5838 ’³

1971 5893 2069 6017 “b
2101 5893 2233 5948 Vide
2266 5891 2323 5948 S.
2356 5892 2743 5964 Augustinum,
2771 5893 2862 5950 lib.
2894 5911 2948 5949 ιι
2989 5895 3057 5951 de
3085 5894 3373 5961 Trinitate,
3406 5908 3558 5950 nutu.
