4346 6624
716 329 788 392 13
1529 334 1590 390 Β.
1633 334 1695 389 F.
1735 331 1961 392 ALBINI
2004 331 2133 387 SEU
2174 329 2366 387 ALCU

2364 328 2453 385 lNi
2492 328 2781 387 OPERUM
2819 328 3002 384 PARS
3036 328 3122 385 lli.
3956 328 4026 383 ti

716 449 1182 523 riuis.{sanctus],
1227 451 1311 507 vel
1346 450 1495 506 illum
1541 449 1751 513 ﬂatum,
1796 448 1877 505 vel
1925 448 2074 504 illum
2106 447 2305 518 ignem,
2342 447 2386 505 Λ
2414 440 2551 498 duas
2566 456 2848 512 personas,
2879 440 2931 496 id
2956 449 3064 507 est,
3089 438 3202 495 veri
3225 437 3347 494 Filii
3373 438 3495 507 Dei,
3519 446 3573 495 et
3601 439 3839 508 adoptivi
3871 440 4017 512 ML,

716 540 928 611 sibique
952 551 1007 597 et
1033 556 1275 612 personae
1299 557 1411 597 sua:
1436 542 1493 597 in
1516 543 1779 597 unitatem
1805 542 2161 611 habitumque
2186 557 2312 597 con-

712 629 893 700 junxit
946 632 1000 685 in
1067 641 1350 698 :eternum,
1422 632 1520 687 sed
1572 641 1942 703 apparuerunt
1988 633 2109 695 ista,
2170 633 2313 691 sicut

701 733 1015 793 opportune
1066 738 1327 796 apparere
1357 726 1684 790 debuerunt,
1718 734 1985 786 creatura
2038 726 2312 783 serviente

715 817 972 879 creatori,
1002 826 1055 870 et
1087 817 1153 871 ad
1183 826 1373 872 nutum
1401 817 1536 886 ejus,
1568 819 1665 889 qui
1713 817 2229 874 incommutabiliter
2254 818 2310 873 in

714 907 891 976 seipso
922 916 1226 975 permanet,
1260 908 1329 963 ad
1380 922 1509 962 eum
1539 908 1957 979 significandum
2004 917 2060 963 et
2085 909 2311 964 demon-

714 1000 1015 1061 strandum,
1056 1001 1198 1056 sicut
1229 998 1524 1071 signiﬁcari
1564 1008 1620 1055 et
1648 1001 2017 1058 demonstrari
2057 1002 2309 1059 mortali-

713 1090 812 1145 bus
862 1093 1166 1160 oportebat,
1224 1101 1429 1147 mutata
1501 1102 1664 1162 atque
1712 1109 1995 1150 conversa.
2051 1094 2312 1163 Quamvis

713 1179 947 1249 Spiritus
988 1192 1207 1239 sanctus
1243 1184 1585 1254 apparuisset
1612 1184 1668 1240 in
1713 1186 1894 1253 specie
1924 1188 2189 1243 columba:
2223 1188 2308 1243 vel

711 1272 870 1343 ignis,
899 1291 1005 1329 non
1028 1291 1316 1346 possumus
1346 1286 1529 1332 tamen
1556 1277 1740 1333 dicere
1763 1278 2027 1349 Spiritum
2057 1290 2307 1335 sanctum

706 1364 880 1425 Deum
913 1378 966 1423 et
996 1369 1325 1435 columbam,
1348 1378 1444 1424 aut
1475 1369 1645 1425 Deum
1676 1380 1730 1425 et
1760 1373 1960 1442 ignem,
2001 1374 2143 1429 sicut
2169 1374 2305 1429 dici-

706 1469 830 1517 mus
880 1458 1077 1514 Filium
1111 1459 1279 1514 Deum
1315 1471 1371 1516 et
1396 1461 1693 1516 hominem.
1729 1462 1961 1533 Propter
1991 1464 2092 1519 has
2140 1465 2308 1537 igitur

709 1554 1023 1622 carporales
1069 1553 1291 1618 formas,
1324 1555 1381 1609 in
1413 1555 1611 1624 quibus
1634 1557 1885 1625 apparuit
1914 1556 2152 1627 Spiritus
2180 1574 2305 1612 san-

708 1654 844 1706 ctas,
893 1645 1092 1700 missus
1118 1644 1344 1710 dicitur,
1390 1661 1499 1700 non
1551 1656 1775 1717 propter
1812 1664 1908 1703 eas
1938 1649 2120 1705 minor
2145 1648 2308 1706 Patre

707 1736 815 1789 dici
866 1746 1064 1804 potest,
1125 1738 1267 1793 sicut
1316 1737 1484 1792 Filius
1548 1748 1779 1811 propter
1827 1738 2061 1795 formam
2122 1743 2301 1808 servi;

706 1828 833 1896 quia
867 1829 957 1883 illa
1005 1828 1179 1885 iorma
1220 1830 1362 1885 servi
1410 1830 1626 1886 inhaesit
1674 1832 1751 1886 illi
1786 1833 1855 1887 ad
1892 1833 2155 1889 unitatem
2186 1848 2308 1905 per-

702 1934 849 1975 son-.e
907 1921 1314 1991 perpetuaiiter,
1368 1921 1471 1975 illae
1524 1937 1654 1978 vero
1704 1924 1915 1994 species
1971 1924 2302 1994 corporales,

705 2010 757 2063 id
811 2020 912 2074 est,
939 2013 1187 2068 columba
1238 2024 1295 2067 et
1335 2014 1498 2084 ignis,
1551 2015 1621 2069 ad
1645 2013 2129 2072 demonstrandum
2158 2018 2303 2087 quod

702 2117 839 2171 npus
881 2104 1005 2169 fuit,
1057 2107 1125 2161 ad
1182 2115 1397 2177 tempus
1439 2117 1831 2178 apparuerunt,
1865 2119 1919 2164 et
1945 2125 2068 2165 esse
2115 2118 2302 2181 postea

700 2194 1045 2250 destiterunt.

1312 2291 1541 2349 CAPUT
1601 2293 1691 2347 ΙΧ.

701 2376 855 2443 Quod
886 2380 1042 2459 aliter
1090 2382 1491 2459 intelligendum
1515 2387 1601 2459 Vrit
1658 2382 1885 2459 Verbum
1918 2404 2044 2443 caro
2073 2388 2298 2459 factum,

768 2461 921 2522 atque
957 2452 1113 2506 aliter
1164 2452 1385 2509 Verbum
1424 2456 1524 2510 Dei
1548 2460 1602 2510 in
1643 2458 1871 2527 qualibet
1898 2452 2222 2515 sanctarum.

758 2560 955 2620 Multis
1007 2565 1196 2629 modis,
1228 2564 1361 2619 dicit
1390 2566 1674 2635 deiloquus
1694 2567 1916 2634 Paulus,
1955 2569 2126 2625 Deam
2154 2569 2300 2626 locu-

699 2665 808 2706 tum
862 2671 972 2708 esse
1024 2657 1260 2724 patribus
1320 2658 1374 2710 in
1420 2660 1707 2728 prop/telis,
1770 2661 2072 2716 novissimis
2125 2662 2303 2732 itaque

698 2747 879 2802 diebus
925 2746 1157 2801 locutum
1193 2748 1340 2802 nobis
1371 2766 1483 2802 esse
1511 2751 1568 2803 in
1616 2750 1759 2805 Filio
1792 2768 1886 2805 suo
1914 2750 2044 2823 [Al.,
2075 2755 2301 2809 novissi-

701 2852 782 2889 me
805 2835 944 2909 vero]
975 2835 1162 2907 (Hebr.
1198 2854 1238 2901 r,
1268 2839 1339 2909 i).
1371 2839 1439 2892 Et
1468 2848 1526 2893 ut
1551 2840 1859 2894 certissime
1885 2842 2298 2913 intelligeretur,

698 2928 765 2981 de
794 2942 902 2996 quo
948 2926 1086 2981 Filio
1130 2929 1380 2994 dixisset,
1418 2944 1540 2984 mox
1568 2930 1849 2999 subiunxit
1869 2933 2058 2988 dicens
2087 2949 2102 2986 :
2132 2931 2301 2999 Qum

696 3018 965 3071 constituit
1011 3018 1269 3073 Itwredem
1316 3021 1702 3083 universorum,
1737 3040 1832 3093 per
1878 3040 2034 3094 quem
2076 3024 2200 3093 fecit
2251 3035 2301 3080 et

695 3122 742 3163 et
771 3110 967 3164 δαεειιια
998 3110 1189 3183 (lbid.,
1212 3111 1289 3180 2).
1310 3111 1416 3166 Per
1438 3113 1586 3167 illum
1616 3130 1768 3179 vero,
1797 3130 1893 3185 per
1921 3132 2084 3185 quem
2114 3117 2300 3172 (itania

694 3204 923 3268 ereavit,
974 3204 1025 3256 id
1057 3210 1160 3267 est,
1206 3202 1483 3258 Christum
1533 3204 1628 3259 Dei
1676 3202 1897 3271 Filium,
1950 3206 2164 3261 locutus
2213 3203 2366 3268 estC

694 3293 1008 3348 novissimis
1046 3293 1230 3348 surculi
1264 3295 1599 3364 temporibus
1638 3296 1844 3350 sanctis
1872 3297 1987 3351 suis
2012 3314 2027 3362 ;
2052 3297 2303 3367 quamvis

696 3383 865 3439 Deum
909 3384 1149 3439 locutum
1194 3399 1318 3440 esse
1344 3384 1398 3440 in
1438 3387 1721 3457 prophetis
1751 3386 1964 3458 legatur
1991 3387 2127 3458 ML,
2153 3387 2304 3459 lege-

696 3479 859 3551 mus].
901 3476 1054 3533 Sicut
1102 3478 1306 3536 dicitur
1341 3479 1509 3550 7’9
1551 3482 1871 3551 principium
1920 3482 2165 3552 loquendi
2198 3481 2304 3536 Do-

694 3572 838 3624 mino
872 3571 922 3623 in
972 3569 1110 3626 Osee
1138 3567 1294 3641 (Osee
1316 3587 1351 3634 ι,
1378 3570 1434 3641 2)
1467 3590 1478 3624 :
1513 3572 1599 3625 vel
1624 3573 1811 3637 etiam,
1847 3572 2058 3627 verbum
2086 3572 2301 3627 Domini

693 3660 890 3729 factum
924 3664 991 3716 ad
1012 3663 1311 3731 quemlibet
1336 3664 1681 3735 prophetam,
1708 3665 1853 3719 sicut
1880 3664 2080 3735 legitur
2112 3683 2127 3721 :
2172 3664 2299 3719 νεν-

693 3759 815 3811 bum
842 3756 1050 3810 limuim'
1099 3758 1299 3827 factum
1328 3772 1403 3812 est
1428 3758 1498 3812 ad
1545 3757 1749 3812 Isaiam
1775 3760 2082 3831 prophetam
2114 3758 2301 3831 (Isaia:

694 3867 921 3915 xxmu,
949 3851 1028 3921 4).
1081 3849 1196 3905 Non
1241 3851 1407 3923 igitur
1430 3851 1505 3906 ita
1530 3851 1781 3908 Christus
1814 3853 2037 3907 verbum
2079 3852 2177 3910 Dei
2205 3853 2300 3909 ha-

695 3945 812 4000 buit
870 3944 924 3999 in
955 3960 1035 4010 se,
1075 3945 1216 3999 sicut
1247 3944 1341 3998 alii
1384 3944 1580 4010 sancti,
1641 3945 1735 4000 sed
1775 3945 1891 4015 ipse
1938 3954 2027 4000 est
2054 3945 2296 4001 Verbum

692 4033 808 4089 Dei.
840 4036 1001 4089 Aliud
1031 4046 1116 4090 est
1142 4036 1290 4089 enim
1316 4036 1552 4091 Verbum
1581 4037 1635 4091 in
1658 4053 1844 4102 carne,
1882 4036 2028 4091 aliud
2047 4046 2133 4091 cst
2166 4037 2298 4092 Ver—

694 4127 822 4182 bum
862 4143 992 4182 earo
1021 4126 1259 4194 factum;
1306 4127 1452 4182 aliud
1486 4138 1572 4182 est
1606 4128 1753 4183 Deus
1793 4127 1849 4187 in
1881 4130 2126 4196 homine,
2150 4130 2297 4187 aliud

692 4231 775 4275 t'si.
834 4222 976 4277 Deus
1034 4223 1217 4276 homo.
1247 4220 1372 4278 ideo
1412 4221 1507 4278 Dei
1541 4221 1710 4277 Filius
1757 4239 1863 4278 non
1893 4224 2070 4279 solum
2100 4238 2295 4279 secun-

690 4316 815 4369 dum
840 4332 1022 4370 verum
1068 4316 1432 4383 divinitatem,
1471 4331 1635 4388 quam
1666 4318 1831 4373 habet
1875 4318 1941 4373 de
1973 4329 2168 4374 natura
2194 4314 2293 4373 Dei

690 4406 888 4473 Patris,
941 4410 1036 4463 sed
1082 4409 1248 4462 etiam
1280 4410 1576 4464 secundum
1622 4425 1870 4477 carnem,
1903 4426 2069 4481 quam
2106 4426 2292 4466 veram

691 4494 1020 4556 naturaliter
1053 4502 1219 4556 habet
1242 4502 1309 4558 de
1338 4518 1566 4573 corpore
1592 4504 1764 4559 beatae
1789 4503 2107 4570 Genitricis,
2145 4504 2290 4561 Deus

690 4615 871 4664 verus,
911 4602 1231 4656 etcreditur
1265 4611 1319 4657 et
1347 4603 1679 4674 praedicatur
1708 4602 1777 4657 ab
1805 4602 2059 4658 omnibus
2109 4604 2294 4660 catho-

688 4697 809 4750 licis
836 4715 845 4747 :
881 4697 1136 4764 quoniam
1168 4707 1373 4751 mterna
1399 4696 1657 4752 divinitas
1700 4687 1823 4751 Filii
1856 4712 1979 4751 cum
2008 4696 2165 4765 plena
2193 4697 2297 4751 hu-

690 4789 951 4843 inanitate
996 4804 1109 4849 sua,
1150 4797 1204 4842 et
1246 4787 1435 4843 eadem
1462 4787 1626 4857 plena
1674 4786 1987 4842 humanitas
2016 4786 2137 4841 Filii
2168 4803 2294 4842 cum

688 4892 893 4937 mterna
944 4882 1226 4936 divinitate
1279 4895 1396 4945 sua,
1429 4895 1536 4934 una
1587 4888 1673 4934 est
1705 4879 1976 4957 instincta
2023 4879 2295 4935 Trinitate

687 4987 952 5041 persona;
1008 4983 1064 5026 et
1105 4974 1219 5028 haec
1261 4987 1367 5025 non
1414 4972 1691 5041 adoptiva,
1720 4970 1814 5027 sed
1844 4971 2062 5042 prepria
2094 4980 2147 5027 et
2171 4987 2296 5041 per-

689 5066 850 5127 lecta.
882 5074 936 5118 et
984 5064 1096 5133 ipse
1126 5072 1269 5118 totus
1299 5064 1351 5118 in
1396 5063 1681 5118 divinitate
1731 5071 1897 5133 atque
1949 5064 2294 5119 humanitate

688 5175 789 5213 sua
817 5159 1125 5227 uuigenitus
1167 5166 1224 5213 et
1251 5173 1412 5212 verus
1448 5156 1543 5211 Dei
1577 5154 1771 5222 Filius,
1811 5155 1952 5212 idem
1978 5154 2113 5228 [Αι.,
2145 5155 2290 5231 ideo]

688 5267 813 5306 cum
848 5250 1006 5305 Patre
1043 5260 1095 5304 et
1138 5250 1343 5319 Spiritu
1371 5256 1583 5312 sancto,
1621 5263 1763 5303 unus
1789 5257 1874 5303 est
1928 5246 2075 5303 Deus
2104 5263 2287 5312 verus,

686 5357 797 5397 non
835 5344 1253 5413 nuitcupativus,
1313 5343 1455 5397 sicut
1503 5341 1801 5412 Hispanico
1853 5342 2069 5397 ha'rcsis
2121 5342 2287 5411 impia

689 5437 995 5499 temeritate
1042 5434 1314 5490 aiiirmare
1377 5438 1743 5505 praesumpsit,
1786 5448 2040 5489 asserens
2073 5433 2169 5488 Dei
2199 5432 2289 5490 ιη’ίυ

690 5532 822 5583 lium
873 5531 927 5583 in
968 5530 1147 5583 divina
1189 5539 1382 5582 natura
1412 5528 1582 5583 Deum
1614 5544 1735 5583 esse
1773 5544 1989 5594 verum,
2021 5535 2077 5582 et
2107 5528 2161 5581 in
2187 5527 2287 5583 hu-

688 5636 847 5677 mana
899 5623 1356 5691 nuncupativum;
1391 5622 1644 5677 similiter
1683 5633 1738 5677 et
1793 5622 1846 5676 in
1878 5622 2061 5678 divina
2090 5630 2283 5676 natura

687 5714 966 5784 proprium
991 5714 1185 5768 Filium
1209 5713 1329 5779 Dei,
1358 5725 1411 5769 et
1438 5716 1491 5769 in
1514 5714 1749 5773 humana
1778 5715 2117 5782 adoptivum,
2148 5715 2284 5770 divi-

688 5811 819 5863 dens
880 5827 1038 5863 uuam
1100 5826 1385 5879 personam
1441 5810 1560 5865 Filii
1609 5808 1701 5863 Dei
1760 5820 1888 5862 cum
1926 5805 2181 5864 Nestorio
2231 5812 2284 5866 in

2412 535 2529 591 veri
2563 533 2688 590 Filii
2715 542 2771 589 et
2815 532 3115 606 adoptivi];
3148 549 3274 590 cum
3301 532 3669 589 certissimum
3697 541 3938 597 constet,
3959 532 4022 590 in

2413 624 2562 679 illam
2602 638 2913 695 personam,
2955 639 3122 695 quam
3167 624 3358 681 habuit
3396 624 3726 679 mternaliter
3753 623 3822 680 de
3857 624 4021 680 Patro

2411 718 2645 789 genitus,
2707 716 2805 771 Dei
2846 716 3042 771 Filium
3090 716 3385 771 humanam
3443 716 3807 787 assumpsisse
3859 722 4019 773 natu-

2412 824 2550 869 ram,
2580 822 2745 877 quam
2777 822 2939 863 nemo
2960 807 3259 863 catholicus
3288 808 3392 864 iide
3420 806 3776 863 conﬁrmatus
3809 809 4021 877 adopti-

2412 913 2536 953 vam
2557 913 2677 954 esse
2706 913 2872 953 ausus
2891 907 2977 954 est
2993 899 3197 954 dicere.
3224 898 3370 956 Deus
3399 900 3494 954 Dei
3524 899 3695 954 Filius
3715 900 4013 955 humanam

2411 989 2709 1059 assumpsit
2735 998 3012 1054 naturam,
3036 1005 3142 1044 non
3169 1004 3484 1060 personam,
3511 990 3568 1043 in
3600 999 3865 1045 aeternam
3895 1004 4013 1044 sus-

2411 1080 2617 1151 cipiens
2649 1094 2939 1151 personam
2973 1080 3278 1136 divinitatis
3320 1081 3671 1151 temporalem
3710 1082 4020 1136 humanita-

2410 1172 2480 1225 tis
2520 1172 2901 1227 substantiam.
2933 1171 3109 1230 Homo
3132 1174 3460 1229 transivitin
3493 1175 3684 1239 Deum,
3714 1190 3821 1230 non
3844 1173 4020 1228 versi-

2409 1263 2621 1320 bilitate
2674 1272 2905 1331 natura},
2942 1265 3037 1319 sed
3085 1274 3310 1337 propter
3351 1266 3550 1320 divina:
3593 1268 3857 1320 unitatem
3888 1280 4015 1335 per-

2409 1371 2575 1411 sonas.
2606 1356 2733 1411 ldeo
2763 1372 2872 1411 non
2923 1366 3050 1413 sunt
3078 1358 3185 1415 duo
3208 1357 3437 1424 Christi,
3475 1375 3580 1413 nec
3609 1359 3715 1413 duo
3740 1357 3885 1424 Filii,
3919 1359 4017 1413 sed

2410 1462 2552 1502 unus
2571 1445 2843 1509 Christus.
2876 1456 2934 1501 et
2960 1463 3100 1501 unus
3131 1448 3324 1517 Filius,
3348 1448 3492 1504 Deus
3523 1450 3705 1504 homo.

3036 1560 3269 1619 CAPUT
3318 1562 3387 1618 Χ.

2483 1671 2636 1738 Quod
2674 1690 2766 1728 nec
2803 1674 2967 1746 Pater
3000 1691 3095 1730 nec
3131 1676 3363 1746 Spiritus
3398 1687 3645 1739 sanctus,
3686 1676 3779 1732 sed
3814 1675 3961 1732 solus

2889 1743 3062 1801 Filius
3100 1743 3412 1804 incarnatus
3451 1751 3539 1803 sit.

2340 1828 2387 1890 Β
2483 1861 2807 1932 Quanquam
2845 1879 2951 1918 una
2986 1864 3059 1920 sit
3092 1874 3289 1921 natura
3322 1874 3524 1922 sanet:
3556 1865 3880 1930 Trinitatis,
3904 1879 4019 1921 non

2413 1939 2593 2009 tamen
2622 1964 2731 2010 tota
2763 1955 3003 2013 Trinitas
3030 1958 3314 2013 incarnata
3337 1966 3455 2023 est;
3483 1958 3580 2014 sed
3605 1956 3719 2012 sola
3745 1957 3869 2013 Filii
3894 1973 4023 2027 per-
4102 2032 4109 2039 ν

2410 2062 2543 2103 sena
2569 2049 2863 2103 humanam
2886 2049 3317 2107 misericorditer
3338 2058 3581 2124 suscepit
3605 2060 3876 2106 naturam.
3906 2051 4021 2107 Nec

2410 2149 2591 2194 tamen
2632 2140 2704 2194 ita
2739 2139 2833 2196 Dci
2881 2141 3051 2199 Filius
3092 2144 3410 2199 incarnatus
3454 2152 3568 2207 est,
3613 2152 3674 2199 ut
3715 2158 3825 2199 una
3870 2154 4017 2200 esset

2410 2234 2465 2288 in
2505 2249 2573 2289 eo
2609 2243 2806 2289 natura
2846 2236 3149 2292 divinitatis
3196 2246 3254 2293 et
3302 2239 3505 2293 carnis.
3540 2237 3727 2309 Neque
3778 2240 3926 2294 enim
3960 2238 4017 2292 in

2408 2324 2629 2381 Christo
2668 2326 2774 2381 hoc
2804 2326 2980 2383 deitas
3012 2330 3195 2398 potuit
3225 2344 3347 2385 esse
3379 2330 3525 2400 quod
3564 2344 3721 2396 caro,
3754 2338 3849 2385 aut
3884 2344 4019 2385 caro

2406 2417 2555 2487 quod
2591 2417 2809 2474 deitas:
2848 2421 2980 2490 quia
3018 2427 3251 2493 utraque
3287 2434 3486 2478 natura
3509 2464 3526 2490 ,
3571 2422 3626 2477 id
3659 2431 3780 2489 est,
3818 2423 4019 2478 divini-

2409 2509 2539 2564 tatis
2575 2520 2632 2564 et
2669 2510 3063 2580 humanitatis,
3092 2513 3145 2567 in
3185 2528 3284 2569 sua
3320 2516 3622 2585 permansit
3658 2516 4015 2586 proprietate.

2406 2597 2705 2670 Propterea
2744 2602 2939 2673 utique
2976 2604 3275 2660 humanam
3316 2616 3605 2673 naturam,
3646 2608 3699 2662 id
3734 2615 3854 2675 est,
3894 2622 4018 2662 car-

2407 2708 2533 2750 nem
2564 2696 3053 2766 rationabilcmque
3081 2700 3321 2754 animam
3350 2714 3459 2755 non
3493 2716 3523 2756 a
3553 2709 3666 2756 tota
3703 2701 3973 2756 Trinitate
4000 2737 4015 2765 ,

2407 2787 2500 2841 sed
2542 2803 2573 2841 a
2613 2788 2729 2843 solo
2762 2789 2901 2845 Filio
2931 2793 3259 2848 conlltemur
3281 2804 3621 2865 susceptam,
3658 2795 3715 2850 in
3748 2796 4021 2851 unitatem

2405 2878 2607 2949 quippe
2642 2894 2920 2949 personae,
2961 2898 3068 2936 non
3113 2884 3167 2938 in
3215 2886 3480 2940 unitatem
3533 2898 3764 2941 naturm.
3816 2884 4018 2956 Utique

2405 2986 2636 3040 persona
2672 2972 2794 3027 Filii
2829 2990 2939 3029 non
2979 2984 3063 3031 est
3099 2976 3319 3041 eadem,
3358 2994 3481 3048 quae
3531 2977 3712 3033 Patris
3755 2987 3872 3044 est,
3922 2988 4021 3033 aut

2408 3062 2649 3130 Spiritus
2677 3066 2872 3120 sancti.
2912 3064 3107 3122 Unitas
3130 3083 3260 3140 ergo
3287 3084 3535 3139 persona:
3553 3110 3566 3134 ,
3595 3084 3849 3125 manente
3878 3071 4020 3125 dun-

2409 3162 2564 3208 taxat
2610 3157 2898 3228 utriusque
2951 3160 3289 3229 preprietate
3344 3163 3707 3227 substantim,
3767 3164 3911 3220 sicut
3962 3164 4019 3219 in

2405 3244 2627 3303 Christo
2655 3263 2949 3319 personam
2981 3268 3087 3307 non
3102 3252 3251 3309 iecit
3287 3252 3559 3324 duplicem
3583 3297 3598 3320 ,
3640 3256 3721 3310 sic
3761 3256 4017 3312 humana:

2406 3347 2620 3395 natura:
2677 3344 3086 3413 susceptionem
3143 3360 3249 3400 non
3309 3344 3441 3401 fecit
3499 3358 3703 3403 εεωοιω
3758 3348 4019 3404 'l‘rinitati

2406 3446 2777 3487 communem.
2831 3434 2914 3489 Ad
2962 3449 3253 3504 personam
3304 3437 3505 3508 quippe
3553 3438 3648 3495 Dei
3680 3440 3848 3495 Verbi
3896 3448 4021 3497 tan-

2406 3525 2686 3580 tummodo
2723 3528 2971 3597 acceptio
3006 3528 3096 3581 illa
3135 3528 3349 3584 servilis
3381 3528 3572 3586 forma:
3607 3533 3885 3601 pertinet:
3923 3535 4021 3591 sed

2405 3616 2541 3671 nihil
2566 3616 2764 3672 divina:
2790 3618 3140 3687 plenitudinis
3168 3620 3394 3676 abstulit
3419 3638 3432 3686 ;
3464 3622 3599 3676 nihil
3626 3621 4020 3681 dominationis

2404 3711 2607 3766 ademit
2649 3712 2705 3765 in
2743 3711 2961 3768 Christo
2998 3714 3363 3770 humanitatis
3408 3727 3707 3788 susceptio.
3755 3717 3892 3773 Hinc
3934 3727 4020 3774 est

2403 3807 2549 3877 quod
2589 3807 2644 3860 in
2685 3824 2795 3863 uno
2834 3809 3137 3880 eodemque
3175 3807 3397 3866 Christo
3431 3818 3485 3864 et
3516 3812 3769 3866 humanm
3806 3820 4019 3869 natura:

2400 3899 2608 3953 veritas
2645 3897 2883 3965 claruit,
2923 3909 2978 3955 et
3016 3901 3217 3957 divinae
3256 3912 3465 3958 natura
3495 3904 4021 3962 incommutabilitas

2401 3989 2709 4060 permansit
2754 4000 2980 4046 aeterna.
3029 3991 3146 4048 Hoc
3195 4002 3376 4049 tamen
3422 3996 3702 4051 sciendum
3746 4005 3831 4052 est
3873 3997 4019 4069 quod

2402 4087 2545 4142 hanc
2570 4087 2826 4143 servilem
2856 4087 3093 4145 formam
3114 4129 3128 4155 ,
3158 4105 3323 4162 quam
3353 4091 3502 4146 solus
3533 4091 3632 4147 Dei
3663 4090 3835 4148 Filius
3863 4106 4021 4148 acoe-

2399 4191 2510 4252 ptt,
2555 4192 2664 4237 tota
2708 4183 2951 4241 Trinitas
2989 4185 3139 4242 fecit.
3184 4186 3358 4256 Quam
3396 4199 3577 4245 tamen
3617 4198 3827 4246 certum
3864 4198 3950 4247 est
3987 4207 4016 4245 a

2400 4285 2515 4332 tota
2562 4287 2750 4333 saneta
2804 4275 3074 4339 Trinitate
3120 4266 3356 4348 iaetam,
3408 4284 3476 4338 ad
3527 4283 3699 4340 solam
3749 4283 3873 4339 Filii
3920 4283 4019 4341 Dei

2400 4370 2677 4439 pertinere
2703 4385 3015 4441 personam.
3044 4373 3163 4428 Non
3190 4375 3335 4430 enim
3365 4374 3529 4431 Pater
3557 4391 3779 4433 carnem
3807 4391 4020 4433 assum—

2398 4464 2539 4533 psit,
2574 4479 2752 4534 neque
2797 4464 3033 4535 Spiritus
3064 4475 3315 4529 sanctus,
3352 4468 3449 4523 sed
3479 4465 3649 4524 Filius
3678 4475 3926 4535 tantum,
3959 4477 4021 4523 ut

2326 4565 2375 4625 ι)
2398 4558 2491 4627 qui
2523 4566 2643 4612 erat
2671 4558 2726 4613 in
2754 4556 3041 4615 divinitate
3070 4558 3164 4614 Dei
3197 4558 3377 4616 Patris
3408 4560 3447 4614 F
3454 4560 3599 4627 ilius,
3630 4562 3745 4634 ipse
3769 4560 3926 4617 ﬁeret
3961 4561 4018 4616 in

2399 4650 2621 4705 homine
2650 4653 2844 4706 matris
2873 4652 3101 4724 virginis
3132 4652 3307 4719 lilius,
3337 4669 3406 4708 ne
3436 4655 3559 4709 Filii
3600 4670 3799 4711 nomen
3842 4656 3897 4710 in
3939 4654 4018 4710 al-

2401 4751 2574 4798 teram
2603 4744 2869 4802 transirct
2898 4761 3187 4816 personam
3211 4790 3227 4813 ,
3263 4748 3355 4817 qui
3387 4764 3497 4803 non
3540 4758 3688 4804 esset
3728 4750 4017 4807 nativitate

2399 4838 2564 4892 filius.
2600 4838 2697 4893 Dei
2728 4855 2859 4911 ergo
2890 4838 3081 4905 Filius,
3113 4840 3350 4896 hominis
3377 4840 3557 4898 factus
3586 4853 3672 4897 est
3702 4841 3881 4898 (ilius:
3918 4857 4015 4898 na-

2401 4941 2489 4987 tus
2518 4932 2819 4987 secundum
2851 4932 3139 4989 veritatem
3170 4947 3382 4989 natura:
3408 4951 3470 4989 ex
3508 4935 3525 5006 [
3554 4935 3663 4990 Deo
3708 4936 3801 4991 Dei
3844 4936 4015 4991 Filius

2399 5031 2455 5076 et
2482 5024 2781 5078 secundum
2810 5025 3098 5081 veritatem
3130 5036 3340 5087 natura:
3367 5041 3428 5082 ex
3458 5020 3476 5098 ]
3518 5028 3737 5083 homine
3778 5028 4015 5087 hominis

2398 5119 2543 5174 ﬁlius
2583 5120 2637 5178 in
2668 5131 2905 5192 utraque
2935 5130 3133 5179 natura
3155 5164 3169 5187 ,
3201 5137 3309 5178 non
3355 5123 3719 5193 appellatione
3763 5132 4011 5190 tantum,

2396 5212 2480 5268 vel
2505 5214 2797 5286 adoptione
2815 5252 2830 5281 ,
2860 5216 2959 5271 sed
2987 5217 3215 5275 veritate
3245 5214 3341 5271 Dei
3370 5214 3560 5271 Filius.

2920 5327 3085 5401 πο
3118 5327 3349 5388 CAPUT
3388 5330 3479 5387 xr.

2399 5438 2475 5494 De
2521 5457 2579 5495 eo
2623 5444 2763 5513 quod
2810 5442 3031 5498 Verbum
3080 5443 3209 5522 Dei,
3258 5464 3371 5502 aute
3415 5451 3592 5522 carnis
3639 5452 4005 5522 conceptione,

2720 5524 3027 5586 conceptum
3059 5518 3125 5571 sit
3160 5519 3213 5571 in
3245 5529 3393 5575 utero
3438 5518 3688 5591 Virginis.

2467 5633 2627 5688 Solus
2673 5634 2895 5701 itaque.
2945 5634 3090 5690 sicut
3130 5634 3403 5702 diximus,
3442 5634 3609 5695 Filius
3656 5637 3753 5692 Dei
3798 5638 4007 5707 accepit

2393 5740 2612 5780 carnem
2633 5768 2645 5790 ,
2681 5736 2740 5781 ut
2770 5728 2943 5796 possit
2982 5725 3001 5798 i
3027 5726 3133 5790 ΑΛ,
3158 5730 3384 5803 posset]
3417 5732 3696 5801 corporeis
3726 5733 3895 5787 oculis
3928 5731 4005 5785 vi-

2392 5818 2540 5887 deri,
2574 5830 2629 5877 et
2656 5821 2935 5892 corporeis
2964 5823 3215 5879 manibus
3243 5826 3591 5881 COIIH‘Et‘L‘lri.
3626 5824 3785 5883 Seius
3814 5828 4004 5884 hama-
