4346 6612
709 320 775 371 47
1524 315 1586 370 Β.
1630 313 1690 369 F.
1727 313 1966 370 ALBINI'
1996 312 2127 370 SE1}
2168 306 2445 366 ALCUINI
2485 304 2773 363 OPERUM
2815 302 2994 360 PARS
3031 302 3118 359 Ill.
3939 292 4013 348 48

699 430 922 500 Spiritu
959 439 1179 495 sancto,
1209 437 1264 486 et
1305 428 1503 484 virtute
1548 426 1811 482 Altissimi
1851 427 2214 488 obumbratre,
2252 431 2311 477 ut
2337 426 2387 484 Α
2415 420 2701 491 distinguit
2737 418 2901 492 [Al.,
2933 413 3310 489 distinguunt]
3346 414 3399 471 in
3447 413 3696 477 Christo,
3750 409 4017 467 divinitas

711 523 889 593 digna:
927 522 1095 576 Deum
1134 535 1395 592 generare
1433 519 1826 574 invenirentur.
1869 517 1995 572 [hec
2033 526 2213 571 autem
2251 523 2305 570 et

712 617 1088 694 Χριστοτὸκος,
1123 625 1179 673 et
1215 616 1330 673 sola
1372 618 1643 681 Θεοτὸκος,
1671 622 1728 669 et
1756 612 1869 669 sola
1901 613 2056 681 virgo
2083 624 2152 664 ex
2185 607 2305 678 Spi-

711 712 824 766 ritu
866 718 1056 768 sancto
1099 716 1156 764 et
1193 711 1397 765 virtute
1437 707 1703 763 Altissimi
1748 705 2093 775 concipiens,
2135 717 2200 757 ac
2228 701 2309 756 sic

712 800 1016 874 gloriﬁcata
1036 843 1051 869 ,
1081 810 1145 857 ut
1171 802 1340 856 Deum
1369 799 1466 856 Dei
1509 799 1705 853 Filium
1733 807 2064 854 coaeternum
2095 804 2150 850 et
2178 808 2309 850 con-

712 895 1128 952 substantialem
1153 894 1307 950 Patri
1334 900 1640 964 generaret.
1675 891 1841 963 Virgo
1887 898 2012 945 ante
2052 897 2269 958 partum
2292 926 2306 952 ,

712 987 866 1057 virgo
907 987 961 1045 in
1001 994 1190 1057 partu,
1234 985 1391 1055 virgo
1422 992 1548 1054 post
1593 991 1853 1054 partum:
1900 983 2120 1054 dignum
2163 979 2311 1035 enim

713 1088 866 1144 erat,
898 1086 958 1133 ut
986 1077 1100 1133 Deo
1130 1085 1411 1141 nascente,
1438 1076 1689 1131 meritum
1717 1081 1991 1131 cresceret
2020 1072 2307 1136 castitatis,

715 1188 786 1228 ne
815 1187 914 1243 per
941 1173 1060 1244 eius
1083 1172 1375 1227 adventum
1402 1169 1736 1225 violarentur
1763 1167 1997 1237 integra,
2029 1166 2121 1236 qui
2151 1180 2313 1220 vene—

711 1273 797 1318 rat
838 1278 1036 1320 sanare
1077 1269 1352 1333 corrupta.
1401 1260 1512 1316 Nec
1561 1268 1818 1332 regnator
1862 1259 1986 1315 cmli
2032 1256 2314 1330 virginalis

714 1357 857 1411 uteri
903 1353 1227 1424 dedignatus
1276 1352 1443 1426 [Al.,
1482 1351 1835 1424 indignatus]
1890 1360 1975 1406 est
2032 1351 2314 1422 angustias

707 1450 956 1514 intrare,
992 1449 1084 1519 qui
1129 1447 1370 1502 omnium
1418 1456 1793 1502 creaturarum
1845 1445 2032 1514 implet
2074 1443 2314 1500 latitudi-

715 1558 839 1598 nem
861 1583 875 1608 ,
900 1541 989 1597 cui
1015 1539 1327 1611 angelorum
1358 1539 1550 1595 militia
1576 1547 1705 1595 nato
1735 1538 2024 1594 decantare
2047 1548 2309 1593 venerat:

713 1635 898 1689 Gloria
922 1634 977 1688 in
1000 1633 1216 1688 excelsis
1239 1632 1369 1696 Deo,
1393 1642 1439 1685 et
1463 1633 1518 1686 in
1545 1641 1688 1686 terra
1714 1646 1820 1701 pax
1845 1629 2141 1683 hominibus
2166 1628 2314 1684 bona:

714 1727 997 1783 voluntatis
1028 1725 1047 1798 (
1074 1725 1198 1780 Luc.
1230 1741 1300 1792 Ii,
1331 1723 1398 1778 M
1418 1723 1460 1794 ).

1287 1850 1314 1878 ι
1349 1835 1578 1891 CAPUT
1616 1834 1735 1890 XV.

887 1909 1028 1977 Quid
1057 1911 1242 1981 cuique
1272 1917 1479 1963 naturae
1506 1908 1562 1961 in
1591 1904 1800 1961 Christo
1833 1906 2128 1959 conveniat.

783 2004 1118 2060 Firmissime
1157 2001 1382 2058 credere
1420 1999 1681 2054 debemus
1719 1999 1821 2054 sub
1862 1997 2025 2052 unius
2065 2010 2309 2066 personae

709 2096 1045 2168 proprietate
1102 2094 1332 2149 duarum
1375 2105 1496 2147 esse
1531 2091 1586 2146 in
1621 2088 1841 2146 Christo
1878 2100 2194 2144 naturarum
2230 2087 2312 2142 in-

712 2190 889 2261 signia
926 2207 938 2241 :
980 2203 1090 2242 non
1129 2194 1191 2240 ut
1226 2185 1548 2239 divisionem
1583 2181 1850 2238 faciamus
1887 2181 2051 2235 unius
2085 2179 2307 2245 Christi,

713 2283 810 2338 sed
841 2289 900 2336 ut
929 2281 984 2335 in
1013 2294 1121 2333 uno
1149 2277 1245 2332 Dei
1275 2275 1414 2332 Filio
1447 2282 1504 2330 et
1539 2290 1649 2331 uno
1687 2273 1905 2331 Christo
1937 2272 2075 2328 duas
2114 2270 2310 2327 distin-

713 2387 942 2444 guamus
979 2369 1315 2426 substantias
1346 2387 1357 2422 :
1401 2382 1567 2423 unam
1606 2381 1729 2438 quae
1763 2366 1978 2421 initium
2018 2363 2210 2420 habuit
2241 2377 2310 2418 ex

714 2461 960 2536 virginali
990 2471 1168 2526 utero,
1198 2459 1426 2516 alteram
1451 2474 1573 2529 qua:
1601 2457 1720 2512 sine
1749 2456 1903 2512 initio
1932 2464 2201 2510 comterna
2229 2462 2316 2509 est

715 2555 828 2611 Deo
860 2551 1008 2608 Patri
1035 2570 1048 2618 ;
1079 2568 1245 2607 unam
1273 2567 1395 2621 qua:
1422 2558 1582 2605 aetate
1609 2548 1931 2620 proﬁciebat
1955 2555 2012 2602 et
2046 2545 2310 2617 sapientia

716 2646 882 2716 (an.
911 2662 982 2710 ιι,
1009 2643 1111 2716 52)
1133 2685 1149 2710 ,
1178 2642 1408 2698 alteram
1436 2657 1558 2712 qua:
1585 2651 1788 2697 aeterna
1819 2647 1904 2696 est
1932 2639 2028 2694 Dei
2055 2639 2228 2694 virtus
2257 2646 2316 2693 et

715 2738 812 2792 Dei
842 2735 1126 2807 sapientia.
1160 2733 1231 2792 Ut
1259 2735 1326 2789 de
1353 2733 1602 2805 plurimis
1630 2747 1806 2804 pauca
1836 2731 2080 2787 dicamus
2099 2772 2115 2797 ,
2147 2743 2313 2786 unam

719 2841 840 2897 quae
876 2826 1180 2882 dormiebat
1217 2827 1272 2880 in
1308 2840 1447 2879 nave
1475 2833 1531 2879 et
1556 2826 1792 2880 excitata
1821 2832 1906 2878 est
1935 2838 1965 2878 a
1992 2822 2272 2894 discipulis
2295 2862 2312 2888 ,

720 2917 951 2973 alteram
989 2933 1110 2988 quae
1149 2919 1454 2988 imperabat
1486 2917 1664 2970 ventis
1696 2925 1754 2972 et
1786 2915 2036 2971 ﬂuctibus
2073 2913 2092 2986 (
2119 2914 2312 2969 Matth.

721 3025 815 3065 ml
839 3009 900 3082 );
939 3026 1103 3065 unam
1133 3025 1242 3079 qua
1273 3008 1424 3082 [Αι.,
1455 3024 1609 3078 quae,
1641 3017 1689 3062 et
1717 3009 1792 3064 sic
1822 3009 1878 3062 in
1912 3024 2051 3079 seqq.
2077 3005 2098 3079 ]
2135 3006 2318 3078 plorat

718 3103 952 3158 amicum
981 3110 1251 3157 mortuum
1272 3142 1288 3167 ,
1316 3101 1540 3155 alteram
1570 3115 1676 3170 qua
1705 3115 1839 3156 voce
1862 3099 1978 3156 sola
2005 3108 2166 3156 vocat
2188 3114 2313 3156 eum

718 3197 786 3252 de
813 3195 1060 3265 sepulcro
1087 3203 1145 3248 et
1175 3195 1463 3247 resuscitat
1489 3192 1554 3246 ad
1583 3193 1747 3248 vitam
1780 3192 1963 3264 (Joan.
1990 3191 2076 3262 ιι)
2104 3208 2118 3257 ;
2149 3206 2312 3247 unam

717 3305 824 3360 qua
849 3290 1098 3343 tristatur
1123 3301 1294 3356 usque
1322 3287 1386 3340 ad
1414 3293 1643 3342 mortem
1674 3285 1903 3358 (Matth.
1929 3301 2055 3340 xxv:
2073 3284 2089 3356 )
2109 3326 2122 3349 ,
2153 3283 2316 3339 aliam

717 3396 824 3450 qua
851 3378 1043 3433 liberat
1069 3386 1286 3432 sanctus
1312 3392 1342 3430 a
1370 3377 1588 3432 tristitia
1615 3385 1672 3432 et
1694 3377 1788 3432 dat
1809 3378 1890 3431 eis
1913 3377 2167 3447 gaudium
2191 3376 2317 3431 vitae

717 3481 991 3544 perpetuae
1015 3489 1029 3535 ;
1060 3485 1224 3525 unam
1247 3485 1352 3540 qua
1381 3469 1685 3524 videntibus
1706 3469 1966 3540 apostolis
1990 3469 2235 3525 ascendit
2260 3468 2316 3525 in

719 3565 888 3622 caelos
928 3564 1146 3634 (Actor.
1176 3563 1266 3633 ι),
1304 3571 1360 3617 et
1397 3563 1549 3618 sedet
1583 3562 1650 3618 ad
1690 3563 1969 3619 dexteram
1997 3561 2208 3628 Patris,
2238 3561 2317 3617 al-

720 3668 892 3712 teram
929 3656 1090 3726 732
1121 3672 1227 3726 qua
1253 3656 1319 3708 de
1347 3655 1466 3710 sinu
1502 3654 1682 3711 Patris
1709 3671 1986 3726 nunquam
2015 3655 2314 3723 abscessit,

717 3750 813 3804 sed
850 3762 1064 3816 semper
1093 3763 1218 3802 cum
1255 3745 1419 3802 Patre
1449 3753 1503 3801 et
1532 3746 1587 3801 in
1617 3745 1781 3801 Patre
1809 3745 1943 3812 fuit,
1977 3754 2032 3801 et
2056 3761 2178 3802 esse
2208 3763 2318 3803 non

718 3840 939 3896 desinit.
974 3837 1134 3893 Salva
1171 3839 1336 3910 igitur
1369 3839 1703 3910 proprietate
1739 3838 2024 3908 utriusque
2063 3849 2275 3893 natura:
2300 3881 2315 3904 ,

719 3941 776 3986 et
800 3932 854 3985 in
889 3946 1048 3986 unam
1081 3941 1311 3986 coeunte
1332 3945 1626 4001 personam
1645 3969 1662 3995 ,
1690 3937 1944 4000 suscepta
1970 3939 2059 3984 est
2083 3945 2114 3983 a
2143 3928 2314 3998 maie-

717 4031 861 4078 state
890 4022 1191 4086 humilitas,
1219 4030 1274 4077 et
1319 4036 1351 4076 a
1393 4023 1594 4076 virtute
1636 4021 1950 4084 inﬁrmitas,
1987 4021 2057 4076 ab
2100 4021 2319 4076 :rterni—

719 4123 830 4172 tate
857 4114 1162 4170 mortalitas
1187 4129 1200 4176 ;
1230 4121 1287 4169 et
1313 4112 1380 4166 ad
1407 4111 1796 4183 perﬁciendum
1822 4125 1961 4180 opus
1987 4111 2181 4168 salutis
2210 4111 2314 4165 hu-

720 4225 928 4272 manae,
984 4217 1177 4262 natura
1227 4204 1721 4270 incommutabilis,
1770 4213 1982 4259 natura:
2029 4213 2114 4258 est
2163 4203 2315 4257 unita

718 4299 962 4372 passihili
987 4339 1002 4365 ,
1037 4307 1099 4353 ut
1132 4298 1401 4354 mediator
1434 4296 1532 4351 Dei
1569 4303 1623 4352 et
1656 4295 1936 4351 hominum
1968 4296 2132 4350 homo
2157 4293 2313 4349 Chri-

721 4402 838 4448 stus
871 4389 1029 4446 Jesus
1064 4398 1123 4446 et
1151 4388 1291 4444 mori
1330 4387 1503 4458 possit
1537 4385 1696 4460 [Al.,
1727 4384 1952 4458 posset]
1991 4401 2056 4442 ex
2087 4401 2196 4440 uno
2215 4426 2231 4450 ,
2259 4393 2315 4439 et

2405 511 2647 566 deseruit
2681 510 3074 566 humanitatem
3095 549 3111 572 ,
3153 521 3256 564 nec
3293 507 3348 562 in
3385 505 3502 576 ipsa
3536 505 3704 560 etiam
3730 500 4016 574 passione.

2405 602 2561 670 Quod
2591 612 2650 657 ut
2674 601 2888 658 facilius
2917 601 3140 674 intelligi
3165 600 3369 672 possit,
3395 599 3659 670 exemplis
3685 597 3823 654 ﬁdes
3853 595 4023 654 robo-

2406 697 2579 752 randa
2607 705 2710 753 est.
2741 695 2904 754 Verbi
2930 697 3129 768 gratia,
3153 693 3200 750 si
3225 693 3432 750 securis
3457 693 3565 748 ictu
3593 691 3849 748 arborem
3878 689 4018 764 [Al.,

2409 789 2656 845 dicamus
2685 789 2894 846 securis
2923 791 3034 846 ictu
3063 789 3318 843 arborem
3353 783 3557 857 quam]
3593 783 3984 841 verberareris
4002 825 4017 845 ,

2408 896 2468 943 et
2499 887 2842 959 splendorem
2874 888 2928 942 in
2967 901 3033 942 ea
3065 884 3228 942 simul
3263 883 3598 955 percusseris
3632 880 3798 944 solis,
3829 878 4021 936 arbori

2410 981 2628 1051 quidem
2657 978 2856 1035 vulnus
2885 977 3112 1050 inﬁigis,
3142 976 3310 1033 solem
3343 989 3505 1040 vero,
3537 973 3695 1046 cuius
3733 980 3790 1029 et
3831 969 4022 1044 splen-

2411 1077 2599 1134 dorem
2632 1073 2794 1132 simul
2822 1073 3064 1145 percutis
3093 1081 3149 1128 et
3181 1069 3416 1127 calorem
3438 1111 3455 1135 ,
3490 1066 3884 1141 impassibilem
3926 1066 4024 1121 de-

2411 1168 2696 1240 relinquis.
2733 1166 2888 1235 Quod
2929 1165 2976 1221 si
3017 1165 3270 1222 arborem
3311 1162 3418 1219 ictu
3458 1161 3668 1218 securis
3694 1174 4022 1231 percussam

2412 1262 2492 1318 sol
2534 1277 2643 1317 non
2679 1260 2916 1326 deserit,
2959 1267 3166 1330 quanto
3204 1256 3378 1328 magis
3416 1262 3666 1312 sanctum
3709 1268 3873 1309 suum
3921 1251 4023 1308 Dei

2412 1354 2606 1421 Filius,
2634 1352 2779 1425 quod
2808 1359 2894 1407 est
2920 1351 3160 1407 Verbum
3182 1390 3198 1414 ,
3230 1347 3284 1403 in
3312 1348 3568 1419 passione
3593 1361 3704 1403 non
3735 1343 3985 1401 deseruit
4003 1383 4020 1408 ,

2412 1446 2662 1519 quamvis
2704 1446 2824 1515 ipsa
2865 1442 3122 1500 divinitas
3163 1437 3511 1512 impass‘bilis
3555 1451 3773 1509 semper
3817 1436 3877 1492 in
3921 1451 4025 1492 sua

2413 1547 2730 1610 permaneat
2769 1546 2986 1591 natura.
3027 1534 3180 1590 Sicut
3214 1532 3382 1605 Moysi
3422 1530 3585 1605 [Al.,
3618 1527 3840 1604 Moyse]
3879 1531 4025 1587 duce

2412 1629 2596 1702 populi
2627 1628 2723 1684 Dei
2751 1627 2967 1683 vidente
2985 1667 2999 1692 ,
3032 1625 3201 1680 rubus
3227 1623 3499 1679 ﬂammam
3527 1623 3749 1688 habuit,
3778 1622 3865 1678 sic
3890 1634 4024 1677 vero

2414 1738 2576 1793 passa
2602 1731 2685 1776 est
2712 1719 3023 1775 humanitas
3041 1714 3278 1782 Christi;
3307 1723 3362 1771 et
3383 1715 3526 1771 sicut
3541 1711 3667 1769 vere
3692 1729 3800 1769 non
3827 1713 4025 1770 incen-

2341 1782 2390 1843 B
2418 1782 2512 1873 sus
2553 1824 2673 1880 est,
2716 1815 2796 1869 sic
2841 1826 2969 1868 vere
3008 1826 3116 1868 non
3151 1825 3312 1882 passa
3349 1817 3434 1865 est
3468 1807 3744 1864 divinitas.
3777 1806 3902 1863 Non
3939 1815 4023 1863 ta-

2413 1923 2536 1963 men
2567 1905 2762 1961 alicubi
2795 1904 3054 1960 divinitas
3080 1902 3473 1958 hnmanitatem
3493 1940 3508 1966 ,
3541 1914 3610 1955 ex
3638 1914 3747 1970 quo
3791 1898 3849 1954 in
3896 1899 4024 1955 uni-

2412 2007 2580 2054 tatem
2610 2012 2722 2052 sum
2749 2009 2996 2067 personae
3023 2001 3300 2064 assumpta
3335 2000 3451 2056 est,
3494 1991 3774 2055 deseruit;
3821 2005 4020 2047 verum

2409 2092 2576 2146 etiam
2603 2090 2669 2146 de
2695 2088 2885 2144 eodem
2914 2086 3107 2143 matris
3132 2093 3319 2151 utero,
3347 2083 3491 2139 idem
3533 2084 3676 2139 Deus
3717 2082 3886 2138 homo
3931 2080 4017 2136 fa-

2412 2192 2534 2239 ctus
2563 2182 2760 2247 exivit,
2790 2189 2846 2235 et
2873 2179 2927 2235 in
2956 2192 3120 2235 cruce
3151 2177 3292 2234 idem
3321 2175 3491 2241 Deus,
3521 2175 3687 2231 homo
3715 2174 3899 2232 factus
3923 2190 4024 2246 pe—

2411 2275 2634 2346 pendit,
2661 2280 2716 2326 et
2740 2272 2795 2327 in
2822 2268 3072 2342 sepulcro
3099 2267 3241 2324 idem
3267 2265 3412 2321 Deus
3436 2267 3598 2322 homo
3624 2264 3798 2321 factus
3816 2265 4019 2337 iacuit,

2412 2367 2508 2422 sed
2548 2366 2604 2420 in
2637 2363 2887 2435 sepulcro
2919 2358 3215 2416 secundum
3246 2357 3417 2413 solam
3447 2371 3669 2412 carnem
3698 2355 3842 2412 idem
3873 2355 4022 2412 Deus

2413 2459 2576 2516 homo
2599 2456 2813 2527 iacuit;
2847 2461 2904 2508 et
2937 2454 2992 2508 in
3040 2451 3316 2507 infernum
3345 2449 3642 2506 secundum
3686 2446 3859 2505 solam
3901 2449 4024 2505 ani-

2413 2567 2560 2608 mam
2605 2547 2905 2605 descendit.
2953 2543 3225 2614 Quidquid
3269 2542 3414 2599 enim
3459 2543 3515 2598 in
3559 2539 3778 2598 Christo
3809 2539 4020 2598 factum

2413 2658 2536 2700 esse
2578 2641 2799 2713 legitur,
2831 2637 2903 2693 ab
2952 2651 3061 2693 uno
3088 2633 3338 2702 Christo,
3382 2643 3437 2690 et
3480 2635 3548 2689 ab
3585 2649 3695 2690 uno
3736 2632 3835 2690 Dei
3879 2633 4023 2690 Filio

2413 2745 2628 2808 gestum
2654 2746 2806 2800 esse,
2838 2731 3021 2787 nullus
3049 2726 3350 2785 catholicus
3379 2727 3630 2784 dubitare
3659 2726 3842 2782 debet.
3890 2725 4020 2784 Haec

2412 2843 2545 2884 vero
2574 2827 2756 2883 omnia
2788 2823 3150 2896 personaliter
3174 2829 3322 2878 totus
3349 2819 3602 2878 Christus
3639 2820 3895 2892 dignatus
3934 2828 4024 2876 est

2415 2935 2598 2991 agere.
2646 2917 2769 2989 Ipse
2812 2916 3013 2988 quippe
3055 2929 3183 2972 suas
3207 2913 3488 2985 passiones
3517 2912 3795 2969 invenitur
3820 2926 4020 2985 apera-

2416 3021 2540 3079 tus,
2586 3010 2680 3082 qui
2724 3009 2862 3065 nihil
2904 3008 3087 3064 habuit
3133 3005 3280 3078 quod
3321 3011 3601 3077 pateretur
3630 3005 3855 3061 invitus.
3899 3003 4019 3075 Ipse

2419 3106 2585 3161 etiam
2614 3112 2671 3159 et
2692 3117 2828 3173 opus
2855 3109 2911 3158 et
2937 3110 3130 3156 auctor
3153 3100 3354 3170 operis.
3381 3095 3502 3152 Jam
3528 3109 3686 3162 vero,
3713 3111 3840 3153 cum
3866 3095 4020 3154 Chri-

2419 3205 2535 3255 stus
2560 3212 2671 3252 uno
2699 3197 2998 3265 eodemque
3024 3202 3268 3265 tempore
3293 3191 3434 3249 etin
3459 3192 3709 3264 sepulcro
3730 3190 3936 3260 iacuit,
3963 3199 4022 3248 et

2416 3291 2470 3346 in
2499 3290 2770 3346 infernum
2797 3288 3075 3346 descendit
3092 3331 3106 3355 ,
3138 3288 3260 3359 quis
3289 3303 3394 3343 non
3426 3286 3784 3359 inseparabile
3807 3297 4020 3344 natura

2415 3384 2702 3452 utriusque
2741 3396 2878 3452 opus
2915 3380 3141 3436 videat?
3179 3379 3250 3435 Et
3286 3377 3410 3449 quis
3451 3379 3506 3434 in
3548 3376 3665 3450 ipso
3705 3394 3814 3434 uno
3847 3390 4016 3450 atque

2417 3473 2764 3545 inseparabili
2793 3486 2961 3544 opere
2980 3513 2995 3538 ,
3025 3470 3244 3543 propria
3274 3470 3460 3526 carnis
3486 3478 3542 3525 et
3572 3469 3799 3534 animai,
3828 3485 3897 3526 ac
3934 3469 4019 3526 di-

2415 3568 2660 3623 vinitatis
2687 3563 2938 3639 [opera]
2961 3578 3076 3620 non
3103 3562 3383 3619 evidenter
3407 3571 3668 3633 agnoscat
3688 3563 3711 3617 ξ
3755 3562 3826 3620 Ut
3869 3566 4016 3620 enim

2417 3662 2714 3718 secundum
2742 3674 2963 3715 camera
2987 3658 3044 3714 in
3071 3656 3320 3728 sepulcro
3338 3657 3576 3728 iaceret,
3599 3666 3746 3715 totus
3766 3657 4019 3716 Christus

2419 3753 2587 3810 fecit?
2614 3752 2709 3808 sed
2740 3750 3032 3823 sepultura
3055 3765 3226 3821 capax
3252 3751 3363 3807 sola
3391 3765 3519 3806 caro
3545 3751 3868 3807 naturaliter
3893 3750 4013 3808 fuit.

2418 3844 2477 3900 ιιι
2507 3843 2777 3899 infernum
2806 3857 3021 3914 quoque
3049 3855 3111 3897 ut
3135 3842 3433 3898 secundum
3476 3843 3721 3900 animam
3763 3843 4018 3902 Christus

2420 3934 2807 3998 descenderet,
2836 3944 3044 3990 natura:
3070 3934 3377 4004 utriusque,
3407 3933 3461 3988 id
3487 3942 3605 3999 est,
3633 3934 3832 3991 divinae
3855 3944 4021 4006 atque

2417 4028 2670 4083 humana:
2694 4041 2863 4082 unum
2887 4026 2988 4081 fuit
3012 4040 3188 4098 opus;
3215 4025 3313 4080 sed
3341 4024 3508 4081 solius
3534 4026 3728 4084 anima:
3757 4026 4021 4083 naturalis

2418 4117 2522 4172 fuit
2560 4118 2651 4174 ille
2695 4119 3029 4185 descensus;
3060 4120 3203 4175 sicut
3243 4119 3436 4174 eodem
3477 4128 3761 4189 tempore,
3788 4129 3937 4177 totus
3965 4119 4019 4176 in

2417 4211 2556 4268 coelo
2599 4220 2653 4266 et
2682 4213 2735 4266 in
2767 4221 2913 4266 terra
2934 4253 2948 4276 ,
2981 4227 3090 4268 non
3117 4215 3368 4269 cessabat
3393 4211 3643 4270 Christus
3669 4216 3888 4286 operari
3917 4235 3930 4272 :
3963 4223 4021 4272 at

2417 4304 2588 4359 solius
2612 4304 2914 4361 divinitatis
2942 4303 3077 4371 fuit,
3107 4315 3163 4360 ct
3190 4306 3311 4362 loco
3339 4323 3446 4362 non
3476 4309 3782 4376 contineri,
3811 4317 3869 4366 et
3894 4323 4017 4382 qua:

2417 4395 2484 4452 ad
2506 4397 2954 4469 gubernationem
2980 4398 3352 4453 universitatis
3375 4401 3747 4470 pertinebant,
3769 4416 3891 4458 cum
3915 4401 4021 4457 Ps-

724 4485 863 4544 mori
899 4498 1006 4539 non
1041 4481 1214 4554 possit
1248 4496 1317 4537 ex
1355 4479 1544 4573 altero.
1582 4479 1813 4573 Propter
1861 4478 2022 4573 unius
2064 4492 2315 4573 persona?
2345 4511 2397 4573 η
2421 4497 2505 4543 tre
2529 4489 2852 4546 naturaliter
2873 4497 2930 4545 et
2955 4489 3236 4560 aequaliter
3263 4493 3497 4564 operari.
3527 4491 3657 4549 Inde
3684 4502 3768 4550 est
3787 4495 3934 4566 quod
3960 4495 4015 4551 in

723 4575 1094 4639 identitatem,
1141 4571 1445 4628 communis
1489 4568 1604 4626 Deo
1647 4578 1703 4625 et
1735 4568 1941 4626 homini
1971 4567 2195 4632 dicitur,
2229 4566 2315 4622 vel

718 4667 893 4739 gloria
929 4665 1014 4722 vel
1050 4663 1375 4720 contumelia
1405 4681 1417 4716 :
1452 4661 1677 4732 proinde
1724 4662 1806 4716 sic
1847 4661 1904 4714 in
1949 4674 2059 4715 uno
2097 4657 2316 4715 Christo

722 4759 1029 4814 communia
1063 4765 1274 4811 naturae
1308 4755 1595 4826 utriusque
1633 4754 1982 4809 inveniuntur
2019 4750 2190 4806 oﬁicia
2214 4793 2226 4816 ,
2258 4759 2319 4805 ut

725 4863 847 4904 cum
886 4864 994 4903 non
1030 4846 1302 4902 dividatur
1337 4846 1392 4901 in
1425 4845 1717 4900 virtutibus
1747 4852 1908 4913 atque
1940 4844 1993 4898 in
2033 4843 2320 4897 inﬁmita-

730 4943 876 4998 tibus
905 4940 1185 5006 Christus,
1215 4947 1398 4994 tamen
1433 4938 1486 4991 in
1521 4951 1689 5006 opere
1729 4935 1932 5005 aliquid
1970 4935 2189 5007 utrique
2221 4950 2319 4989 na-

725 5045 858 5090 tura:
887 5050 994 5090 non
1024 5034 1096 5088 sit
1122 5046 1430 5089 commune.
1463 5029 1736 5101 Quidquid
1765 5037 1947 5084 tamen
1980 5036 2193 5099 gestum
2233 5036 2320 5083 est

724 5129 780 5181 in
827 5125 1074 5189 Christo,
1125 5141 1265 5180 unus
1313 5125 1419 5180 hoc
1463 5123 1689 5195 gerebat
1729 5121 2014 5186 Christus,
2067 5137 2174 5177 non
2212 5123 2320 5178 duo

724 5217 948 5273 Christi.
985 5217 1043 5271 In
1080 5217 1339 5287 operibus
1373 5216 1681 5287 proprietas
1716 5215 2048 5269 discernitur
2098 5225 2320 5270 natura-

725 5322 882 5374 rum,
912 5306 965 5362 in
994 5313 1258 5377 potestate
1288 5306 1467 5362 unitas
1495 5320 1738 5377 personae
1765 5304 2102 5376 intelligitur.

1316 5416 1544 5474 CAPUT
1583 5417 1720 5474 XVI.

725 5507 879 5578 Quod
921 5509 1170 5566 divinitas
1197 5509 1644 5631 hominerzﬂuseuni
1694 5509 2012 5580 assumpsit,
2051 5527 2319 5582 nunquam

1462 5594 1551 5631 mtl
1631 5619 1643 5631 .

1462 5594 1643 5632 imisu.

796 5671 851 5726 In
881 5670 1024 5725 nulla
1050 5669 1314 5740 siquidem
1339 5669 1672 5740 proprietate
1697 5683 1922 5738 operum
1949 5686 2069 5741 qua:
2095 5681 2322 5730 naturas

802 5797 828 5828 ι
864 5783 977 5841 Hoc
1008 5793 1168 5855 caput
1199 5784 1468 5840 omittitur
1499 5783 1553 5839 in
1585 5780 1707 5839 cod.
1741 5780 2049 5839 V'indobon.

2419 4582 2672 4638 omnibus
2697 4582 2803 4640 illis
2827 4583 3083 4654 operibus
3104 4584 3380 4653 passionis
3399 4592 3456 4639 et
3478 4586 3691 4641 mortis.
3717 4587 4015 4643 auctoritas

2418 4672 2715 4742 apostolica
2734 4714 2748 4736 ,
2776 4673 2920 4742 quod
2957 4681 3106 4729 totus
3150 4674 3205 4728 in
3249 4690 3311 4730 se
3335 4684 3593 4745 operatus
3615 4683 3700 4730 est
3726 4674 3976 4732 Christus
3993 4716 4011 4741 ,

2420 4763 2500 4819 sic
2540 4765 2634 4818 uni
2679 4779 2926 4835 personae
2964 4765 3245 4836 operantis
3284 4767 3555 4840 assignat,
3596 4775 3660 4822 ut
3700 4767 3830 4838 quid
3859 4769 4016 4841 cuius

2419 4862 2631 4909 natura:
2676 4855 2783 4921 sit,
2828 4855 3202 4911 indubitanter
3235 4858 3505 4914 ostendat.
3553 4857 3690 4914 Nam
3719 4868 3776 4915 et
3816 4859 4017 4917 beatus

2421 4944 2620 5001 Paulus
2649 4946 2715 5001 de
2743 4962 2850 5000 uno
2876 4947 3176 5018 eodemque
3203 4947 3420 5005 Christo
3451 4949 3583 5006 dicit
3612 4969 3625 5006 :
3661 4949 3730 5006 Et
3767 4952 3814 5007 si
3842 4952 4016 5008 eruci-

2421 5035 2561 5105 ﬁxus
2604 5047 2679 5092 est
2724 5052 2790 5094 ex
2830 5037 3171 5108 inﬁrmitate,
3198 5041 3289 5095 sed
3321 5043 3443 5097 vivit
3476 5058 3542 5096 ea:
3568 5043 3757 5098 virtute
3785 5043 3879 5098 Dei
3907 5039 4010 5117 (II

2425 5127 2546 5183 Cor.
2582 5146 2726 5194 xm,
2753 5129 2846 5202 4).
2897 5131 2966 5186 Et
3007 5133 3200 5188 beatus
3245 5131 3474 5200 Petrus,
3517 5136 3892 5206 propheticum
3933 5137 4013 5194 sic

2423 5222 2648 5292 protulit
2675 5222 2742 5278 de
2780 5223 3011 5278 Psalmis
3055 5224 3360 5295 eloquium,
3392 5235 3453 5281 ut
3494 5226 3699 5283 Christi
3741 5229 4008 5294 animam,

2424 5327 2588 5382 quam
2619 5315 2672 5367 in
2707 5312 2981 5370 infernum
3007 5323 3234 5371 noverat
3262 5317 3634 5386 descendisse,
3666 5319 3841 5389 ipsam
3868 5320 4013 5376 dice-

2425 5410 2509 5455 ret
2552 5401 2606 5455 in
2651 5402 2864 5458 inferno
2908 5420 3019 5460 non
3060 5405 3374 5462 derelictam
3420 5406 3575 5480 (Act.
3617 5424 3690 5465 ιι.
3720 5409 3822 5476 27;
3863 5408 4010 5465 Prol.

2425 5509 2517 5559 xv,
2549 5494 2656 5568 10)
2682 5513 2696 5562 ;
2729 5511 2835 5566 qua
2864 5497 2930 5552 de
2956 5497 3152 5554 inl’eris
3180 5500 3247 5555 ad
3279 5516 3497 5558 carnem
3526 5503 3614 5558 die
3643 5504 3803 5558 tertio
3829 5519 4011 5560 rever-

2425 5593 2574 5640 tente
2595 5626 2609 5650 ,
2638 5585 2780 5641 idem
2811 5587 2950 5642 Deus
2978 5590 3272 5646 secundum
3315 5607 3567 5661 carnem,
3599 5609 3705 5664 qua
3744 5593 3797 5649 in
3837 5593 4014 5666 sepul-

2427 5692 2522 5734 cro
2563 5677 2770 5749 iacuit,
2799 5677 2866 5735 de
2894 5680 3144 5752 sepulcro
3190 5683 3448 5740 surrexit.
3494 5684 3562 5741 Et
3601 5685 4017 5757 quadragesimo
