4346 6694
213 554 287 610 49
800 561 1222 620 DOGMATICA.
1262 591 1331 602 -ρ
1366 559 1456 616 DE
1493 559 1648 615 FIDE
1688 557 1745 614 S.
1785 557 2175 614 TRINITATIS
2211 557 2392 614 LIBRI
2432 557 2516 612 III.
2556 589 2618 599 —
2653 557 2780 614 LIB.
2823 558 2906 615 HI.
3421 565 3506 620 ἔλθ’

214 682 340 742 post
384 675 837 732 resurrectionem
881 676 973 734 die
1013 676 1156 734 idem
1196 677 1370 740 Deus,
1401 677 1564 732 homo
1592 673 1797 737 factus,
1829 677 1875 733 Α
1905 690 2022 727 cum
2045 673 2271 740 Christo,
2310 693 2427 746 qua:
2465 693 2673 732 sursum
2705 687 2824 732 sunt
2846 680 3084 749 qua‘rite,
3116 681 3203 736 ubi
3252 683 3491 742 Christus

215 763 274 818 in
294 763 494 822 emtum
513 768 815 824 ascendens
833 769 888 825 in
907 770 1132 827 dextera
1147 770 1244 826 Dei
1263 771 1444 835 sedet,
1471 769 1594 825 inde
1617 769 1672 824 in
1697 769 1803 823 ﬁne

211 855 401 916 muli
428 860 494 915 ad
518 858 872 931 judicaudum
899 863 1051 918 vivos
1077 869 1426 933 mortuosque
1450 869 1733 917 venturus.

700 996 860 1070 733
888 996 1118 1054 CAPUT
1153 997 1314 1055 xvu.

214 1102 296 1162 De
319 1105 573 1192 baptismo
603 1106 832 1192 Christi,
859 1110 1097 1192 et
1119 1111 1300 1164 omnia
1324 1127 1445 1181 quis
1489 1111 1806 1192 gerebantur

355 1177 415 1232 in
441 1177 676 1245 Christo,
707 1189 900 1236 nostra:
935 1177 1126 1235 salutis
1158 1197 1322 1236 causa
1337 1177 1662 1252 'gesta'sunt.

287 1310 432 1368 Dicit
447 1311 785 1385 evangelista
811 1311 1090 1370 Christum
1128 1312 1290 1370 beato
1317 1312 1663 1385 respondisse
1701 1313 1806 1370 Ba-

112 1411 117 1418 '
207 1405 414 1476 ptistz.
455 1404 585 1460 dum
616 1404 684 1460 ad
713 1404 832 1476 ejus
858 1405 1008 1462 venit
1048 1404 1375 1478 baptismum
1403 1424 1417 1460 :
1449 1404 1582 1462 Sine
1627 1407 1806 1474 modo,

207 1495 289 1551 sic
313 1493 456 1549 enim
494 1494 640 1551 decet
669 1511 764 1552 nos
791 1511 999 1551 omnem
1022 1494 1240 1568 implere
1275 1495 1542 1565 justitiam
1586 1495 1802 1567 (Matth.

209 1600 299 1648 ιιι,
333 1583 446 1656 15).
469 1583 611 1653 Quid
640 1583 787 1640 aliud
818 1584 972 1658 [est],
993 1586 1138 1656 quod
1159 1585 1239 1641 ait
1279 1599 1498 1641 omnem
1533 1584 1805 1657 justitiam

209 1673 460 1748 implere,
507 1675 612 1732 nisi
633 1676 778 1747 quod
807 1677 862 1733 in
902 1678 1085 1752 seipse
1125 1676 1294 1732 totius
1317 1676 1441 1731 vita:
1488 1683 1691 1732 nostra:
1716 1691 1809 1732 or-

206 1766 394 1822 dinem
421 1765 716 1823 ostendere
742 1766 936 1833 voluit,
964 1774 1031 1821 ut
1075 1767 1192 1837 ipse
1232 1766 1341 1824 alio
1371 1766 1713 1822 demonstrat
1752 1766 1807 1822 in

208 1857 335 1914 loco
365 1858 554 1914 dicens
587 1876 601 1913 :
637 1855 742 1925 Qui
763 1860 1000 1931 sequitur
1037 1876 1139 1924 me,
1167 1875 1275 1914 non
1297 1857 1532 1914 ambulat
1569 1859 1626 1915 in
1667 1868 1809 1915 tene-

204 1946 342 2014 bris,
367 1948 461 2003 sed
489 1948 697 2004 habebit
723 1949 901 2007 lumen
922 1951 1040 2007 vitae
1059 1949 1244 2022 (locis.
1263 1966 1385 2015 Vill,
1402 1949 1528 2022 12)?
1555 1948 1808 2022 Baptiza-

1905 773 1978 816 est
2002 763 2055 816 in
2081 763 2294 817 dextera
2320 762 2413 817 Dei
2437 765 2621 820 sedens
2635 785 2654 832 ,-
2680 783 2797 838 qua:
2822 781 3164 824 surstmtsunt
3186 773 3371 844 sapite,
3387 792 3490 831 non

1905 866 2022 920 qua:
2065 867 2224 921 super
2249 861 2446 906 terram
2472 866 2490 903 :
2518 855 2711 908 mortui
2739 854 2876 910 enim
2902 857 3047 924 estis,
3078 869 3125 912 et
3171 863 3273 916 vita
3319 876 3489 919 vestra

1906 942 2213 998 abscondita
2243 954 2317 999 est
2342 961 2458 998 cum
2483 942 2692 1002 Christo
2722 948 2778 1001 in
2806 947 2913 1004 Deo
2942 947 3166 1021 (Coloss.
3202 972 3283 1021 ιιι,
3309 956 3383 1028 1).

2473 1057 2701 1117 CAPUT
2732 1059 2914 1117 XVIII.

1909 1144 2064 1212 Quod
2085 1146 2223 1202 Deus
2254 1147 2414 1227 Pater
2429 1149 2850 1227 qumdamgpera
2877 1152 3005 1227 facit
3028 1173 3120 1227 per
3147 1156 3346 1216 Filium
3393 1165 3490 1217 sibi

1977 1226 2304 1298 coniternmn‘
2343 1219 2611 1298 informa
2826 1219 3070 1298 quadam
3113 1245 3208 1298 per
3255 1234 3503 1289 eumdenr

1979 1285 2182 1341 Filium
2199 1288 2255 1342 in
2273 1285 2449 1360 {arma
2477 1291 2633 1358 serui,
2664 1285 2865 1347 Filium
2887 1285 3132 1352 hominis:

1975 1398 2095 1469 Ipse
2122 1397 2269 1453 enim
2314 1397 2576 1455 Dominus
2604 1400 2670 1456 de
2709 1411 3001 1472 potestate,
3028 1421 3192 1476 quam
3240 1410 3403 1467 habet
3425 1428 3493 1468 ex

1907 1495 2110 1543 aeterno
2129 1503 2255 1544 cum
2283 1486 2461 1549 Patre.
2488 1498 2547 1545 et
2571 1488 2640 1546 de
2667 1501 2954 1563 potestate,
2982 1510 3144 1564 quam
3166 1500 3375 1571 accepit
3423 1516 3495 1558 ex

1907 1586 2154 1648 tempore
2196 1577 2254 1634 in
2306 1577 2482 1635 forma
2514 1581 2682 1648 servi,
2722 1582 2803 1638 sic
2827 1584 2941 1640 ait:
2972 1583 3120 1642 Sicut
3149 1591 3289 1645 enim
3332 1591 3499 1648 Pater

1907 1669 2058 1723 habet
2084 1670 2244 1724 uitam
2270 1671 2325 1724 in
2352 1672 2650 1742 semetipso,
2681 1673 2756 1728 sic
2776 1674 2921 1730 dedit
2943 1685 2994 1731 et
3023 1676 3165 1734 Filio
3193 1681 3353 1737 vitam
3397 1683 3496 1738 Ita-

1908 1759 2026 1815 bere
2050 1761 2108 1816 in
2145 1764 2440 1836 semetipso,
2475 1771 2524 1817 et
2546 1773 2853 1835 potestatem
2881 1765 3023 1821 dedit
3050 1769 3097 1823 ei
3115 1769 3384 1841 judicium
3412 1773 3497 1844 fa-

1908 1867 2046 1917 cere,
2082 1853 2208 1925 quia
2233 1850 2283 1906 F
2285 1852 2410 1908 ilius
2430 1855 2656 1910 hominis
2702 1864 2778 1910 est
2819 1855 3000 1928 (Joau.
3050 1875 3103 1925 ν,
3157 1860 3270 1934 26).
3300 1861 3507 1921 Genuit‘

1909 1941 2092 2014 itaque
2124 1941 2267 1999 Deus
2297 1942 2462 1999 Pater
2507 1944 2707 2000 Filium
2757 1946 2927 2003 vitam
2954 1957 3011 2004 et
3058 1959 3384 2022 potestatem
3441 1955 3513 2011 in-

206 2047 301 2096 tus
339 2047 427 2096 est
464 2055 597 2114 ergo
637 2040 916 2108 Christus,
962 2058 1070 2097 non
1098 2049 1161 2098 ut
1201 2041 1320 2112 ejus
1360 2041 1470 2098 ulla
1509 2041 1810 2098 dilueretur
1841 2035 1886 2096 Β
1915 2035 2209 2105 semetipso
2252 2035 2566 2093 habentem.
2615 2037 2772 2095 Dedit
2796 2041 2938 2095 enim
2960 2052 3290 2112 potestatem
3319 2047 3498 2105 eidem

205 2131 494 2205 iniquitas,
545 2134 639 2204 qui
682 2134 905 2191 omnino
952 2135 1156 2191 nullam
1201 2135 1413 2200 habuit,
1462 2135 1558 2191 sed
1589 2142 1650 2190 ut
1692 2132 1809 2204 ejus

205 2239 407 2296 magna
446 2225 929 2282 commendaretur
953 2227 1267 2293 humilitas;
1311 2227 1388 2283 ita
1419 2228 1618 2299 quippe
1659 2227 1713 2284 in
1740 2241 1809 2284 eo

205 2315 480 2387 baptisma
502 2316 650 2388 quod
670 2316 938 2384 ablueret,
963 2319 1111 2376 sicut
1135 2335 1285 2376 mors
1312 2319 1444 2375 nihil
1471 2320 1615 2391 quod
1651 2323 1811 2392 puni-

205 2415 314 2473 ret,
338 2406 583 2475 invenit;
613 2409 707 2478 qui
735 2407 887 2464 solus
917 2410 1103 2480 itaque
1121 2409 1204 2467 sic
1233 2410 1391 2467 nasci
1425 2411 1622 2482 potuit,
1672 2418 1734 2466 ut
1755 2413 1808 2468 ei

207 2509 321 2552 non
361 2511 502 2568 opus
547 2503 700 2553 esset
725 2498 982 2555 renasci:
1023 2513 1130 2554 non
1157 2499 1305 2554 enim
1356 2499 1806 2567 renascebantur,

205 2591 302 2660 qui
325 2589 752 2661 baptizabantur
776 2591 1106 2663 baptismate
1124 2590 1377 2660 Joannis,
1400 2609 1432 2648 a
1460 2607 1570 2666 quo
1608 2602 1667 2649 et
1692 2595 1810 2667 ipse

207 2685 519 2756 baptizatus
546 2695 649 2741 est.
678 2685 1026 2759 Quapropter
1044 2685 1315 2758 baptisma
1341 2685 1547 2744 Christi
1569 2702 1679 2742 non
1707 2687 1812 2743 fuit

204 2780 262 2836 in
293 2795 436 2850 aqua
474 2786 688 2835 tantum
709 2780 853 2836 sicut
875 2778 1122 2848 Joannis,
1148 2781 1247 2837 sed
1269 2781 1327 2836 in
1356 2778 1564 2852 Spiritu
1589 2789 1806 2847 sancto,

203 2869 265 2929 in
291 2871 671 2928 remissionem
699 2879 1072 2944 peccatorum,
1097 2874 1215 2944 ipso
1237 2872 1367 2929 alibi
1393 2872 1614 2930 dicente
1639 2891 1654 2928 :
1688 2871 1810 2930 Nisi

203 2963 327 3037 quis
361 2971 576 3018 renatus
603 2962 761 3032 fuerit
786 2979 855 3019 ex
883 2979 1024 3035 aqua
1047 2972 1098 3019 et
1120 2963 1324 3036 Spiritu
1346 2972 1552 3030 sancto,
1585 2982 1691 3022 non
1712 2982 1809 3037 po-

203 3063 309 3111 test
356 3055 578 3110 introire
623 3055 680 3108 in
722 3070 940 3125 regnum
987 3053 1087 3110 Dei
1143 3053 1329 3128 (locis.
1385 3071 1472 3123 ιιι,
1515 3055 1572 3124 5)
1603 3074 1617 3112 :
1649 3065 1712 3112 ut
1741 3057 1811 3112 de

208 3145 418 3219 Spiritu
466 3154 662 3202 sancto
688 3146 1018 3218 regenerati,
1057 3148 1150 3220 qui
1171 3149 1226 3203 in
1251 3148 1530 3207 Christum
1555 3149 1809 3215 credunt,

206 3237 447 3294 habeant
481 3238 726 3294 omnium
765 3239 1148 3297 remissionem
1195 3248 1577 3313 peccatorum;
1605 3243 1674 3300 de
1700 3257 1811 3313 quo

204 3329 420 3400 Spiritu
438 3328 694 3387 Christus
715 3339 1029 3402 generatus,
1054 3333 1471 3406 regeneratione
1490 3350 1600 3392 non
1623 3335 1805 3407 eguit:

205 3421 304 3492 qui
329 3419 569 3492 Spiritus
587 3430 837 3488 sanctus,
855 3435 924 3478 eo
941 3421 1237 3495 baptizata,
1262 3424 1318 3480 in
1339 3425 1525 3496 specie
1542 3425 1809 3484 columbae

204 3511 563 3570 descendisse
582 3525 749 3584 super
774 3529 899 3570 eum
921 3514 1071 3571 visus
1096 3522 1201 3572 est.
1225 3513 1340 3571 Nec
1369 3515 1702 3573 credendum
1728 3525 1813 3575 est

207 3613 342 3660 tunc
362 3603 504 3660 dona
522 3619 648 3660 eum
677 3605 852 3662 sancti
881 3604 1120 3678 Spiritus
1143 3606 1324 3680 primo
1360 3607 1688 3678 suscepisse,
1717 3609 1810 3678 qui

208 3709 240 3748 a
266 3693 445 3767 prima
469 3695 828 3765 conceptione
841 3693 1048 3767 Spiritu
1064 3704 1254 3753 sancto
1273 3695 1467 3769 plenus
1486 3712 1702 3770 semper
1715 3713 1811 3754 ex-

203 3785 348 3846 stitit
385 3783 520 3860 [Αι.,
550 3786 784 3861 existit],
815 3789 912 3844 sed
938 3797 1000 3844 ut
1026 3796 1231 3847 sancta:
1273 3797 1331 3847 et
1366 3790 1660 3847 individua
1687 3791 1811 3847 Tri-

205 3877 402 3934 nitatis
460 3877 514 3933 in
568 3877 899 3950 baptismate
946 3881 1417 3938 demonstraretur
1465 3882 1807 3955 mysterium.

205 3965 380 4023 Filius
403 3965 500 4023 Dei
529 3968 842 4040 baptizatur
861 3969 915 4024 in
939 3969 1181 4038 homine,
1205 3969 1445 4041 Spiritus
1462 3970 1561 4029 Dei
1585 3973 1813 4030 descen-

203 4061 288 4119 dit
313 4061 368 4117 in
393 4061 664 4126 columba,
704 4062 869 4118 Pater
891 4062 1035 4119 Deus
1059 4064 1214 4120 adest
1241 4065 1298 4120 in
1333 4080 1492 4132 voce,
1513 4067 1632 4123 sine
1655 4067 1811 4138 cujus

205 4147 576 4220 invocatione,
619 4153 675 4209 id
695 4160 802 4221 est,
832 4162 1038 4212 sancta:
1061 4154 1369 4224 Trinitatis,
1395 4156 1605 4213 nullum
1629 4157 1811 4229 bapti-

205 4257 330 4299 sma
375 4243 638 4316 prodesse
690 4244 912 4315 poterit.
968 4244 1092 4302 ideo
1129 4244 1228 4302 Dei
1250 4244 1422 4302 Filius
1457 4246 1668 4318 primus
1695 4249 1811 4321 ipse

205 4333 343 4407 HL,
366 4333 490 4406 ipso
517 4331 639 4407 suo]
665 4347 766 4389 suo
793 4335 849 4391 in
878 4334 1206 4406 baptismate
1233 4344 1404 4392 totam
1450 4339 1813 4408 personaliter

204 4425 496 4482 ostendere
517 4424 688 4480 voluit
709 4425 906 4481 adesse
935 4425 1285 4492 Trinitatem,
1310 4427 1404 4497 qui
1439 4437 1812 4485 sacramento-

205 4530 329 4572 rum
375 4530 600 4572 suorum
626 4515 1119 4587 ,dispensatoribus
1144 4525 1266 4573 erat
1291 4525 1686 4590 przecepturus,
1713 4520 1812 4575 do-

203 4622 322 4661 cere
350 4621 531 4662 omnes
559 4615 758 4678 gentes,
785 4615 834 4662 et
860 4605 1130 4678 baptizare
1147 4623 1238 4663 eas
1276 4608 1333 4663 in
1365 4609 1576 4664 nomine
1603 4607 1809 4678 Patris,

202 4707 258 4753 et
290 4695 447 4762 Filii,
474 4706 524 4751 et
551 4696 781 4769 Spiritus
828 4699 1002 4753 sancti
1026 4697 1245 4769 (Matth.
1274 4716 1472 4766 xxvul,
1499 4699 1610 4774 15).
1642 4699 1810 4768 Quid-

204 4789 341 4863 quid
365 4789 531 4862 igitur
553 4799 768 4862 gestum
788 4797 872 4845 est
907 4790 963 4845 in
988 4806 1154 4847 cruce
1178 4790 1402 4857 Christi,
1431 4792 1486 4847 in
1507 4792 1807 4864 sepultura,

205 4882 264 4941 in
295 4883 698 4941 resurrectione
726 4885 885 4939 tertia
914 4884 1024 4950 die,
1053 4884 1108 4939 in
1144 4886 1466 4941 ascensione
1505 4885 1558 4941 in
1587 4886 1807 4954 cmlum,

204 4985 263 5033 et
291 4977 426 5033 sede
472 4974 541 5032 ad
567 4975 851 5034 dexteram
900 4973 999 5031 Del
1026 4974 1228 5040 Patris,
1273 4977 1348 5032 ita
1380 4984 1592 5048 gestum
1618 4986 1720 5042 est,
1752 4987 1812 5035 ut

206 5067 297 5124 bis
315 5066 484 5123 rebus
534 5081 643 5121 non
669 5066 901 5138 mystice
931 5073 1144 5122 tantum
1174 5064 1362 5133 dictis,
1407 5068 1504 5124 sed
1530 5069 1694 5124 etiam
1719 5084 1812 5142 ge-

203 5157 329 5220 stis,
362 5154 803 5227 coniiguraretur
823 5155 938 5210 vita
966 5155 1300 5218 Christiana.
1325 5172 1443 5226 qtae
1464 5157 1557 5213 hic
1575 5157 1804 5226 geritur.

203 5244 348 5303 Nam
397 5253 624 5318 propter
659 5244 780 5316 ejus
831 5260 1054 5303 crucem
1087 5247 1287 5303 dictum
1331 5257 1416 5304 est
1449 5265 1462 5301 :
1497 5246 1603 5315 Qui
1631 5259 1809 5305 autem

205 5331 408 5388 Christi
451 5331 584 5387 Iesu
632 5342 778 5397 sunt,
820 5349 1034 5387 carnem
1070 5350 1223 5388 suam
1267 5334 1645 5404 cruciﬁxeruttt
1687 5354 1808 5392 cum

204 5423 572 5496 passionibus,
603 5432 650 5478 et
699 5425 1132 5496 concupiscentiis
1159 5424 1304 5497 (Cal.
1350 5442 1408 5492 ν,
1437 5425 1550 5498 24).
1579 5426 1812 5500 Propter

206 5518 546 5589 sepulturam
580 5532 598 5572 :
630 5516 932 5588 Consepulti
959 5518 1099 5572 enim
1136 5519 1261 5573 estis
1303 5536 1422 5572 cum
1470 5519 1680 5577 Christo
1714 5538 1809 5593 per

205 5609 473 5679 baptisma
510 5608 568 5663 in
605 5618 828 5664 mortem
852 5607 1032 5680 (Rom.
1061 5625 1139 5673 vr,
1169 5609 1249 5680 4).
1300 5609 1530 5681 Propter
1562 5626 1806 5668 resurre-

207 5700 452 5756 ctionem
482 5716 494 5752 :
539 5697 607 5754 Ut
631 5699 1071 5771 quemadmodum
1093 5697 1333 5755 Christus
1358 5701 1590 5756 surrexit
1612 5720 1645 5757 a
1666 5720 1809 5758 mor-

207 5791 318 5846 tuis
367 5790 420 5844 in
467 5788 692 5861 gloriam
736 5786 939 5854 Patris,
985 5804 1062 5845 tta
1104 5800 1154 5845 et
1185 5807 1277 5846 nos
1306 5790 1362 5846 in
1405 5791 1632 5846 nouitate
1685 5792 1805 5848 vita:

208 5884 562 5940 ambulemus.
587 5883 816 5954 Propter
843 5883 1218 5940 ascensionem
1256 5885 1309 5939 in
1336 5883 1554 5952 cmlum,
1588 5883 1804 5942 sedem-

212 5993 324 6050 que
378 5977 446 6033 ad
497 5977 778 6033 dexteram
827 5973 1046 6034 Patris:
1085 5975 1149 6033 Si
1179 5987 1352 6033 autem
1404 5978 1804 6035 consurrexistis

1908 2124 2047 2181 Filio
2064 2125 2329 2196 judicium
2357 2125 2558 2195 facere,
2589 2129 2686 2200 qui
2715 2130 2767 2186 in
2811 2129 2985 2188 forma
3035 2136 3376 2197 seniiactus
3415 2148 3502 2200 est

1909 2217 2092 2272 homo.
2118 2215 2262 2272 Deus
2292 2215 2459 2274 Pater
2483 2233 2583 2290 per
2607 2219 2744 2277 duas
2783 2221 2837 2276 in
2867 2223 3085 2281 Christo
3111 2239 3369 2300 operatur
3397 2248 3499 2290 na-

1909 2317 2101 2363 turas:
2131 2323 2230 2379 per
2271 2324 2436 2365 unam
2473 2325 2594 2381 qua:
2638 2312 2691 2368 ei
2735 2316 3041 2372 communis
3088 2327 3174 2374 est
3217 2337 3342 2378 cum
3387 2323 3514 2381 Deo-

1907 2397 2090 2466 Patre,
2116 2415 2183 2455 ex
2212 2414 2279 2455 eo
2306 2415 2415 2472 quo
2441 2401 2582 2458 Deus
2610 2409 2726 2470 est;
2755 2419 2855 2475 per
2885 2406 3133 2476 alteram,
3157 2425 3263 2482 qua
3294 2429 3361 2469 ex
3385 2415 3500 2469 vir-

1907 2491 2036 2562 gine
2083 2490 2250 2548 Maria
2279 2493 2443 2549 homo
2481 2493 2660 2551 factus
2695 2505 2801 2552 est.
2832 2496 2940 2553 Per
2967 2499 3065 2556 has
3093 2501 3230 2559 duas
3276 2513 3503 2562 naturas

1908 2584 1964 2639 in
1992 2599 2101 2640 uno
2128 2584 2266 2641 Filio
2291 2585 2392 2642 Dei
2418 2586 2562 2643 Deus
2581 2586 2769 2650 Pater,
2804 2587 2944 2646 duas
2969 2589 3103 2648 facit
3143 2599 3502 2654 resurrectio-

1909 2691 2008 2732 nes
2028 2677 2249 2733 humani
2281 2679 2522 2750 generis,
2557 2680 2610 2736 id
2635 2692 2744 2749 est,
2776 2684 3080 2750 animarum
3107 2697 3164 2744 et
3188 2705 3496 2762 corporum.

1910 2763 2124 2822 Habent
2150 2767 2300 2822 enim
2326 2775 2385 2824 et
2409 2769 2605 2824 animae
2631 2770 2795 2845 735
2830 2783 3064 2831 mortem
3114 2793 3266 2834 suam
3307 2781 3363 2837 in
3392 2782 3499 2838 im-

1908 2864 2111 2934 pietate
2165 2873 2331 2937 atque
2385 2867 2646 2937 peccatis,
2697 2870 2996 2928 secundum
3052 2888 3214 2944 quam
3267 2883 3498 2934 mortem

1910 2957 2112 3013 mortui
2161 2966 2327 3014 sunt:
2380 2960 2448 3015 de
2479 2957 2678 3029 quibus
2730 2961 2875 3017 idem
2908 2960 3172 3019 Dominus
3216 2965 3339 3019 ait:
3372 2965 3513 3023 Sine

1909 3063 2145 3110 mortuos
2172 3053 2389 3127 sepelire
2410 3066 2646 3111 mortuos
2673 3073 2800 3113 suos
2823 3054 2976 3130 (Luc.
3002 3072 3080 3126 Ix,
3112 3058 3224 3132 60),
3261 3068 3323 3114 ut
3350 3060 3497 3117 sciii-

1908 3153 1997 3202 cet
2022 3146 2077 3202 in
2105 3146 2286 3202 anima
2313 3147 2533 3214 mortui.
2561 3147 2618 3204 in
2645 3161 2878 3220 corpore
2899 3159 3152 3210 mortuos
3185 3150 3496 3222 sepelirent.

1911 3236 2056 3293 Mors
2093 3245 2180 3294 est
2202 3236 2454 3294 videlicet
2486 3238 2702 3306 animae,
2727 3239 2945 3310 quando
2988 3238 3131 3296 Deus
3157 3242 3359 3298 deserit
3377 3256 3515 3299 eant-

1909 3327 1982 3383 ob
2007 3335 2374 3399 peccatmum.
2410 3326 2871 3401 magnitudinem;
2915 3331 3158 3402 corporis
3203 3347 3354 3391 mors
3390 3341 3510 3402 est.

1836 3393 1884 3457 (ἶ
1912 3393 2132 3490 quando
2175 3419 2247 3474 ab
2273 3419 2459 3475 anima
2501 3393 2794 3477 deseritur.
2823 3393 2908 3477 Ab
2939 3393 3028 3478 bis
3061 3421 3271 3480 duobus
3311 3393 3515 3484 mortis-

1909 3506 2201 3580 generibus
2229 3509 2583 3565 resuscitatus
2626 3507 2764 3566 duas
2789 3509 3022 3568 dicimus
3071 3515 3505 3573 resurrectiones

1911 3597 2132 3654 habere.
2160 3596 2316 3654 Nunc
2338 3606 2521 3654 autem
2570 3599 2876 3656 animarum
2914 3601 2970 3658 in
3013 3600 3256 3660 Ecclesia
3286 3619 3388 3675 per
3409 3605 3501 3661 Fi-

1909 3687 2044 3744 lium
2082 3687 2179 3744 Dei
2205 3687 2316 3764 [Αι.
2348 3690 2518 3744 omitt.
2556 3687 2701 3764 Dei],
2731 3689 2968 3749 Verbum
2997 3693 3118 3763 Dei,
3164 3695 3501 3769 ﬁtrcsurre-

1909 3778 2043 3845 ctio,
2091 3779 2312 3851 quando
2334 3793 2433 3852 per
2466 3779 2702 3852 gratiam
2751 3779 2849 3838 Dei
2893 3782 3182 3841 viviﬁcatte
3213 3797 3505 3860 resurgens

1911 3867 2047 3942 ]At.,
2075 3868 2394 3942 resurgunt]
2426 3885 2458 3925 a
2479 3878 2655 3926 morte
2675 3869 3000 3941 iniquitatis.
3031 3871 3098 3928 Et
3135 3873 3252 3930 haec
3269 3883 3357 3931 est
3391 3877 3504 3946 pri-

1910 3977 1999 4018 ma
2027 3965 2378 4028 resurrectio,
2402 3978 2566 4033 quam
2587 3961 2728 4037 [qui]
2759 3964 2982 4040 habent,
3015 3965 3067 4021 in
3091 3969 3350 4035 secunda,
3383 3983 3505 4040 quin

1907 4062 1995 4108 est
2013 4069 2323 4126 corporum,
2353 4052 2582 4111 feliciter
2610 4039 2895 4129 rcsuréent
2928 4057 2981 4112 in
3020 4057 3187 4113 vitam
3220 4039 3512 4117 aeternam.

1909 4147 2080 4210 Filius
2131 4163 2263 4205 vero
2312 4149 2554 4205 hominis
2600 4151 2811 4221 accepit
2860 4159 3182 4222 potestatem
3231 4151 3502 4222 judicium

1910 4236 2112 4305 facere,
2140 4241 2282 4310 quod
2301 4238 2565 4311 judicium
2591 4239 2650 4294 in
2676 4238 2784 4296 [ine
2816 4241 2922 4298 erit
2942 4240 3143 4308 seculi.
3173 4249 3231 4297 et
3268 4241 3344 4299 ibi
3388 4257 3508 4298 non.

1909 4332 2017 4387 erit
2041 4333 2370 4389 resurrectio
2406 4331 2733 4400 animarum,
2765 4333 2860 4389 sed
2887 4347 3197 4405 corporum.
3236 4331 3361 4391 ideo
3387 4335 3510 4406 ipse

1911 4420 2172 4479 Dominus
2199 4422 2301 4479 has
2346 4421 2480 4478 duas
2504 4421 2748 4495 designat
2772 4422 2828 4478 in
2857 4423 3046 4479 eodem
3080 4422 3201 4481 loco
3252 4438 3501 4480 resurre-

1911 4510 2121 4567 ctiones
2147 4529 2162 4565 :
2189 4513 2519 4578 animarum,
2544 4513 2636 4568 ubi
2662 4513 2741 4566 ait
2764 4529 2776 4568 :
2801 4511 2987 4580 Amen,
3013 4529 3166 4570 amen
3188 4513 3308 4569 dico
3335 4513 3500 4584 vobis,

1909 4602 2035 4673 quia
2066 4603 2199 4657 uenit
2229 4602 2381 4668 hora,
2409 4612 2458 4657 et
2503 4617 2640 4657 nunc
2666 4611 2765 4669 est,
2802 4603 3014 4674 quando
3044 4604 3238 4658 mortui
3282 4602 3501 4662 audient

1914 4709 2087 4748 uocem
2113 4690 2244 4747 Filii
2288 4692 2387 4748 Dei
2417 4692 2601 4766 (Joan.
2633 4708 2687 4761 ν,
2716 4694 2840 4768 25);
2867 4709 3157 4765 corporum
3185 4709 3318 4752 vero
3343 4714 3357 4751 :
3401 4693 3502 4753 Ve-

1914 4787 2017 4841 niet
2046 4785 2199 4852 hora,
2236 4787 2294 4841 in
2341 4803 2447 4858 qua
2487 4801 2700 4853 omnes,
2745 4787 2837 4858 qui
2861 4787 2919 4842 in
2962 4788 3313 4844 monumentis
3354 4799 3514 4854 sunt,

1911 4879 2126 4933 audient
2153 4894 2326 4933 vocem
2345 4878 2460 4950 ejus
2488 4875 2810 4950 [lbid.,28).
2835 4875 2983 4934 Hora
3010 4887 3193 4935 autem
3222 4894 3366 4936 nunc
3388 4889 3511 4948 est,

1912 4978 1973 5026 ut
2002 4978 2292 5042 resurgant
2309 4970 2542 5037 mortui;
2576 4970 2713 5026 hora
2739 4969 2846 5026 erit
2871 4971 2927 5026 in
2972 4967 3081 5026 line
3107 4971 3380 5029 saeculiut
3411 4987 3510 5029 ne-

1910 5071 2139 5134 surgant
2164 5061 2396 5129 mortui;
2426 5061 2520 5119 sed
2537 5055 2829 5134 resurgunt
2852 5077 2999 5119 nunc
3042 5062 3100 5118 in
3140 5070 3344 5129 mente,
3371 5071 3500 5121 tunc

1911 5155 1967 5211 in
1996 5170 2194 5222 carne;
2225 5163 2515 5228 resurgunt
2541 5169 2688 5210 nunc
2715 5155 2770 5210 in
2794 5160 2976 5210 mente
3002 5167 3101 5223 per
3142 5153 3374 5210 Verbum
3400 5152 3497 5208 Dei

1914 5246 2110 5303 Filium
2157 5248 2287 5314 Dei;
2335 5255 2625 5320 resurgent
2671 5255 2802 5302 tunc
2848 5245 2904 5301 in
2929 5258 3095 5301 carne
3119 5257 3221 5315 per
3256 5244 3497 5301 Verbum

1912 5337 2033 5405 Dei,
2082 5354 2305 5396 carnem
2349 5338 2574 5404 factum,
2608 5337 2809 5393 Filium
2833 5335 3089 5393 hominis.
3112 5334 3341 5392 Animas
3367 5349 3512 5408 ergo.

1911 5444 2055 5486 nunc
2082 5431 2310 5486 suscitat
2345 5429 2488 5485 Deus
2518 5444 2615 5500 per
2644 5426 2898 5489 Verbum.
2935 5425 3134 5482 Filium
3161 5425 3276 5494 Dei,
3300 5433 3362 5481 ut
3408 5426 3489 5481 vi-

1910 5529 2042 5575 vant
2061 5521 2116 5576 in
2139 5520 2389 5589 Christo;
2418 5536 2644 5592 corpora
2664 5520 2892 5576 suscitat
2911 5518 3053 5576 Deus
3077 5520 3132 5575 in
3156 5517 3264 5575 ilne
3283 5519 3496 5587 saeculi,

1909 5632 2008 5689 per
2042 5616 2291 5673 eumdem
2316 5617 2512 5672 Filium
2553 5615 2824 5681 hominis,
2851 5623 2912 5669 ut
2938 5614 3266 5670 :eternaliter
3311 5613 3499 5670 vivant

1872 5714 1887 5729 ‘
1911 5721 2037 5762 cum
2080 5707 2318 5763 Christo.
2349 5705 2534 5776 Neque
2581 5706 2724 5761 enim
2765 5703 2832 5758 ad
2853 5702 3123 5774 judicium
3149 5703 3396 5759 vivorum
3437 5709 3499 5758 et

1913 5805 2253 5854 mortuorum
2293 5797 2458 5854 Pater
2484 5797 2598 5867 ipse
2622 5804 2881 5852 venturus
2899 5802 3014 5861 est;
3041 5809 3142 5850 nec
3176 5802 3357 5874 tamen
3404 5807 3496 5848 re-

1913 5888 2056 5947 cedit
2075 5904 2106 5944 a
2129 5887 2263 5945 Filio
2283 5889 2476 5954 Pater;
2507 5889 2778 5960 quomodo
2801 5902 2931 5957 ergo
2955 5901 3061 5942 non
3092 5886 3206 5957 ipse
3235 5895 3509 5942 venturus.

1868 6044 1875 6051 ι
1913 5979 2040 6038 est?
2084 5980 2223 6048 Quia
2278 5995 2383 6037 non
2443 5980 2557 6051 ipse
2607 5977 2826 6035 indutus
2871 5986 2952 6036 est
2996 5974 3168 6032 forma
3197 5976 3363 6043 servi,
3394 5986 3492 6031 nec
