4346 6622
698 325 761 382 5i
1544 319 1603 374 Β.
1644 318 1707 374 F.
1749 315 1975 376 ALBINI
2017 315 2147 372 SEU
2188 312 2462 371 ALCIJINI
2505 310 2789 370 OPERUM
2832 309 3010 365 PARS
3051 309 3138 370 Ill.

699 438 971 499 videbitur
992 436 1048 492 in
1066 434 1286 507 judicio.
1326 431 1580 488 Videbunt
1605 446 1837 502 namque
1868 429 2042 503 impii,
2065 430 2120 487 in
2139 444 2292 499 quem
2326 433 2368 489 Α

698 538 1117 605 comparuerant
1143 527 1329 602 (lactt.
1363 544 1460 595 xu.
1490 525 1601 601 10).
1628 525 1824 585 Forma
1861 524 1951 580 illa
1974 525 2079 580 erit
2101 523 2292 593 judex,

699 643 823 705 qua:
877 626 1029 683 stetit
1059 623 1157 680 sub
1182 619 1363 694 judice
1394 639 1406 673 :
1455 619 1546 678 illa
1580 617 1868 687 judicabit,
1898 631 2019 688 quae
2052 614 2294 684 iudicata

700 728 806 779 est.
852 716 1100 775 iudicata
1129 725 1215 777 est
1241 714 1387 772 enim
1432 712 1937 784 iuique,judicahit
1963 709 2139 779 iuste;
2172 710 2297 768 talis

704 811 987 886 apparebit
1021 810 1209 881 judex,
1255 808 1432 879 qualis
1467 808 1636 862 videri
1658 808 1903 881 possitet
1933 806 2002 861 ab
2028 806 2109 860 eis
2135 804 2296 877 [quos

703 911 1061 962 coronaturus
1102 908 1212 967 est,
1258 900 1402 956 etab
1448 900 1551 964 eis,
1592 897 1751 972 quos]
1807 899 2164 954 damnaturus
2189 902 2293 951 est.

664 999 671 1005 ’
703 997 900 1057 Forma
933 1011 1061 1066 ergo
1081 994 1225 1052 servi
1254 992 1553 1058 videbitur;
1585 992 1796 1050 occulta
1817 993 1927 1047 erit
1973 990 2147 1047 forma
2177 989 2295 1054 Dei,

703 1109 823 1163 qua:
835 1090 1001 1161 justis
1019 1090 1204 1145 videro
1232 1081 1571 1143 solummodo
1591 1085 1927 1158 promittitur
1950 1084 2015 1140 ad
2034 1093 2298 1140 aster-num

703 1182 1055 1244 beatitudinis
1080 1180 1381 1252 praemium.

1299 1311 1526 1369 CAPUT
1564 1310 1706 1367 XIX.

1014 1430 1093 1489 De
1121 1430 1414 1490 novissimis
1443 1428 1624 1487 swcuii
1653 1429 1994 1502 temporibus.

775 1544 1034 1617 Quaedam
1081 1544 1335 1605 videlicet
1384 1546 1557 1615 signa,
1615 1559 1738 1614 qua:
1786 1544 1901 1614 ipse
1945 1541 2208 1597 Dominus
2248 1544 2300 1597 in

705 1635 997 1709 Evangelio
1024 1646 1153 1695 ante
1203 1635 1366 1696 linem
1420 1636 1605 1691 mundi
1654 1634 1832 1689 futura
1864 1650 1986 1689 esse
2027 1634 2300 1703 praedixit,

708 1736 979 1787 transacta
1012 1727 1292 1800 leguntur;
1330 1726 1577 1797 quaedam
1625 1739 1755 1780 vero
1778 1723 2121 1778 imminentia
2164 1738 2304 1793 quo-

3938 300 3973 355 5

3976 301 4008 356 Ξ

3000 421 3229 483 CAPUT
3270 421 3388 479 XX.

2535 561 2616 616 De
2646 564 3022 617 resurrectione
3044 576 3322 626 corporum
3346 558 3402 615 iu
3434 558 3714 615 novissimo
3740 559 3855 618 die.

2467 696 2586 769 Ipse
2630 695 2893 752 Dominus
2944 708 3130 753 noster
3176 693 3336 752 Jesus
3365 694 3619 751 Christus
3645 695 3699 749 in
3750 708 4009 749 resurre-

2396 791 2576 846 ctione
2623 791 2806 846 carnis
2847 804 2980 856 sum,
3034 806 3196 861 quam
3252 790 3339 845 die
3401 789 3564 843 tertio
3618 786 3910 843 suscitavit
3940 787 4008 842 de

2397 884 2647 954 sepulcro
2672 925 2686 948 ,
2746 883 2904 939 nobis
2952 892 3158 939 nostrae
3183 883 3370 939 carnis
3407 897 3595 938 veram
3633 882 3878 938 ostendit
3918 894 4008 935 re-

2399 975 2814 1040 surrectionem,
2864 989 3030 1047 quam
3056 974 3309 1031 videlicet
3358 974 3564 1045 absque
3603 975 3750 1031 omni
3786 975 4009 1031 dubita-

2401 1066 2547 1122 tione
2579 1064 2889 1122 iirmissime
2935 1065 3162 1122 credere
3190 1066 3480 1133 debemus;
3510 1076 3572 1123 ut
3598 1068 3654 1124 in
3696 1082 3762 1125 ea
3810 1081 4007 1132 cerne,

2400 1175 2507 1230 qua
2556 1159 2646 1215 hic
2703 1160 2937 1232 quisque
2986 1160 3204 1218 vivebat
3252 1162 3305 1216 in
3336 1162 3442 1219 hac
3477 1164 3731 1232 prmsenti
3776 1164 3912 1222 vita.
3950 1163 4007 1224 in

2400 1254 2589 1311 eadem
2613 1269 2899 1323 resurgere
2919 1254 3133 1311 debeat.
3166 1254 3279 1311 Nec
3300 1255 3458 1311 alicui
3492 1255 3816 1312 incredibile
3842 1256 4013 1312 debet

2400 1360 2522 1404 esse
2544 1346 2841 1417 potentiam
2872 1348 3107 1406 divinam
3136 1363 3365 1418 corpora
3395 1358 3581 1405 nostra
3608 1350 3677 1406 de
3710 1348 4012 1420 cujnseun.

2401 1452 2507 1507 que
2559 1438 2885 1495 conditionis
2937 1438 3287 1510 corruptione
3357 1441 3689 1499 rcsuscitare
3749 1456 3937 1513 posse.
3981 1442 4011 1484 ι

2400 1530 2557 1588 Absit
2582 1530 2686 1588 hoc
2710 1546 2739 1586 a
2773 1529 2878 1585 iidc
2899 1540 3082 1587 nostra
3105 1531 3377 1596 dubitare,
3402 1540 3462 1586 ut
3484 1532 3863 1587 resuscitanda
3887 1546 4014 1588 cor-

2401 1638 2533 1693 pora
2584 1624 2813 1693 viaeque
2867 1625 3160 1689 reddenda,
3209 1641 3317 1680 non
3349 1624 3568 1695 possint
3609 1627 4012 1696 omnipotentia

2404 1716 2665 1773 creatoris
2693 1717 2873 1773 omnia
2924 1719 3171 1772 revocari
3201 1718 3334 1791 [At.,
3364 1732 3470 1773 non
3508 1722 3748 1789 possit...
3780 1735 4013 1776 revoca-

708 1821 837 1879 tidie
862 1822 1169 1879 sentiuntur
1194 1860 1208 1876 .
1237 1819 1496 1888 Quadam
1527 1820 1711 1889 itaque
1732 1816 1966 1872 necdum
1994 1824 2117 1871 acta
2140 1825 2289 1881 sunt,
2326 1803 2369 1863 Β
2399 1804 2501 1877 re].
2530 1821 2649 1876 qua:
2675 1807 2760 1863 vel
2782 1808 2986 1874 bestia,
3016 1808 3099 1862 vel
3149 1810 3290 1880 ignis
3311 1810 3631 1879 absumpsit,
3665 1811 3747 1865 rei
3777 1811 3833 1866 in
3888 1810 4011 1882 ιιιιΙο

706 1915 801 1973 sed
833 1916 1007 1972 futura
1037 1929 1159 1975 esse
1184 1916 1490 1971 certissimo
1532 1915 1850 1978 creduntur,
1898 1913 1951 1967 id
1999 1918 2103 1975 est,
2164 1909 2299 1965 fides

707 2008 983 2072 israelitici
1010 2008 1211 2079 pepuli,
1240 2009 1308 2064 de
1332 2023 1437 2078 qua
1484 2007 1774 2079 Apostolus
1802 2006 1881 2061 ait
1910 2023 1924 2059 :
1955 2006 2086 2059 Cum
2132 2006 2300 2057 intra-

704 2099 831 2156 rerit
859 2099 1127 2171 plenitudo
1149 2101 1400 2171 gentium,
1432 2111 1557 2155 tunc
1579 2101 1750 2155 omnis
1802 2097 1969 2153 Israel
1996 2097 2171 2155 saluus
2208 2099 2297 2167 fiet

706 2188 884 2246 Illam.
918 2208 994 2255 ιι.
1026 2190 1116 2254 25,
1151 2191 1277 2259 28);
1308 2200 1364 2247 et
1406 2207 1631 2263 regnum
1660 2192 1982 2247 Antichristi
2023 2199 2077 2244 et
2106 2206 2299 2245 erunc—

707 2282 830 2339 litas
858 2280 973 2350 ejus
997 2282 1049 2338 in
1079 2290 1331 2348 sanctos;
1358 2284 1475 2339 hzcc
1496 2285 1641 2339 enim
1671 2284 1775 2338 erit
1798 2284 2088 2338 novissima
2114 2298 2301 2353 perse—

705 2375 871 2437 cutio,
915 2376 1214 2434 novissimo
1267 2377 1585 2432 imminente
1635 2377 1858 2447 judicio,
1908 2393 2070 2448 quam
2110 2386 2297 2431 saneta

706 2466 945 2525 Ecclesia
972 2478 1083 2526 toto
1108 2478 1380 2527 terrarum
1402 2472 1534 2525 orbe
1562 2471 1832 2539 patietur;
1862 2472 2115 2525 universa
2148 2470 2298 2523 scili-

707 2568 791 2615 cet
848 2562 1041 2618 civitas
1093 2560 1316 2627 Christi,
1368 2564 1436 2615 ah
1483 2562 1735 2620 universa
1788 2562 1986 2616 diaboli
2042 2562 2295 2626 civitate;

704 2661 1123 2725 quantacunque
1153 2655 1259 2712 erit
1286 2663 1519 2726 utraque
1549 2670 1712 2725 super
1744 2663 1971 2717 terram,
2004 2653 2158 2723 cujus
2177 2667 2302 2721 per-

707 2748 1003 2807 secutionis
1030 2757 1305 2806 auctorem
1339 2762 1467 2803 esse
1483 2748 1735 2807 eumdem
1768 2747 2162 2804 Antichristum
2192 2762 2297 2801 non

704 2844 926 2903 dubium
956 2851 1062 2906 est,
1087 2858 1249 2913 quem
1281 2842 1570 2914 Apostolus
1592 2840 1763 2909 tilium
1797 2842 2096 2899 nominavit
2118 2840 2299 2911 perdi-

705 2934 863 2993 tionis
918 2943 1078 3003 atque
1120 2934 1389 3005 refugam,
1421 2936 1608 3003 utique
1657 2949 1683 2987 ιι
1730 2932 1964 2987 Domino
2011 2932 2151 2997 Deo;
2205 2931 2297 3002 qui

703 3026 983 3085 catellam
1011 3043 1173 3096 supra
1224 3043 1378 3081 omne
1418 3026 1557 3097 quod
1587 3026 1785 3078 dicitur
1814 3023 1974 3085 Deus,
2009 3034 2100 3078 aut
2131 3022 2152 3094 Ῐ
2158 3023 2297 3094 quod

703 3117 919 3191 colitur]
977 3120 1148 3174 itaut
1202 3121 1259 3172 in
1290 3118 1477 3187 templo
1528 3116 1624 3170 Dei
1670 3118 1867 3178 sedeat,
1921 3115 2200 3170 ostendens
2244 3131 2300 3169 se

2401 1912 2585 1955 verem
2616 1901 2962 1971 cineremque
2989 1901 3248 1972 collapsa,
3279 1902 3360 1956 vel
3390 1903 3441 1956 in
3469 1904 3752 1960 humorem
3794 1907 4012 1962 resolu-

2403 1998 2482 2054 ta,
2512 1991 2594 2051 vel
2620 1993 2673 2049 in
2715 2008 2880 2051 auras
2910 2003 3039 2049 sunt
3058 1994 3293 2049 exaltata
3338 1993 3471 2066 (AL,
3504 1995 3820 2068 collapsum,
3852 2014 4011 2054 reso-

2402 2084 2597 2151 lutum,
2628 2086 2970 2159 exaltatum].
3004 2088 3159 2143 Absit
3182 2097 3242 2143 ut
3265 2088 3417 2142 sinus
3446 2089 3586 2144 ullus
3617 2099 4009 2161 secretumque

2402 2186 2610 2235 natura:
2674 2178 2749 2234 ita
2818 2180 3043 2250 recipiat
3099 2179 3303 2250 aliquid
3358 2182 3694 2237 subtractum
3748 2184 4013 2238 sensibus

2403 2270 2625 2334 nostris,
2657 2279 2718 2325 ut
2740 2272 2981 2325 omnium
3002 2273 3268 2326 creatoris
3296 2281 3391 2326 aut
3414 2274 3779 2342 cognitionem
3818 2273 4009 2339 lateat,

2403 2373 2497 2422 aut
2519 2363 2743 2434 effugiat
2765 2372 3115 2434 potestatem.
3162 2364 3476 2436 Resurgent
3506 2364 3755 2435 equidem
3787 2377 4013 2421 sancto-

2403 2472 2523 2514 rum
2573 2471 2801 2525 corpora
2843 2457 2910 2511 ad
2961 2456 3213 2526 gloriam,
3262 2458 3380 2513 sine
3417 2456 3529 2513 ullo
3560 2458 3710 2521 vitio,
3744 2459 3867 2513 sine
3902 2458 4009 2513 ulla

2403 2548 2779 2613 deformitate;
2831 2551 2881 2603 in
2913 2550 3113 2617 quibus
3141 2558 3294 2603 tanta
3327 2548 3556 2605 felicitas
3588 2548 3721 2622 (AL,
3747 2549 4008 2622 facilitas]

2403 2637 2511 2693 erit
2559 2645 2759 2706 quanta
2787 2646 2843 2694 et
2890 2637 3144 2692 felicitas.
3185 2636 3449 2703 Quamvis
3476 2638 3623 2694 enim
3662 2639 3868 2708 aliquid
3918 2640 4007 2695 de-

2406 2729 2697 2788 formitatis
2728 2729 2964 2787 habeant
3008 2744 3239 2800 corpora
3277 2746 3469 2787 eorum
3516 2732 3568 2785 in
3601 2732 3703 2787 hac
3750 2734 4008 2802 praesenti

2404 2826 2535 2889 vita,
2566 2824 2647 2880 vel
2685 2822 2859 2892 majus
2888 2824 2971 2877 vel
3018 2824 3200 2879 minus
3248 2823 3523 2886 habentia,
3568 2839 3732 2892 quam
3758 2826 4011 2879 humana:

2404 2925 2611 2975 natura:
2655 2917 2843 2972 deceat
2880 2916 3366 2985 pulchritudinem,
3415 2917 3545 2971 nihil
3588 2916 3695 2971 tale
3728 2917 4011 2974 habebunt

2403 3008 2457 3065 in
2480 3006 2567 3063 illa
2595 3014 2868 3077 perpetua
2907 3005 3181 3064 fclicitatis
3212 3004 3581 3076 perfectione:
3618 3008 3670 3060 in
3700 3022 3765 3061 ea
3796 3008 4009 3063 scilicet

2403 3114 2654 3155 mensura
2694 3108 2751 3157 et
2793 3096 3074 3168 dignitate,
3124 3113 3231 3166 qua
3258 3096 3339 3151 vel
3369 3096 3551 3153 futura
3580 3106 3758 3161 erant,
3784 3098 3830 3152 si
3882 3105 4010 3155 ante

705 3173 953 3285 ιᾷιιᾴιιαῖπ
979 3173 1047 3268 sit
1076 3212 1217 3267 Deus
1246 3210 1332 3275 (II
1356 3173 1538 3265 'i'llress.
1569 3227 1629 3273 ιι,
1664 3209 1739 3271 ti).
1771 3173 2011 3264 Ecclesia
2045 3207 2298 3279 equidem
2326 3173 2373 3238 Ο

2295 3235 2298 3264 ί
2326 3173 2373 3238 C
2405 3188 2661 3261 perfecta:
2684 3190 2864 3245 aetatis
2911 3190 3161 3245 decorem
3194 3189 3524 3253 moriuntur,
3551 3190 3667 3244 sive
3705 3190 3874 3248 etiam
3913 3191 4011 3246 ha-

704 3315 917 3372 sancta,
941 3308 1140 3361 dicitur
1170 3307 1310 3360 Deus
1336 3317 1383 3357 α.
1427 3305 1635 3358 Colitur
1662 3304 1845 3374 itaque
1865 3311 2015 3357 recte
2062 3310 2299 3356 tantum-

702 3401 866 3456 modo
904 3411 1091 3454 saucta
1123 3398 1361 3454 Trinitas
1404 3399 1548 3452 Duris
1576 3417 1588 3451 :
1621 3399 1775 3467 cujus
1803 3400 2063 3453 honorem
2098 3396 2301 3467 impiis~

704 3493 874 3546 simus
899 3491 987 3546 ille
1012 3490 1192 3562 refuga
1216 3491 1317 3545 sibi
1349 3490 1639 3545 vendicare.
1673 3488 1809 3560 (AL,
1840 3486 2136 3560 vindicare]
2164 3503 2301 3557 prre-

706 3592 901 3637 snmet.
934 3583 1078 3637 Alios
1123 3584 1553 3645 adulationibus,
1609 3583 1744 3638 alios
1792 3584 2113 3648 terroribus,
2168 3582 2303 3637 alios

703 3674 870 3739 signis
896 3674 1173 3739 illicitans,
1207 3686 1263 3728 ut
1290 3689 1349 3729 se
1368 3675 1549 3729 colant
1578 3690 1678 3746 pro
1704 3674 1838 3740 Deo,
1870 3675 2024 3744 cujus
2046 3690 2297 3746 persecu-

706 3768 907 3822 tionem
951 3768 1115 3821 trlum
1159 3768 1325 3822 semis
1355 3784 1622 3841 annorum
1673 3771 1868 3838 spatio,
1900 3770 2300 3826 excandescere

704 3872 867 3925 super
894 3866 1097 3913 terram
1126 3857 1177 3912 in
1212 3857 1533 3929 Apocalypsi
1559 3861 1879 3930 przezlictum
1903 3868 1985 3915 est
2008 3860 2189 3931 (Apoc.
2222 3879 2295 3921 ιιι.

705 3949 831 4013 4‘2);
872 3948 967 4003 sed
1017 3964 1084 4004 ne
1131 3958 1240 4003 tam
1290 3950 1562 4015 immanis,
1612 3959 1667 4006 et
1711 3951 1948 4007 crudelis
1991 3952 2301 4022 persecutio

706 4044 995 4115 improvisa
1037 4044 1280 4106 veniens,
1328 4058 1517 4099 omnes
1543 4043 1722 4099 minus
1766 4054 1990 4115 paratos
2035 4045 2297 4109 involvat,

709 4136 877 4191 tiliam
924 4143 981 4190 et
1021 4136 1206 4191 Enoch
1243 4136 1509 4190 maximos
1536 4138 1830 4207 prophetas
1876 4145 2132 4193 venturos
2182 4152 2302 4193 esse

706 4226 959 4281 Ecclesiae
980 4227 1144 4280 habet
1175 4225 1309 4280 ﬁdes
1342 4243 1352 4279 :
1395 4241 1492 4297 per
1518 4241 1745 4298 quorum
1777 4227 2100 4292 doctrinam,
2133 4244 2301 4299 popu-

704 4318 789 4374 lus
815 4318 1143 4373 Israeliticae
1186 4327 1535 4374 convertetur
1564 4318 1630 4374 ad
1672 4320 1853 4376 iidem.
1897 4321 2023 4388 Qui,
2051 4338 2174 4376 cum
2202 4322 2300 4392 ipsi

701 4412 881 4481 primo
895 4416 1008 4464 tres
1032 4411 1201 4465 semis
1222 4427 1392 4464 annos
1417 4410 1854 4480 prazdicaverint,
1880 4411 1935 4465 in
1966 4412 2081 4481 ipsa
2112 4413 2299 4467 eadem

702 4499 1080 4574 persecutione
1123 4515 1248 4555 cum
1308 4501 1429 4555 aliis
1483 4500 1730 4555 fidelibus
1777 4502 2016 4567 Christi,
2070 4504 2301 4573 glorioso

702 4595 1108 4649 coronabantur
1134 4593 1398 4662 martyrio
1442 4612 1452 4645 :
1498 4608 1756 4663 percusso
1794 4601 1973 4647 autem
1999 4593 2092 4650 illo
2114 4596 2296 4664 perdi-

706 4687 869 4741 tionis
922 4685 1048 4748 fllio,
1103 4693 1157 4739 et
1206 4685 1529 4755 impiissimo
1575 4686 1737 4759 735
1795 4686 1961 4742 totius
1996 4688 2300 4758 iniquitatis

706 4778 982 4845 magistro,
1011 4777 1080 4831 ab
1098 4776 1216 4849 ipso
1234 4775 1483 4840 Domino,
1507 4779 1644 4833 sicut
1670 4778 1956 4849 Apostolus
1976 4780 2053 4833 ait
2080 4798 2092 4833 :
2130 4779 2293 4845 Quem

706 4867 960 4922 Dominus
1005 4867 1159 4922 Iesus
1184 4868 1462 4936 interﬁciet
1488 4870 1677 4938 spiritu
1707 4871 1811 4923 oris
1838 4872 1942 4934 sui,
1972 4880 2019 4924 et
2065 4871 2294 4927 destruet

688 4957 1061 5021 illustrations
1094 4958 1343 5011 adventus
1370 4960 1453 5012 sui
1483 4960 1569 5025 (Il
1604 4958 1783 5014 Thess.
1811 4978 1870 5025 ιι,
1902 4962 1977 5033 8).
2028 4978 2135 5016 non
2166 4979 2293 5018 con-

704 5050 855 5101 tinuo
906 5050 1021 5103 dies
1060 5048 1247 5119 iudicii
1294 5060 1580 5104 secuturus
1614 5067 1732 5105 esse
1754 5054 2059 5108 credendus
2103 5064 2201 5117 est,
2236 5064 2295 5109 ut

706 5141 1059 5210 alimplcatur
1095 5142 1238 5210 quod
1280 5142 1392 5214 ipse
1444 5144 1702 5199 Dominus
1748 5145 1799 5199 in
1853 5145 2143 5217 Evangelio
2176 5150 2289 5201 ait:

708 5232 784 5285 De
815 5232 899 5285 die
925 5242 1103 5287 autem
1130 5232 1220 5286 iiio
1264 5244 1311 5288 ct
1356 5235 1485 5287 hora
1518 5251 1666 5288 nemo
1718 5237 1876 5299 novit,
1908 5254 2069 5307 neque
2098 5238 2292 5308 angeli,

706 5339 865 5393 neque
895 5321 1086 5386 Filius,
1148 5324 1249 5377 nisi
1302 5322 1463 5377 Pater
1490 5323 1632 5379 solus
1680 5324 1895 5395 (Matth.
1954 5342 2103 5393 xxrv,
2152 5326 2291 5399 '56):

704 5417 972 5484 quomodo
1002 5418 1116 5472 hare
1158 5416 1369 5472 Domini
1414 5418 1577 5473 verba
1626 5418 1971 5489 intelligenda
2008 5419 2136 5487 sint,
2175 5420 2294 5475 loco

704 5515 1005 5577 opportuno
1038 5510 1284 5578 superius
1304 5510 1667 5578 exposuimus.

777 5658 803 5686 ι
828 5646 996 5721 Locus
1020 5660 1322 5720 corruptus,
1350 5650 1439 5717 qui
1465 5666 1563 5718 ope
1588 5666 1715 5709 mss.
1746 5651 1944 5721 corrigi
1963 5666 2069 5709 non
2091 5653 2286 5720 potuit.

710 5714 834 5772 Mss.
855 5715 1041 5775 Rcic‘v.
1071 5714 1227 5795 habet
1253 5741 1317 5795 τι
1353 5714 1521 5795 Supra
1540 5739 1720 5789 omne,
1748 5714 2286 5795 quoddiciturilmtS.

710 5798 799 5841 est
845 5805 981 5859 quoi
1032 5794 1221 5847 cuius."
1270 5794 1505 5850 Ecclesia
1548 5793 1793 5863 equidem
1826 5804 2042 5859 sancta,
2094 5793 2289 5847 dicitur

2404 3284 2637 3341 buerunt
2660 3294 2783 3340 ante
2808 3284 3083 3353 vergentis
3107 3284 3173 3338 ad
3214 3284 3585 3341 inﬁrmitatem
3612 3285 3790 3338 :etatis
3809 3299 4007 3348 annos,

2405 3377 2772 3432 membrorum
2805 3376 3044 3429 omnium
3075 3375 3484 3445 pulchritudine
3516 3392 3757 3447 congruo
3809 3378 4011 3432 decore

2405 3476 2636 3535 servata,
2668 3469 2741 3523 ita
2775 3476 2831 3521 ιιι
2859 3467 2993 3521 nihil
3019 3468 3373 3536 incongruum
3415 3469 3695 3526 habebunt
3736 3468 3872 3541 (AL,
3909 3470 4008 3525 ha-

2406 3558 2589 3631 l.eant]
2639 3560 2693 3615 in
2739 3558 2846 3614 ulla
2901 3558 3150 3627 corporis
3191 3567 3384 3628 parte,
3430 3560 3555 3629 quia
3608 3559 3852 3629 spiritale
3903 3560 4007 3616 erit

2404 3667 2603 3722 corpus
2628 3667 2737 3706 non
2773 3650 3013 3705 carnale.
3046 3649 3302 3717 Quamvis
3347 3665 3477 3705 caro
3503 3651 3576 3705 sit
3602 3667 3708 3707 non
3759 3653 4006 3723 spiritus,

2404 3764 2509 3802 non
2536 3756 2716 3801 tamen
2740 3745 3047 3800 carnalibus
3070 3744 3312 3812 subjacet
3339 3743 3445 3817 (At.
3461 3788 3473 3811 ,
3492 3745 3817 3821 subiacebit]
3840 3749 4005 3813 vitiis,

2403 3841 2469 3894 de
2495 3839 2691 3909 quibus
2719 3838 3010 3908 Apostolus
3030 3838 3138 3892 ait:
3167 3838 3306 3903 Quia
3331 3855 3456 3893 caro
3476 3848 3527 3893 et
3548 3839 3765 3909 sanguis
3789 3855 4006 3910 regnum

2403 3932 2501 3987 Dei
2549 3950 2654 3987 non
2706 3932 3040 4004 possidebunt
3086 3930 3141 4003 (I
3178 3932 3302 3985 Cor.
3345 3948 3437 3998 xv,
3487 3932 3600 4005 50).
3654 3934 3851 3990 Procul
3896 3936 4005 3991 erit

2403 4025 2473 4079 ab
2515 4025 2595 4082 eis
2632 4026 2814 4084 omnis
2846 4025 3167 4089 inﬁrmitas,
3218 4026 3398 4080 omnis
3439 4023 3777 4091 deformitas,
3827 4028 4008 4085 omnis

2404 4117 2665 4182 tarditas,
2714 4117 2893 4173 omnis
2952 4117 3252 4186 corruptio,
3312 4117 3492 4173 omnis
3544 4128 3779 4190 egestas,
3828 4122 4006 4178 omnis

2406 4212 2723 4284 indigentia,
2751 4220 2808 4266 et
2836 4211 2879 4266 si
2907 4208 3037 4282 quid
3069 4212 3213 4265 aliud
3240 4209 3409 4283 [quod
3438 4211 3593 4285 illud]
3632 4215 3831 4269 summi
3858 4216 4005 4290 regis

2405 4325 2510 4365 non
2542 4309 2697 4364 decet
2744 4323 2969 4378 regnum
2992 4307 3046 4361 in
3074 4322 3182 4377 quo
3229 4308 3647 4363 resurrectionis
3689 4318 3743 4364 et
3767 4312 4004 4380 promis-

2406 4403 2573 4458 sionis
2599 4399 2941 4470 liliiaequales
2955 4407 3113 4453 erunt
3138 4397 3345 4468 angelis
3366 4398 3461 4454 Dei
3482 4397 3697 4469 (Matth.
3723 4417 3862 4470 χιιι,
3885 4404 4000 4475 30).

2407 4495 2547 4565 Ergo
2571 4493 2833 4563 quidquid
2863 4491 2928 4545 de.
2958 4489 3279 4560 corporibus
3300 4490 3460 4555 vivis,
3487 4490 3575 4546 vel
3606 4503 3729 4564 post
3767 4506 4000 4553 mortem

2405 4589 2470 4643 de
2500 4586 2857 4642 cadaveribus
2881 4585 3061 4656 periit,
3089 4585 3464 4654 humanosque
3489 4585 3677 4658 effugit
3718 4589 3888 4656 visus,
3936 4590 4003 4645 si-

2402 4678 2512 4733 mul
2542 4694 2666 4734 cum
2699 4693 2784 4745 eo,
2832 4676 2977 4747 quod
3028 4676 3083 4730 in
3119 4676 3383 4745 sepulcris
3414 4680 3709 4745 remansit,
3744 4681 3799 4735 in
3843 4683 4000 4754 spiri-

2401 4771 2526 4825 talis
2554 4770 2798 4841 corporis
2827 4769 3123 4823 novitatem
3162 4766 3295 4840 [At.,
3324 4768 3612 4843 novitate],
3641 4788 3707 4826 ex
3748 4775 3999 4831 animalis

2399 4863 2643 4934 corporis
2670 4870 2935 4917 vetustate
2957 4870 3247 4926 mutatum,
3294 4872 3545 4933 resurget
3594 4865 3998 4937 incorruptione

2399 4968 2560 5027 atque
2606 4956 3011 5011 immortalitate
3055 4957 3329 5010 vestitum.
3385 4956 3689 5029 Resurgeut
3739 4968 3794 5014 et
3844 4961 3995 5033 impii

2398 5050 2770 5118 unusquisque
2816 5065 2940 5103 cum
2984 5064 3078 5103 sua
3111 5065 3295 5113 carne,
3332 5058 3388 5102 ut
3414 5065 3536 5103 cum
3560 5051 3777 5108 diabolo
3800 5063 3855 5107 ct
3900 5070 3995 5109 an-

2401 5140 2536 5212 gelis
2566 5140 2681 5208 ejus
2719 5139 3032 5209 puniantur.
3062 5140 3258 5196 Utrum
3297 5155 3427 5195 sane
3462 5143 3559 5210 ipsi
3586 5160 3706 5197 cum
3736 5144 3906 5212 vitiis,
3938 5154 3991 5199 et

2399 5233 2833 5290 deformitatibus
2858 5249 3048 5288 eorum
3077 5250 3363 5302 corporum
3399 5246 3703 5306 resurgant,
3730 5254 3990 5308 quaecun-

2399 5343 2502 5399 que
2540 5328 2593 5383 in
2633 5327 2711 5381 eis
2746 5325 2940 5382 vitiosa
2968 5333 3023 5380 et
3051 5324 3316 5381 deformia
3345 5328 3589 5382 membra
3618 5338 3987 5399 gestaveruut,

2400 5422 2721 5493 inquirendo
2752 5420 2998 5475 laborare
3029 5418 3157 5492 quid
3185 5435 3322 5493 opus
3348 5420 3468 5477 est?
3492 5419 3677 5491 Neque
3696 5424 3843 5481 enim
3864 5422 3990 5479 fati-

2398 5532 2527 5589 gare
2556 5530 2657 5570 nos
2684 5515 2842 5572 debet
2868 5514 3073 5569 incerta
3094 5528 3282 5571 eorum
3312 5512 3592 5579 habitudo,
3624 5515 3709 5569 vel
3752 5517 3987 5588 pulchri-

2399 5651 2556 5708 Deus.
2598 5670 2617 5703 ι

2469 5722 2496 5763 δ
2548 5721 2682 5781 Vide
2739 5720 2794 5777 S.

2543 5721 2682 5847 gris
2739 5720 2794 5777 S.
2850 5720 3227 5792 Augustinum,
3280 5720 3371 5776 lib.
3408 5738 3517 5777 xm
3569 5722 3641 5780 De.
3694 5722 3809 5782 Civ.
3866 5722 3983 5788 Dei,

2397 5810 2511 5865 (ἂρ.
2544 5810 2629 5847 ‘ZU.
