4346 6694
205 541 276 596 57
925 549 1341 611 ΒΟΟΜΑΤΙΟΛ.
1383 587 1450 599 -
1490 557 1952 625 ΩιῙίΕΞΤΙΟΝΕΒ
1994 564 2204 622 XXVIII
2245 568 2333 625 DE
2369 570 2761 629 TRINITATE.
3417 581 3485 637 58

207 670 376 710 unum
407 655 574 711 Deum
612 660 1062 733 omnipotentem,
1094 667 1253 721 unius
1274 670 1610 738 substantiar,
1642 677 1800 730 unius
1831 683 1876 740 Α
1905 678 1958 732 in
1987 681 2264 750 operibus,
2290 687 2539 754 quamvis
2559 689 2807 758 quaedam
2847 706 3011 762 Opera
3050 691 3144 748 Dei
3168 696 3487 765 quibusdam

205 749 477 814 essentia),
503 750 665 806 unius
707 757 1011 823 potestatis,
1038 768 1341 815 creatorem
1364 765 1606 820 omnium
1648 783 1800 822 crea-

210 847 489 907 turarum;
515 857 546 898 a
567 858 677 915 quo
701 847 899 910 omnia,
934 865 1032 920 per
1056 867 1216 922 quem
1243 855 1442 920 omnia,
1472 858 1526 912 in
1551 873 1660 928 quo
1683 875 1802 915 om-

206 928 322 983 nia.
367 929 696 1006 [Credimus]
725 933 944 991 Patrem
985 952 1017 994 a
1048 939 1248 1011 seipse,
1290 958 1398 999 non
1436 944 1506 999 ab
1542 947 1678 1015 alio;
1707 948 1801 1006 Fi-

208 1017 343 1075 lium
372 1037 403 1076 a
430 1021 595 1080 Patre
640 1027 909 1096 genitum,
937 1030 1106 1088 Deum
1159 1049 1348 1091 verum
1396 1037 1463 1093 de
1504 1037 1616 1096 Deo
1645 1056 1800 1110 vero,

199 1108 396 1167 lumen
418 1127 608 1170 verum
655 1115 723 1172 the
766 1117 971 1176 lumine
1006 1137 1135 1180 vero
1164 1141 1178 1177 :
1208 1139 1316 1180 non
1368 1135 1548 1184 tamen
1584 1129 1690 1186 duo
1718 1131 1801 1184 lu-

209 1203 385 1269 mina,
415 1207 511 1262 sed
538 1224 704 1265 unum
751 1211 954 1270 lumen.
984 1213 1246 1287 Spiritum
1272 1228 1515 1276 sanctum
1561 1239 1593 1279 a
1638 1222 1802 1280 Patre

206 1306 266 1349 et
308 1295 444 1352 Filio
484 1299 764 1368 aequaliter
801 1305 1216 1374 procedentem;
1256 1311 1802 1384 consubstantialem,

207 1394 540 1443 coaeternum
566 1389 715 1446 Patri
749 1401 807 1448 et
850 1393 1006 1451 Filio.
1044 1396 1205 1454 Pater
1226 1399 1418 1471 plenus
1459 1401 1603 1459 Deus
1632 1405 1688 1460 in
1719 1421 1802 1470 se,

205 1471 381 1530 Filius
401 1475 600 1546 plenus
622 1478 767 1538 Deus
797 1497 828 1539 a
866 1483 1030 1542 Patre
1055 1489 1290 1558 genitus,
1322 1489 1560 1562 Spiritus
1581 1500 1804 1553 sanctus

205 1564 402 1637 plenus
441 1567 585 1625 Deus
625 1586 658 1626 a
682 1570 846 1629 Patre
889 1584 946 1631 et
965 1575 1103 1634 Filio
1130 1581 1449 1650 procedens.
1475 1581 1590 1638 Non
1619 1593 1802 1641 tamen

208 1664 328 1713 tres
361 1657 495 1715 deos
535 1661 786 1730 dicimus,
815 1665 911 1722 sed
937 1683 1102 1724 unum
1138 1669 1309 1727 Deum
1353 1674 1799 1746 omnipotentem,

203 1755 495 1815 aeternum,
541 1749 887 1822 invisibilem,
941 1755 1480 1831 incommutabilem,
1522 1766 1615 1836 qui
1655 1775 1803 1825 totus

205 1839 411 1910 ubique
433 1852 537 1907 est,
563 1849 710 1901 totus
730 1847 931 1920 ubique
951 1863 1192 1921 przesens
1215 1872 1230 1909 :
1261 1871 1367 1912 non
1391 1872 1492 1928 per
1509 1870 1691 1930 partes
1721 1861 1804 1918 di-

205 1931 382 1998 visus,
410 1934 506 1990 sed
539 1942 683 1991 totus
703 1937 760 1993 in
785 1940 1038 1998 omnibus
1064 1958 1172 1998 non
1203 1943 1469 2016 localiter,
1492 1949 1587 2006 sed
1606 1961 1802 2021 poten-

1900 770 2149 836 pcrsonis
2179 773 2487 841 specialiter
2509 779 2863 845 conveniant;
2904 783 3043 837 sicut
3072 782 3220 839 Patri
3244 801 3345 842 vox
3374 788 3488 855 illa,

1901 876 2022 931 qua:
2061 862 2126 917 de
2152 863 2289 920 caelo
2321 868 2504 921 sonuit
2551 884 2712 939 super
2737 871 3010 927 Christum
3039 875 3406 946 baptizatum;
3435 892 3488 936 et

1901 952 1970 1005 ad
1999 952 2122 1008 Filii
2146 969 2434 1024 personam
2461 960 2816 1018 humanitatis
2851 968 3227 1024 tantummodo
3250 973 3484 1041 pertinet

1899 1048 2206 1117 susceptio;
2236 1058 2293 1105 et
2316 1049 2550 1120 Spiritus
2593 1054 2768 1110 sancti
2813 1071 3061 1126 persona:
3107 1063 3323 1131 proprie
3352 1079 3486 1120 con-

1900 1141 2048 1211 gruit
2068 1141 2158 1196 illa
2186 1143 2461 1210 columba,
2483 1145 2539 1200 in
2564 1146 2719 1216 cujus
2740 1150 2920 1220 specie
2939 1151 3081 1209 idem
3107 1153 3343 1226 Spiritus
3364 1172 3477 1215 san-

1901 1240 2021 1288 ctus
2044 1233 2324 1290 descendit
2350 1249 2512 1308 super
2540 1240 2789 1295 eumdem
2816 1239 3014 1297 Filium
3058 1243 3153 1300 Dei
3189 1249 3486 1304 secundum

1900 1323 2176 1380 hominem
2207 1326 2539 1398 baptizatum
2579 1346 2594 1384 :
2639 1338 2820 1388 tamen
2849 1334 3057 1407 absque
3084 1340 3232 1395 omni
3276 1340 3489 1398 dubita-

1901 1413 2052 1471 tione
2102 1415 2249 1471 illam
2295 1433 2501 1485 vocem,
2533 1429 2591 1477 et
2634 1421 2782 1480 illam
2810 1425 3142 1496 columbam,
3178 1438 3236 1488 et
3285 1432 3487 1492 Christi

1900 1504 2295 1563 humanitatem
2336 1516 2449 1565 tota
2483 1521 2672 1568 sancta
2697 1513 2935 1572 Trinitas
2953 1529 3179 1590 operata
3208 1531 3310 1589 est,
3337 1523 3490 1595 cujus

1901 1612 2064 1668 opera
2104 1599 2485 1671 inseparabilia
2513 1613 2661 1660 sunt.
2694 1605 2976 1666 Credimus
3013 1613 3262 1670 eumdem
3288 1615 3486 1674 Filium

1901 1687 2019 1758 Dei,
2049 1690 2287 1748 Verbum
2329 1693 2423 1749 Dei
2463 1697 2798 1755 :eternaliter
2821 1708 3012 1759 natum
3037 1704 3105 1761 de
3142 1704 3324 1776 Patre,
3358 1725 3489 1766 con-

1901 1783 2312 1839 substantialem
2352 1784 2498 1842 Patri
2525 1801 2626 1858 per
2665 1790 2872 1860 omnia,
2895 1796 3271 1866 temporaliter
3299 1807 3485 1856 natum

1902 1873 1970 1931 de
2006 1874 2213 1946 Spiritu
2259 1888 2450 1935 sancto
2477 1890 2532 1935 et
2567 1879 2733 1939 Maria
2760 1899 2974 1957 semper
3002 1885 3150 1960 [Vox
3192 1905 3408 1963 semper
3431 1897 3488 1953 in

1902 1964 2165 2037 aliquibus
2189 1968 2343 2022 editis
2365 1970 2648 2045 omittitur]
2671 1974 2902 2047 virgine,
2933 1978 3068 2036 duas
3085 1979 3373 2039 habentem
3397 2000 3492 2041 nae

1989 2021 2002 2037 ,
2151 2021 2154 2022 ν
2281 2021 2287 2022 ,
2322 2021 2335 2022 ,
2793 2021 2902 2044 ...η
2934 2021 3068 2036 ........
3085 2021 3373 2039 ..πωπω
3397 2021 3491 2041 ...ι-

207 2021 434 2078 Ιίειιίιθτ-
489 2022 594 2093 Qui
650 2026 770 2084 Sine
824 2033 1314 2092 communicatione
1368 2037 1479 2106 ειιίς
1525 2041 1800 2097 πιιιιδδίιίε
1835 2054 1878 2115 Β
1906 2060 2164 2126 tivitates,
2195 2076 2358 2116 unam
2381 2077 2448 2117 ex
2474 2021 2933 2136 PatreJaetei’mam,
2967 2069 3194 2128 alteram
3219 2089 3284 2131 ex
3313 2085 3491 2134 matre

205 2111 420 2167 ereavit
448 2121 503 2168 et
525 2123 706 2171 creata
731 2119 1016 2189 gubernat,
1045 2138 1259 2196 semper
1278 2142 1504 2185 manens
1525 2132 1668 2201 quod
1692 2142 1796 2190 est.
1835 2111 1868 2115 ἡ

206 2202 307 2224 nu,
340 2201 472 2224 μευ,
1034 2221 1044 2224 -
1114 2217 1146 2224 .,
1279 2217 1294 2224 -
1387 2220 1399 2224 -
1501 2221 1532 2224 --
1574 2223 1586 2224 κ
1626 2223 1657 2224 ρ

1835 2111 1868 2115 7
2199 2111 2358 2116 ___-_
2385 2111 2448 2117 ,η
2475 2111 2496 2117 -
2519 2111 2634 2120 ---ν
2655 2111 2933 2136 ..-..........,
2967 2111 3194 2128 ...κη-ι..
3219 2111 3284 2131 υ.
3313 2111 3482 2134 ...ους

1766 2142 1796 2190 ιι
1902 2153 2282 2222 temporalem;
2318 2155 2410 2223 qui
2439 2155 2604 2210 etiam
2656 2155 2824 2215 Filius
2852 2158 2949 2215 Dei
2973 2177 3085 2218 sum
3114 2165 3295 2221 carnis
3345 2181 3482 2224 con-

205 2202 308 2258 Cui
339 2201 472 2258 nihil
501 2207 757 2264 accidens
800 2225 924 2267 esse
955 2217 1176 2284 poterit,
1201 2217 1330 2289 quia
1355 2220 1589 2291 simplici
1608 2223 1803 2279 divini-

207 2293 340 2349 tatis
369 2305 580 2352 naturte
603 2298 678 2354 nil
707 2301 855 2368 addi,
883 2303 969 2358 vel
1011 2305 1182 2363 minui
1212 2313 1409 2380 petest,
1437 2313 1563 2383 quia
1589 2328 1804 2386 semper

204 2395 293 2442 est
317 2389 462 2458 quod
489 2399 594 2458 est,
619 2394 708 2448 cui
734 2398 1012 2467 proprium
1044 2409 1149 2467 est,
1169 2404 1257 2459 cui
1280 2407 1669 2476 sempiternum
1692 2417 1800 2475 est,

207 2478 295 2533 cui
333 2480 476 2535 idem
500 2491 605 2548 est,
631 2500 772 2552 esse,
800 2488 1005 2557 vivere,
1025 2499 1081 2547 et
1109 2494 1428 2567 intelligere.
1452 2499 1520 2554 Et
1555 2500 1673 2557 haec
1697 2503 1801 2557 tria

206 2581 351 2624 unus
377 2567 540 2636 Deus,
577 2581 632 2627 et
680 2590 822 2632 unus
869 2577 1014 2637 Deus
1059 2583 1176 2640 base
1219 2587 1354 2654 tria;
1385 2589 1527 2644 idem
1567 2589 1711 2649 Deus
1746 2600 1803 2649 et

206 2655 472 2716 Dominus
498 2659 628 2734 [Δία.
655 2663 1036 2726 Sciret-Germ.
1064 2686 1085 2726 .'
1108 2673 1176 2730 Et
1204 2677 1322 2734 haec
1351 2679 1460 2736 tria
1489 2698 1629 2738 unus
1656 2682 1802 2742 Deus

204 2759 262 2805 et
292 2766 436 2808 unus
461 2751 753 2822 Dominus;
785 2758 902 2816 haec
944 2763 1050 2818 tria
1082 2764 1222 2821 idem
1251 2766 1397 2824 Deus
1430 2779 1486 2826 et
1516 2771 1803 2842 Dominus,

205 2840 341 2916 etc.]
366 2857 497 2900 vera
525 2854 582 2902 et
606 2851 938 2920 sempiterna
965 2854 1204 2914 Trinitas
1224 2861 1276 2917 in
1301 2866 1570 2933 personis,
1596 2884 1723 2925 vera
1747 2879 1804 2925 et

205 2932 538 3024 sempiterna
588 2938 772 2995 unitas
822 2940 876 2997 in
906 2945 1230 3017 substantia,
1259 2932 1384 3024 quia
1433 2972 1541 3012 una
1564 2967 1651 3014 est
1675 2961 1804 3016 sub-

205 3022 409 3077 stantia
439 3022 626 3091 Pater,
665 3036 723 3083 et
768 3029 974 3101 Filius,
1017 3045 1074 3092 et
1115 3022 1346 3111 Spiritus
1392 3055 1631 3106 sanctus.
1675 3049 1802 3107 Haec

205 3123 340 3166 vero
368 3123 559 3170 sancta
584 3114 844 3188 Trinitas,
873 3123 951 3177 nil
975 3125 1149 3196 majus
1172 3139 1253 3184 est
1279 3132 1332 3187 in
1360 3132 1534 3191 tribus
1552 3139 1802 3208 personis

207 3200 372 3256 simul
397 3205 693 3296 nominatis
712 3223 874 3280 quam
899 3212 952 3268 in
983 3232 1089 3273 una
1118 3221 1359 3290 qualibet
1379 3200 1610 3296 persona
1631 3230 1802 3286 semel

205 3290 384 3361 dicta;
413 3295 542 3365 quia
569 3313 907 3373 unaquaeque
940 3320 1170 3376 persona
1207 3311 1362 3381 plena
1379 3290 1472 3371 est
1498 3319 1799 3377 substantia

203 3386 266 3441 in
295 3401 380 3453 se,
408 3403 519 3446 non
555 3399 738 3450 tamen
775 3404 888 3453 tres
935 3400 1276 3471 substantiae,
1325 3409 1419 3463 sed
1463 3425 1602 3466 unus
1629 3413 1796 3482 Deus,
1826 3421 1872 3486 ς

203 3491 315 3533 una
358 3478 686 3550 substantia,
729 3501 835 3541 una
862 3491 1126 3559 potentia,
1152 3510 1258 3550 una
1300 3500 1558 3566 essentia,
1587 3516 1695 3559 una
1718 3478 1795 3560 ιιι-λ

203 3567 461 3635 ternitas,
490 3587 598 3628 una
627 3577 961 3645 magnitudo,
1010 3597 1118 3637 una
1158 3584 1370 3643 bonitas
1399 3587 1578 3657 Pater,
1620 3601 1677 3650 et
1709 3594 1799 3650 Fi-

204 3657 338 3724 lius,
362 3668 418 3715 et
443 3658 681 3730 Spiritus
722 3677 964 3725 sanctus.
994 3670 1106 3730 Nec
1141 3675 1287 3732 aliud
1314 3686 1397 3736 est
1419 3679 1581 3738 Pater
1619 3685 1673 3740 in
1697 3703 1796 3743 na-

204 3758 328 3806 tura
357 3769 522 3824 quam
550 3755 718 3813 Filius
739 3761 822 3815 vel
857 3761 1090 3833 Spiritus
1117 3778 1364 3838 sanctus;
1407 3788 1509 3830 nec
1532 3776 1678 3832 aliud
1702 3778 1795 3834 Fi-

206 3842 336 3909 lius,
367 3851 424 3900 et
460 3845 698 3918 Spiritus
723 3861 942 3909 sanctus
970 3871 1134 3927 quam
1175 3857 1337 3917 Pater
1356 3862 1411 3918 in
1434 3873 1649 3934 natura,
1672 3871 1794 3939 qui-

206 3931 313 3989 bus
338 3943 425 3990 est
453 3950 561 3992 una
601 3947 818 3997 natura.
848 3942 954 4000 Sed
982 3945 1122 4002 alius
1146 3957 1233 4005 est
1257 3949 1418 4009 Pater
1444 3955 1499 4010 in
1545 3931 1797 4026 persona,

205 4020 352 4080 alius
371 4023 542 4082 Filius
568 4029 620 4082 in
643 4043 898 4099 persona,
926 4035 1066 4092 alius
1099 4036 1333 4110 Spiritus
1360 4020 1579 4105 sanctus
1600 4048 1656 4104 in
1674 4020 1800 4120 per;

206 4130 367 4171 sona.
397 4116 459 4173 ln
503 4117 670 4177 Patre
705 4127 980 4184 :eternitas
1009 4126 1138 4200 [Μι.
1176 4131 1589 4206 Sana-Gem.;
1617 4116 1801 4199 in_Pa-

209 4215 295 4262 tre
318 4217 504 4266 manet
530 4216 854 4290 eternitas],
895 4218 950 4276 in
992 4220 1130 4277 Filio
1152 4225 1457 4296 aequalitas,
1486 4232 1541 4286 in
1587 4230 1795 4306 Spiritu

205 4307 401 4354 sancto
441 4304 764 4363 mternitatis
806 4311 1240 4385 sequalitatisque
1284 4322 1568 4379 connexio.
1615 4304 1792 4385 Unum

205 4402 402 4444 omnes
445 4389 500 4445 in
529 4395 857 4464 substantia,
902 4409 959 4456 et
1002 4407 1261 4474 essentia,
1309 4412 1716 4484 omnipotentia,
1743 4427 1800 4474 et

207 4477 436 4569 deitate.
479 4482 694 4556 739G
718 4486 869 4545 Sicut
904 4492 1048 4548 enim
1089 4499 1279 4555 eadem
1324 4477 1515 4560 sancta
1557 4477 1798 4569 Trinitas

1899 2241 2149 2312 ceptione
2166 2253 2460 2315 conceptus
2486 2255 2592 2313 est,
2629 2257 2686 2304 et
2709 2265 2821 2305 sum
2859 2254 3039 2310 carnis
3075 2256 3358 2316 nativitate
3385 2275 3486 2317 na-

1901 2341 1989 2388 tus
2014 2342 2116 2388 est.
2149 2333 2318 2390 Deum
2348 2351 2478 2394 vero
2508 2337 2644 2412 [Al.,
2668 2342 2879 2418 verum]
2902 2346 3225 2406 conﬁtemur
3252 2366 3488 2426 concep-

1900 2433 2038 2492 tum,
2067 2435 2123 2481 et
2150 2426 2318 2483 Deum
2344 2445 2534 2486 verum
2572 2440 2782 2501 natum,
2820 2439 3069 2496 eumdem
3097 2456 3285 2499 verum
3312 2443 3483 2502 Deum

1900 2524 1956 2571 et
1987 2531 2174 2571 verum
2202 2516 2499 2588 hominem,
2534 2538 2702 2580 unum
2728 2525 3028 2598 Christum,
3075 2547 3245 2590 unum
3289 2535 3487 2593 Filium

1900 2605 1996 2661 Dei
2024 2609 2382 2680 unigenitum,
2413 2615 2693 2685 proprium
2744 2627 2798 2672 et
2835 2620 3134 2689 perfectum
3189 2625 3244 2681 in
3279 2628 3492 2686 duabus

1901 2700 2134 2765 naturis,
2173 2701 2226 2755 in
2267 2703 2432 2760 unius
2483 2721 2728 2776 persona:
2754 2711 3148 2783 singularitate.
3176 2716 3492 2790 lmpassibi-

1901 2787 2006 2845 lem
2036 2799 2091 2847 et
2118 2793 2455 2862 passibilem,
2485 2799 2769 2857 mortalem
2796 2800 2927 2875 (Hs.
2963 2787 3356 2877 Sanct-Cerin.,
3406 2812 3490 2869 in-

1900 2881 2166 2938 visibilem
2183 2894 2237 2940 et
2257 2886 2592 2956 passibiliter
2612 2892 2893 2950 mortalem
2914 2897 3182 2974 mendose]
3204 2911 3366 2974 atque
3389 2904 3492 2962 im-

1899 2973 2207 3043 mortalem,
2256 2978 2576 3035 crueiﬁxum
2627 2982 2686 3038 in
2715 2983 3029 3044 inﬁrmitate
3068 2973 3293 3060 nostra,
3330 3009 3490 3052 eum-

1900 3067 2130 3138 demque
2177 3083 2394 3142 semper
2425 3074 2692 3132 viventem
2722 3077 2777 3132 in
2820 3081 3020 3138 virtute
3047 3098 3168 3140 sua.
3211 3084 3314 3155 Qui
3344 3104 3492 3147 mor—

1901 3161 2026 3210 tuus
2048 3166 2133 3211 est
2156 3160 2341 3215 carnis
2364 3176 2478 3218 suae
2506 3174 2705 3233 morte,
2734 3177 2790 3223 et
2813 3171 3088 3242 sepultus;
3120 3183 3282 3248 atque
3311 3178 3378 3233 ab
3409 3179 3492 3236 in-

1898 3244 2054 3310 feris,
2085 3248 2339 3307 damnato
2365 3263 2420 3307 ct
2441 3255 2670 3326 spoliato
2695 3258 2940 3333 principe
2968 3265 3133 3321 totius
3163 3244 3490 3340 iniquitatis,

1903 3339 2142 3408 rediens,
2171 3343 2330 3398 tertia
2357 3345 2446 3402 die
2495 3352 2816 3418 resurrexit,
2851 3361 3015 3426 atque
3041 3372 3166 3414 cum
3217 3339 3492 3432 triumpho

1901 3428 2088 3499 gloriae
2113 3432 2421 3491 videntibus
2441 3437 2716 3510 discipulis
2758 3444 2955 3500 coelum
3001 3448 3268 3517 ascendit,
3297 3428 3492 3508 sedens

1901 3522 1956 3576 in
1982 3521 2204 3579 dextera
2231 3523 2432 3594 Patris,
2463 3528 2516 3585 id
2545 3541 2651 3598 est,
2681 3534 2966 3608 majestate
3009 3537 3323 3598 divinitatis.
3364 3543 3495 3602 lude

1891 3610 2010 3682 jam
2049 3625 2311 3673 venturus
2331 3618 2578 3687 judicare
2606 3625 2758 3681 vivos
2783 3636 2840 3683 et
2861 3636 3128 3697 mortuos,
3153 3647 3313 3703 quem
3341 3635 3491 3706 impii

1901 3705 2160 3763 videbunt
2176 3707 2514 3776 judicantem
2548 3714 2602 3769 in
2627 3731 2692 3772 ea
2717 3717 2892 3774 forma
2920 3735 3026 3791 qua
3052 3723 3345 3780 cruciﬁxus
3373 3705 3488 3792 est;

1901 3813 2009 3855 non
2034 3799 2090 3854 in
2114 3815 2179 3857 ea
2206 3802 2511 3862 humilitate
2535 3823 2642 3877 qua
2664 3808 3151 3883 injustejudicatus
3175 3826 3278 3885 est,
3309 3818 3404 3875 sed
3434 3820 3489 3876 in

1900 3905 1966 3947 ea
2010 3892 2258 3948 claritate
2285 3911 2392 3966 qua
2415 3898 2561 3968 juste
2580 3899 2925 3970 judicaturus
2952 3917 3037 3965 est
3063 3911 3342 3969 mundum.
3385 3911 3492 3971 Cu-

1891 3982 1982 4052 jus
2009 3983 2356 4061 [majestatis]
2389 3991 2526 4048 visio
2553 4003 2757 4050 aeterna
2783 3997 2890 4053 erit
2913 4002 3151 4079 omnium
3175 4013 3489 4064 sanctorum

1897 4077 2177 4136 beatitudo
2201 4090 2258 4137 et
2278 4082 2471 4154 gloria.
2499 4084 2782 4156 Gratia,et
2807 4107 2912 4163 pax
2944 4109 2975 4149 a
3003 4077 3112 4151 Deo
3139 4095 3301 4154 Patre
3324 4107 3378 4155 et
3400 4099 3491 4157 Fi-

1897 4170 1972 4227 lio
1992 4171 2112 4243 ejus
2129 4170 2257 4229 Jesu
2283 4173 2504 4234 Christo
2527 4177 2755 4237 Domino
2774 4191 2962 4243 nostro
2980 4185 3054 4242 sit
3077 4188 3181 4244 ista
3211 4190 3490 4250 conﬁtenti

1901 4259 1958 4316 in
1985 4263 2170 4318 omnia
2197 4265 2395 4322 saecula
2423 4270 2764 4328 smeulorum.

1975 4374 2064 4433 Ea;
2089 4393 2216 4432 mss.
2240 4388 2289 4434 et
2317 4379 2444 4434 edit.
2470 4379 2727 4454 [Explicit
2755 4383 2886 4442 liber
2912 4405 2972 4446 ιιι
2999 4391 3064 4447 de
3090 4403 3275 4449 sancta
3315 4393 3492 4451 Trini-

1901 4476 2040 4534 tate,
2078 4484 2238 4540 quam
2274 4475 2528 4544 excerpsit
2570 4475 2823 4536 Alcuinus
2868 4481 2934 4537 de
2971 4483 3121 4542 libris
3161 4489 3334 4546 sancti
3374 4491 3490 4546 Au-

208 4562 591 4642 ῖηεειιθηδιιιε
621 4586 708 4634 est
748 4579 804 4636 in
834 4583 1161 4654 substantia,
1190 4590 1266 4648 ita
1295 4559 1803 4667 inseparabilis-test
1833 4609 1885 4672 υ
1903 4559 2148 4635 guttai-1

281 4715 308 4744 ι
340 4704 420 4761 Ex
469 4719 658 4767 saneto
684 4712 1003 4787 Augustino,
1044 4720 1114 4778 de
1163 4723 1417 4785 Doctrina
1461 4729 1794 4807 Christiana,
1830 4741 1928 4798 lib.
1956 4759 1998 4812 ι,
2032 4761 2154 4819 cap.
2187 4749 2244 4807 5.

1153 4950 1537 5019 MAGISTRI
1573 4958 1844 5026 ALBINI
1888 4965 2175 5034 FLACCI
2214 4975 2540 5042 ALCUINI

917 5089 1007 5146 DE
1044 5092 1415 5156 TRlNlTATE
1447 5099 1540 5157 AD
1577 5103 2025 5168 FREDEGISUM
2062 5114 2522 5184 QUAESTIONES
2559 5125 2799 5189 XXVIII.

1577 5238 2119 5269 —_..._______

218 4840 1671 4884 ———————_...________________

285 5300 757 5359 Desideratissimo
783 5303 894 5361 ﬁlio
916 5305 1207 5381 Fredegiso
1231 5310 1460 5372 Albinus
1476 5317 1723 5378 salutem.

284 5391 496 5448 Placuit
530 5395 831 5464 prudentia:
871 5408 1084 5464 vestrae,
1115 5402 1186 5456 [ili
1224 5404 1561 5473 charissime,
1589 5412 1800 5484 aliquas

211 5499 520 5555 proponere
561 5485 693 5540 mihi
736 5487 803 5542 ad
846 5488 1130 5548 solvendas
1169 5495 1235 5550 de
1273 5498 1611 5556 sanctissima
1660 5503 1794 5576 [Αι.,

212 5574 429 5647 sancta]
460 5575 723 5632 Trinitate
746 5579 1089 5648 quaastiones,
1117 5585 1314 5656 quibus
1338 5586 1584 5648 fortassis
1605 5574 1797 5653 vestrm

212 5683 380 5722 aures
405 5667 681 5738 sapientia:
707 5669 1008 5740 inquietare
1033 5671 1166 5746 [Αι.,
1191 5676 1503 5754 inquietari]
1525 5693 1796 5753 putamus.

215 5759 330 5815 Nec
360 5757 628 5815 ullatenus
665 5761 1021 5819 eruditionem
1066 5777 1324 5835 vestram,
1359 5779 1412 5826 et
1442 5774 1494 5828 in
1535 5777 1799 5835 catholica

216 5849 326 5904 llde
362 5850 671 5919 puritatem,
701 5853 881 5908 minus
915 5854 1117 5927 aliquid
1159 5858 1212 5914 in
1243 5863 1439 5921 talibus
1473 5865 1802 5931 intellexisse

219 5954 369 6007 reor,
393 5940 519 5996 dum
552 5941 784 6002 maxime
807 5945 984 6002 divina
1010 5960 1266 6020 operante
1287 5957 1458 6026 gratia
1491 5960 1557 6016 ab
1584 5961 1802 6022 ineunte

1905 5326 2079 5385 virilis
2101 5332 2296 5390 robore
2319 5351 2508 5396 sensus
2532 5349 2707 5399 tecum
2736 5348 2839 5405 hoc
2860 5353 2966 5422 egi,
2989 5364 3051 5411 ut
3077 5359 3326 5421 robustus
3345 5379 3487 5437 pras-

1905 5417 2117 5518 dicator
2153 5433 2208 5480 et
2249 5428 2627 5499 insuperabilis
2653 5438 2842 5496 doctor
2881 5417 3084 5505 inﬁde
3128 5417 3486 5518 sanctissimi:

1907 5509 2190 5573 Trinitatis
2219 5535 2339 5576 esse
2365 5523 2656 5594 videreris;
2694 5533 2779 5586 cui
2807 5549 2914 5591 non
2946 5538 3152 5610 deesse,
3176 5509 3486 5623 juxta-ap:-

1904 5603 2147 5661 stolicam
2182 5613 2541 5684 prephetiam,
2570 5623 2992 5683 contradictores
3034 5603 3485 5708 olim-prioribus

1905 5703 1962 5750 et
1992 5712 2134 5754 nunc
2168 5703 2366 5761 nostris
2388 5709 2672 5776 probatum
2703 5712 2963 5775 habemus
2987 5703 3354 5796 temporibus:
3386 5737 3482 5790 sed

1907 5787 2038 5843 satis
2057 5790 2293 5899 Ibenigne
2332 5799 2589 5870 suscipio,
2625 5805 2931 5879 quicunque
2961 5787 3476 5899 [Mn-quaecunque]

1906 5887 2009 5944 est,
2038 5879 2103 5938 de
2131 5883 2435 5955 hujusmodi
2477 5893 2638 5950 rebus
2679 5879 3060 5973 interrogantis
3083 5879 3478 5984 devotionem:

1908 5978 1964 6024 at
2008 5975 2175 6044 magis
2196 5975 2360 6036 laudo
2389 5979 2528 6038 hanc
2556 5983 2690 6058 HL,
2730 5990 2865 6066 hinc]
2893 5999 3240 6065 praedicandis
3267 5975 3477 6065 iustan:
