4346 6618
677 288 746 345 59
1517 281 1578 338 Β.
1621 282 1684 339 F.
1723 281 1954 338 ALBINI
1995 282 2126 340 SEU
2168 280 2447 339 ALCUINI
2485 279 2774 338 OPEltUil
2815 279 2994 336 PARS
3033 277 3118 334 ω.
3910 276 3978 334 60

673 405 827 466 tiam,
858 400 983 472 quia
1023 415 1214 474 parum
1242 397 1461 472 prodest
1491 396 1734 454 discendi
1765 397 2003 463 devotio,
2033 398 2150 453 sine
2175 397 2274 451 doc
2305 399 2349 458 Α
2377 393 2866 458 Filius,‘rclationis
2888 393 3068 463 regula
3095 402 3310 448 tenetur
3332 391 3465 465 [Ain
3483 391 3680 463 regulae
3697 390 3977 468 tcuentur]

673 494 832 551 cendi
855 492 1060 560 studio,
1078 493 1234 564 juxta
1255 491 1578 547 sententiam
1604 478 1911 545 Salomonis
1934 509 1945 544 :
1974 489 2274 546 Thesaurus

674 585 873 640 inrisus
894 592 944 640 et
963 585 1222 657 sapientia
1243 581 1574 648 abscondita,
1597 599 1718 655 quo:
1743 579 1944 637 utilitas
1964 582 2018 638 in
2045 584 2277 653 utrisque

677 676 872 749 (Eccli.
900 692 1010 742 xu,
1043 669 1169 747 i7)?
1194 675 1460 744 Quocirca
1491 682 1600 728 tota
1631 673 1792 730 debet
1828 689 1947 729 esse
1979 689 2109 731 cura
2137 673 2277 730 bene

675 765 994 840 intelligenti
1024 768 1080 827 in
1112 765 1376 830 docendo,
1406 781 1474 830 ne
1497 763 1697 820 frustra
1727 763 1938 821 laboret
1964 763 2095 839 [Al.,
2128 763 2279 820 labo-

677 858 854 934 raret]
889 845 1230 916 iit-discendo
1255 871 1270 912 :
1295 856 1422 930 quia
1467 855 1609 913 sicut
1640 856 1692 911 in
1733 855 2002 930 Pr0plieta
2035 855 2271 926 legitur:

679 947 787 1021 Qui
826 945 1019 1004 multo:
1048 947 1317 1014 erudiunt,
1341 948 1480 1005 sicut
1525 947 1917 1016 ﬁrmamentum
1946 947 2000 1003 in
2022 956 2277 1020 perpetua

669 1038 950 1113 fulgebunt
976 1039 1218 1108 claritate
1246 1039 1410 1111 (Dan.
1431 1053 1537 1116 am,
1559 1037 1639 1109 5).

751 1121 1107 1206 Interrogatio
1138 1131 1187 1190 t.
1216 1131 1500 1201 Quomodo
1538 1131 1681 1190 Deus
1718 1144 1846 1190 vere
1880 1131 1952 1187 sit
1983 1130 2192 1198 Unitas,
2221 1139 2278 1187 et

676 1239 807 1282 vero
833 1221 1355 1296 Trinitasl—Resp.
1383 1223 1575 1283 Unilas
1597 1224 1657 1280 in
1681 1225 2006 1290 substantia,
2035 1224 2276 1284 Trinitas

675 1313 736 1370 in
762 1306 1041 1389 personis.

732 1408 776 1448 ἰ
802 1398 972 1462 Inter.
1007 1405 1060 1466 2.
1095 1400 1235 1478 Quid
1265 1406 1336 1465 sit
1371 1408 1650 1483 proprium
1696 1407 2124 1481 uniuscujusque
2153 1426 2277 1482 per-

676 1514 824 1556 some
854 1494 907 1556 in
939 1508 1126 1558 sancta
1158 1499 1718 1572 Triuitate?——Resp.
1746 1503 2033 1575 Proprium
2061 1517 2147 1563 est
2176 1505 2275 1559 Pa~

678 1593 800 1662 tris,
829 1594 973 1665 quod
1001 1593 1148 1653 solus
1189 1604 1272 1651 est
1303 1594 1494 1661 Pater;
1529 1604 1584 1652 et
1619 1597 1762 1668 quod
1800 1599 1868 1655 ab
1896 1598 2006 1654 alio
2043 1613 2152 1654 non
2193 1607 2277 1655 est

678 1686 845 1769 740
867 1687 971 1744 nisi
1000 1704 1028 1745 a
1061 1704 1139 1746 sc.
1167 1688 1454 1766 Proprium
1484 1697 1570 1745 est
1589 1689 1738 1755 Filii,
1764 1690 1909 1761 quod
1934 1705 1966 1745 a
1994 1688 2158 1750 Patre
2183 1702 2275 1758 ge-

2382 503 2435 540 ΙΙΙ
2464 501 2549 541 (⁵0.

2453 576 2621 632 Inter.
2651 579 2702 632 9.
2731 575 2912 645 Quare
2950 576 3214 646 aequalem
3254 593 3360 632 non
3398 575 3561 632 haliet
3590 575 3870 632 relationis
3897 593 3980 634 re-

2378 668 2560 740 gulam
2583 668 2818 740 Spiritus
2838 678 3080 734 sanctus,
3105 669 3248 724 sicut
3266 668 3429 723 Pater
3447 676 3501 724 et
3526 667 3696 723 Filius
3710 667 3977 741 ?—-Resp.

2379 762 2519 831 Quia
2553 762 2894 821 circumferri
2920 773 3102 834 potest
3129 763 3314 819 Patris
3339 772 3394 819 et
3426 763 3546 818 Filii
3577 777 3775 820 nomen
3801 765 3867 819 ad
3897 765 3981 820 in-

2378 856 2574 918 vicem,
2601 863 2662 911 ut
2685 857 2733 910 si
2762 855 3030 920 (ﬂeamus,
3057 856 3226 912 Pater
3251 855 3372 911 Filii
3406 856 3582 922 Pater,
3607 865 3663 912 et
3687 856 3854 912 Filius
3875 855 3983 912 Pa-

2377 947 2480 1002 tris
2518 947 2718 1011 Filius.
2755 963 2868 1005 non
2911 948 2985 1003 ita
3029 947 3226 1018 duplex
3267 945 3550 1004 relationis
3590 948 3980 1005 circumversio

2379 1037 2517 1110 (At...
2542 1041 2882 1111 duplicem...
2912 1039 3453 1112 circumversionem]
3481 1041 3534 1095 in
3564 1041 3785 1097 nomine
3807 1041 3983 1098 sancti

2379 1131 2620 1202 Spiritus
2650 1132 2878 1187 inveniri
2912 1138 3108 1202 potest.

2449 1223 2619 1280 Inter.
2649 1224 2734 1279 l0.
2766 1223 2882 1294 Qua
2913 1225 3242 1282 necessitate
3287 1225 3488 1279 accidit
3521 1233 3584 1280 ut
3623 1225 3699 1281 ita
3733 1242 3840 1282 non
3871 1226 3983 1282 cir-

2377 1315 2638 1374 cumferri
2666 1318 2837 1386 possit
2862 1315 3096 1384 Spiritus
3115 1318 3294 1372 sancti
3318 1316 3625 1371 relatio?—-
3638 1313 3791 1388 Resp.
3815 1316 3988 1374 Recto

2378 1406 2559 1463 dim-re
2601 1421 2892 1474 possumus
2925 1404 3189 1477 Spiritum
3233 1415 3486 1461 sanctum
3533 1407 3713 1462 Patris
3757 1417 3814 1463 et
3861 1407 3987 1465 Filii

2377 1497 2664 1566 Spiritum,
2693 1498 2788 1552 sed
2820 1512 3086 1551 «inverso
3113 1499 3303 1551 ordine
3332 1513 3439 1552 non
3479 1513 3767 1568 possumus
3801 1501 3987 1556 dicere

2377 1585 2597 1642 Patrem
2644 1587 2882 1656 Spiritus
2910 1589 3109 1653 sancti,
3141 1590 3282 1644 sicut
3324 1589 3556 1645 dicimus
3585 1589 3800 1646 Patrem
3837 1591 3984 1658 Filii,

2377 1693 2451 1734 ne
2489 1677 2598 1733 duo
2630 1676 2752 1734 Filii
2792 1677 2846 1733 in
2879 1689 3072 1734 saneta
3100 1680 3142 1734 Τ
3147 1679 3369 1736 rinitate
3397 1683 3816 1738 aestimarentur.
3847 1684 3986 1740 item

679 1781 827 1834 nitus
849 1787 948 1842 est,
983 1779 1130 1840 solus
1157 1797 1186 1837 a
1215 1781 1346 1840 solo.
1380 1792 1684 1837 comet-nus
1711 1792 1768 1836 et
1795 1781 2276 1847 consubstantialis
2307 1781 2353 1842 Β
2381 1784 2395 1823 ¹

2273 1781 2353 1842 ,Β
2381 1782 2489 1826 non
2537 1783 2825 1837 possumus
2864 1770 3046 1823 dicere
3094 1769 3290 1827 Filium
3333 1771 3567 1843 Spiritus
3611 1776 3807 1840 sancti,
3843 1776 3989 1832 sicut

677 1867 909 1940 genitori
949 1869 1235 1944 Proprium
1259 1882 1340 1928 est
1367 1872 1602 1946 Spiritus
1625 1873 1822 1939 sancti,
1845 1872 1988 1943 quod
2006 1889 2114 1929 non
2137 1872 2272 1948 [Al.,

674 1951 804 2043 nec]
852 1966 1142 2042 ingenitus,
1170 1984 1270 2025 nec
1300 1971 1516 2041 genitus
1541 1978 1647 2036 est,
1675 1969 1768 2027 sed
1798 1985 1829 2024 a
1861 1969 2022 2026 Patre
2049 1980 2103 2028 et
2137 1969 2276 2028 Filio

679 2058 962 2134 aequaliter
989 2060 1309 2133 procedens.

752 2146 920 2207 Inter.
936 2152 990 2208 5.
1010 2150 1188 2223 Quare
1209 2153 1447 2224 Spiritus
1473 2163 1694 2212 sanctus
1720 2154 1994 2227 ingenitus
2013 2155 2098 2212 vel
2123 2155 2273 2226 geni-

679 2249 766 2296 tus
789 2259 894 2299 nou
918 2243 1025 2300 dici
1049 2245 1206 2303 debet
1217 2245 1466 2318 ?——Rcsp.
1485 2246 1622 2316 Quia
1645 2247 1688 2302 si
1715 2248 1984 2318 ingenitus
2005 2248 2280 2306 diceretur

678 2333 820 2392 sicut
840 2320 1022 2400 Pater,
1037 2334 1144 2394 duo
1167 2336 1388 2401 Patres;
1413 2340 1456 2394 si
1482 2339 1721 2409 genitus,
1747 2339 1851 2395 duo
1874 2338 1997 2397 Filii
2015 2340 2276 2396 aestimari

684 2435 908 2502 possent
933 2429 990 2485 in
1017 2438 1206 2486 sancta
1235 2430 1520 2488 Trinitate.

747 2541 919 2600 Inter.
939 2542 999 2600 4.
1031 2543 1222 2601 Utrum
1264 2546 1412 2600 solus
1445 2546 1624 2610 Pater,
1659 2554 1752 2600 aut
1783 2545 1931 2600 solus
1963 2545 2154 2608 Filius,
2186 2556 2280 2602 aut

682 2635 834 2695 solus
856 2635 1098 2707 Spiritus
1123 2646 1346 2693 sanctus
1377 2653 1474 2706 per
1499 2653 1561 2694 se
1602 2639 1797 2708 plenus
1830 2640 1973 2694 Deus
2011 2648 2065 2694 et
2105 2639 2282 2710 perfe-

681 2736 804 2787 ctus
845 2728 956 2786 dici
997 2726 1318 2786 debeat‘im
1346 2728 1498 2799 Resp.
1545 2730 1740 2799 [tique
1784 2729 1946 2784 Pater
1977 2746 2077 2801 per
2105 2744 2163 2786 se
2200 2739 2284 2785 est

677 2817 879 2891 plenus
907 2820 1072 2884 Deus,
1097 2821 1353 2876 similiter
1374 2829 1427 2874 et
1465 2821 1632 2874 Filius
1655 2822 1849 2891 plenus
1886 2821 2030 2876 Deus
2051 2822 2097 2877 si
2137 2821 2286 2877 solus

687 2911 1023 2977 nominetur,
1065 2919 1120 2966 et
1171 2911 1416 2982 Spiritus
1461 2921 1684 2967 sanctus
1720 2914 1915 2982 plenus
1970 2911 2115 2969 Deus
2159 2927 2285 2968 cre-

686 3006 853 3063 ditur.

755 3093 925 3154 Inter.
950 3096 1004 3153 5.
1033 3096 1090 3154 Si
1116 3113 1455 3168 unaquaeque
1472 3113 1706 3168 persona
1733 3114 1828 3168 per
1850 3113 1908 3153 se
1927 3097 2119 3168 plenus
2139 3099 2282 3154 Deus

687 3187 794 3246 dici
820 3195 1000 3259 potest
1017 3229 1033 3252 ,
1058 3206 1230 3260 quare
1256 3204 1364 3244 non
1395 3198 1507 3244 tres
1536 3189 1672 3245 Deos
1699 3189 1934 3243 dicimus
1960 3188 2202 3255 Patrem,
2229 3198 2285 3244 et

687 3279 903 3345 Filium,
931 3292 986 3336 et
1011 3279 1271 3349 Spiritum
1300 3289 1548 3341 sanetum
1565 3282 1670 3334 νη
1687 3279 1838 3351 Resp.
1863 3280 2002 3349 Quia
2028 3296 2136 3336 una
2163 3283 2287 3338 sub-

685 3375 888 3432 stantia
912 3383 1000 3429 est
1029 3375 1210 3435 Pater,
1236 3383 1294 3429 et
1325 3373 1512 3436 Filius,
1550 3382 1604 3429 et
1643 3374 1879 3442 Spiritus
1907 3381 2148 3438 sanctus,
2177 3391 2285 3429 non

675 3475 801 3530 ,tres
825 3468 1161 3522 stilistauiim.
1197 3467 1429 3521 Proinde
1453 3468 1634 3521 unitas
1665 3467 1985 3521 substantia:
2007 3476 2119 3524 tres
2146 3465 2286 3523 Deos

688 3557 944 3627 prohibet
965 3557 1146 3613 dicere
1173 3556 1260 3611 vel
1287 3555 1530 3614 credere.

761 3665 928 3723 Inter.
961 3669 1015 3722 (5.
1048 3669 1184 3722 Dum
1228 3677 1344 3724 trcs
1383 3683 1645 3739 personas
1691 3667 1922 3723 dicimus
1963 3665 2204 3733 Patrem,
2234 3677 2289 3724 et

692 3756 911 3824 Filium,
941 3768 996 3816 et
1029 3761 1289 3830 Spiritum
1325 3774 1598 3825 sanetum,
1626 3774 1794 3832 quare
1832 3775 1941 3816 non
1974 3769 2085 3816 tres
2123 3759 2286 3830 Dem,

692 3868 792 3912 nee
831 3862 945 3909 tres
989 3856 1409 3924 omnipotentes,
1451 3868 1554 3908 nec
1591 3862 1705 3910 tres
1751 3866 1995 3924 magnos,
2029 3871 2127 3910 nec
2177 3863 2289 3913 tres

691 3944 867 4000 homo
887 3943 1072 3998 dicere
1101 3945 1185 3998 l'as
1211 3942 1413 3998 est?—
1431 3942 1582 4013 Resp.
1616 3941 1754 4010 Quia
1781 3940 1926 3999 Deus
1953 3952 2006 3999 ct
2045 3945 2291 4016 omnipo—

691 4047 836 4102 tens,
863 4044 919 4092 et
948 4053 1195 4107 magnus,
1227 4047 1283 4091 et
1314 4038 1510 4101 bonus,
1537 4043 1589 4092 et
1620 4044 1874 4101 :etcrnus,
1907 4038 2288 4094 substantialia

694 4129 912 4187 nomina
943 4137 1094 4195 sunt,
1134 4137 1193 4187 et
1224 4129 1292 4184 ad
1333 4145 1392 4184 se
1420 4129 1714 4184 dicuntur:
1748 4129 1870 4184 ideo
1913 4143 2021 4184 non
2069 4129 2194 4184 licet
2227 4145 2291 4185 ea

691 4218 890 4298 plurali
927 4235 1156 4278 numero
1187 4221 1389 4285 dicere,
1428 4221 1521 4276 sed
1557 4221 1849 4291 singulari;
1889 4230 1944 4277 et
1991 4236 2153 4278 omne
2190 4235 2290 4277 no-

695 4328 843 4377 men,
867 4312 1010 4383 quod
1037 4313 1397 4370 substantiam
1427 4312 1520 4368 Dei
1553 4313 1637 4368 vel
1677 4315 1972 4369 essentiam
1998 4315 2291 4385 signiﬁcat,

695 4417 914 4473 semper
941 4402 1202 4474 singulari
1234 4419 1458 4458 numero
1485 4402 1871 4474 proferendum
1900 4412 2002 4460 est.
2031 4405 2215 4471 Pater,
2241 4413 2297 4461 et

696 4494 887 4558 Filius,
916 4503 970 4549 et
996 4493 1232 4565 Spiritus
1271 4503 1514 4554 sanctus,
1541 4494 1768 4550 relativa
1811 4502 1938 4549 sunt
1973 4497 2216 4562 nomina,
2239 4505 2294 4551 et

711 4589 814 4645 deo
838 4595 953 4642 tres
978 4602 1226 4658 persona:
1258 4595 1406 4646 recte
1431 4587 1708 4645 dicuntur.

766 4697 932 4754 Inter.
963 4699 1016 4753 7.
1053 4699 1335 4767 Quomodo
1384 4701 1746 4756 relativa?-—-
1781 4700 1934 4772 Resp.
1982 4704 2292 4762 Secundum

695 4791 1038 4848 dialecticam
1070 4793 1296 4846 relativa
1337 4793 1555 4847 nomina
1584 4802 1730 4858 sunt,
1774 4811 1893 4866 qua!
1921 4796 1986 4850 ad
2019 4795 2164 4851 aliud
2195 4799 2292 4855 ali-

693 4883 826 4954 quid
872 4883 1200 4947 rel'eruntur,
1231 4885 1372 4938 sicut
1419 4883 1671 4939 dominus
1706 4887 1772 4940 ad
1810 4901 2047 4954 servum,
2076 4896 2130 4945 ct
2174 4905 2292 4945 ser-

694 4988 795 5028 vus
824 4973 890 5028 ad
920 4974 1196 5028 dominum
1220 5016 1232 5039 ,
1273 4984 1431 5045 pater
1468 4975 1536 5028 ad
1570 4975 1771 5040 ﬁlium,
1812 4986 1869 5032 ct
1898 4976 2040 5034 filius
2083 4980 2150 5034 ad
2195 4997 2291 5052 pa-

695 5077 858 5123 trem.
884 5065 1114 5126 Prorsus
1136 5082 1262 5122 cum
1287 5066 1410 5121 dion
1434 5066 1623 5133 Pater,
1657 5067 1854 5124 Filium
1885 5069 2090 5143 [simul]
2120 5073 2290 5144 signi-

701 5158 830 5227 ilco,
869 5160 994 5230 quia
1025 5175 1134 5218 non
1165 5168 1248 5215 est
1277 5159 1438 5216 Pater
1471 5160 1576 5217 nisi
1628 5161 1796 5216 Filius
1838 5162 1906 5216 sit
1954 5163 2039 5218 cui
2077 5164 2148 5218 sit
2186 5164 2290 5220 Pa-

701 5259 803 5306 ter.
842 5249 980 5310 Item
1023 5266 1131 5309 nou
1173 5259 1255 5310 est
1293 5250 1464 5307 Filius
1510 5252 1613 5310 nisi
1657 5253 1730 5311 sit
1765 5251 1928 5310 Pater
1968 5255 2056 5311 cui
2086 5256 2158 5310 sit
2200 5256 2293 5311 Fi-

697 5346 831 5405 lius.

775 5439 939 5494 Inter.
973 5437 1026 5495 8.
1055 5438 1248 5497 Utrum
1276 5438 1510 5510 Spiritus
1540 5447 1765 5496 sanctus
1797 5439 2020 5496 relative
2042 5440 2126 5496 vel
2171 5442 2300 5497 Sith-

701 5531 1038 5590 stantialitcr
1063 5532 1314 5588 dicatur?
1338 5562 1406 5575 ης-
1442 5529 1593 5602 Resp.
1632 5531 1828 5602 Utique
1877 5534 2133 5594 relative.
2173 5537 2296 5605 quia

703 5623 946 5696 Spiritus
974 5625 1202 5696 alicujus
1235 5624 1472 5697 Spiritus
1495 5634 1596 5688 est,
1628 5624 1720 5683 sed
1763 5641 1866 5681 non
1896 5628 2034 5686 sicut
2062 5629 2223 5686 Pater
2247 5639 2300 5686 et

779 5772 807 5803 ι
841 5759 1047 5817 λεεωεν
1073 5759 1400 5833 Paris.,c'zp.
1429 5761 1514 5818 89.

2381 1857 2610 1913 dicimus
2648 1858 2845 1914 Filium
2882 1859 3081 1923 Patris,
3112 1878 3180 1916 ne
3206 1863 3311 1917 duo
3341 1862 3542 1920 Patres”
3560 1865 3614 1920 in
3652 1876 3840 1922 sancta
3864 1866 3989 1924 Tri-

2380 1950 2549 2005 uitate
2571 1951 2957 2022 intelligantur.
2982 1953 3224 2010 Dicimus
3245 1955 3428 2026 itaque
3450 1955 3715 2028 Spiritum
3737 1964 3990 2016 sanctum

2379 2044 2560 2102 Patris
2597 2053 2653 2099 et
2682 2044 2828 2108 Filii,
2857 2046 2973 2107 sine
3016 2047 3449 2118 reciprocatione
3487 2050 3862 2108 conversionis
3889 2067 3990 2109 no-

2379 2134 2590 2192 minum
2613 2134 2997 2192 relativorum.

2449 2227 2619 2284 Inter.
2654 2229 2738 2284 ll.
2777 2230 2972 2286 Utrum
3013 2231 3400 2304 lnseparabilia
3438 2235 3547 2290 sint
3585 2249 3751 2307 opera
3781 2244 3991 2292 sancte

2381 2317 2706 2375 Trinitatis?
2725 2348 2794 2362 -α
2827 2319 2982 2392 Resp.
3012 2321 3211 2394 Utique
3241 2324 3503 2394 quidquid
3529 2325 3674 2382 Deus
3699 2335 3987 2400 Operatur,

2381 2417 2556 2466 totum
2605 2421 2796 2466 sancta
2851 2411 3094 2468 Trinitas
3141 2415 3747 2492 inseparabiliter}th
3793 2419 3989 2474 eadem

2381 2512 2643 2570 operatur
2695 2517 2899 2571 Opera;
2953 2506 3079 2574 quia
3132 2522 3239 2562 una
3293 2516 3376 2563 est
3429 2517 3636 2565 sancta:
3696 2508 3988 2568 Trinitatis

2382 2594 2648 2662 operatio,
2679 2595 2820 2649 sicut
2857 2612 2962 2653 una
2995 2604 3082 2652 est
3119 2596 3458 2667 substantia,
3490 2600 3760 2672 essentia,
3797 2612 3855 2660 et
3891 2616 3990 2660 vo—

2384 2687 2584 2743 luntau-

2453 2778 2625 2835 lnter.
2654 2779 2740 2834 12.
2776 2779 2973 2836 Utrum
3019 2791 3208 2838 sancta
3255 2781 3498 2838 Trinitas
3525 2785 3578 2838 in
3610 2786 3862 2856 personis
3892 2798 3985 2842 se—

2383 2873 2646 2945 parabilis
2669 2872 2754 2927 vel
2783 2875 3165 2944 lnsepamliilis
3195 2874 3423 2930 dicenda
3451 2876 3544 2943 sit,
3574 2877 3703 2933 dum
3733 2876 3873 2936 alius
3899 2887 3991 2937 est

2385 2965 2567 3027 Pater.
2600 2968 2739 3022 alius
2765 2967 2959 3032 Filius,
2996 2967 3136 3023 alius
3177 2965 3413 3040 Spiritus
3456 2970 3801 3026 sanctus?—
3828 2970 3986 3048 Resp.

2391 3058 2530 3116 Vere
2556 3061 2696 3115 alius
2732 3071 2816 3116 est
2856 3061 3018 3116 Pater
3055 3078 3220 3134 quam
3263 3062 3433 3120 Filius
3469 3063 3526 3119 in
3553 3080 3811 3136 persona,
3847 3069 3990 3125 sicut

2313 3155 2358 3218 ο
2388 3153 2558 3209 Filius
2595 3156 2737 3209 alios
2770 3163 2855 3210 est
2884 3155 2938 3210 in
2978 3170 3212 3225 persona
3253 3171 3418 3228 quam
3446 3155 3628 3225 Pater,
3665 3169 3722 3215 et
3751 3158 3990 3234 Spiritus

2388 3254 2608 3301 saucws
2649 3247 2790 3299 alius
2830 3247 2998 3300 estin
3027 3261 3261 3316 persona
3301 3263 3466 3316 quam
3497 3248 3660 3305 Pater
3704 3259 3759 3306 et
3796 3249 3989 3312 Filius.

2389 3334 2503 3389 Non
2528 3346 2707 3390 tamen
2733 3337 2880 3389 aliud
2905 3335 3011 3403 ille,
3039 3336 3123 3390 vel
3148 3337 3236 3392 ille
3259 3338 3311 3392 in
3335 3347 3550 3402 natura,
3571 3339 3654 3396 vel
3678 3341 3731 3396 in
3759 3342 3988 3410 deitate,

2389 3438 2484 3482 aut
2510 3431 2561 3480 in
2594 3430 2850 3482 essentia.
2895 3427 3005 3482 Nec
3041 3430 3187 3483 enim
3218 3429 3434 3484 Patrem
3464 3435 3619 3501 potes
3649 3431 3854 3500 dicere,
3883 3435 3991 3494 nisi

2392 3520 2585 3574 Filium
2639 3519 2942 3586 intelligas;
2991 3533 3092 3573 nec
3139 3517 3335 3574 Filium
3375 3522 3577 3587 dicere,
3621 3524 3726 3580 nisi
3772 3521 3993 3584 Patrem

2391 3609 2687 3679 intelligas;
2715 3623 2814 3662 nec
2837 3607 3100 3677 Spiritum
3127 3618 3395 3675 sanctum,
3422 3612 3522 3664 nisi
3549 3613 3816 3686 intelligas
3837 3615 3992 3690 cujus

2391 3701 2629 3770 Spiritus
2674 3701 2763 3754 sit.
2809 3698 3076 3764 Querirca
3121 3701 3434 3756 omnimodo
3478 3701 3862 3776 inseparabilis
3908 3715 3991 3764 est

2389 3797 2580 3847 sancta
2609 3790 2848 3844 Trinitas
2871 3791 3013 3845 sicut
3037 3789 3091 3845 in
3121 3791 3399 3865 operibus,
3426 3793 3506 3851 sic
3529 3794 3694 3854 etiam
3722 3796 3776 3854 in
3805 3813 3986 3869 perso-

2393 3880 2480 3933 nis
2500 3879 2748 3934 dicenda.

2462 3986 2620 4062 ’141
2651 3985 2815 4042 Inter.
2845 3988 3026 4046 lS.An
3057 3988 3188 4067 [Al.,
3217 3989 3298 4067 Si]
3325 3992 3390 4047 ad
3415 3993 3586 4051 solam
3609 3995 3789 4055 Patris
3812 4014 4000 4070 perso.

2393 4096 2518 4135 nam
2534 4080 2821 4152 pertineat,
2845 4084 2935 4138 ubi
2955 4083 3086 4158 [Αι.,
3110 4085 3277 4158 quod]
3295 4089 3495 4144 dicitur
3519 4109 3531 4144 :
3560 4090 3664 4158 Qui
3680 4091 3808 4163 facit
3837 4096 4000 4152 mira-

2392 4172 2519 4226 bilia
2551 4187 2742 4244 magna
2766 4173 2908 4228 solus
2937 4175 3109 4247 (Psal.
3131 4195 3281 4244 LXXI,
3306 4179 3416 4249 18).
3443 4182 3510 4237 Et
3530 4181 3823 4252 Apostolus
3847 4203 3859 4240 :
3889 4185 3992 4255 Qut

2394 4261 2535 4318 satus
2557 4263 2709 4318 habet
2752 4265 3204 4323 immortalitatem
3238 4268 3288 4341 (1
3319 4267 3454 4325 Tim.
3483 4288 3570 4343 v1,
3601 4266 3993 4348 16)ἳ-οΒεερ.

2395 4354 2713 4414 Nullatenns
2723 4357 2789 4413 ad
2804 4358 2975 4414 solam
2987 4359 3169 4416 Patris
3181 4377 3470 4433 personam
3486 4366 3745 4437 pertinet,
3770 4368 3895 4424 dtitn
3915 4370 3993 4426 di-

2395 4451 2540 4508 citur
2569 4451 2718 4510 solus
2752 4453 2913 4517 Deus,
2945 4455 3058 4510 sive
3089 4456 3146 4510 in
3177 4456 3347 4522 Novo,
3373 4457 3487 4521 sive
3513 4461 3566 4514 in
3590 4457 3773 4518 Veteri
3806 4460 3999 4520 Testa-

2321 4559 2368 4620 υ
2397 4551 2600 4612 mento,
2628 4553 2683 4598 et
2707 4546 2851 4614 quod
2875 4544 3019 4604 Deus
3043 4544 3192 4604 solus
3215 4549 3330 4603 sive
3354 4550 3457 4606 hoc
3480 4553 3600 4608 sive
3618 4553 3749 4608 iilud
3773 4555 3993 4624 haheat,

2394 4633 2479 4686 vel
2528 4631 2723 4699 faciat;
2758 4633 2854 4689 sed
2884 4634 2951 4688 ad
2992 4643 3161 4690 totam
3193 4646 3441 4692 sanctam
3484 4637 3840 4706 Trinitatem,
3873 4659 3992 4715 qua!

2392 4731 2478 4779 est
2503 4739 2644 4778 unus
2667 4721 2814 4780 Deus
2841 4727 3204 4797 omnipotens,
3232 4731 3414 4785 omnia
3443 4729 3669 4799 faciens,
3711 4749 3831 4804 qua:
3868 4745 3992 4792 sunt

2395 4817 2450 4874 in
2479 4818 2618 4874 caelo
2645 4820 2780 4873 etin
2805 4825 2975 4876 terra.

2466 4909 2632 4965 Inter.
2679 4910 2764 4965 Η.
2812 4910 3095 4979 Quomoio
3139 4911 3333 4972 beatus
3375 4911 3614 4974 Joannes
3658 4921 3992 4992 evangelista

2395 5001 2524 5057 dicit
2550 5021 2561 5056 :
2591 5001 2755 5060 Deum
2784 5019 2932 5056 nemo
2957 5003 3082 5058 iidit
3106 5023 3337 5077 unquam
3369 5007 3617 5079 (10am,
3653 5010 3769 5083 t8);
3799 5022 3854 5068 et
3879 5013 3993 5085 ipse

2397 5094 2654 5149 Dominus
2682 5094 2735 5148 in
2777 5094 2884 5150 alio
2909 5095 2987 5149 ait
3029 5095 3148 5154 loco
3175 5116 3187 5153 :
3218 5098 3368 5154 Beati
3414 5103 3612 5157 mundo
3641 5105 3820 5171 corda,
3855 5123 3990 5176 quo-

2396 5186 2538 5239 niam
2570 5187 2667 5259 ipsi
2716 5184 2882 5241 Deum
2912 5188 3152 5243 videbunt
3179 5188 3393 5261 (Matth.
3422 5206 3477 5256 v,
3505 5194 3592 5265 8);
3622 5204 3677 5250 et
3704 5195 3992 5267 Apostolus

2398 5276 2724 5333 invisibilem
2765 5277 2934 5335 Deum
2973 5281 3104 5339 dicit
3148 5280 3200 5352 (I
3235 5280 3371 5343 Tim.
3399 5301 3440 5351 ι,
3467 5285 3681 5356 i7)?—-
3705 5287 3863 5362 Resp.
3897 5291 3994 5347 Vi-

2399 5366 2516 5424 deri
2545 5371 2689 5424 enim
2720 5377 2899 5442 potest
2945 5370 3111 5438 Deus,
3155 5373 3209 5429 id
3256 5380 3370 5441 est,
3411 5376 3664 5452 intelligi,
3695 5383 3991 5440 secundum

2401 5474 2513 5515 sua:
2535 5459 2734 5515 donum
2764 5462 2975 5532 gratiae,
2999 5463 3114 5519 sive
3139 5463 3206 5520 ab
3228 5467 3457 5536 angelis,
3484 5468 3599 5525 sive
3618 5469 3688 5526 ab
3709 5471 3992 5530 animabus

2400 5559 2714 5607 sanctorum
2745 5569 2758 5607 :
2787 5553 3003 5625 plenam
3051 5569 3181 5612 vero
3227 5557 3526 5617 divinitatis
3574 5573 3858 5631 naturam,
3893 5578 3990 5622 nec

2405 5645 2624 5715 angelus
2669 5645 2922 5716 quislibet
2978 5646 3110 5720 ['.~tl.,
3154 5649 3498 5727 quisquam],
3541 5672 3638 5713 nec
3680 5666 3988 5717 sanctorum
