4346 6676
321 514 386 572 6i
1052 506 1476 566 DOGM.\'I'1CA.
1522 541 1589 549 -—
1631 506 2104 578 QEESTIONES
2139 508 2359 566 XXVIII
2398 510 2485 565 DE
2524 507 2920 569 TRlNiTATi‘I.
3576 510 3649 564 ii).

323 630 531 699 aliquis
559 625 802 701 perfecte
846 624 1149 695 intelligere
1196 626 1414 695 poterit.
1460 623 1586 679 ideo
1629 625 1938 696 incompre-
1969 626 2020 687 Α
2045 631 2195 679 ctum
2220 624 2546 696 sapientiam
2568 636 2624 683 et
2651 625 2970 699 virtutem};
2999 625 3161 699 71.2
3194 644 3296 681 non
3332 637 3510 683 tamen
3542 638 3653 683 tres

319 723 622 783 hensibiiis
647 722 849 777 dicitur
878 720 1040 774 Deus.

403 818 577 876 Inter.
606 815 693 870 15.
722 814 859 871 Cum
885 813 1097 869 sanctis
1122 827 1394 868 summum
1434 811 1775 881 promittitur
1804 827 1943 882 pne-

320 912 507 969 mium
527 916 737 966 aeterna
763 906 865 962 Dei
887 906 1045 970 visio,
1074 904 1425 975 :equaliterne
1454 904 1715 960 videbunt
1744 903 1824 959 vel
1859 903 1945 958 in-

325 1003 583 1077 telligent
603 1002 663 1056 Il?
683 1029 754 1042 —-
772 999 927 1071 Resp.
953 997 1271 1055 Nullatenus
1295 997 1582 1068 aequaliter
1606 1011 1817 1061 omnes,
1856 995 1944 1050 vel

329 1099 518 1174 angeli
536 1098 624 1155 vel
644 1097 841 1153 anima:
861 1103 1177 1151 sanctorum
1200 1093 1372 1149 Deum
1389 1106 1491 1147 nec
1510 1089 1642 1163 1.41.,
1669 1088 1775 1162 vel]
1800 1104 1947 1144 nunc

329 1196 546 1259 vident,
568 1192 653 1248 vel
681 1198 805 1263 post
833 1188 1294 1246 resurrectionem
1318 1187 1598 1247 videbunt,
1623 1184 1721 1240 sed
1750 1199 1944 1240 secun-

327 1287 468 1342 dum
498 1284 778 1340 donatoris
805 1282 1289 1353 dispensationem,
1321 1286 1377 1335 et
1422 1278 1742 1333 meritorum
1770 1275 1947 1347 quali-

327 1387 528 1434 tatem.
562 1374 948 1447 Un'usqnlsque
993 1381 1178 1429 tamen
1220 1370 1578 1427 suilicientem
1620 1370 1673 1425 in
1717 1368 1836 1439 ejus
1860 1368 1944 1423 vi-

326 1472 493 1527 sione
529 1470 644 1526 suis
694 1467 907 1525 meritis
953 1464 1177 1521 habebit
1210 1463 1625 1519 beatitudinem.
1666 1459 1781 1518 Nec
1823 1461 1947 1531 plus

328 1573 550 1639 qureret
575 1579 741 1637 quam
772 1563 955 1626 habet,
982 1576 1085 1616 nec
1119 1576 1181 1616 se
1214 1558 1395 1615 minus
1428 1556 1631 1612 habere
1659 1570 1825 1627 quam
1853 1568 1947 1608 vo-

326 1658 435 1725 let,
465 1659 691 1716 dolebit.

410 1753 577 1809 Inter.
612 1751 693 1807 l6.
730 1751 813 1806 An
856 1748 1061 1822 aliquid
1099 1748 1263 1803 distet
1303 1747 1357 1802 in
1389 1746 1522 1810 Deo,
1565 1758 1709 1809 esse,
1737 1743 1946 1805 vivere,

326 1846 662 1918 intelligere,
709 1844 997 1916 posse?——
1029 1840 1181 1913 Resp.
1229 1839 1547 1894 Nullatcnns
1594 1837 1741 1892 aliud
1779 1835 1947 1892 estin

329 1941 453 1997 Deo
484 1956 627 2004 esse,
654 1939 800 1993 aliud
826 1939 1037 2002 vivere,
1061 1936 1144 1992 vel
1167 1934 1313 1991 aliud
1335 1934 1665 2002 intelligere,
1688 1930 1772 1987 vel
1802 1929 1947 1987 aliud

325 2046 530 2105 posse;
565 2031 695 2102 quia
729 2030 871 2085 Deus
914 2044 978 2085 eo
1012 2029 1129 2099 ipso
1172 2043 1281 2097 quo
1309 2034 1413 2090 est,
1446 2026 1609 2089 vivit;
1654 2032 1802 2079 eteo
1842 2038 1949 2092 quo

325 2129 495 2194 vivit,
546 2126 830 2196 intelligit;
879 2134 933 2180 et
964 2139 1031 2179 eo
1071 2139 1180 2193 quo
1228 2121 1510 2193 intelligit,
1556 2126 1763 2193 potest;
1800 2127 1857 2174 et
1885 2134 1950 2173 eo

328 2219 484 2290 quod
518 2226 718 2290 potest,
748 2227 861 2283 est;
892 2216 1022 2287 quia
1051 2214 1280 2290 simplex
1310 2214 1527 2272 deitatis
1554 2221 1752 2270 natura
1781 2227 1950 2267 unum

328 2308 521 2373 habet,
548 2318 653 2375 est,
691 2309 844 2373 vivit,
875 2306 1150 2377 intelligit,
1186 2314 1243 2360 et
1277 2305 1462 2358 omnia
1488 2310 1689 2372 potest.
1726 2301 1843 2356 Non
1875 2301 1951 2355 ita

327 2402 391 2459 in
420 2402 600 2468 nobis,
623 2403 750 2456 dum
775 2400 919 2454 aliud
946 2407 1029 2453 est
1054 2398 1106 2452 in
1134 2406 1321 2452 nostra
1346 2404 1542 2449 natura
1569 2394 1771 2456 vivere,
1798 2391 1951 2448 aliud

330 2495 667 2566 intelligere,
694 2494 839 2548 aliud
862 2506 1041 2562 posse.
1061 2490 1116 2545 In
1144 2491 1255 2545 Deo
1278 2503 1409 2543 vero
1430 2488 1549 2543 haec
1569 2485 1751 2541 omnia
1782 2499 1951 2540 unum

329 2595 506 2660 atque
531 2587 673 2642 idem
702 2594 846 2641 sunt.

409 2678 582 2735 Inter.
615 2679 700 2734 l'l.
735 2677 931 2734 Utrum
962 2677 1027 2733 de
1058 2675 1152 2732 Dei
1184 2673 1346 2738 Filio,
1372 2675 1513 2729 sicut
1540 2672 1739 2729 dicitur
1766 2672 1950 2726 lumen

332 2775 406 2833 de
447 2774 673 2839 lumine,
705 2772 848 2826 Deus
877 2770 943 2826 de
980 2770 1109 2833 Dco,
1142 2776 1322 2840 potest
1365 2767 1469 2824 dici
1507 2766 1855 2839 omnipotens
1886 2762 1953 2818 de

332 2867 736 2935 omnipotente,
764 2864 939 2917 bonus
965 2862 1035 2917 de
1062 2862 1224 2920 bono,
1257 2875 1487 2931 magnus
1528 2858 1597 2912 de
1643 2871 1862 2922 magno,
1895 2864 1952 2910 et

332 2965 537 3014 caetera
570 2954 821 3010 talia?-—
850 2952 1000 3024 Resp.
1048 2951 1395 3023 llegulariter
1420 2951 1608 3019 utique
1639 2955 1823 3003 tenere
1852 2947 1949 3001 de-

338 3048 534 3105 bemus
565 3046 707 3116 ψιοὰ
730 3044 915 3102 omnia
949 3053 1159 3100 natura:
1187 3043 1406 3097 nomina
1432 3057 1552 3111 quae
1575 3039 1859 3110 aequaliter
1885 3039 1952 3091 de

340 3141 484 3197 Filio
518 3140 625 3198 dici
657 3146 887 3210 possunt
908 3138 1050 3195 sicut
1080 3137 1146 3193 de
1168 3136 1351 3201 Patre,
1380 3136 1561 3190 omnia
1589 3141 1818 3203 possunt
1844 3133 1950 3188 dici

340 3234 426 3289 sic
452 3234 521 3286 de
549 3232 662 3285 illo.
697 3230 820 3283 ideo
846 3231 989 3283 sicut
1012 3228 1212 3283 dicitur
1250 3225 1393 3281 Deus
1414 3225 1483 3281 de
1520 3225 1648 3288 Deo,
1678 3223 1858 3277 lumen
1886 3222 1953 3277 de

339 3323 567 3387 lumine,
592 3323 669 3377 ita
690 3321 981 3376 dicendum
1002 3328 1087 3378 est
1107 3318 1452 3389 omnipotens
1472 3318 1538 3372 de
1558 3317 1950 3388 omnipotente,

2046 718 2301 785 virtutes,
2334 734 2434 775 nec
2463 728 2574 776 tres
2602 720 2915 793 sapientias,
2943 720 3070 789 quia
3104 720 3367 790 sapientia
3399 722 3655 775 substan-

2047 808 2176 866 tiale
2206 826 2402 867 nomen
2430 822 2534 880 est,
2563 813 2705 869 sicut
2732 814 2923 869 virtus.
2977 812 3088 868 Nec
3123 813 3268 867 aliud
3309 822 3395 869 est
3442 811 3497 867 in
3545 810 3655 868 Deo

2045 917 2189 970 esse,
2230 902 2377 959 aliud
2409 919 2622 975 sapere,
2669 903 2815 960 aliud
2854 920 3048 977 posse;
3079 903 3173 960 sed
3219 920 3386 960 unum
3429 912 3515 961 est
3542 900 3657 961 Deo

2047 1009 2190 1060 esse,
2218 1010 2432 1066 sapere,
2458 1011 2637 1068 posse.
2715 1018 2722 1027 -

2119 1086 2288 1142 Inter.
2316 1087 2406 1142 21.
2443 1088 2636 1145 Utrum
2678 1089 2746 1144 ad
2792 1088 2963 1145 solam
2992 1088 3169 1145 sancti
3204 1086 3445 1162 Spiritus
3469 1102 3655 1161 perso-

2047 1195 2172 1235 nam
2209 1181 2504 1251 pertineat,
2545 1181 2674 1246 dum
2716 1181 3007 1253 Apostolus
3038 1180 3207 1237 dicit:
3245 1180 3389 1236 Deus
3420 1180 3655 1235 charitas

2047 1283 2123 1329 est
2159 1272 2212 1347 (I
2240 1273 2401 1330 Joan.
2427 1290 2498 1339 Iv,
2528 1273 2607 1345 8),
2641 1275 2732 1346 qui
2761 1273 2898 1348 [Αι.,
2923 1271 3070 1348 quae]
3119 1274 3338 1330 dilectio
3373 1272 3554 1328 Patris
3598 1279 3657 1328 et

2048 1365 2171 1422 Filii
2204 1381 2328 1422 esse
2373 1366 2700 1439 icgitur?——
2732 1365 2889 1438 Resp.
2933 1365 3251 1423 Nullatenus
3298 1366 3371 1421 ita
3419 1364 3657 1436 Spiritus
3738 1412 3741 1417 .

2050 1466 2275 1514 sanctus
2308 1458 2553 1513 cbaritas
2581 1458 2925 1530 intelligitur,
2955 1458 3110 1529 quasi
3141 1474 3250 1513 non
3298 1458 3370 1513 sit
3411 1455 3574 1513 Pater
3603 1464 3659 1511 et

2049 1551 2223 1608 Filius
2249 1550 2515 1608 charitas.
2547 1551 2702 1607 Sicut
2739 1551 2976 1623 Spiritus
3019 1560 3240 1608 sanctus
3269 1559 3355 1608 est
3392 1550 3656 1614 cbaritas,

2051 1645 2124 1704 ita
2150 1652 2207 1701 et
2229 1642 2393 1702 Pater
2414 1653 2500 1700 est
2526 1644 2770 1704 Charitas
2810 1644 2887 1721 [et
2910 1644 3083 1703 Filius
3110 1654 3196 1702 est
3221 1642 3513 1719 charitas,]
3541 1659 3651 1702 non
3690 1651 3693 1654 ’

2051 1744 2236 1791 tamen
2276 1744 2390 1791 tres
2434 1736 2753 1803 cbaritates,
2796 1740 2889 1794 sed
2930 1753 3037 1793 una
3077 1737 3337 1793 charitas.
3383 1736 3493 1791 Sed
3532 1737 3660 1807 quia

2053 1824 2290 1899 Spiritus
2318 1837 2540 1885 sanctus
2585 1829 2787 1885 donum
2818 1830 2911 1886 Dei
2946 1831 3166 1903 proprie
3202 1829 3429 1898 dicitur,
3458 1840 3515 1885 et
3543 1828 3660 1885 nul-

2050 1921 2165 1980 lum
2193 1922 2287 1979 Dei
2318 1923 2520 1981 donum
2548 1924 2815 1997 charitate
2840 1922 3014 1996 majus
3040 1933 3148 1989 est,
3177 1924 3287 1980 imo
3311 1924 3428 1979 sine
3451 1939 3515 1978 eo
3541 1925 3663 1978 nul—

1981 2005 2026 2063 Β
2054 2017 2167 2071 lum
2193 2016 2396 2072 donum
2423 2017 2492 2072 ad
2520 2027 2837 2089 perpetuam
2868 2018 3143 2073 hominem
3172 2018 3439 2076 deducere
3463 2018 3664 2089 poterit

2055 2109 2449 2166 beatitudinem
2478 2128 2489 2163 ε
2524 2110 2755 2181 proinde
2784 2108 3022 2182 Spiritus
3062 2120 3286 2166 sanctus
3322 2110 3543 2182 preprie
3581 2108 3665 2164 di-

2055 2204 2199 2258 citur
2225 2204 2488 2260 Charitas.

2126 2295 2295 2351 Inter.
2319 2297 2407 2351 2‘2.
2436 2295 2690 2368 Nunquid
2712 2298 2864 2370 impii
2885 2292 3026 2355 dona
3052 2301 3144 2357 Dei
3170 2300 3489 2356 liabent?-—
3508 2298 3663 2370 Resp.

2056 2387 2268 2447 Habent
2300 2388 2536 2470 {utique}
2569 2407 2666 2462 per
2709 2409 2856 2460 eum,
2888 2395 2981 2465 qui
3018 2394 3291 2450 illuminat
3317 2411 3534 2451 onmem
3568 2396 3667 2450 ho—

2057 2483 2258 2538 minem
2292 2485 2600 2541 venientem
2632 2486 2685 2540 in
2731 2487 2879 2543 hunc
2909 2490 3193 2554 mundum,
3226 2491 3279 2543 in
3310 2505 3420 2560 quo
3449 2504 3665 2554 sumus,

2058 2591 2338 2631 movemur
2362 2586 2418 2633 et
2444 2578 2677 2636 vivimus
2707 2580 2846 2649 (Act.
2872 2595 3008 2645 xvtt,
3035 2580 3128 2656 28)
3157 2600 3168 2635 :
3196 2582 3337 2649 bona
3368 2589 3495 2637 sunt
3520 2580 3667 2637 enim

2048 2668 2197 2723 dona
2227 2669 2322 2726 Dei
2345 2670 2425 2724 eis
2447 2671 2539 2741 qui
2568 2668 2708 2726 bene
2739 2680 2966 2727 utuntur
2996 2672 3121 2732 illis.
3146 2672 3272 2729 ideo
3291 2675 3535 2734 Charitas
3558 2674 3669 2733 sin-

2058 2760 2246 2832 gularc
2273 2772 2359 2818 est
2388 2762 2443 2835 in
2470 2763 2677 2822 sanctis
2705 2764 2929 2836 donum,
2959 2766 3015 2821 in
3045 2782 3153 2837 qua
3183 2766 3309 2827 Filii
3338 2766 3437 2825 Dei
3461 2766 3668 2827 discer-

2059 2860 2267 2907 nuntur
2292 2867 2323 2909 a
2357 2853 2482 2912 [iliis
2514 2854 2831 2924 impietatis.

2135 2945 2302 3000 Inter.
2328 2946 2421 3002 ‘25.
2453 2946 2635 3015 Quare
2661 2948 2709 3003 si
2745 2949 2888 3005 Deus
2911 2958 3059 3006 totus
3085 2951 3290 3022 ubique
3314 2958 3417 3017 est,
3444 2949 3503 3006 in
3531 2950 3675 3008 coelo

2060 3034 2265 3094 dicitur
2287 3040 2461 3114 magis
2484 3035 2761 3106 habitare,
2786 3055 2951 3112 quam
2982 3042 3037 3098 in
3066 3043 3333 3100 terran
3350 3042 3508 3117 Resp.
3532 3044 3673 3114 Quia

2061 3130 2236 3201 major
2280 3131 2521 3204 cognitio
2556 3140 2642 3187 est
2689 3133 2745 3189 in
2781 3135 2989 3192 sanctis
3017 3135 3247 3208 angelis,
3274 3138 3673 3209 animabusque

2062 3231 2379 3279 sanctorum
2401 3219 2726 3291 divinitatis,
2748 3242 2875 3282 cum
2898 3227 3009 3284 sint
3031 3229 3173 3302 apud
3200 3230 3389 3295 Deum,
3423 3231 3481 3287 in
3513 3230 3671 3287 ctelis

2061 3326 2227 3387 quam
2256 3313 2314 3368 in
2357 3314 2543 3370 terris.
2572 3314 2731 3373 Sicut
2757 3316 2904 3375 enim
2944 3319 2998 3374 in
3032 3319 3136 3377 hoc
3180 3321 3395 3376 mortali
3441 3337 3674 3395 corpore

334 3413 518 3470 bonus
546 3412 611 3469 de
642 3413 804 3473 bono,
832 3427 1062 3482 magnus
1085 3410 1154 3467 de
1183 3424 1403 3482 magno,
1426 3406 1524 3464 sed
1555 3423 1662 3464 non
1688 3407 1761 3463 ita
1789 3407 1845 3463 in
1872 3422 1960 3464 re-
1983 3410 2032 3471 C
2064 3399 2287 3478 quidam
2354 3398 2527 3478 magis
2588 3402 2901 3481 intelligunt
2966 3412 3205 3470 divinam
3278 3398 3674 3483 subStantiam,

344 3510 553 3565 iativis.

413 3600 583 3656 Inter.
617 3600 697 3654 l8.
732 3598 840 3654 Sed
871 3598 1141 3668 quomodo
1174 3597 1229 3653 in
1258 3596 1504 3652 relatlvls
1532 3594 1845 3651 nominibus
1874 3594 1959 3652 di—

335 3695 573 3753 cendum
601 3692 719 3748 est?
742 3721 809 3731 —-
838 3690 993 3761 Resp.
1026 3689 1141 3744 Non
1173 3704 1464 3763 possumus
1496 3686 1681 3742 dicere
1713 3686 1954 3741 Verbum

338 3788 410 3845 de
436 3786 638 3851 Verbo,
666 3784 795 3855 quia
827 3782 1117 3838 relativum
1164 3796 1359 3837 nomen
1389 3788 1474 3836 est
1505 3780 1767 3845 Verbum,
1811 3779 1956 3849 quod

334 3880 491 3938 solus
514 3890 600 3935 est
626 3877 827 3942 Filius;
862 3877 1003 3931 sicut
1031 3875 1287 3939 dicimus,
1314 3875 1485 3929 Deum
1526 3872 1596 3928 de
1634 3871 1766 3935 Deo,
1811 3871 1957 3941 quod

337 3988 452 4032 non
484 3980 568 4029 est
594 3972 743 4028 solus
770 3970 960 4026 Filius.
991 3968 1103 4025 Nec
1128 3968 1421 4039 imaginem
1453 3968 1520 4026 de
1547 3967 1801 4038 imagine,
1830 3967 1957 4038 quia

339 4066 495 4124 solus
521 4074 607 4120 est
636 4064 806 4119 Filius
850 4063 1029 4132 imago
1056 4080 1068 4115 :
1105 4061 1248 4116 sicut
1273 4060 1529 4125 dicimus,
1563 4064 1744 4115 lumen
1776 4059 1841 4115 de
1870 4057 1957 4115 lu-

340 4160 516 4225 mine,
554 4156 702 4227 quod
739 4171 844 4210 non
889 4162 973 4209 est
1021 4153 1169 4209 solus
1209 4151 1404 4219 Filius,
1432 4152 1561 4224 quia
1598 4148 1957 4206 substantiale

343 4266 547 4310 nomen
573 4258 659 4307 est
685 4250 888 4306 lumen.

414 4343 590 4401 Inter.
626 4343 712 4401 l9.
745 4339 1000 4413 Nunquid
1038 4339 1184 4396 aliud
1214 4338 1396 4395 lumen
1427 4337 1593 4395 Pater
1615 4345 1673 4393 et
1695 4337 1841 4394 aliud
1868 4336 1959 4394 Fi-

343 4435 760 4507 lius?—-Resp.
806 4433 1162 4505 Nequaquam
1208 4432 1384 4496 aliud,
1415 4433 1511 4488 sed
1553 4447 1725 4486 unum
1771 4431 1956 4487 lumen

342 4540 430 4588 est
459 4532 624 4586 Pater
652 4538 710 4586 et
736 4528 926 4592 Filius,
970 4528 1113 4583 sicut
1150 4543 1257 4581 una
1290 4526 1618 4582 substantia.
1655 4525 1781 4580 Ideo
1811 4514 1960 4580 recte

342 4623 550 4682 dicitur
578 4622 711 4697 ML,
729 4618 983 4692 dicimus]
1011 4619 1191 4673 lumen
1213 4618 1281 4673 de
1308 4619 1530 4680 lumine,
1558 4620 1702 4673 sicut
1722 4616 1865 4674 Deus
1889 4618 1958 4673 de

344 4714 483 4774 ilco.
516 4715 672 4770 Sicut
699 4730 841 4770 unus
871 4712 1017 4770 Deus
1042 4720 1127 4768 est
1156 4710 1340 4776 Pater,
1368 4718 1426 4765 et
1457 4709 1650 4775 Filius,
1684 4710 1759 4765 ita
1788 4726 1956 4764 unum

345 4808 535 4865 lumen
562 4816 666 4863 est.

422 4901 593 4957 Inter.
616 4900 708 4955 20.
738 4899 998 4972 Legimus
1019 4897 1336 4971 Apostolum
1376 4899 1645 4953 dicentem
1675 4895 1957 4951 Christum

346 4998 448 5056 Dei
473 5010 597 5054 esse
622 4995 879 5051 virtutem
905 5001 962 5047 et
984 4993 1081 5049 Dei
1108 4992 1467 5063 sapientiam;
1492 4992 1581 5046 hic
1607 4991 1960 5062 intelligimus

348 5094 406 5153 in
433 5091 533 5147 Dei
565 5090 785 5147 nomine
812 5086 1054 5151 Patrem,
1087 5096 1143 5142 et
1174 5087 1229 5141 in
1259 5086 1464 5142 Christi
1489 5086 1712 5144 nomine
1740 5084 1958 5149 Filium,

346 5183 496 5238 sicut
527 5195 764 5250 semper.
796 5178 1047 5248 Nunquid
1072 5178 1235 5233 Pater
1258 5194 1366 5233 non
1396 5177 1561 5232 habet
1590 5179 1642 5233 in
1667 5193 1726 5234 se
1752 5178 1964 5248 sapien-

349 5275 482 5332 tiam
514 5273 599 5330 vel
629 5274 887 5329 virtutem
932 5272 1035 5327 nisi
1079 5273 1130 5327 in
1160 5271 1320 5336 Filio,
1346 5287 1510 5341 quem
1542 5270 1835 5340 Apostolus
1875 5285 1963 5326 sa—

350 5368 617 5439 pientiam
660 5366 756 5421 Dei
804 5374 861 5421 et
900 5365 1158 5419 virtutem
1201 5364 1296 5420 Dei
1339 5364 1768 5419 nominavit?—~
1798 5363 1957 5436 Resp.

350 5459 579 5516 Plurimi
611 5460 686 5515 ita
713 5457 974 5513 Arianam
1017 5458 1301 5514 destruunt
1328 5456 1689 5527 impietatem,
1720 5455 1962 5513 dicentes

350 5550 578 5623 impium
605 5566 725 5608 esse
746 5550 973 5607 credere
993 5565 1233 5620 unquam
1256 5550 1426 5606 Deum
1451 5548 1669 5606 Patrem
1692 5563 1816 5607 esse
1843 5548 1963 5606 sine

349 5659 456 5701 sua
498 5641 783 5713 sapientia.
816 5651 913 5698 aut
946 5642 1065 5699 sine
1110 5658 1207 5698 sua
1237 5641 1459 5697 virtute.
1504 5640 1609 5696 Sed
1639 5639 1834 5698 melius
1881 5650 1967 5698 est

349 5732 661 5807 intelligere
690 5732 911 5790 Patrem
940 5747 1063 5790 esse
1083 5733 1407 5804 sapientiam
1435 5740 1491 5788 et
1511 5733 1792 5798 virtutem,
1822 5734 1962 5791 sicut

353 5829 554 5887 Filium
586 5828 912 5902 sapientiam
933 5836 991 5882 et
1014 5829 1269 5884 virtutem
1295 5825 1431 5902 [imo
1458 5834 1518 5882 et
1542 5825 1807 5900 Spiritum
1838 5843 1965 5884 san-

431 5976 457 6003 λ
499 5963 597 6019 Με.
632 5960 743 6017 Sal.
786 5971 839 6016 et
886 5961 955 6015 al.
991 5980 1008 6011 ι
1041 5959 1202 6015 Inter.”
1235 5959 1317 6014 15.
1361 5960 1514 6029 Quod
1563 5964 1769 6021 sanctis
1816 5983 1957 6022 sum-

358 6049 513 6094 mam
562 6034 901 6107 promittitur
950 6032 1358 6105 praemium?—-
1391 6031 1545 6104 Resp.
1592 6033 1822 6095 Eterna
1871 6037 1964 6095 Dei

2060 3501 2282 3572 quidam
2332 3501 2535 3569 minus,
2574 3503 2649 3558 ita
2683 3511 2739 3559 et
2786 3506 2839 3559 in
2872 3505 3013 3561 coelo
3056 3509 3230 3579 magis
3279 3509 3481 3565 dicitur
3530 3510 3676 3567 Deus

2057 3610 2180 3650 esse
2222 3611 2388 3669 quam
2436 3596 2491 3651 in
2521 3605 2693 3663 terra,
2726 3599 2853 3672 quia
2888 3598 3100 3672 plenius
3134 3599 3380 3674 ejusdem
3423 3603 3677 3661 substan-

2060 3685 2135 3742 tia
2176 3684 2505 3757 intelligitur
2549 3689 2618 3745 ab
2660 3689 3066 3753 habitatoribus
3112 3694 3239 3753 cudi
3300 3712 3465 3771 quam
3512 3708 3677 3756 terra:

2060 3777 2274 3838 inconis.

2132 3872 2301 3927 Inter.
2347 3872 2439 3927 24.
2475 3873 2533 3930 Si
2576 3891 2684 3931 una
2715 3878 3025 3936 substantia
3056 3890 3139 3938 est
3165 3881 3353 3955 Pater,
3398 3894 3456 3942 et
3484 3885 3674 3953 Filius,

2060 3975 2117 4021 et
2159 3966 2401 4040 Spiritus
2445 3978 2901 4044 sanctus,.quarc
2944 3974 3095 4034 solus
3138 3976 3313 4035 Filius
3358 3977 3681 4040 incarnatus

2059 4058 2392 4118 dicitur?-—-
2432 4060 2591 4134 Resp.
2632 4063 2769 4132 Quia
2820 4065 2926 4124 alia
2976 4076 3059 4124 est
3095 4082 3329 4138 persona
3378 4070 3530 4136 Filii,
3569 4072 3679 4130 alia

2060 4149 2260 4216 Patris,
2286 4152 2394 4207 alia
2424 4151 2662 4223 Spiritus
2686 4156 2886 4210 sancti.
2912 4156 2980 4211 Et
3004 4157 3118 4213 sola
3146 4159 3411 4231 siquidem
3442 4177 3678 4244 persona

2060 4242 2185 4299 Filii
2226 4242 2508 4303 incarnata
2536 4255 2621 4303 est
2645 4265 2657 4302 :
2685 4257 2952 4319 operante
2983 4259 3166 4308 tamen
3203 4242 3454 4313 eamdem
3496 4258 3681 4315 incar-

2062 4338 2340 4394 nationem
2373 4346 2487 4394 tota
2513 4348 2704 4399 sancta
2732 4340 3025 4411 Trinitate,
3056 4343 3214 4415 cujus
3242 4362 3411 4420 opera
3441 4358 3571 4405 sunt
3598 4350 3682 4404 in-

2061 4430 2412 4502 separabilia.
3121 4473 3126 4478 .

2132 4521 2303 4578 Inter.
2334 4513 2427 4579 23.
2462 4522 2599 4581 Dum
2632 4525 2688 4581 ln
2735 4526 2996 4599 Symbolo
3026 4526 3300 4588 catholico
3329 4532 3544 4591 cantari
3593 4550 3681 4593 so-

2063 4616 2158 4683 let,
2187 4614 2284 4672 Dei
2315 4616 2517 4672 Filium
2548 4618 2615 4675 de
2663 4617 2873 4692 Spiritu
2916 4631 3132 4688 sancto,
3166 4633 3222 4679 ct
3252 4623 3421 4680 Maria
3465 4626 3679 4699 virgine

2063 4712 2432 4776 incarnatum,
2461 4726 2633 4782 quare
2656 4728 2764 4769 non
2795 4715 2995 4771 dicitur
3017 4716 3188 4772 Filius
3214 4716 3451 4789 Spiritus
3474 4721 3679 4787 sancti,

1986 4792 2033 4851 υ
2060 4806 2203 4861 sicut
2231 4804 2431 4861 dicitur
2457 4806 2631 4862 beatre
2656 4808 3002 4880 virginis?——
3019 4808 3175 4883 Resp.
3207 4809 3326 4867 Non
3355 4811 3436 4869 sic
3463 4811 3530 4871 de
3560 4811 3677 4882 illo,

2066 4901 2211 4957 sicut
2230 4909 2286 4957 et
2312 4902 2380 4958 de
2406 4900 2497 4956 illa
2529 4910 2693 4960 natus
2711 4912 2797 4959 est
2823 4902 2993 4961 Filius
3015 4904 3132 4960 Dei.
3162 4904 3237 4961 De
3262 4905 3351 4962 illa
3378 4904 3673 4978 siquidem,

2068 4995 2123 5052 id
2172 5003 2284 5059 est,
2324 5002 2519 5052 sancta
2564 4996 2777 5067 virgine
2812 5005 2974 5053 natus
3014 5005 3100 5053 est
3139 4995 3309 5054 Filius
3361 4999 3489 5064 Dei,
3536 5000 3691 5056 sicut.

2068 5091 2137 5149 de
2182 5103 2389 5161 matre;
2423 5107 2533 5149 non
2564 5094 2631 5150 de
2670 5095 2782 5163 illo,
2833 5097 2887 5153 id
2915 5106 3020 5164 est,
3051 5096 3260 5169 Spiritu
3291 5108 3505 5167 sancto,
3538 5101 3680 5157 sicut

2071 5186 2137 5244 de
2165 5182 2350 5254 Patre,
2382 5201 2453 5243 ne
2478 5186 2586 5244 duo
2615 5186 2813 5245 Patres
2836 5189 3149 5249 dicerentur
3176 5191 3233 5251 in
3271 5200 3461 5250 sancta
3501 5193 3689 5252 Trini-

2072 5287 2203 5334 iam.

2142 5369 2307 5427 Inter.
2339 5372 2428 5428 26.
2466 5371 2524 5430 Si
2558 5391 2660 5429 una
2693 5384 2887 5431 natura
2916 5385 3001 5432 est
3028 5376 3210 5433 Patris
3245 5386 3302 5435 et
3329 5377 3478 5446 Filii,
3506 5390 3561 5436 et
3590 5379 3681 5439 Fi-

2069 5464 2174 5521 lius
2206 5466 2526 5523 incarnatus
2560 5465 2752 5539 plenus
2793 5478 2880 5526 est
2920 5468 3063 5526 Deus
3107 5478 3161 5526 et
3199 5470 3498 5542 perfectus,
3543 5490 3684 5545 quo-

2070 5560 2231 5614 modo
2257 5574 2363 5616 non
2393 5559 2557 5616 Pater
2584 5562 2897 5619 incarnatus
2926 5563 3049 5620 est?
3069 5594 3139 5607 -—
3168 5563 3327 5637 Resp.
3364 5565 3536 5624 Filius
3563 5567 3672 5637 ple-

2071 5666 2175 5708 nus
2201 5658 2283 5708 est
2315 5651 2457 5709 Deus
2481 5660 2536 5707 et
2564 5652 2870 5725 perfectus;
2910 5655 3002 5726 qui
3034 5656 3186 5714 solus
3214 5657 3535 5717 incarnatus
3566 5670 3677 5727 est,

2071 5749 2125 5797 et
2156 5743 2321 5800 homo
2363 5742 2543 5801 factus
2585 5754 2689 5802 est.
2728 5744 2863 5804 Nam
2895 5747 3034 5821 ignis
3063 5764 3170 5807 una
3215 5760 3302 5807 est
3345 5753 3679 5821 substantia,

2073 5834 2167 5892 sed
2191 5834 2338 5894 aliud
2365 5837 2418 5893 in
2443 5838 2563 5911 igne
2588 5838 2717 5895 facit
2742 5840 2912 5906 calor,
2940 5841 3083 5898 aliud
3109 5842 3235 5900 lux:
3264 5844 3352 5901 lux
3383 5846 3679 5915 illuminat,

2074 5969 2325 6116 2:12;:—
2354 5970 2516 6028 Inter.
2550 5974 2631 6029 An
2679 5975 2958 6046 mqualitcr
3003 5977 3294 6047 videbunt,
3334 5979 3418 6036 vel
3467 5980 3682 6039 intem--
