4346 6686
234 562 306 616 65
966 558 1384 616 DOGMATICA.
1427 590 1497 600 —-
1532 559 1660 614 LIB.
1703 558 1790 612 DE
1831 556 2304 614 PROCESSIONE
2332 555 2389 611 S.
2433 552 2764 610 SPIRITUS.
3433 552 3501 608 66

227 683 315 728 est
337 672 488 745 regni
508 673 858 744 gubernator,
882 682 1005 726 vota
1025 671 1310 742 persolvit;
1339 672 1633 727 immensas
1659 671 1821 726 etiam
1854 681 1898 734 Α
1927 668 2085 724 Putre
2110 667 2354 738 Filioque
2379 668 2715 732 substantiae,
2763 666 2904 737 quod
2953 667 3012 722 th
3041 666 3282 739 utrisque
3316 684 3501 740 proce-

227 763 282 816 ei
309 762 518 834 agendo
539 763 745 834 gratias
771 777 871 834 pro
897 777 963 816 eo
987 762 1132 832 quod
1154 763 1206 816 iu
1233 761 1526 816 universali
1559 754 1820 826 EcClesia,

227 868 355 926 qum
386 855 485 911 sub
511 855 970 911 excellentissimo
995 853 1380 910 dominationis
1421 860 1616 909 vestrae
1650 852 1824 923 impe-

229 947 316 1001 rio
358 955 734 1011 conversatur,
767 946 1037 1001 universis
1088 944 1182 1000 Dei
1212 944 1514 1000 cultoribus
1563 942 1828 1012 tranquil-

227 1037 440 1095 lissima
465 1054 569 1111 pax
595 1046 755 1095 estet
779 1039 956 1109 quies.
987 1037 1106 1093 Non
1141 1035 1315 1092 solum
1341 1035 1488 1092 enim
1519 1036 1587 1090 ab
1624 1035 1825 1104 impetu

227 1129 514 1200 gentilium
535 1137 593 1185 et
613 1128 856 1184 omnium
883 1124 1180 1183 Christiani
1199 1126 1437 1181 nominis
1456 1125 1824 1192 inimicorum,

227 1237 371 1292 quos
400 1220 615 1278 favente
649 1219 877 1276 Domino
904 1225 1081 1276 vestra
1120 1218 1424 1274 sublimitas
1468 1225 1615 1272 tenet
1660 1224 1827 1288 atque

226 1314 546 1386 prosternit,
577 1321 705 1370 sunt
727 1313 984 1384 protecti,
1032 1312 1128 1368 sed
1172 1326 1271 1382 per
1315 1312 1482 1367 vestri
1527 1310 1741 1381 imperii
1770 1318 1827 1365 et

226 1407 511 1480 sapientiae
535 1404 938 1471 excellentiam,
966 1403 1215 1461 adductis
1262 1402 1332 1458 ab
1360 1402 1628 1456 idolorum
1676 1401 1825 1456 cultu

229 1497 721 1556 innumerabilibus
760 1495 995 1569 populis,
1026 1493 1096 1550 ad
1151 1493 1276 1549 fidei
1326 1492 1610 1548 catholica:
1658 1501 1714 1546 et
1755 1492 1825 1546 ad

227 1589 398 1646 divini
426 1589 603 1645 cultus
642 1587 979 1659 agnitionem
999 1583 1241 1655 quotidie
1270 1584 1323 1638 in
1350 1583 1572 1639 Christo
1599 1582 1826 1638 creden-

227 1683 366 1739 tium
392 1689 724 1754 propagatur
755 1693 1036 1743 numerus,
1069 1685 1127 1734 et
1151 1677 1346 1733 domus
1373 1675 1471 1732 Dei
1509 1676 1563 1730 in
1611 1673 1826 1732 cunctis

227 1774 382 1845 regni
410 1775 578 1829 vestri
608 1771 856 1828 terminis
900 1771 1086 1828 divino
1122 1769 1290 1826 cultui
1316 1776 1375 1824 et
1402 1767 1577 1824 sacris
1601 1783 1702 1838 pro
1729 1782 1824 1821 vo-

229 1865 316 1920 bis
364 1863 706 1921 orationibus
735 1862 968 1935 implens
995 1876 1199 1920 vacans
1223 1860 1462 1917 exsultat
1499 1877 1514 1913 ε
1552 1859 1826 1915 cernendo

226 1956 397 2010 etiam
443 1970 544 2027 per
568 1963 766 2010 vestra:
792 1951 1203 2028 gubernationis
1243 1949 1637 2024 providentiam
1666 1947 1824 2004 Chri-

1925 760 2006 813 dit
2031 767 2087 813 et
2107 759 2355 814 mittitur.

1997 849 2157 923 745
2194 850 2393 905 Beatus
2443 865 2588 905 enim
2633 850 2960 922 evangeiista
3019 851 3192 907 Lucas
3237 852 3497 922 Spiritmn

1925 951 2172 996 sanetum
2219 941 2290 996 ab
2338 941 2614 1014 unigenito
2665 940 2759 996 Dei
2812 942 2970 1008 Filio,
3011 944 3099 1014 qui
3137 953 3225 1000 cst
3279 947 3503 1001 verbum

1924 1030 2125 1097 Patris,
2152 1032 2446 1099 procedere
2476 1033 2526 1087 in
2552 1047 2642 1086 xuv
2662 1032 2897 1102 capitulo
2921 1032 3126 1106 [Nunc,
3160 1052 3282 1106 cap.
3311 1054 3384 1101 vt,
3414 1037 3504 1110 l9]

1925 1124 2198 1196 Evangelii
2225 1125 2308 1180 sui
2331 1133 2560 1181 testatur
2580 1125 2766 1180 dicens
2798 1143 2810 1179 :
2846 1123 3029 1181 Omnis
3056 1129 3208 1181 turba
3236 1131 3504 1199 qumrebat
3590 1186 3592 1189 .

1923 1235 2042 1272 eum
2067 1228 2300 1290 tangere,
2345 1221 2470 1293 quia
2496 1223 2656 1276 virtus
2680 1221 2746 1275 de
2780 1220 2873 1274 illo
2911 1222 3085 1281 exibat
3117 1222 3266 1286 max,
3303 1226 3507 1280 exiebat

1925 1309 2142 1382 sepius]
2164 1351 2178 1375 ,
2208 1322 2256 1365 et
2284 1312 2506 1366 sanabat
2534 1329 2730 1366 omnes.
2765 1311 3026 1382 Spiritum
3065 1314 3229 1384 igitur
3256 1325 3508 1371 sanctum

1925 1416 1955 1455 a
1984 1401 2123 1457 Filio
2150 1404 2444 1474 procedere
2477 1404 2531 1461 in
2561 1404 2664 1458 hoc
2690 1404 2932 1459 declarat
2958 1405 3194 1476 capitulo
3233 1407 3462 1464 dicendo
3489 1427 3504 1463 :

1921 1493 2048 1562 quia
2071 1493 2235 1548 virtus
2269 1492 2336 1548 de
2364 1492 2457 1548 illo
2499 1494 2707 1561 exibat;
2745 1493 2982 1565 Spiritus
3006 1497 3149 1550 enim
3181 1507 3400 1553 sanctus
3426 1508 3510 1553 est

1926 1582 2040 1652 ipsa
2063 1583 2258 1649 virtus,
2280 1598 2400 1653 quae
2425 1584 2492 1638 de
2518 1581 2611 1638 Dei
2638 1584 2776 1640 Filio
2797 1585 2850 1639 in
2873 1587 2976 1641 hoc
2996 1587 3233 1657 capitulo
3257 1589 3408 1644 exire
3426 1590 3510 1646 tli-

1924 1671 2086 1736 citur,
2108 1671 2251 1727 sicut
2275 1680 2387 1727 tam
2411 1673 2602 1728 beatus
2624 1672 2958 1745 Augustinus
2986 1677 3040 1730 in
3062 1691 3130 1730 xv
3155 1677 3220 1732 de
3241 1677 3510 1736 Trinitate

1925 1761 2065 1816 libro
2087 1760 2353 1823 aﬂirmat.
2380 1764 2535 1835 cujus
2567 1764 2733 1819 etiam
2764 1765 2819 1820 in
2845 1767 3297 1839 subsequentibus
3323 1769 3392 1825 de
3409 1786 3510 1825 ex-

1925 1854 2192 1923 positione
2219 1855 2376 1910 istius
2402 1855 2626 1927 capituli
2652 1857 2817 1912 verba
2839 1859 3033 1914 dicturi
3060 1875 3267 1916 sumus.

1998 1945 2232 2001 Sanctus
2256 1961 2471 2018 quoque
2495 1944 2733 2003 Joannes
2753 1949 3081 2021 evangelista
3112 1949 3167 2006 in
3198 1950 3304 2009 line
3331 1952 3510 2010 Evan-

228 2046 535 2102 stianorum
582 2045 798 2102 turbam
847 2043 1115 2098 immensa
1160 2041 1402 2112 quotidie
1441 2041 1684 2111 recipere
1728 2057 1823 2093 au-
1858 2028 1900 2087 Β
1923 2037 2050 2108 gelii
2079 2037 2184 2102 sui,
2215 2036 2267 2090 id
2292 2045 2398 2103 est,
2433 2051 2592 2092 conv
2616 2038 2852 2108 capitulo
2880 2036 3086 2110 [Nunc,
3126 2057 3216 2106 xx,
3237 2042 3302 2098 2|
3333 2043 3511 2118 seqq.]

228 2147 474 2211 gmenta,
497 2147 553 2194 et
572 2151 828 2210 perversa
853 2134 1232 2192 haereticorum
1269 2134 1518 2206 dogmata
1546 2147 1669 2186 cura
1697 2145 1823 2202 pcr-

229 2230 357 2287 lldis
385 2245 574 2286 eorum
609 2228 923 2287 auctoribus
952 2240 1074 2283 esse
1103 2223 1609 2291 damnata,Christo
1636 2225 1824 2288 etiam,

227 2323 326 2396 qui
376 2321 544 2380 vestri
573 2329 658 2380 est
707 2321 891 2379 cordis
943 2334 1258 2391 possessor.
1313 2333 1414 2390 per
1439 2333 1536 2373 vos
1585 2318 1653 2374 de
1694 2316 1826 2388 ipsis

227 2414 632 2486 triumphante;
665 2413 870 2486 quique
908 2412 1072 2466 etiam
1127 2411 1270 2466 inter
1297 2415 1499 2465 caetera
1548 2406 1827 2478 gloriosis-

227 2511 393 2576 sima,
419 2525 540 2581 qua:
565 2509 720 2566 vobis
741 2505 969 2579 largitus
999 2512 1086 2562 est
1107 2505 1276 2570 dona,
1296 2501 1752 2558 excellentissimo
1773 2511 1830 2556 et

224 2601 646 2674 incomparabili
677 2600 874 2656 divina!
918 2607 975 2655 et
1019 2599 1271 2655 humana:
1308 2595 1552 2653 scientia:
1602 2609 1829 2649 munere

225 2713 328 2753 vos
347 2695 558 2759 ditavit,
581 2701 643 2750 ut
667 2707 774 2750 non
805 2689 978 2748 solum
1008 2688 1084 2755 hi,
1115 2688 1314 2759 quibus
1332 2686 1562 2742 liberum
1584 2694 1827 2740 vestrum

223 2785 472 2860 quotidie
497 2780 904 2841 serenissimum
932 2776 1249 2850 conspicere
1272 2773 1505 2839 vultum,
1535 2772 1829 2844 purissimo

225 2885 431 2934 vestrae
477 2873 758 2945 sapientiae
808 2869 959 2927 fonte
992 2868 1104 2925 sint
1141 2863 1363 2933 refecti,
1394 2865 1488 2921 sed
1517 2864 1681 2920 etiam
1732 2862 1826 2933 qui

225 2969 392 3040 longe
413 2966 631 3038 lateque
646 2979 677 3020 a
702 2971 884 3021 vestra
909 2957 1202 3032 praseutia
1232 2965 1361 3014 sunt
1388 2954 1602 3020 remoti,
1627 2953 1829 3009 vestris

227 3047 532 3130 rumigeris'
545 3054 792 3111 moribus
814 3061 870 3109 et
893 3047 1348 3109 excellentissimo
1367 3055 1563 3103 vestra:
1587 3044 1829 3101 scientia:

228 3147 438 3205 lumine
461 3144 759 3202 radiantur.

303 3237 512 3295 Idcirco
538 3249 608 3291 ex
637 3233 872 3290 diversis
899 3230 1086 3288 mundi
1123 3227 1373 3304 partibus
1421 3236 1478 3284 et
1521 3225 1828 3300 generatio-

231 3327 398 3385 nibus
448 3333 638 3381 vestra
667 3324 857 3386 etiam,
904 3319 1255 3376 serenissima
1297 3317 1573 3389 Auguste,
1623 3318 1827 3388 pietate

227 3427 467 3476 vocante
513 3411 940 3472 innumerabiles
981 3410 1051 3466 ad
1096 3424 1196 3466 vos
1225 3407 1466 3480 quotidie
1496 3417 1830 3464 concurrunt

228 3510 438 3586 populi,
461 3522 599 3580 quos
633 3512 820 3562 vestra
871 3500 1068 3575 regalis
1113 3501 1421 3572 benignitas
1455 3499 1724 3554 latissimo
1772 3507 1830 3554 et

230 3600 633 3674 gloriosissimo
664 3596 790 3652 sinu
818 3594 1111 3665 recipiens,
1150 3592 1207 3647 in
1236 3591 1468 3664 spiritali
1521 3600 1578 3647 et
1617 3591 1827 3646 liberali

231 3694 458 3751 erudire
494 3704 607 3748 non
632 3696 811 3746 cessat
837 3687 1106 3753 scientia;
1164 3686 1372 3742 idcirco
1406 3693 1601 3740 vestra:
1629 3686 1831 3756 glorio-

231 3786 467 3844 sissima:
487 3790 545 3840 et
566 3778 1029 3852 tranquillissima
1055 3777 1440 3834 dominationis
1467 3775 1658 3832 titulus
1684 3776 1829 3831 nulla

231 3885 421 3944 mtate,
447 3874 594 3932 nulla
619 3874 789 3931 etiam
830 3877 1101 3926 vetustate
1143 3869 1413 3935 abolente,
1443 3869 1500 3923 in
1537 3868 1831 3925 universali

235 3970 485 4031 manebit
507 3964 752 4023 Ecclesia
783 3981 798 4018 :
825 3963 954 4035 quia
975 3961 1077 4019 sub
1101 3960 1406 4031 iustissimo
1432 3969 1626 4016 vestrae
1657 3960 1832 4015 domi-

237 4060 480 4121 nationis
505 4056 734 4129 imperio
760 4053 908 4109 nulla
952 4054 1008 4109 in
1053 4067 1120 4107 ea
1147 4050 1322 4118 fraus,
1367 4051 1516 4106 nulla
1562 4065 1834 4121 perverse

234 4153 505 4212 doctrinae
525 4148 799 4222 suggestio
819 4149 989 4203 latere
1005 4146 1176 4212 valet;
1204 4145 1299 4202 sed
1337 4160 1530 4201 omnes
1547 4145 1833 4200 orthodoxi

238 4251 423 4300 vestra
443 4238 872 4297 luculentissima
898 4235 1264 4292 admonitione
1288 4235 1557 4300 instructi,
1585 4243 1834 4290 sanctam

240 4335 569 4394 catholicam
596 4339 654 4388 et
677 4329 1032 4403 apostolicam
1061 4327 1336 4399 sequendo
1378 4341 1447 4382 ac
1494 4325 1835 4382 defendendo

241 4428 429 4495 tidem,
468 4425 653 4481 divino
678 4433 944 4478 vocantur
978 4415 1183 4494 [Forte,
1226 4417 1443 4491 vacant]
1469 4419 1658 4474 cultui.
1690 4419 1836 4475 Inter

237 4534 381 4592 quos
401 4533 504 4589 ego
530 4516 760 4587 exiguus
783 4520 1090 4568 vestrorum
1106 4510 1358 4567 videlicet
1385 4510 1710 4566 famulorum
1739 4528 1838 4567 ex-

239 4622 454 4669 tremus
477 4611 545 4665 dc
575 4605 922 4680 processione
944 4612 1001 4660 et
1035 4602 1296 4660 missione
1333 4601 1572 4676 Spiritus
1598 4605 1772 4659 sancti
1803 4620 1834 4659 a

239 4703 407 4760 Patre
427 4708 487 4757 et
514 4698 683 4765 Filio;
711 4704 766 4752 et
801 4694 871 4752 de
892 4709 986 4761 eo,
1001 4695 1147 4766 quod
1169 4693 1313 4750 idem
1344 4693 1582 4764 Spiritus
1607 4704 1835 4751 sanctus

241 4794 424 4853 Patris
441 4801 499 4850 et
516 4789 636 4846 lt'ilii
666 4788 721 4844 in
751 4787 922 4844 sacris
940 4784 1305 4842 voluminibus
1318 4791 1545 4841 vocatur
1558 4783 1828 4856 Spiritus:

242 4888 426 4948 sancti
457 4886 624 4943 etiam
644 4878 922 4954 Evangelii
947 4887 1005 4937 et
1024 4880 1306 4935 beatorum
1345 4877 1569 4933 Patrum
1600 4878 1840 4934 auctori-

1924 2129 2115 2195 refert,
2160 2129 2446 2185 Dominum
2493 2137 2739 2186 nostrum
2774 2127 2960 2186 Iesum
2999 2130 3276 2189 Christum
3315 2151 3382 2191 eo
3417 2136 3509 2194 die

1924 2237 2035 2292 quo
2062 2231 2456 2293 resurrexerat,
2493 2222 2548 2277 id
2592 2229 2695 2288 est,
2737 2222 2824 2278 die
2865 2223 3143 2280 Dominica
3167 2225 3371 2283 clausis
3417 2227 3511 2299 ja-

1925 2314 2051 2368 nuis
2076 2313 2145 2370 ad
2173 2328 2301 2370 suos
2344 2314 2598 2371 introisse
2643 2314 2936 2386 apostolos,
2978 2327 3033 2371 et
3071 2315 3276 2374 dixisse
3311 2321 3397 2376 eis
3423 2337 3508 2377 sev

1925 2401 2104 2457 eundo
2151 2420 2165 2457 :
2221 2400 2342 2459 Pax
2381 2403 2541 2469 vobis,
2593 2413 2649 2458 et
2698 2405 2944 2461 intulisse
2985 2424 2997 2460 :
3057 2405 3205 2463 Sicut
3252 2389 3395 2465 misit
3434 2429 3517 2468 me

1928 2492 2110 2562 Pater,
2139 2505 2188 2550 et
2213 2511 2308 2568 ego
2337 2497 2487 2552 mitto
2521 2514 2629 2552 ros.
2663 2496 2779 2554 Hoc
2806 2515 2924 2552 eum
2949 2498 3188 2566 dixisset,
3236 2501 3517 2575 insufflauit

1925 2595 1974 2640 et
1994 2586 2130 2643 dixit
2158 2589 2233 2644 eis
2279 2601 2299 2641 :
2342 2587 2576 2659 Accipite
2601 2585 2856 2660 Spiritum
2879 2601 3142 2659 sanctum,
3172 2609 3396 2663 quorum
3435 2610 3518 2649 τεο

1926 2679 2176 2734 miseritis
2220 2691 2458 2752 peccata,
2497 2681 2831 2736 remittuntur
2851 2682 2948 2749 eis,
2974 2695 3020 2737 et
3049 2701 3271 2756 quorum
3299 2687 3522 2743 retinue-

1927 2770 2066 2835 ritis,
2096 2779 2293 2825 retenta
2318 2779 2493 2826 erunt.
2544 2770 2699 2839 Quod
2735 2772 2900 2844 igitur
2930 2775 3205 2844 promisit,
3240 2776 3518 2849 expletum

1926 2875 2074 2928 esse,
2105 2871 2165 2917 ut
2211 2863 2266 2918 in
2311 2863 2549 2920 Actibus
2585 2864 2899 2922 declaratur
2944 2869 3337 2938 apostolorum,
3383 2870 3520 2944 legi-

1925 2967 2082 3008 mus:
2108 2953 2308 3028 Περιαὶ
2330 2965 2452 3011 sunt
2476 2958 2616 3012 enim
2639 2973 2816 3013 omnes
2841 2960 3068 3032 apostoli
3092 2959 3293 3032 Spiritu
3315 2973 3519 3031 saneto.

1925 3054 1976 3100 et
2004 3059 2264 3118 ceperunt
2291 3048 2436 3122 loqtd
2459 3050 2582 3106 aliis
2611 3051 2830 3124 linguis,
2858 3065 3016 3125 prout
3050 3055 3279 3128 Spiritus
3307 3068 3520 3116 sanctas

1925 3135 2089 3190 dabat
2117 3137 2289 3211 eloqui
2314 3141 2388 3196 eis
2419 3140 2559 3212 (Act.
2590 3158 2653 3210 ιι,
2682 3143 2761 3214 4).

1995 3226 2143 3284 Idem
2190 3244 2408 3304 quoque
2453 3231 2646 3290 beatus
2689 3232 2927 3293 Joannes
2962 3240 3294 3311 evangelista
3333 3243 3388 3300 iu
3416 3260 3518 3303 sua

1929 3318 2171 3389 Epistola
2207 3318 2418 3396 [quam]
2468 3324 2536 3380 de
2573 3323 2669 3380 Dei
2706 3335 2762 3382 et
2794 3329 3026 3400 proximi
3062 3331 3350 3392 dilectione
3390 3352 3520 3394 con-

1932 3410 2174 3481 scripsit,
2197 3427 2278 3468 m
2306 3422 2537 3470 testatur
2564 3418 2800 3488 capitulo
2833 3418 3036 3493 [Νυηε.
3067 3423 3087 3478 1
3127 3422 3283 3482 Joan.
3309 3444 3392 3497 Ill,
3422 3430 3518 3499 23.

1928 3502 2043 3576 24],
2095 3507 2239 3574 quod
2267 3507 2576 3579 unigenitus
2604 3509 2700 3564 Dei
2741 3511 2912 3568 Filius
2953 3513 3217 3584 Spiritum
3268 3531 3516 3579 sanctum

1931 3596 2045 3652 suis
2071 3596 2215 3652 dedit
2254 3599 2532 3668 apostolis,
2561 3617 2669 3670 quo
2695 3602 2810 3672 ipse
2840 3605 2895 3658 in
2917 3604 2999 3661 eis
3028 3620 3296 3678 maneret,
3323 3621 3380 3668 et
3415 3614 3521 3686 ipsi

1931 3687 1986 3742 in
2013 3704 2100 3754 eo,
2136 3690 2277 3745 sicut
2304 3691 2445 3747 idem
2472 3691 2710 3750 Joannes
2734 3697 3011 3767 apostolus
3047 3700 3282 3759 allirmat
3325 3705 3399 3760 ita
3440 3707 3529 3764 dio-

1930 3795 2063 3837 cens
2096 3799 2109 3836 :
2149 3780 2266 3838 Hoc
2303 3794 2380 3839 est
2419 3787 2731 3844 mandatum
2770 3791 2892 3857 Dei,
2923 3803 2981 3848 ut
3010 3795 3287 3854 credamus
3325 3801 3381 3856 in
3420 3819 3520 3858 no-

1930 3874 2071 3927 mine
2099 3872 2228 3929 Filii
2252 3877 2368 3947 cjus
2397 3877 2528 3933 Iesu
2554 3877 2772 3947 Christi,
2799 3893 2848 3937 et
2868 3883 3153 3956 diligamus
3181 3888 3519 3965 alterutrum,

1931 3965 2066 4018 sicut
2094 3966 2238 4020 dedit
2278 3969 2589 4025 mandatum
2615 3972 2783 4028 nobis.
2834 3974 2902 4030 Et
2935 3979 3026 4048 qui
3058 3991 3232 4035 servat
3265 3983 3521 4041 mandata

1933 4061 2073 4131 ejus,
2101 4061 2156 4116 in
2184 4061 2277 4118 illo
2304 4078 2513 4133 manet,
2545 4075 2594 4122 et
2621 4067 2734 4140 ipse
2773 4069 2829 4124 iu
2865 4087 2945 4135 eo,
2985 4083 3036 4127 et
3082 4076 3139 4130 in
3179 4077 3279 4131 hoc
3303 4079 3519 4146 scimus,

1930 4154 2182 4223 quoniam
2237 4165 2411 4210 manet
2471 4158 2526 4211 in
2582 4158 2729 4214 nobis
2779 4160 2844 4215 de
2889 4159 3093 4234 Spiritu
3118 4204 3135 4230 ,
3180 4182 3334 4238 quem
3375 4167 3525 4224 dedit

1934 4242 2104 4298 nobis.

2005 4332 2115 4389 Leo
2156 4347 2182 4377 ι
2241 4352 2460 4408 quoque
2514 4354 2651 4411 papa
2724 4342 3209 4402 reverendissimus
3262 4346 3524 4408 Romana:

1932 4427 2087 4482 urbis
2113 4427 2356 4497 pontifex
2397 4427 2689 4487 Dominum
2725 4442 2970 4490 nostrum
3010 4433 3194 4492 Iesum
3220 4437 3520 4510 Christum,

1936 4516 2198 4587 Spiritum
2240 4529 2489 4576 sanetum
2528 4521 2602 4579 ab
2640 4526 3110 4594 eoprocedentem
3139 4528 3269 4585 llatu
3300 4546 3421 4598 suo,
3460 4541 3523 4588 ut

1934 4608 2127 4664 beatus
2173 4605 2410 4667 Joannes
2453 4613 2510 4668 In
2555 4617 2874 4689 praescripto
2916 4619 3192 4692 Evangelii
3234 4625 3317 4680 sui
3357 4624 3526 4684 refert

1936 4701 2194 4773 capitulo,
2247 4703 2509 4774 apostolis
2543 4707 2782 4774 dedisse,
2828 4711 2972 4766 sicut
3005 4711 3060 4767 in
3107 4716 3362 4785 synodica
3410 4719 3526 4790 epi-

1934 4793 2077 4849 stola
2099 4833 2116 4860 ,
2143 4808 2305 4864 quam
2333 4793 2593 4862 Flaviano
2625 4798 3034 4874 archiepiscopo
3071 4802 3526 4882 Constantinopo-

1935 4887 2109 4944 litano
2146 4888 2397 4958 scripsit,
2436 4897 2672 4946 testatur
2698 4893 2886 4951 dicens
2925 4913 2940 4950 :
2995 4915 3014 4950 t
3054 4896 3309 4957 Dominus
3351 4915 3531 4961 noster

247 4990 419 5039 tatem
455 4984 677 5034 secutus
710 4986 963 5045 parvum,
989 4970 1287 5027 secundum
1314 4977 1511 5026 vestra:
1538 4969 1842 5026 sublimita-

247 5075 322 5130 tis
338 5070 662 5144 iussionem,
699 5063 997 5134 conscripsi
1020 5061 1283 5118 libellum.

755 5194 985 5255 CAPUT
1028 5194 1319 5253 PRIMUM.

254 5345 333 5405 De
358 5362 442 5411 eo,
466 5347 606 5417 quod
633 5337 866 5412 Spiritus
1154 5350 1190 5388 a
1230 5329 1392 5388 Patre
1440 5329 1686 5405 Filioque
1725 5350 1846 5405 pro-

1938 4978 2097 5034 Jcsus
2125 4978 2366 5035 Christus
2407 4990 2524 5052 post
2554 4985 2982 5042 resurrectionem
3021 5005 3174 5046 suam
3217 4991 3414 5049 clausis
3434 4997 3528 5068 ja-

1941 5067 2062 5122 nuis
2087 5085 2151 5124 ac
2179 5069 2467 5141 discipulos
2505 5086 2631 5128 suos
2663 5073 2947 5143 introibat,
2978 5087 3032 5133 et
3074 5081 3208 5150 ﬂatu
3234 5099 3330 5139 suo
3367 5067 3530 5144 dabat

1941 5154 2198 5230 Spiritum
2242 5170 2483 5217 sanctum
2505 5203 2522 5230 ,
2567 5173 2618 5219 et
2667 5165 2866 5223 donato
2921 5169 3282 5244 intelligentia:
3329 5174 3533 5238 lamina

1940 5259 2249 5307 sanctarum
2279 5250 2674 5323 Scripturan
2699 5257 2904 5313 occulta
2925 5263 3208 5331 pandebat.
3254 5285 3274 5321 ι

2015 5340 2215 5398 Beatus
2238 5357 2454 5415 quoque
2476 5342 2771 5418 Gregorius
2794 5349 2823 5389 δ
2850 5348 3244 5421 Nazianzenus,
3276 5356 3362 5415 vel
3392 5358 3544 5436 Nys-

1945 5448 2110 5491 senus
2135 5437 2420 5507 episcopus
2439 5438 2839 5497 eruditissimus
2865 5443 3170 5502 divinorum
3198 5449 3533 5510 voluminum

330 5549 391 5608 In
413 5547 593 5605 verbis
636 5543 782 5602 enim
829 5541 1003 5598 sancti
1029 5537 1339 5609 Evangelii,
1371 5546 1433 5592 et
1468 5537 1522 5593 in
1572 5538 1848 5609 synodicis
1944 5525 2298 5599 InveStigator
2343 5528 2398 5585 in
2427 5529 2683 5597 homilia,
2732 5547 2894 5603 quam
2923 5535 2989 5590 de
3019 5538 3249 5594 adventu
3296 5539 3537 5614 Spiritus

255 5645 544 5700 beatorum
571 5637 796 5692 Patrum
824 5631 1090 5704 epistolis,
1119 5638 1175 5686 et
1203 5630 1256 5684 in
1293 5628 1479 5684 multis
1506 5629 1846 5683 eruditorum
1948 5634 1971 5674 ε

1820 5643 1846 5682 ιι
1948 5617 2125 5674 sancti
2152 5633 2316 5689 super
2343 5621 2616 5690 apostolos
2642 5625 2981 5695 conscripsit,
3023 5629 3211 5685 eodem
3237 5648 3396 5689 sensu
3423 5648 3536 5705 quo

257 5736 314 5791 in
337 5729 567 5804 spiritali
613 5726 837 5784 scientia
866 5726 1108 5781 virorum
1137 5722 1291 5779 libris
1331 5719 1617 5776 manifeste
1664 5719 1846 5777 decla-
1947 5722 2005 5769 et
2028 5709 2141 5804 Leo
2164 5726 2302 5785 papa
2319 5715 2579 5804 exposuit
2603 5732 2618 5768 :
2647 5715 2926 5804 praefatum
2956 5720 3230 5791 Evangelii
3259 5738 3537 5796 exprmens

259 5802 440 5891 ratur,
469 5821 705 5894 Spiritus
732 5826 976 5886 sanctus,
1004 5816 1098 5888 qui
1135 5815 1301 5871 unius
1345 5811 1696 5884 ejusdemque
1723 5828 1850 5868 cum
1949 5803 2244 5877 capitulum
2274 5803 2538 5871 aﬂirmat,
2578 5805 2722 5876 quod
2753 5802 3003 5865 Salvator
3045 5821 3231 5869 noster
3267 5814 3537 5887 Spiritum

2023 5941 2053 5982 ι»
2109 5939 2346 6018 Sanetus
2397 5938 2697 6018 Gregorius
2746 5939 3116 6003 Nazianzenus
3165 5947 3412 6007 fortassis
3461 5964 3538 6011 ex

333 5973 360 6003 α
403 5960 513 6016 Leo
543 5973 691 6030 papa_
711 5958 768 6030 in
795 5954 988 6014 concil.
1034 5952 1312 6021 Chalced.,
1346 5958 1478 6007 tom.
1521 5947 1587 6005 IV
1615 5945 1843 6004 Collect.

1953 6021 2093 6071 orat.
2126 6011 2215 6080 M,
2253 6026 2403 6067 nunt.
2437 6009 2525 6064 t7;

259 6030 458 6098 Coleti,
487 6027 791 6103 pansas.
