4346 6624
724 309 790 365 67
1576 306 1638 364 Β.
1680 306 1742 363 F.
1783 307 2008 364 ALBINI
2049 305 2179 364 εει]
2220 305 2498 362 ALlelNI
2538 305 2826 366 OPERUM
2865 305 3050 362 PARS
3087 305 3174 361 lli.
3949 298 4019 352 68

725 435 974 484 sanctum
1002 422 1259 495 apostolis
1287 422 1434 479 dedit
1463 420 1784 480 insulllando
1806 423 1860 478 in
1883 438 2074 481 eorum
2096 421 2307 478 faciem.
2325 426 2389 494 ,Α
2418 431 2560 486 cata,
2592 421 2933 478 remittuntur
2975 421 3074 486 eis,
3103 429 3150 476 et
3179 434 3406 491 quorum
3445 419 3788 480 minuentis,
3823 423 4020 469 retenta

725 517 864 576 Hinc
885 518 1000 590 ipse
1020 517 1313 590 Gregorius
1335 515 1465 573 dicit
1497 534 1509 569 :
1535 514 1786 587 Spiritus
1796 526 2020 573 sanctus
2038 515 2318 588 discipulis

723 609 928 669 Christi
957 625 1063 666 non
1105 609 1281 666 solum
1305 608 1649 679 cooperando
1687 608 1904 674 aderat,
1932 623 2124 668 verum
2151 607 2317 664 etiam

725 702 945 760 deitatis
987 709 1256 772 potestate
1302 708 1466 771 atque
1513 701 1837 756 auctoritate
1875 707 2071 755 cuncta
2102 699 2320 770 dispen-

723 809 872 850 sans.
894 791 1082 850 Adfuit
1104 792 1273 864 igitur
1289 792 1454 847 etiam
1484 791 1569 846 his
1591 793 1771 854 tertio,
1792 799 1952 861 prout
1974 807 2099 847 eum
2123 803 2319 860 capere

722 892 996 961 poterant,
1025 893 1332 956 temporum
1353 897 1568 954 quoque
1597 881 1946 938 distinctione
1977 890 2192 937 servata
2219 899 2231 934 :
2264 881 2320 936 id

722 990 827 1047 est,
857 988 983 1035 ante
1015 978 1324 1051 passionem
1352 976 1588 1040 Christi,
1625 985 1681 1030 et
1705 985 1828 1048 post
1847 975 2318 1042 resurrectionem

721 1070 843 1143 ejus
867 1071 1090 1137 iterum,
1137 1069 1298 1124 tertio
1332 1068 1496 1124 etiam
1523 1075 1648 1138 post
1674 1065 2066 1122 Ascensioncm
2096 1067 2165 1120 ad
2207 1077 2320 1119 caa-

721 1161 823 1221 los.
851 1163 921 1219 Et
939 1162 1128 1234 prima:
1149 1160 1368 1230 quidem
1397 1158 1515 1228 ejus
1551 1157 1852 1229 praesentia:
1887 1156 2144 1212 virtutem
2173 1155 2317 1210 indi-

719 1261 850 1310 cant
885 1253 1075 1327 gratim
1118 1251 1415 1308 sanitatum
1437 1290 1454 1316 ,
1486 1258 1543 1305 et
1589 1249 1841 1321 purgatio
1871 1257 2035 1317 atque
2064 1246 2320 1319 etlugatio

719 1344 1023 1404 damonum
1047 1358 1119 1398 ex
1143 1342 1477 1408 hominibus,
1509 1356 1674 1412 quam
1695 1341 1883 1411 utique.
1911 1357 2018 1396 non
2046 1341 2166 1396 sine
2195 1354 2322 1394 san-

719 1445 808 1495 cto
836 1435 1040 1509 Spiritu
1069 1435 1296 1506 apostoli
1341 1435 1733 1506 procurabant.
1783 1435 1924 1490 Tum
1951 1435 2149 1492 deinde
2197 1443 2323 1505 post

719 1527 1176 1583 resurrectionem
1199 1525 1484 1581 manifeste
1506 1525 1639 1591 dicit
1659 1524 1914 1590 Salvator
1933 1527 2002 1582 ad
2027 1527 2321 1597 discipulos

716 1633 850 1677 suos
879 1635 895 1675 :
927 1619 1160 1692 Accipite
1181 1615 1441 1690 Spiritum
1471 1627 1733 1683 sanctum,
1764 1626 1815 1672 et
1842 1619 2124 1688 insuﬂlavit
2146 1619 2201 1671 in
2237 1618 2321 1688 fa-

717 1715 850 1769 ciem
876 1729 1056 1770 eorum
1105 1709 1291 1785 (Joan.
1347 1725 1440 1777 xx,
1485 1709 1599 1780 22).
1631 1709 1820 1765 Tertio
1850 1725 1984 1764 vero
2015 1709 2073 1764 in
2119 1709 2318 1780 linguis

716 1806 896 1879 igneis
919 1803 1115 1862 adluit.

787 1895 1023 1956 Sanctus
1061 1909 1277 1967 quoque
1323 1892 1692 1967 Hieronymus
1736 1907 1763 1936 ι
1817 1895 2072 1968 egregius
2120 1895 2320 1950 divinae

713 1993 849 2065 legis
875 1992 1177 2062 interpres,
1204 1997 1261 2043 et
1284 2002 1448 2058 sagax
1475 1985 1686 2058 praelati
1717 1985 1898 2042 Patris
1929 1986 2180 2060 Gregorii
2208 1987 2320 2044 dis-

715 2087 946 2161 cipulus,
985 2084 1362 2158 pratscriptum
1410 2082 1687 2154 Evangelii
1724 2082 2023 2141 secundum
2051 2079 2317 2137 Joannem

713 2180 907 2236 eodem
961 2192 1126 2234 sensu
1179 2189 1458 2246 exponens
1517 2173 1816 2245 capitulum
1869 2181 2120 2238 testatur,
2173 2174 2319 2245 quod

715 2269 970 2326 Salvator
997 2276 1187 2324 noster
1219 2265 1488 2338 Spiritum
1528 2273 1782 2322 sanctum
1810 2266 1878 2320 ab
1901 2280 1967 2320 eo
1996 2265 2164 2320 etiam
2191 2279 2344 2336 pro»

717 2365 996 2421 cedentem
1023 2369 1148 2434 post
1167 2359 1623 2415 resurrectionem
1647 2371 1804 2412 suam
1825 2355 1958 2412 ﬂatu
1982 2371 2082 2412 suo
2103 2365 2322 2428 aposto-

711 2455 780 2514 lis
807 2455 994 2518 dedit;
1019 2452 1163 2508 sicut
1181 2461 1292 2506 tam
1322 2449 1626 2521 inepistola
1655 2463 1822 2519 quam
1853 2449 1923 2503 ad
1948 2448 2232 2504 Hedibiam
2253 2448 2321 2504 de

715 2547 1000 2606 duodecim
1028 2545 1252 2616 scripsit
1270 2543 1684 2616 quaestionibus,
1728 2539 1988 2606 allirmat,
2019 2548 2212 2595 octavo
2243 2540 2320 2594 ita

715 2641 900 2698 dicens
943 2637 1220 2712 capitulo:
1258 2655 1278 2691 ι
1307 2637 1591 2704 Quomodo
1622 2635 1874 2692 Salvator
1902 2643 2090 2693 noster
2120 2650 2322 2689 secun-

717 2732 843 2789 dum
865 2728 1400 2786 Joanneminsulllat
1439 2725 1706 2798 Spiritum
1734 2733 1985 2782 sanctum
2009 2726 2064 2780 in
2097 2734 2321 2796 aposto-

713 2821 818 2888 los,
842 2831 900 2878 et
926 2819 1223 2876 secundum
1249 2817 1455 2874 Lucam
1479 2823 1602 2881 post
1616 2815 1992 2871 ascensionem
2020 2813 2322 2868 missurum

717 2928 833 2972 esse
861 2913 1027 2970 dicit?
1074 2911 1247 2983 Hujus
1275 2910 1594 2982 quaestionis
1614 2907 1887 2981 perfacilis
1909 2907 2107 2962 solutio
2136 2913 2240 2970 est,
2272 2904 2323 2961 si

716 3009 941 3068 docente
980 3006 1224 3079 apostolo
1253 3004 1422 3061 Paulo
1448 3004 1692 3075 Spiritus
1716 3002 1893 3058 sancti
1919 3002 2167 3057 diversas
2191 3013 2318 3072 gra-

716 3103 818 3160 tias
845 3102 1179 3160 noverimus.
1231 3099 1464 3170 Scripsit
1492 3096 1656 3170 756
1683 3096 1830 3152 enim
1880 3096 1937 3151 in
1983 3094 2162 3164 prima
2197 3093 2319 3164 Epi-

2422 529 2573 569 crunt
2605 516 2788 583 (Joan.
2839 529 2934 580 xx,
2976 513 3188 586 21-25).
3218 511 3402 568 Primo
3446 512 3612 583 igitur
3655 510 3744 564 die
3777 522 4025 564 resurre-

2420 606 2618 662 ctionis
2641 605 2759 675 ejus
2800 612 3130 675 acceperunt
3153 601 3388 674 Spiritus
3415 601 3591 657 sancti
3631 599 3886 666 gratiam,
3909 612 4024 669 qua

2419 707 2644 768 peccata
2673 698 3029 764 dimitterent,
3059 705 3114 751 et
3155 695 3521 766 baptizarent,
3549 702 3604 748 et
3632 691 3773 748 lilios
3813 692 3907 747 Dei
3938 690 4027 747 fa-

2421 797 2627 853 cerent,
2662 797 2718 844 et
2758 788 3010 858 spiritum
3040 787 3347 858 adoptionis
3370 785 3720 840 credentibus
3749 783 4020 856 largiren-

2423 891 2511 938 tur
2537 883 2651 955 ipso
2676 881 2960 938 Salvatore
2983 881 3202 936 dicente
3237 897 3249 933 :
3292 878 3531 944 Quorum
3572 877 3876 932 remiseritis
3901 893 4023 948 pec-

2420 985 2565 1042 cata,
2594 977 2935 1031 remittuntur
2961 975 3056 1028 eis.
3093 975 3189 1029 Die
3211 980 3392 1028 autem
3422 971 3772 1028 Pentecostes
3797 971 3879 1030 eis
3902 988 4026 1026 am-

2419 1067 2560 1138 plius
2591 1066 2978 1137 repromissum
3002 1073 3107 1130 est,
3136 1073 3198 1119 ut
3222 1065 3633 1134 baptizarentnr
3658 1062 3863 1134 Spiritu
3893 1077 4024 1118 san—

2395 1170 2534 1227 ‘cto,
2579 1169 2636 1216 et
2663 1160 3018 1215 induerentur
3043 1159 3245 1213 virtute
3287 1173 3392 1227 qua
3428 1155 3632 1213 Christi
3666 1157 4023 1229 Erangelium

2421 1255 2636 1312 cunctis
2681 1255 2933 1326 gentibus
2974 1252 3361 1324 pnedicarent,
3401 1249 3556 1320 juxta
3595 1251 3725 1306 illud
3771 1252 3916 1321 quod
3967 1252 4024 1307 in

2421 1348 2761 1420 sexagesimo
2790 1346 3022 1418 septimo
3048 1345 3260 1416 psalmo
3290 1343 3521 1414 legimus
3548 1361 3561 1396 :
3590 1342 3850 1398 Dominus
3870 1343 4023 1398 dabit

2421 1441 2632 1497 uerbum
2660 1437 3143 1509 euangelizantibus
3172 1438 3415 1492 virtutem
3457 1435 3682 1490 multum
3723 1433 3880 1506 [Legi
3920 1436 4029 1490 nir-

2421 1544 2530 1590 tute
2554 1531 2741 1606 multa]
2782 1531 2956 1604 (Psal.
2987 1546 3196 1596 Lxxvn,
3237 1529 3347 1600 ii),
3375 1537 3435 1583 ut
3463 1528 3730 1584 baberent
3752 1528 4029 1598 operatio-

2421 1643 2547 1684 nem
2573 1627 2856 1691 virtutum,
2884 1635 2942 1680 et
2979 1625 3208 1697 gratiam
3239 1623 3556 1686 sanitatum,
3585 1630 3644 1677 et
3670 1621 4026 1692 prmdicaturi

2421 1719 2606 1776 multis
2633 1719 2883 1791 gentibus
2911 1718 3225 1788 acciperent
3252 1729 3450 1788 genera
3483 1715 3813 1786 linguarum.
3849 1730 3868 1766 ι

2349 1799 2396 1859 Β
2493 1812 2694 1866 Beatus
2735 1824 2951 1881 quoque
2979 1817 3038 1863 et
3074 1807 3401 1862 venerabilis
3441 1807 3727 1876 episcopus
3771 1805 4030 1876 Augusti-

2422 1921 2525 1962 nus
2555 1905 2605 1970 δ,
2635 1905 2702 1960 de
2743 1917 2854 1974 quo
2901 1901 3065 1973 paulo
3100 1908 3229 1955 ante
3271 1897 3502 1970 praelati,
3558 1909 3747 1953 sumus
3791 1896 4030 1952 allirmat

2420 1997 2566 2068 quod
2595 2003 2818 2051 sanctus
2861 1991 3100 2048 Joannes
3143 1992 3198 2045 in
3229 2007 3294 2044 eo
3335 1989 3573 2059 capitulo
3601 1988 3654 2042 in
3693 2002 3802 2060 quo
3844 1987 4026 2044 dixit:

2421 2087 2744 2162 Insuﬂlavit,
2785 2094 2842 2141 et
2865 2084 3096 2156 Accipite
3121 2081 3380 2155 Spiritum
3412 2090 3675 2145 sanctum,
3724 2081 4032 2152 processio-

2422 2193 2546 2235 nem
2576 2177 2812 2250 Spiritus
2837 2175 3011 2231 sancti
3043 2189 3072 2229 a
3102 2174 3266 2230 Patre
3291 2185 3346 2229 et
3375 2173 3511 2228 Filio
3536 2183 3724 2244 aperte
3763 2173 4027 2238 declarat,

2421 2277 2564 2330 sicut
2613 2273 2668 2328 in
2703 2271 3046 2343 expositione
3094 2269 3374 2339 Evangelii
3425 2267 3726 2323 secundum
3762 2265 4032 2323 Joannem

2422 2374 2652 2422 testatur
2674 2365 2868 2420 dicens
2902 2381 2918 2416 :
2959 2380 2977 2414 ‹
3016 2359 3164 2416 Sicut
3193 2361 3335 2414 misit
3367 2375 3448 2414 me
3471 2355 3658 2423 Pater,
3683 2368 3733 2412 et
3757 2374 3851 2429 ego
3877 2358 4033 2413 mitto

2421 2476 2544 2526 vos;
2579 2460 2670 2516 hic
2712 2473 2836 2514 esse
2877 2459 3115 2513 medium
3158 2453 3399 2511 ostendit
3423 2455 3660 2510 dicendo
3690 2473 3701 2507 :
3733 2451 3834 2508 Ille
3863 2467 3950 2506 me
3973 2458 4033 2506 et

2421 2563 2514 2622 ego
2540 2566 2652 2604 vos.
2681 2547 2994 2621 lnsuﬂtwit,
3031 2556 3080 2601 et
3105 2548 3180 2600 ait
3205 2547 3282 2600 eis
3304 2559 3323 2597 :
3349 2545 3582 2614 Accipite
3609 2543 3873 2612 Spiritum
3901 2558 4033 2596 san-

2421 2651 2562 2698 etum
2591 2641 2776 2714 (Joan.
2805 2655 2896 2707 xx,
2919 2641 3034 2714 Ἦ).
3060 2638 3384 2695 Insulﬂando
3407 2637 3740 2709 signiﬁcavit
3765 2635 4032 2708 Spiritum

2422 2742 2674 2792 sanctum
2706 2749 2811 2790 non
2855 2735 3030 2789 Patris
3061 2733 3233 2788 solius
3253 2744 3380 2787 csso
3424 2730 3712 2800 Spiritum,
3743 2729 3837 2784 sed
3869 2742 4031 2785 suum

2425 2823 2584 2900 [.ittg.
2620 2825 2715 2882 sed
2756 2834 2814 2880 et
2836 2823 3041 2896 suum].
3077 2824 3317 2890 Quorum
3349 2822 3662 2876 rentiserttis
3683 2830 3921 2891 percara,
3952 2833 4034 2874 re-

2422 2922 2703 2973 mittuntur
2727 2918 2836 2982 eis;
2867 2926 2915 2971 et
2937 2932 3160 2988 quorum
3193 2915 3538 2979 retinueritis,
3573 2914 3884 2967 retinentur.
3924 2911 4034 2973 Eo-

2421 3012 2601 3067 clesize
2632 3011 2896 3077 cbaritas,
2929 3023 3052 3080 quas
3075 3023 3176 3080 per
3203 3009 3466 3080 Spiritum
3491 3018 3748 3062 sanctum
3773 3003 4034 3062 dilfundi-

2425 3111 2515 3159 tur
2545 3104 2597 3157 in
2624 3100 2878 3157 cordibus
2904 3101 3106 3156 vestris
3127 3142 3143 3167 ,
3174 3099 3505 3170 participem
3533 3109 3758 3154 suorum
3807 3106 4034 3169 peccata

715 3199 852 3256 stola
878 3198 951 3253 ad
978 3197 1335 3253 Corinthios:
1369 3193 1661 3249 Division“
1689 3193 1950 3247 donorum
1986 3199 2108 3246 sunt
2128 3230 2144 3257 ,
2178 3191 2318 3245 idem
2345 3185 2396 3253 C
2424 3194 2676 3250 dimittit:
2697 3206 2888 3249 eorum
2900 3202 3084 3248 autem
3103 3193 3196 3262 qui
3217 3204 3328 3246 non
3349 3191 3807 3260 suntparticipes,
3827 3198 4028 3246 tenet.t

713 3300 889 3345 autem
922 3287 1214 3353 Dominus;
1238 3296 1288 3341 et
1313 3285 1594 3339 divisiones
1616 3283 1981 3355 operationum
2009 3291 2158 3346 sunt,
2178 3279 2319 3335 idem

715 3391 891 3438 autem
927 3378 1088 3448 Deus,
1119 3382 1210 3450 qui
1237 3386 1486 3448 operatur
1511 3375 1692 3428 omnia
1717 3375 1774 3428 in
1805 3371 2068 3427 omnibus.
2099 3369 2322 3425 Unicui-

714 3491 815 3548 que
839 3484 1012 3528 autem
1039 3473 1203 3527 datur
1221 3469 1582 3542 manifestatio
1620 3464 1850 3539 Spiritus
1875 3463 1945 3519 ad
1972 3466 2028 3519 id
2053 3463 2194 3536 quod
2228 3481 2325 3518 exe

712 3569 872 3640 pedit.
912 3565 1017 3619 Alii
1039 3564 1251 3636 quidem
1290 3563 1451 3616 datur
1473 3575 1648 3614 sermo
1673 3558 1968 3631 sapientite,
2007 3555 2104 3610 alii
2147 3571 2323 3610 sermo

712 3661 944 3716 scientite
973 3658 1262 3714 secundum
1291 3655 1531 3710 eumdem
1579 3652 1836 3725 Spiritum
1855 3693 1868 3718 ,
1902 3650 1996 3706 alii
2023 3652 2197 3722 gratia
2227 3666 2321 3702 sa-

711 3757 937 3811 nitatum
980 3753 1035 3809 in
1066 3768 1170 3806 uno
1198 3750 1431 3822 Spiritu,
1471 3748 1570 3802 alii
1601 3747 1734 3818 [idet
1775 3747 1833 3801 in
1869 3744 2050 3800 eodem
2091 3742 2318 3815 Spiritu,

710 3851 806 3906 alii
852 3846 1088 3919 operatio
1127 3845 1410 3908 virtutum,
1451 3842 1547 3898 alii
1580 3841 1892 3914 prophetia,
1934 3837 2030 3893 alii
2067 3837 2322 3893 discretio

709 3945 1014 4018 spirituum,
1040 3939 1134 3996 alii
1161 3955 1350 4011 genera
1379 3937 1706 4007 linguarum,
1736 3933 1828 3988 alii
1861 3930 2323 4002 interpretationes

713 4050 1016 4095 sermonum
1058 4052 1076 4091 :
1127 4033 1307 4087 omnia
1359 4030 1471 4085 lucc
1515 4038 1767 4099 operatur
1808 4043 1944 4080 unus
1992 4034 2148 4096 atque
2179 4025 2322 4077 idem

714 4130 976 4202 Spiritus,
1003 4124 1243 4181 dividens
1272 4124 1555 4194 unicuique
1581 4130 1736 4194 prout
1767 4120 1872 4174 vult
1904 4117 1958 4192 (1
1983 4118 2108 4173 Cor.
2139 4133 2241 4182 xit,
2284 4116 2319 4171 4

710 4218 900 4294 scqq.).
955 4216 1100 4288 Ergo
1154 4215 1416 4271 Dominus
1478 4222 1604 4284 post
1647 4211 2109 4268 resurrectionem
2163 4225 2328 4264 suam-

711 4311 864 4385 iuxta
897 4307 1457 4379 Lueas'Evangelium
1503 4306 1761 4360 dixerat:
1807 4304 1923 4376 Ego
1947 4305 2156 4358 mittam
2195 4319 2321 4374 pro-

710 4407 1016 4462 missionem
1043 4400 1225 4457 Patris
1255 4403 1355 4456 mei
1383 4403 1439 4454 in
1469 4417 1557 4456 uos
1583 4413 1600 4452 :
1631 4417 1719 4455 vos
1747 4410 1924 4455 autem
1949 4399 2122 4454 sedete
2148 4399 2209 4453 in
2237 4400 2316 4452 ci-

710 4501 890 4564 uitate,
943 4496 1184 4568 quoadus
1197 4512 1286 4567 yue
1311 4493 1613 4548 induamini
1657 4494 1900 4548 virtutem
1926 4508 1992 4548 es
2018 4492 2128 4548 alto
2158 4491 2315 4563 (Luc.

715 4605 867 4656 xxiv,
901 4588 1019 4661 49).
1049 4587 1120 4642 Et
1141 4587 1300 4657 juxta
1326 4585 1579 4641 eumdem
1610 4585 1664 4640 in
1695 4584 2067 4656 apostolorum
2090 4583 2318 4639 Actibus

709 4692 798 4740 est
823 4682 1038 4738 locum
1069 4698 1082 4734 :
1122 4677 1382 4749 Prtrcepit
1417 4680 1496 4736 eis
1529 4678 1600 4732 ab
1643 4676 2026 4748 Hierosolymis
2054 4692 2122 4732 ne
2145 4676 2316 4730 disce-

711 4775 920 4840 derent,
943 4771 1036 4828 sed
1075 4779 1434 4842 exspectarent
1469 4769 1869 4840 promissionem
1909 4765 2110 4833 Patris,
2153 4782 2318 4840 quam

711 4867 960 4932 audistis,
981 4865 1172 4936 inquit,
1218 4879 1310 4934 per
1339 4879 1401 4917 as
1424 4878 1618 4916 meum.
1654 4860 1797 4926 Quia
1837 4859 2077 4916 Joannes
2101 4861 2314 4932 quidem

713 4960 994 5032 baptizavit
1025 4975 1186 5029 aqua,
1212 4973 1298 5011 vos
1327 4965 1502 5010 autem
1529 4953 1928 5026 baptisabimini
1955 4953 2164 5026 Spiritu
2191 4969 2314 5010 stm-

714 5064 798 5108 cto
829 5069 932 5107 non
959 5060 1075 5123 post
1104 5048 1300 5104 multos
1323 5050 1418 5103 ltos
1459 5047 1575 5102 dies
1604 5047 1744 5121 (Act.
1784 5062 1824 5113 ι,
1874 5044 1952 5116 5).
1986 5047 2222 5103 ltursum
2257 5049 2311 5104 in

715 5145 824 5202 line
848 5143 1128 5216 Evangelii
1157 5141 1456 5198 secundum
1485 5138 1754 5195 Joannem
1780 5153 1847 5196 eo
1877 5139 1966 5194 die
1997 5152 2108 5210 quo
2133 5155 2317 5195 resur-

717 5245 959 5305 rcxerat,
999 5236 1050 5293 id
1080 5245 1183 5302 est,
1230 5235 1318 5291 die
1354 5233 1638 5290 Dominica
1663 5233 1867 5290 clausis
1886 5231 2072 5302 januis
2096 5235 2162 5289 ad
2188 5245 2316 5305 apo-

719 5327 888 5385 stolos
932 5328 1185 5392 introisse
1235 5335 1512 5392 narratur,
1564 5335 1620 5382 et
1665 5325 1868 5382 dixisse
1907 5327 1986 5382 eis
2026 5328 2311 5383 secundo:

718 5419 842 5477 Pas
867 5421 1044 5488 vobis;
1072 5429 1126 5476 et
1157 5420 1408 5477 intulisse
1435 5437 1447 5474 :
1478 5418 1631 5476 Sicut
1655 5419 1802 5475 misit
1827 5434 1909 5475 me
1936 5416 2118 5485 Pater,
2147 5429 2197 5473 et
2224 5431 2318 5490 ego

719 5515 874 5570 mitto
919 5533 1028 5573 sos.
1078 5513 1193 5569 Hoc
1230 5529 1347 5568 cum
1379 5513 1620 5578 didisset,
1662 5513 1948 5584 insumatur
1981 5523 2033 5567 et
2073 5513 2208 5566 dixit
2245 5513 2320 5568 eis

721 5607 952 5678 Accipite
980 5606 1240 5678 Spiritum
1281 5615 1547 5669 metum,
1593 5617 1820 5675 auorum
1858 5606 2166 5660 remiseritis
2206 5620 2320 5675 psc-

791 5769 820 5837 s
859 5786 1090 5844 Sanctus
1120 5788 1498 5859 Hieronymus,
1529 5790 1685 5858 epist.
1719 5782 1838 5850 lilii,
1866 5801 1982 5858 cap.
2009 5787 2060 5842 9.

2492 3287 2642 3342 Idem
2670 3299 2890 3359 quoque
2912 3285 3248 3358 Augustinus
3274 3285 3328 3338 in
3360 3282 3502 3338 libro
3528 3293 3731 3354 quarto
3757 3285 3826 3338 de
3851 3281 4035 3338 Trini-

2425 3389 2532 3438 tate
2560 3423 2574 3448 ,
2618 3396 2712 3438 xx!
2748 3381 2989 3453 capitulo
3017 3380 3396 3452 praescriptum
3426 3390 3707 3448 exponens
3733 3377 4033 3447 capitulum

2424 3485 2656 3532 testatur
2675 3476 2820 3547 quod
2842 3475 3152 3548 unigenitus
3178 3472 3276 3528 Dei
3306 3471 3474 3526 Filius
3497 3471 3759 3542 Spiritum
3782 3476 4035 3524 sanctum

2423 3585 2452 3624 a
2483 3583 2542 3625 se
2572 3571 2871 3640 procedere
2899 3566 3181 3632 declarat,
3228 3564 3552 3620 lnsuﬂlando
3593 3563 3646 3616 in
3676 3559 3952 3632 apoStolos
3981 3569 4036 3615 et

2422 3663 2652 3719 dicendo
2707 3679 2720 3716 :
2773 3661 3009 3732 Arripite
3041 3657 3300 3730 Spiritum
3337 3668 3600 3712 sanciunt.
3643 3654 3780 3708 llinc
3809 3659 4036 3706 sanctus

2422 3755 2761 3827 Augustinus
2798 3754 2966 3808 dicit:
3003 3769 3024 3802 ο
3055 3751 3164 3806 Nec
3193 3763 3484 3822 possumus
3517 3749 3702 3803 dicere
3735 3745 3882 3816 quod
3907 3741 4034 3814 Spi-

2424 3851 2562 3902 ritus
2591 3855 2814 3901 sanctus
2847 3853 2902 3900 et
2951 3861 2981 3898 n
3013 3842 3152 3898 Filio
3179 3859 3287 3898 non
3333 3842 3626 3913 procedat;
3677 3851 3860 3907 neque
3885 3837 4034 3890 enim

2422 3934 2628 3991 frustra
2663 3936 2806 3990 idem
2842 3934 3080 4005 Spiritus
3105 3944 3162 3988 et
3201 3931 3384 3989 Patris
3409 3941 3464 3986 et
3487 3930 3607 3984 Filii
3641 3929 3880 4000 Spiritus
3905 3927 4037 3983 diel-

2424 4040 2531 4085 εστ.
2577 4029 2689 4084 Nec
2729 4029 2888 4084 video
2927 4026 3056 4098 quid
3095 4027 3243 4081 aliud
3272 4025 3584 4094 signiﬁcare
3609 4021 3866 4088 voluerit,
3907 4030 4032 4076 cum

2422 4122 2642 4176 sulllans
2665 4121 2772 4176 ait:
2794 4121 3028 4193 Accipite
3050 4119 3306 4191 Spiritum
3330 4125 3568 4171 sanctum
3592 4115 3774 4185 (Joan.
3799 4125 3892 4179 xx,
3914 4113 4031 4186 ἢ).

2421 4214 2609 4283 Neque
2635 4213 2780 4270 enim
2815 4211 2976 4268 ﬂatus
3005 4212 3096 4266 ille
3123 4226 3439 4283 corporeus,
3487 4223 3610 4262 eum
3651 4221 3816 4262 sensu
3841 4219 4034 4278 corpo-

2422 4307 2614 4362 raliter
2655 4306 2910 4379 tangendi
2957 4304 3259 4376 procedens
3303 4318 3368 4357 ex
3419 4315 3670 4372 corpore,
3725 4300 4033 4356 substantia

2423 4399 2660 4470 Spiritus
2683 4401 2859 4456 sancti
2891 4397 3014 4465 fuit,
3048 4397 3142 4453 sed
3171 4396 3568 4452 demenstratio
3589 4407 3687 4464 per
3726 4405 4029 4464 congruam

2423 4493 2899 4565 signiﬁcationem,
2945 4507 3054 4546 non
3087 4499 3302 4545 tantum
3329 4504 3359 4544 a
3387 4488 3573 4553 Patre,
3605 4489 3700 4543 sed
3741 4496 3797 4541 et
3823 4502 3854 4541 a
3895 4486 4033 4541 Filio

2423 4590 2720 4662 procedere
2753 4586 3018 4661 Spiritum
3050 4595 3320 4651 sanctum,
3361 4594 3512 4641 certa
3557 4593 3657 4638 est.
3703 4583 3836 4650 Quis
3885 4582 4033 4638 enim

2424 4684 2869 4740 dementissimus
2900 4681 3123 4744 dixerit,
3174 4679 3338 4733 alium
3388 4677 3556 4732 fuisse
3605 4674 3867 4746 Spiritum
3909 4689 4033 4729 san-

2421 4786 2570 4833 ctum
2591 4789 2753 4846 quem
2780 4770 3004 4829 sulﬂans
3027 4771 3195 4836 dedit,
3238 4780 3294 4825 et
3319 4769 3484 4824 alium
3506 4783 3669 4839 quem
3698 4777 3820 4838 post
3839 4779 4036 4823 ascen-

2421 4871 2631 4926 sionem
2661 4884 2815 4923 suam
2840 4866 3033 4922 misit?
3065 4864 3215 4920 Unus
3242 4865 3387 4919 enim
3419 4860 3658 4934 Spiritus
3678 4867 3762 4915 est
3791 4858 4032 4931 Spiritus

2425 4965 2518 5019 Dei
2551 4963 2785 5033 Spiritus
2827 4959 3011 5014 Patris
3063 4966 3118 5012 et
3172 4957 3318 5019 Filii,
3352 4957 3592 5025 Spiritus
3638 4963 3883 5018 sanctus,
3935 4954 4031 5024 qui

2417 5069 2676 5130 cperatur
2701 5057 2884 5111 omnia
2910 5055 2964 5110 in
2993 5053 3267 5109 omnibus.
3301 5052 3458 5119 Quod
3477 5067 3608 5123 ergo
3632 5052 3710 5104 ait
3739 5050 4027 5116 Dominus,

2416 5167 2568 5222 quem
2593 5166 2686 5221 ego
2711 5151 2912 5203 mittam
2941 5147 3081 5201 vobis
3111 5165 3143 5200 a
3185 5144 3369 5210 Patre,
3401 5145 3641 5199 Ostendit
3682 5141 3944 5215 Spiritum
3975 5154 4032 5201 σι

2419 5241 2600 5297 Patris
2626 5251 2679 5296 et
2711 5241 2849 5296 Filii.
2878 5241 3012 5308 Quia
3043 5241 3209 5294 etiam
3246 5255 3366 5294 cum
3402 5240 3646 5300 dixisset,
3687 5256 3841 5310 quem
3864 5241 4028 5293 mittet

2422 5333 2605 5396 Pater,
2653 5333 2882 5397 addidit,
2934 5335 2988 5386 in
3024 5333 3235 5384 nomine
3285 5346 3434 5395 meo;
3472 5347 3580 5385 non
3621 5339 3801 5385 tamen
3849 5333 4024 5388 dixit:

2429 5440 2580 5496 quem
2607 5426 2773 5479 mittet
2801 5424 2963 5478 Pater
2997 5438 3034 5476 α
3068 5441 3171 5489 me,
3204 5426 3661 5495 quemadmodum
3695 5425 3850 5489 dixit,
3875 5440 4028 5498 quem

2429 5531 2522 5587 ego
2551 5519 2755 5570 mittam
2796 5517 2938 5570 robii
2979 5532 3013 5568 α
3039 5513 3207 5570 Putre
3227 5530 3245 5568 :
3273 5517 3524 5572 videlicet
3547 5518 3858 5586 oskndcns,
3885 5519 4028 5589 quod

2431 5612 2594 5664 totins
2626 5609 2942 5673 dirinitatis,
2972 5608 3055 5662 vel
3083 5610 3131 5664 si
3159 5609 3354 5664 melius
3382 5609 3600 5675 dicitur,
3632 5609 3856 5666 Deitatis
3881 5613 4028 5683 prin-

2500 5785 2526 5824 δ
2575 5779 2649 5840 Ex
2679 5783 2739 5840 S.
2776 5789 2934 5859 .\ug.,
2975 5797 3133 5844 tract.
3160 5799 3284 5846 Cxxt
3317 5788 3367 5844 in
3390 5784 3571 5846 Joan..
3613 5802 3764 5845 num.
3795 5790 3882 5848 43.
