  <div class='ocr_page' id='page_1' title='image "/cluster/home/n/w/nwhite01/storage/ocr_20150623/101/umn.31951002477394h/048.png"; bbox 0 0 4346 6710; ppageno 0'>
   <div class='ocr_carea' id='block_1_1' title="bbox 199 638 266 695">
    <p class='ocr_par' dir='ltr' id='par_1_1' title="bbox 199 638 266 695">
     <span class='ocr_line' id='line_1_1' title="bbox 199 638 266 695; baseline 0 0"><span class='ocrx_word' id='word_1_1' title='bbox 199 638 266 695; x_wconf 77' lang='lat'><strong>69</strong></span> 
     </span>
    </p>
   </div>
   <div class='ocr_carea' id='block_1_2' title="bbox 948 601 2774 681">
    <p class='ocr_par' dir='ltr' id='par_1_2' title="bbox 948 601 2774 681">
     <span class='ocr_line' id='line_1_2' title="bbox 948 601 2774 681; baseline -0.014 0"><span class='ocrx_word' id='word_1_2' title='bbox 948 619 1366 681; x_wconf 68' lang='lat' dir='ltr'><strong>DOGMATICA.</strong></span> <span class='ocrx_word' id='word_1_3' title='bbox 1410 646 1479 660; x_wconf 91' lang='lat'><strong>—-</strong></span> <span class='ocrx_word' id='word_1_4' title='bbox 1516 616 1648 674; x_wconf 84' lang='lat' dir='ltr'><strong>LIB.</strong></span> <span class='ocrx_word' id='word_1_5' title='bbox 1690 613 1780 672; x_wconf 78' lang='lat' dir='ltr'><strong>DE</strong></span> <span class='ocrx_word' id='word_1_6' title='bbox 1824 603 2299 667; x_wconf 70' lang='lat' dir='ltr'><strong>PROCESSIONE</strong></span> <span class='ocrx_word' id='word_1_7' title='bbox 2340 602 2397 660; x_wconf 88' lang='lat' dir='ltr'><strong>S.</strong></span> <span class='ocrx_word' id='word_1_8' title='bbox 2440 601 2774 659; x_wconf 76' lang='lat' dir='ltr'><strong>SPIRITL&#39;S.</strong></span> 
     </span>
    </p>
   </div>
   <div class='ocr_carea' id='block_1_3' title="bbox 3414 598 3485 654">
    <p class='ocr_par' dir='ltr' id='par_1_3' title="bbox 3414 598 3485 654">
     <span class='ocr_line' id='line_1_3' title="bbox 3414 598 3485 654; baseline 0.014 -1"><span class='ocrx_word' id='word_1_9' title='bbox 3414 598 3485 654; x_wconf 75' lang='grc' dir='ltr'><strong>το</strong></span> 
     </span>
    </p>
   </div>
   <div class='ocr_carea' id='block_1_4' title="bbox 196 716 3489 829">
    <p class='ocr_par' dir='ltr' id='par_1_4' title="bbox 196 716 3489 829">
     <span class='ocr_line' id='line_1_4' title="bbox 196 716 3489 829; baseline -0.012 -20"><span class='ocrx_word' id='word_1_10' title='bbox 196 755 389 829; x_wconf 88' lang='lat' dir='ltr'><strong>cipium</strong></span> <span class='ocrx_word' id='word_1_11' title='bbox 435 749 601 808; x_wconf 83' lang='lat' dir='ltr'><strong>Pater</strong></span> <span class='ocrx_word' id='word_1_12' title='bbox 647 756 753 805; x_wconf 90' lang='lat' dir='ltr'><strong>est.</strong></span> <span class='ocrx_word' id='word_1_13' title='bbox 808 745 915 814; x_wconf 84' lang='lat' dir='ltr'><strong>Qui</strong></span> <span class='ocrx_word' id='word_1_14' title='bbox 958 758 1088 814; x_wconf 89' lang='lat' dir='ltr'><strong>ergo</strong></span> <span class='ocrx_word' id='word_1_15' title='bbox 1126 757 1192 797; x_wconf 74' lang='lat' dir='ltr'><strong>ex</strong></span> <span class='ocrx_word' id='word_1_16' title='bbox 1237 739 1404 795; x_wconf 86' lang='lat' dir='ltr'><strong>Patre</strong></span> <span class='ocrx_word' id='word_1_17' title='bbox 1440 732 1688 808; x_wconf 86' lang='lat' dir='ltr'><strong>procedit</strong></span> <span class='ocrx_word' id='word_1_18' title='bbox 1727 742 1784 789; x_wconf 86' lang='lat' dir='ltr'><strong>et</strong></span> <span class='ocrx_word' id='word_1_19' title='bbox 1813 734 1861 796; x_wconf 74' lang='grc' dir='ltr'><strong>Α</strong></span> <span class='ocrx_word' id='word_1_20' title='bbox 1889 739 2026 797; x_wconf 77' lang='lat' dir='ltr'><strong>quas</strong></span> <span class='ocrx_word' id='word_1_21' title='bbox 2052 723 2217 779; x_wconf 83' lang='lat' dir='ltr'><strong>iidem</strong></span> <span class='ocrx_word' id='word_1_22' title='bbox 2246 720 2347 793; x_wconf 83' lang='lat' dir='ltr'><strong>ipsi</strong></span> <span class='ocrx_word' id='word_1_23' title='bbox 2374 719 2586 792; x_wconf 66' lang='lat' dir='ltr'><strong>praefati</strong></span> <span class='ocrx_word' id='word_1_24' title='bbox 2608 718 2891 789; x_wconf 86' lang='lat' dir='ltr'><strong>pontitices</strong></span> <span class='ocrx_word' id='word_1_25' title='bbox 2913 716 3343 786; x_wconf 76' lang='lat' dir='ltr'><strong>scripserunt,et</strong></span> <span class='ocrx_word' id='word_1_26' title='bbox 3368 723 3489 784; x_wconf 83' lang='lat' dir='ltr'><strong>quae</strong></span> 
     </span>
    </p>
   </div>
   <div class='ocr_carea' id='block_1_5' title="bbox 197 829 1613 915">
    <p class='ocr_par' dir='ltr' id='par_1_5' title="bbox 197 829 1613 915">
     <span class='ocr_line' id='line_1_5' title="bbox 197 829 1613 915; baseline -0.018 -8"><span class='ocrx_word' id='word_1_27' title='bbox 197 846 350 915; x_wconf 83' lang='lat' dir='ltr'><strong>Filio,</strong></span> <span class='ocrx_word' id='word_1_28' title='bbox 370 844 439 902; x_wconf 73' lang='lat' dir='ltr'><strong>ad</strong></span> <span class='ocrx_word' id='word_1_29' title='bbox 461 856 587 901; x_wconf 87' lang='lat' dir='ltr'><strong>eum</strong></span> <span class='ocrx_word' id='word_1_30' title='bbox 614 838 853 896; x_wconf 69' lang='lat' dir='ltr'><strong>refertur</strong></span> <span class='ocrx_word' id='word_1_31' title='bbox 872 853 903 891; x_wconf 83' lang='lat' dir='ltr'><strong>a</strong></span> <span class='ocrx_word' id='word_1_32' title='bbox 932 849 1041 908; x_wconf 86' lang='lat' dir='ltr'><strong>quo</strong></span> <span class='ocrx_word' id='word_1_33' title='bbox 1074 838 1232 889; x_wconf 81' lang='lat' dir='ltr'><strong>natus</strong></span> <span class='ocrx_word' id='word_1_34' title='bbox 1256 838 1341 887; x_wconf 86' lang='lat' dir='ltr'><strong>est</strong></span> <span class='ocrx_word' id='word_1_35' title='bbox 1372 829 1559 886; x_wconf 72' lang='lat' dir='ltr'><strong>Filius.</strong></span> <span class='ocrx_word' id='word_1_36' title='bbox 1592 843 1613 881; x_wconf 69' lang='grc' dir='ltr'><strong>ι</strong></span> 
     </span>
    </p>
   </div>
   <div class='ocr_carea' id='block_1_6' title="bbox 264 933 1785 1036">
    <p class='ocr_par' dir='ltr' id='par_1_6' title="bbox 264 933 1785 1036">
     <span class='ocr_line' id='line_1_6' title="bbox 264 933 1785 1036; baseline -0.016 -16"><span class='ocrx_word' id='word_1_37' title='bbox 264 955 424 1036; x_wconf 67' lang='grc'><strong>747</strong></span> <span class='ocrx_word' id='word_1_38' title='bbox 460 956 609 1016; x_wconf 86' lang='lat' dir='ltr'><strong>Idem</strong></span> <span class='ocrx_word' id='word_1_39' title='bbox 654 968 870 1026; x_wconf 86' lang='lat' dir='ltr'><strong>quoque</strong></span> <span class='ocrx_word' id='word_1_40' title='bbox 903 933 1154 1024; x_wconf 82' lang='lat' dir='ltr'><strong>egregius</strong></span> <span class='ocrx_word' id='word_1_41' title='bbox 1179 949 1370 1003; x_wconf 88' lang='lat' dir='ltr'><strong>doctor</strong></span> <span class='ocrx_word' id='word_1_42' title='bbox 1392 943 1730 1018; x_wconf 70' lang='lat' dir='ltr'><strong>Augustinus</strong></span> <span class='ocrx_word' id='word_1_43' title='bbox 1759 954 1785 983; x_wconf 79' lang='grc' dir='ltr'><strong>ει</strong></span> 
     </span>
    </p>
   </div>
   <div class='ocr_carea' id='block_1_7' title="bbox 196 1034 1791 1118">
    <p class='ocr_par' dir='ltr' id='par_1_7' title="bbox 196 1034 1791 1118">
     <span class='ocr_line' id='line_1_7' title="bbox 196 1034 1791 1118; baseline -0.014 -5"><span class='ocrx_word' id='word_1_44' title='bbox 196 1034 570 1114; x_wconf 78' lang='lat' dir='ltr'><strong>auctoritatem</strong></span> <span class='ocrx_word' id='word_1_45' title='bbox 594 1058 909 1108; x_wconf 86' lang='lat' dir='ltr'><strong>sanctorum</strong></span> <span class='ocrx_word' id='word_1_46' title='bbox 939 1045 1420 1118; x_wconf 82' lang='lat' dir='ltr'><strong>evangelistarum,</strong></span> <span class='ocrx_word' id='word_1_47' title='bbox 1452 1039 1613 1096; x_wconf 64' lang='lat' dir='ltr'><strong>Lucae</strong></span> <span class='ocrx_word' id='word_1_48' title='bbox 1641 1034 1791 1093; x_wconf 86' lang='lat' dir='ltr'><strong>vide-</strong></span> 
     </span>
    </p>
   </div>
   <div class='ocr_carea' id='block_1_8' title="bbox 199 1132 1787 1213">
    <p class='ocr_par' dir='ltr' id='par_1_8' title="bbox 199 1132 1787 1213">
     <span class='ocr_line' id='line_1_8' title="bbox 199 1132 1787 1213; baseline -0.013 -8"><span class='ocrx_word' id='word_1_49' title='bbox 199 1148 319 1206; x_wconf 80' lang='lat' dir='ltr'><strong>licet</strong></span> <span class='ocrx_word' id='word_1_50' title='bbox 361 1156 418 1205; x_wconf 84' lang='lat' dir='ltr'><strong>et</strong></span> <span class='ocrx_word' id='word_1_51' title='bbox 454 1144 683 1201; x_wconf 84' lang='lat' dir='ltr'><strong>Joannis</strong></span> <span class='ocrx_word' id='word_1_52' title='bbox 706 1141 1006 1213; x_wconf 83' lang='lat' dir='ltr'><strong>sequendo,</strong></span> <span class='ocrx_word' id='word_1_53' title='bbox 1039 1140 1101 1194; x_wconf 61' lang='lat' dir='ltr'><strong>in.</strong></span> <span class='ocrx_word' id='word_1_54' title='bbox 1139 1138 1280 1192; x_wconf 87' lang='lat' dir='ltr'><strong>libro</strong></span> <span class='ocrx_word' id='word_1_55' title='bbox 1304 1149 1375 1190; x_wconf 79' lang='lat' dir='ltr'><strong>xv</strong></span> <span class='ocrx_word' id='word_1_56' title='bbox 1406 1136 1473 1189; x_wconf 86' lang='lat' dir='ltr'><strong>de</strong></span> <span class='ocrx_word' id='word_1_57' title='bbox 1500 1132 1787 1196; x_wconf 86' lang='lat' dir='ltr'><strong>Trinitate,</strong></span> 
     </span>
    </p>
   </div>
   <div class='ocr_carea' id='block_1_9' title="bbox 200 1222 1793 1314">
    <p class='ocr_par' dir='ltr' id='par_1_9' title="bbox 200 1222 1793 1314">
     <span class='ocr_line' id='line_1_9' title="bbox 200 1222 1793 1314; baseline -0.014 -13"><span class='ocrx_word' id='word_1_58' title='bbox 200 1257 323 1301; x_wconf 76' lang='lat' dir='ltr'><strong>xm</strong></span> <span class='ocrx_word' id='word_1_59' title='bbox 352 1241 589 1314; x_wconf 85' lang='lat' dir='ltr'><strong>capitulo</strong></span> <span class='ocrx_word' id='word_1_60' title='bbox 610 1237 877 1310; x_wconf 74' lang='lat' dir='ltr'><strong>Spiritum</strong></span> <span class='ocrx_word' id='word_1_61' title='bbox 907 1242 1159 1291; x_wconf 73' lang='lat' dir='ltr'><strong>Sanctum</strong></span> <span class='ocrx_word' id='word_1_62' title='bbox 1189 1247 1221 1286; x_wconf 89' lang='lat' dir='ltr'><strong>a</strong></span> <span class='ocrx_word' id='word_1_63' title='bbox 1247 1229 1408 1287; x_wconf 86' lang='lat' dir='ltr'><strong>Patre</strong></span> <span class='ocrx_word' id='word_1_64' title='bbox 1429 1236 1486 1283; x_wconf 88' lang='lat' dir='ltr'><strong>et</strong></span> <span class='ocrx_word' id='word_1_65' title='bbox 1504 1222 1793 1298; x_wconf 76' lang='lat' dir='ltr'><strong>Filiopro—</strong></span> 
     </span>
    </p>
   </div>
   <div class='ocr_carea' id='block_1_10' title="bbox 202 1316 1790 1393">
    <p class='ocr_par' dir='ltr' id='par_1_10' title="bbox 202 1316 1790 1393">
     <span class='ocr_line' id='line_1_10' title="bbox 202 1316 1790 1393; baseline -0.014 -1"><span class='ocrx_word' id='word_1_66' title='bbox 202 1337 391 1393; x_wconf 82' lang='lat' dir='ltr'><strong>cedere</strong></span> <span class='ocrx_word' id='word_1_67' title='bbox 420 1338 653 1387; x_wconf 84' lang='lat' dir='ltr'><strong>testatur</strong></span> <span class='ocrx_word' id='word_1_68' title='bbox 681 1329 870 1385; x_wconf 85' lang='lat' dir='ltr'><strong>dicens</strong></span> <span class='ocrx_word' id='word_1_69' title='bbox 912 1344 925 1379; x_wconf 90' lang='lat'><strong>:</strong></span> <span class='ocrx_word' id='word_1_70' title='bbox 986 1344 1004 1376; x_wconf 84' lang='grc'><em>‹</em></span> <span class='ocrx_word' id='word_1_71' title='bbox 1040 1320 1097 1378; x_wconf 87' lang='lat' dir='ltr'><strong>In</strong></span> <span class='ocrx_word' id='word_1_72' title='bbox 1129 1322 1220 1378; x_wconf 89' lang='lat' dir='ltr'><strong>illa</strong></span> <span class='ocrx_word' id='word_1_73' title='bbox 1264 1333 1477 1377; x_wconf 89' lang='lat' dir='ltr'><strong>summa</strong></span> <span class='ocrx_word' id='word_1_74' title='bbox 1504 1316 1790 1379; x_wconf 84' lang='lat' dir='ltr'><strong>Trinitate,</strong></span> 
     </span>
    </p>
   </div>
   <div class='ocr_carea' id='block_1_11' title="bbox 203 1404 1795 1501">
    <p class='ocr_par' dir='ltr' id='par_1_11' title="bbox 203 1404 1795 1501">
     <span class='ocr_line' id='line_1_11' title="bbox 203 1404 1795 1501; baseline -0.014 -18"><span class='ocrx_word' id='word_1_75' title='bbox 203 1444 319 1501; x_wconf 75' lang='lat' dir='ltr'><strong>qua:</strong></span> <span class='ocrx_word' id='word_1_76' title='bbox 362 1420 507 1481; x_wconf 86' lang='lat' dir='ltr'><strong>Deus</strong></span> <span class='ocrx_word' id='word_1_77' title='bbox 533 1431 640 1489; x_wconf 83' lang='lat' dir='ltr'><strong>est,</strong></span> <span class='ocrx_word' id='word_1_78' title='bbox 684 1404 1311 1487; x_wconf 80' lang='lat' dir='ltr'><strong>intervalla&#39;temporum</strong></span> <span class='ocrx_word' id='word_1_79' title='bbox 1336 1411 1485 1469; x_wconf 85' lang='lat' dir='ltr'><strong>nulla</strong></span> <span class='ocrx_word' id='word_1_80' title='bbox 1512 1414 1659 1476; x_wconf 88' lang='lat' dir='ltr'><strong>sunt,</strong></span> <span class='ocrx_word' id='word_1_81' title='bbox 1696 1422 1795 1479; x_wconf 88' lang='lat' dir='ltr'><strong>per</strong></span> 
     </span>
    </p>
   </div>
   <div class='ocr_carea' id='block_1_12' title="bbox 203 1503 1796 1592">
    <p class='ocr_par' dir='ltr' id='par_1_12' title="bbox 203 1503 1796 1592">
     <span class='ocr_line' id='line_1_12' title="bbox 203 1503 1796 1592; baseline -0.012 -16"><span class='ocrx_word' id='word_1_82' title='bbox 203 1536 318 1592; x_wconf 82' lang='lat' dir='ltr'><strong>quae</strong></span> <span class='ocrx_word' id='word_1_83' title='bbox 347 1521 520 1590; x_wconf 87' lang='lat' dir='ltr'><strong>possit</strong></span> <span class='ocrx_word' id='word_1_84' title='bbox 544 1514 793 1581; x_wconf 86' lang='lat' dir='ltr'><strong>ostendi,</strong></span> <span class='ocrx_word' id='word_1_85' title='bbox 826 1514 920 1568; x_wconf 84' lang='lat' dir='ltr'><strong>aut</strong></span> <span class='ocrx_word' id='word_1_86' title='bbox 940 1512 1130 1567; x_wconf 86' lang='lat' dir='ltr'><strong>saltem</strong></span> <span class='ocrx_word' id='word_1_87' title='bbox 1157 1508 1393 1579; x_wconf 80' lang='lat' dir='ltr'><strong>requiri,</strong></span> <span class='ocrx_word' id='word_1_88' title='bbox 1433 1515 1614 1592; x_wconf 82' lang='lat' dir='ltr'><strong>utrum</strong></span> <span class='ocrx_word' id='word_1_89' title='bbox 1643 1503 1796 1574; x_wconf 86' lang='lat' dir='ltr'><strong>prius</strong></span> 
     </span>
    </p>
   </div>
   <div class='ocr_carea' id='block_1_13' title="bbox 202 1588 1800 1673">
    <p class='ocr_par' dir='ltr' id='par_1_13' title="bbox 202 1588 1800 1673">
     <span class='ocr_line' id='line_1_13' title="bbox 202 1588 1800 1673; baseline -0.013 -6"><span class='ocrx_word' id='word_1_90' title='bbox 202 1588 268 1667; x_wconf 81' lang='lat' dir='ltr'><strong>de</strong></span> <span class='ocrx_word' id='word_1_91' title='bbox 293 1588 452 1665; x_wconf 72' lang='lat' dir='ltr'><strong>Patre</strong></span> <span class='ocrx_word' id='word_1_92' title='bbox 477 1614 640 1665; x_wconf 81' lang='lat' dir='ltr'><strong>natus</strong></span> <span class='ocrx_word' id='word_1_93' title='bbox 663 1604 739 1661; x_wconf 81' lang='lat' dir='ltr'><strong>sit</strong></span> <span class='ocrx_word' id='word_1_94' title='bbox 757 1604 953 1668; x_wconf 73' lang='lat' dir='ltr'><strong>Filius,</strong></span> <span class='ocrx_word' id='word_1_95' title='bbox 981 1612 1038 1657; x_wconf 87' lang='lat' dir='ltr'><strong>et</strong></span> <span class='ocrx_word' id='word_1_96' title='bbox 1067 1607 1255 1673; x_wconf 79' lang='lat' dir='ltr'><strong>postea</strong></span> <span class='ocrx_word' id='word_1_97' title='bbox 1286 1600 1352 1654; x_wconf 86' lang='lat' dir='ltr'><strong>de</strong></span> <span class='ocrx_word' id='word_1_98' title='bbox 1387 1588 1650 1652; x_wconf 79' lang='lat' dir='ltr'><strong>ambobus</strong></span> <span class='ocrx_word' id='word_1_99' title='bbox 1670 1607 1800 1665; x_wconf 85' lang='lat' dir='ltr'><strong>pro-</strong></span> 
     </span>
    </p>
   </div>
   <div class='ocr_carea' id='block_1_14' title="bbox 205 1687 1796 1771">
    <p class='ocr_par' dir='ltr' id='par_1_14' title="bbox 205 1687 1796 1771">
     <span class='ocr_line' id='line_1_14' title="bbox 205 1687 1796 1771; baseline -0.013 -13"><span class='ocrx_word' id='word_1_100' title='bbox 205 1701 431 1758; x_wconf 78' lang='lat' dir='ltr'><strong>cesserit</strong></span> <span class='ocrx_word' id='word_1_101' title='bbox 457 1698 695 1771; x_wconf 76' lang='lat' dir='ltr'><strong>Spiritus</strong></span> <span class='ocrx_word' id='word_1_102' title='bbox 720 1702 978 1759; x_wconf 76' lang='lat' dir='ltr'><strong>Sanctus;</strong></span> <span class='ocrx_word' id='word_1_103' title='bbox 1008 1691 1265 1765; x_wconf 81' lang='lat' dir='ltr'><strong>quoniam</strong></span> <span class='ocrx_word' id='word_1_104' title='bbox 1296 1687 1580 1759; x_wconf 77' lang='lat' dir='ltr'><strong>Scriptum</strong></span> <span class='ocrx_word' id='word_1_105' title='bbox 1609 1691 1796 1739; x_wconf 81' lang='lat' dir='ltr'><strong>Sancta</strong></span> 
     </span>
    </p>
   </div>
   <div class='ocr_carea' id='block_1_15' title="bbox 205 1774 1798 1865">
    <p class='ocr_par' dir='ltr' id='par_1_15' title="bbox 205 1774 1798 1865">
     <span class='ocr_line' id='line_1_15' title="bbox 205 1774 1798 1865; baseline -0.012 -16"><span class='ocrx_word' id='word_1_106' title='bbox 205 1794 466 1865; x_wconf 75' lang='lat' dir='ltr'><strong>Spiritum</strong></span> <span class='ocrx_word' id='word_1_107' title='bbox 487 1803 613 1846; x_wconf 88' lang='lat' dir='ltr'><strong>eum</strong></span> <span class='ocrx_word' id='word_1_108' title='bbox 644 1785 776 1845; x_wconf 83' lang='lat' dir='ltr'><strong>dicit</strong></span> <span class='ocrx_word' id='word_1_109' title='bbox 814 1774 1118 1843; x_wconf 83' lang='lat' dir='ltr'><strong>amborum.</strong></span> <span class='ocrx_word' id='word_1_110' title='bbox 1154 1782 1271 1853; x_wconf 87' lang='lat' dir='ltr'><strong>Ipse</strong></span> <span class='ocrx_word' id='word_1_111' title='bbox 1294 1788 1378 1836; x_wconf 89' lang='lat' dir='ltr'><strong>est</strong></span> <span class='ocrx_word' id='word_1_112' title='bbox 1401 1780 1569 1844; x_wconf 88' lang='lat' dir='ltr'><strong>enim,</strong></span> <span class='ocrx_word' id='word_1_113' title='bbox 1595 1775 1662 1832; x_wconf 90' lang='lat' dir='ltr'><strong>de</strong></span> <span class='ocrx_word' id='word_1_114' title='bbox 1689 1782 1798 1846; x_wconf 84' lang='lat' dir='ltr'><strong>quo</strong></span> 
     </span>
    </p>
   </div>
   <div class='ocr_carea' id='block_1_16' title="bbox 206 1867 1798 1953">
    <p class='ocr_par' dir='ltr' id='par_1_16' title="bbox 206 1867 1798 1953">
     <span class='ocr_line' id='line_1_16' title="bbox 206 1867 1798 1953; baseline -0.013 -12"><span class='ocrx_word' id='word_1_115' title='bbox 206 1884 341 1941; x_wconf 83' lang='lat' dir='ltr'><strong>dicit</strong></span> <span class='ocrx_word' id='word_1_116' title='bbox 380 1881 677 1953; x_wconf 81' lang='lat' dir='ltr'><strong>Apostolus</strong></span> <span class='ocrx_word' id='word_1_117' title='bbox 722 1898 739 1935; x_wconf 87' lang='lat'><strong>:</strong></span> <span class='ocrx_word' id='word_1_118' title='bbox 800 1876 1065 1946; x_wconf 79' lang='lat' dir='ltr'><strong>Quoniam</strong></span> <span class='ocrx_word' id='word_1_119' title='bbox 1111 1884 1289 1929; x_wconf 73' lang='lat' dir='ltr'><strong>autem</strong></span> <span class='ocrx_word' id='word_1_120' title='bbox 1325 1871 1448 1928; x_wconf 76' lang='lat' dir='ltr'><strong>estis</strong></span> <span class='ocrx_word' id='word_1_121' title='bbox 1493 1867 1617 1942; x_wconf 72' lang='lat' dir='ltr'><strong>ﬁlii,</strong></span> <span class='ocrx_word' id='word_1_122' title='bbox 1655 1868 1798 1923; x_wconf 80' lang='lat' dir='ltr'><strong>misit</strong></span> 
     </span>
    </p>
   </div>
   <div class='ocr_carea' id='block_1_17' title="bbox 205 1954 1797 2047">
    <p class='ocr_par' dir='ltr' id='par_1_17' title="bbox 205 1954 1797 2047">
     <span class='ocr_line' id='line_1_17' title="bbox 205 1954 1797 2047; baseline -0.013 -14"><span class='ocrx_word' id='word_1_123' title='bbox 205 1977 347 2033; x_wconf 74' lang='lat' dir='ltr'><strong>Deus</strong></span> <span class='ocrx_word' id='word_1_124' title='bbox 389 1974 649 2047; x_wconf 69' lang='lat' dir='ltr'><strong>Spiritum</strong></span> <span class='ocrx_word' id='word_1_125' title='bbox 680 1969 811 2026; x_wconf 76' lang='lat' dir='ltr'><strong>Fiiii</strong></span> <span class='ocrx_word' id='word_1_126' title='bbox 844 1969 928 2026; x_wconf 75' lang='lat' dir='ltr'><strong>sui</strong></span> <span class='ocrx_word' id='word_1_127' title='bbox 951 1969 1009 2023; x_wconf 83' lang='lat' dir='ltr'><strong>in</strong></span> <span class='ocrx_word' id='word_1_128' title='bbox 1038 1967 1199 2022; x_wconf 78' lang='lat' dir='ltr'><strong>corda</strong></span> <span class='ocrx_word' id='word_1_129' title='bbox 1224 1974 1413 2041; x_wconf 81' lang='lat' dir='ltr'><strong>nostra</strong></span> <span class='ocrx_word' id='word_1_130' title='bbox 1438 1959 1581 2034; x_wconf 80' lang='lat' dir='ltr'><strong>(Gal.</strong></span> <span class='ocrx_word' id='word_1_131' title='bbox 1616 1973 1690 2026; x_wconf 77' lang='lat' dir='ltr'><strong>tv,</strong></span> <span class='ocrx_word' id='word_1_132' title='bbox 1718 1954 1797 2031; x_wconf 78' lang='lat'><strong>6).</strong></span> 
     </span>
    </p>
   </div>
   <div class='ocr_carea' id='block_1_18' title="bbox 205 2055 1800 2140">
    <p class='ocr_par' dir='ltr' id='par_1_18' title="bbox 205 2055 1800 2140">
     <span class='ocr_line' id='line_1_18' title="bbox 205 2055 1800 2140; baseline -0.013 -13"><span class='ocrx_word' id='word_1_133' title='bbox 205 2072 273 2127; x_wconf 84' lang='lat' dir='ltr'><strong>Et</strong></span> <span class='ocrx_word' id='word_1_134' title='bbox 300 2070 417 2140; x_wconf 78' lang='lat' dir='ltr'><strong>ipse</strong></span> <span class='ocrx_word' id='word_1_135' title='bbox 442 2077 548 2134; x_wconf 87' lang='lat' dir='ltr'><strong>est,</strong></span> <span class='ocrx_word' id='word_1_136' title='bbox 575 2067 778 2137; x_wconf 80' lang='lat' dir='ltr'><strong>de‘quo</strong></span> <span class='ocrx_word' id='word_1_137' title='bbox 806 2061 939 2121; x_wconf 78' lang='lat' dir='ltr'><strong>dicit</strong></span> <span class='ocrx_word' id='word_1_138' title='bbox 963 2062 1107 2118; x_wconf 82' lang='lat' dir='ltr'><strong>idem</strong></span> <span class='ocrx_word' id='word_1_139' title='bbox 1130 2056 1345 2116; x_wconf 81' lang='lat' dir='ltr'><strong>Filius:</strong></span> <span class='ocrx_word' id='word_1_140' title='bbox 1393 2055 1518 2113; x_wconf 80' lang='lat' dir='ltr'><strong>Non</strong></span> <span class='ocrx_word' id='word_1_141' title='bbox 1543 2056 1680 2111; x_wconf 86' lang='lat' dir='ltr'><strong>enim</strong></span> <span class='ocrx_word' id='word_1_142' title='bbox 1712 2069 1800 2108; x_wconf 77' lang='lat' dir='ltr'><strong>vos</strong></span> 
     </span>
    </p>
   </div>
   <div class='ocr_carea' id='block_1_19' title="bbox 202 2151 1802 2238">
    <p class='ocr_par' dir='ltr' id='par_1_19' title="bbox 202 2151 1802 2238">
     <span class='ocr_line' id='line_1_19' title="bbox 202 2151 1802 2238; baseline -0.01 -17"><span class='ocrx_word' id='word_1_143' title='bbox 202 2168 325 2221; x_wconf 71' lang='lat' dir='ltr'><strong>estis</strong></span> <span class='ocrx_word' id='word_1_144' title='bbox 353 2167 442 2238; x_wconf 87' lang='lat' dir='ltr'><strong>qui</strong></span> <span class='ocrx_word' id='word_1_145' title='bbox 485 2162 778 2236; x_wconf 74' lang='lat' dir='ltr'><strong>loquimini,</strong></span> <span class='ocrx_word' id='word_1_146' title='bbox 811 2160 903 2217; x_wconf 79' lang='lat' dir='ltr'><strong>sed</strong></span> <span class='ocrx_word' id='word_1_147' title='bbox 927 2156 1158 2229; x_wconf 77' lang='lat' dir='ltr'><strong>Spiritus</strong></span> <span class='ocrx_word' id='word_1_148' title='bbox 1198 2152 1383 2223; x_wconf 66' lang='lat' dir='ltr'><strong>Patria</strong></span> <span class='ocrx_word' id='word_1_149' title='bbox 1426 2154 1581 2212; x_wconf 72' lang='lat' dir='ltr'><strong>uestri</strong></span> <span class='ocrx_word' id='word_1_150' title='bbox 1604 2153 1696 2229; x_wconf 85' lang='lat' dir='ltr'><strong>qui</strong></span> <span class='ocrx_word' id='word_1_151' title='bbox 1724 2151 1802 2207; x_wconf 82' lang='lat' dir='ltr'><strong>lo-</strong></span> 
     </span>
    </p>
   </div>
   <div class='ocr_carea' id='block_1_20' title="bbox 204 2244 1808 2330">
    <p class='ocr_par' dir='ltr' id='par_1_20' title="bbox 204 2244 1808 2330">
     <span class='ocr_line' id='line_1_20' title="bbox 204 2244 1808 2330; baseline -0.009 -15"><span class='ocrx_word' id='word_1_152' title='bbox 204 2263 385 2330; x_wconf 78' lang='lat' dir='ltr'><strong>quitur</strong></span> <span class='ocrx_word' id='word_1_153' title='bbox 416 2260 471 2314; x_wconf 83' lang='lat' dir='ltr'><strong>in</strong></span> <span class='ocrx_word' id='word_1_154' title='bbox 511 2259 653 2313; x_wconf 70' lang='lat' dir='ltr'><strong>vobis</strong></span> <span class='ocrx_word' id='word_1_155' title='bbox 679 2254 897 2329; x_wconf 69' lang='lat' dir='ltr'><strong>(Matth.</strong></span> <span class='ocrx_word' id='word_1_156' title='bbox 924 2270 983 2320; x_wconf 72' lang='grc' dir='ltr'><strong>ι,</strong></span> <span class='ocrx_word' id='word_1_157' title='bbox 1008 2250 1124 2325; x_wconf 73' lang='lat'><strong>20).</strong></span> <span class='ocrx_word' id='word_1_158' title='bbox 1152 2252 1221 2308; x_wconf 77' lang='lat' dir='ltr'><strong>Et</strong></span> <span class='ocrx_word' id='word_1_159' title='bbox 1246 2252 1431 2308; x_wconf 86' lang='lat' dir='ltr'><strong>multis</strong></span> <span class='ocrx_word' id='word_1_160' title='bbox 1458 2247 1579 2305; x_wconf 83' lang='lat' dir='ltr'><strong>aliis</strong></span> <span class='ocrx_word' id='word_1_161' title='bbox 1598 2244 1808 2302; x_wconf 86' lang='lat' dir='ltr'><strong>divino-</strong></span> 
     </span>
    </p>
   </div>
   <div class='ocr_carea' id='block_1_21' title="bbox 206 2336 1809 2422">
    <p class='ocr_par' dir='ltr' id='par_1_21' title="bbox 206 2336 1809 2422">
     <span class='ocr_line' id='line_1_21' title="bbox 206 2336 1809 2422; baseline -0.008 -13"><span class='ocrx_word' id='word_1_162' title='bbox 206 2368 328 2409; x_wconf 84' lang='lat' dir='ltr'><strong>rum</strong></span> <span class='ocrx_word' id='word_1_163' title='bbox 369 2352 707 2422; x_wconf 85' lang='lat' dir='ltr'><strong>eloquiorum</strong></span> <span class='ocrx_word' id='word_1_164' title='bbox 754 2345 1083 2407; x_wconf 76' lang='lat' dir='ltr'><strong>teStimoniis</strong></span> <span class='ocrx_word' id='word_1_165' title='bbox 1108 2336 1513 2417; x_wconf 77' lang='lat' dir='ltr'><strong>comprobatur</strong></span> <span class='ocrx_word' id='word_1_166' title='bbox 1554 2339 1732 2398; x_wconf 86' lang='lat' dir='ltr'><strong>Patris</strong></span> <span class='ocrx_word' id='word_1_167' title='bbox 1755 2352 1809 2397; x_wconf 89' lang='lat' dir='ltr'><strong>et</strong></span> 
     </span>
    </p>
   </div>
   <div class='ocr_carea' id='block_1_22' title="bbox 208 2428 1810 2515">
    <p class='ocr_par' dir='ltr' id='par_1_22' title="bbox 208 2428 1810 2515">
     <span class='ocr_line' id='line_1_22' title="bbox 208 2428 1810 2515; baseline -0.007 -15"><span class='ocrx_word' id='word_1_168' title='bbox 208 2444 329 2501; x_wconf 74' lang='lat' dir='ltr'><strong>Filii</strong></span> <span class='ocrx_word' id='word_1_169' title='bbox 352 2459 478 2501; x_wconf 83' lang='lat' dir='ltr'><strong>esse</strong></span> <span class='ocrx_word' id='word_1_170' title='bbox 494 2440 787 2515; x_wconf 83' lang='lat' dir='ltr'><strong>Spiritum,</strong></span> <span class='ocrx_word' id='word_1_171' title='bbox 827 2441 921 2513; x_wconf 88' lang='lat' dir='ltr'><strong>qui</strong></span> <span class='ocrx_word' id='word_1_172' title='bbox 960 2440 1183 2514; x_wconf 80' lang='lat' dir='ltr'><strong>proprie</strong></span> <span class='ocrx_word' id='word_1_173' title='bbox 1226 2439 1428 2495; x_wconf 88' lang='lat' dir='ltr'><strong>dicitur</strong></span> <span class='ocrx_word' id='word_1_174' title='bbox 1459 2428 1511 2492; x_wconf 84' lang='lat' dir='ltr'><strong>in</strong></span> <span class='ocrx_word' id='word_1_175' title='bbox 1544 2430 1810 2491; x_wconf 81' lang='lat' dir='ltr'><strong>Trinitate</strong></span> 
     </span>
    </p>
   </div>
   <div class='ocr_carea' id='block_1_23' title="bbox 209 2519 1809 2611">
    <p class='ocr_par' dir='ltr' id='par_1_23' title="bbox 209 2519 1809 2611">
     <span class='ocr_line' id='line_1_23' title="bbox 209 2519 1809 2611; baseline -0.009 -17"><span class='ocrx_word' id='word_1_176' title='bbox 209 2540 448 2611; x_wconf 83' lang='lat' dir='ltr'><strong>Spiritus</strong></span> <span class='ocrx_word' id='word_1_177' title='bbox 472 2544 713 2595; x_wconf 84' lang='lat' dir='ltr'><strong>sanctus.</strong></span> <span class='ocrx_word' id='word_1_178' title='bbox 734 2536 812 2591; x_wconf 89' lang='lat' dir='ltr'><strong>De</strong></span> <span class='ocrx_word' id='word_1_179' title='bbox 833 2547 939 2606; x_wconf 89' lang='lat' dir='ltr'><strong>quo</strong></span> <span class='ocrx_word' id='word_1_180' title='bbox 968 2533 1096 2590; x_wconf 88' lang='lat' dir='ltr'><strong>item</strong></span> <span class='ocrx_word' id='word_1_181' title='bbox 1121 2530 1253 2588; x_wconf 80' lang='lat' dir='ltr'><strong>dicit</strong></span> <span class='ocrx_word' id='word_1_182' title='bbox 1275 2531 1389 2605; x_wconf 84' lang='lat' dir='ltr'><strong>ipse</strong></span> <span class='ocrx_word' id='word_1_183' title='bbox 1408 2525 1617 2584; x_wconf 80' lang='lat' dir='ltr'><strong>Filius:</strong></span> <span class='ocrx_word' id='word_1_184' title='bbox 1645 2519 1809 2592; x_wconf 70' lang='lat' dir='ltr'><strong>Quem</strong></span> 
     </span>
    </p>
   </div>
   <div class='ocr_carea' id='block_1_24' title="bbox 208 2617 1809 2703">
    <p class='ocr_par' dir='ltr' id='par_1_24' title="bbox 208 2617 1809 2703">
     <span class='ocr_line' id='line_1_24' title="bbox 208 2617 1809 2703; baseline -0.011 -16"><span class='ocrx_word' id='word_1_185' title='bbox 208 2648 306 2703; x_wconf 80' lang='lat' dir='ltr'><strong>ego</strong></span> <span class='ocrx_word' id='word_1_186' title='bbox 331 2631 483 2685; x_wconf 81' lang='lat' dir='ltr'><strong>mitto</strong></span> <span class='ocrx_word' id='word_1_187' title='bbox 513 2628 656 2684; x_wconf 79' lang='lat' dir='ltr'><strong>vobis</strong></span> <span class='ocrx_word' id='word_1_188' title='bbox 680 2645 713 2682; x_wconf 88' lang='lat' dir='ltr'><strong>o</strong></span> <span class='ocrx_word' id='word_1_189' title='bbox 745 2621 909 2681; x_wconf 79' lang='lat' dir='ltr'><strong>Patre</strong></span> <span class='ocrx_word' id='word_1_190' title='bbox 937 2619 1121 2697; x_wconf 80' lang='lat' dir='ltr'><strong>(Joan.</strong></span> <span class='ocrx_word' id='word_1_191' title='bbox 1155 2634 1249 2688; x_wconf 85' lang='lat' dir='ltr'><strong>xv,</strong></span> <span class='ocrx_word' id='word_1_192' title='bbox 1274 2619 1389 2692; x_wconf 68' lang='lat'><strong>26).</strong></span> <span class='ocrx_word' id='word_1_193' title='bbox 1422 2617 1491 2675; x_wconf 83' lang='lat' dir='ltr'><strong>Et</strong></span> <span class='ocrx_word' id='word_1_194' title='bbox 1518 2618 1625 2675; x_wconf 88' lang='lat' dir='ltr'><strong>alio</strong></span> <span class='ocrx_word' id='word_1_195' title='bbox 1654 2617 1809 2672; x_wconf 88' lang='lat' dir='ltr'><strong>loco:</strong></span> 
     </span>
    </p>
   </div>
   <div class='ocr_carea' id='block_1_25' title="bbox 213 2703 1818 2790">
    <p class='ocr_par' dir='ltr' id='par_1_25' title="bbox 213 2703 1818 2790">
     <span class='ocr_line' id='line_1_25' title="bbox 213 2703 1818 2790; baseline -0.009 -12"><span class='ocrx_word' id='word_1_196' title='bbox 213 2720 385 2790; x_wconf 77' lang='lat' dir='ltr'><strong>Quem</strong></span> <span class='ocrx_word' id='word_1_197' title='bbox 405 2722 571 2776; x_wconf 85' lang='lat' dir='ltr'><strong>mittet</strong></span> <span class='ocrx_word' id='word_1_198' title='bbox 600 2707 767 2773; x_wconf 79' lang='lat' dir='ltr'><strong>Pater</strong></span> <span class='ocrx_word' id='word_1_199' title='bbox 784 2719 841 2772; x_wconf 85' lang='lat' dir='ltr'><strong>in</strong></span> <span class='ocrx_word' id='word_1_200' title='bbox 870 2715 1078 2772; x_wconf 79' lang='lat' dir='ltr'><strong>nomine</strong></span> <span class='ocrx_word' id='word_1_201' title='bbox 1107 2727 1221 2768; x_wconf 82' lang='lat' dir='ltr'><strong>meo</strong></span> <span class='ocrx_word' id='word_1_202' title='bbox 1255 2710 1440 2785; x_wconf 62' lang='lat' dir='ltr'><strong>(Idan.</strong></span> <span class='ocrx_word' id='word_1_203' title='bbox 1464 2726 1577 2774; x_wconf 77' lang='lat' dir='ltr'><strong>xlv,</strong></span> <span class='ocrx_word' id='word_1_204' title='bbox 1598 2705 1712 2780; x_wconf 74' lang='lat'><strong>‘26).</strong></span> <span class='ocrx_word' id='word_1_205' title='bbox 1740 2703 1818 2763; x_wconf 86' lang='lat' dir='ltr'><strong>De</strong></span> 
     </span>
    </p>
   </div>
   <div class='ocr_carea' id='block_1_26' title="bbox 209 2794 1819 2880">
    <p class='ocr_par' dir='ltr' id='par_1_26' title="bbox 209 2794 1819 2880">
     <span class='ocr_line' id='line_1_26' title="bbox 209 2794 1819 2880; baseline -0.01 -12"><span class='ocrx_word' id='word_1_206' title='bbox 209 2820 446 2880; x_wconf 73' lang='lat' dir='ltr'><strong>utroque</strong></span> <span class='ocrx_word' id='word_1_207' title='bbox 469 2816 651 2865; x_wconf 89' lang='lat' dir='ltr'><strong>autem</strong></span> <span class='ocrx_word' id='word_1_208' title='bbox 680 2794 977 2878; x_wconf 80' lang='lat' dir='ltr'><strong>procedere</strong></span> <span class='ocrx_word' id='word_1_209' title='bbox 1015 2804 1095 2859; x_wconf 88' lang='lat' dir='ltr'><strong>sic</strong></span> <span class='ocrx_word' id='word_1_210' title='bbox 1136 2799 1386 2867; x_wconf 81' lang='lat' dir='ltr'><strong>docetur,</strong></span> <span class='ocrx_word' id='word_1_211' title='bbox 1423 2801 1548 2871; x_wconf 85' lang='lat' dir='ltr'><strong>quia</strong></span> <span class='ocrx_word' id='word_1_212' title='bbox 1581 2802 1698 2872; x_wconf 90' lang='lat' dir='ltr'><strong>ipse</strong></span> <span class='ocrx_word' id='word_1_213' title='bbox 1730 2794 1819 2853; x_wconf 76' lang='lat' dir='ltr'><strong>Fi-</strong></span> 
     </span>
    </p>
   </div>
   <div class='ocr_carea' id='block_1_27' title="bbox 208 2882 1816 2970">
    <p class='ocr_par' dir='ltr' id='par_1_27' title="bbox 208 2882 1816 2970">
     <span class='ocr_line' id='line_1_27' title="bbox 208 2882 1816 2970; baseline -0.009 -10"><span class='ocrx_word' id='word_1_214' title='bbox 208 2903 320 2960; x_wconf 85' lang='lat' dir='ltr'><strong>lius</strong></span> <span class='ocrx_word' id='word_1_215' title='bbox 348 2903 471 2957; x_wconf 72' lang='lat' dir='ltr'><strong>ait:</strong></span> <span class='ocrx_word' id='word_1_216' title='bbox 505 2898 585 2956; x_wconf 84' lang='lat' dir='ltr'><strong>De</strong></span> <span class='ocrx_word' id='word_1_217' title='bbox 628 2896 790 2954; x_wconf 85' lang='lat' dir='ltr'><strong>Patre</strong></span> <span class='ocrx_word' id='word_1_218' title='bbox 829 2892 1066 2970; x_wconf 74' lang='lat' dir='ltr'><strong>procedit</strong></span> <span class='ocrx_word' id='word_1_219' title='bbox 1110 2906 1130 2947; x_wconf 88' lang='lat'><strong><em>:</em></strong></span> <span class='ocrx_word' id='word_1_220' title='bbox 1178 2882 1303 2949; x_wconf 84' lang='lat' dir='ltr'><strong>cum</strong></span> <span class='ocrx_word' id='word_1_221' title='bbox 1350 2890 1748 2948; x_wconf 78' lang='lat' dir='ltr'><strong>resurrexissct</strong></span> <span class='ocrx_word' id='word_1_222' title='bbox 1785 2904 1816 2945; x_wconf 86' lang='lat' dir='ltr'><strong>a</strong></span> 
     </span>
    </p>
   </div>
   <div class='ocr_carea' id='block_1_28' title="bbox 211 2978 1824 3064">
    <p class='ocr_par' dir='ltr' id='par_1_28' title="bbox 211 2978 1824 3064">
     <span class='ocr_line' id='line_1_28' title="bbox 211 2978 1824 3064; baseline -0.01 -13"><span class='ocrx_word' id='word_1_223' title='bbox 211 2995 468 3060; x_wconf 78' lang='lat' dir='ltr'><strong>mortuis,</strong></span> <span class='ocrx_word' id='word_1_224' title='bbox 498 3002 555 3049; x_wconf 84' lang='lat' dir='ltr'><strong>et</strong></span> <span class='ocrx_word' id='word_1_225' title='bbox 596 2980 943 3064; x_wconf 80' lang='lat' dir='ltr'><strong>apparuisset</strong></span> <span class='ocrx_word' id='word_1_226' title='bbox 971 2983 1249 3056; x_wconf 80' lang='lat' dir='ltr'><strong>discipulis</strong></span> <span class='ocrx_word' id='word_1_227' title='bbox 1276 2984 1412 3051; x_wconf 87' lang='lat' dir='ltr'><strong>suis,</strong></span> <span class='ocrx_word' id='word_1_228' title='bbox 1442 2978 1732 3057; x_wconf 66' lang='lat' dir='ltr'><strong>Insuﬁiavit</strong></span> <span class='ocrx_word' id='word_1_229' title='bbox 1770 2986 1824 3035; x_wconf 86' lang='lat' dir='ltr'><strong>et</strong></span> 
     </span>
    </p>
   </div>
   <div class='ocr_carea' id='block_1_29' title="bbox 211 3060 1833 3156">
    <p class='ocr_par' dir='ltr' id='par_1_29' title="bbox 211 3060 1833 3156">
     <span class='ocr_line' id='line_1_29' title="bbox 211 3060 1833 3156; baseline -0.01 -13"><span class='ocrx_word' id='word_1_230' title='bbox 211 3088 288 3143; x_wconf 67' lang='lat' dir='ltr'><strong>ait</strong></span> <span class='ocrx_word' id='word_1_231' title='bbox 319 3103 335 3139; x_wconf 92' lang='lat'><strong><em>:</em></strong></span> <span class='ocrx_word' id='word_1_232' title='bbox 386 3060 921 3156; x_wconf 43' lang='lat' dir='ltr'><strong>AccipiteSpiritum</strong></span> <span class='ocrx_word' id='word_1_233' title='bbox 961 3089 1204 3133; x_wconf 79' lang='lat' dir='ltr'><strong>sanctum</strong></span> <span class='ocrx_word' id='word_1_234' title='bbox 1238 3075 1422 3147; x_wconf 76' lang='lat' dir='ltr'><strong>(Ioan.</strong></span> <span class='ocrx_word' id='word_1_235' title='bbox 1475 3089 1568 3138; x_wconf 75' lang='lat' dir='ltr'><strong>xx,</strong></span> <span class='ocrx_word' id='word_1_236' title='bbox 1594 3063 1733 3144; x_wconf 50' lang='lat'><strong>$2),</strong></span> <span class='ocrx_word' id='word_1_237' title='bbox 1761 3060 1833 3127; x_wconf 29' lang='lat' dir='ltr'><strong>uti</strong></span> 
     </span>
    </p>
   </div>
   <div class='ocr_carea' id='block_1_30' title="bbox 213 3163 1826 3244">
    <p class='ocr_par' dir='ltr' id='par_1_30' title="bbox 213 3163 1826 3244">
     <span class='ocr_line' id='line_1_30' title="bbox 213 3163 1826 3244; baseline -0.011 -9"><span class='ocrx_word' id='word_1_238' title='bbox 213 3175 538 3234; x_wconf 77' lang='lat' dir='ltr'><strong>eumetiam</strong></span> <span class='ocrx_word' id='word_1_239' title='bbox 578 3174 734 3231; x_wconf 81' lang='lat' dir='ltr'><strong>dese</strong></span> <span class='ocrx_word' id='word_1_240' title='bbox 777 3169 1072 3244; x_wconf 83' lang='lat' dir='ltr'><strong>procedere</strong></span> <span class='ocrx_word' id='word_1_241' title='bbox 1110 3166 1440 3222; x_wconf 82' lang='lat' dir='ltr'><strong>ostenderet.</strong></span> <span class='ocrx_word' id='word_1_242' title='bbox 1474 3163 1542 3219; x_wconf 85' lang='lat' dir='ltr'><strong>Et</strong></span> <span class='ocrx_word' id='word_1_243' title='bbox 1582 3163 1697 3235; x_wconf 90' lang='lat' dir='ltr'><strong>ipsa</strong></span> <span class='ocrx_word' id='word_1_244' title='bbox 1739 3164 1826 3218; x_wconf 85' lang='lat' dir='ltr'><strong>e&#39;st</strong></span> 
     </span>
    </p>
   </div>
   <div class='ocr_carea' id='block_1_31' title="bbox 213 3252 1825 3338">
    <p class='ocr_par' dir='ltr' id='par_1_31' title="bbox 213 3252 1825 3338">
     <span class='ocr_line' id='line_1_31' title="bbox 213 3252 1825 3338; baseline -0.011 -13"><span class='ocrx_word' id='word_1_245' title='bbox 213 3269 403 3333; x_wconf 70' lang='lat' dir='ltr'><strong>virtus,</strong></span> <span class='ocrx_word' id='word_1_246' title='bbox 428 3280 553 3338; x_wconf 75' lang='lat' dir='ltr'><strong>qute</strong></span> <span class='ocrx_word' id='word_1_247' title='bbox 593 3264 661 3319; x_wconf 80' lang='lat' dir='ltr'><strong>de</strong></span> <span class='ocrx_word' id='word_1_248' title='bbox 695 3261 790 3319; x_wconf 81' lang='lat' dir='ltr'><strong>illa</strong></span> <span class='ocrx_word' id='word_1_249' title='bbox 820 3254 1027 3327; x_wconf 67' lang='lat' dir='ltr'><strong>exibat,</strong></span> <span class='ocrx_word' id='word_1_250' title='bbox 1041 3259 1187 3314; x_wconf 89' lang='lat' dir='ltr'><strong>sicut</strong></span> <span class='ocrx_word' id='word_1_251' title='bbox 1223 3257 1424 3329; x_wconf 81' lang='lat' dir='ltr'><strong>legitur</strong></span> <span class='ocrx_word' id='word_1_252' title='bbox 1446 3256 1503 3311; x_wconf 92' lang='lat' dir='ltr'><strong>in</strong></span> <span class='ocrx_word' id='word_1_253' title='bbox 1531 3252 1825 3338; x_wconf 81' lang='lat' dir='ltr'><strong>Evangelio</strong></span> 
     </span>
    </p>
   </div>
   <div class='ocr_carea' id='block_1_32' title="bbox 213 3335 1746 3419">
    <p class='ocr_par' dir='ltr' id='par_1_32' title="bbox 213 3335 1746 3419">
     <span class='ocr_line' id='line_1_32' title="bbox 213 3335 1746 3419; baseline -0.012 -1"><span class='ocrx_word' id='word_1_254' title='bbox 213 3356 517 3418; x_wconf 78' lang='lat' dir='ltr'><strong>secundum</strong></span> <span class='ocrx_word' id='word_1_255' title='bbox 546 3356 769 3419; x_wconf 84' lang='lat' dir='ltr'><strong>Lucam,</strong></span> <span class='ocrx_word' id='word_1_256' title='bbox 802 3360 851 3410; x_wconf 88' lang='lat' dir='ltr'><strong>et</strong></span> <span class='ocrx_word' id='word_1_257' title='bbox 880 3353 1102 3410; x_wconf 76' lang='lat' dir='ltr'><strong>sanabat</strong></span> <span class='ocrx_word' id='word_1_258' title='bbox 1131 3367 1330 3406; x_wconf 79' lang='lat' dir='ltr'><strong>omnes.</strong></span> <span class='ocrx_word' id='word_1_259' title='bbox 1367 3371 1387 3403; x_wconf 75' lang='grc' dir='ltr'><strong>ι</strong></span> <span class='ocrx_word' id='word_1_260' title='bbox 1743 3335 1746 3338; x_wconf 57' lang='grc'><strong>’</strong></span> 
     </span>
    </p>
   </div>
   <div class='ocr_carea' id='block_1_33' title="bbox 288 3436 1819 3515">
    <p class='ocr_par' dir='ltr' id='par_1_33' title="bbox 288 3436 1819 3515">
     <span class='ocr_line' id='line_1_33' title="bbox 288 3436 1819 3515; baseline -0.012 -5"><span class='ocrx_word' id='word_1_261' title='bbox 288 3453 449 3509; x_wconf 64' lang='lat' dir='ltr'><strong>Luem</strong></span> <span class='ocrx_word' id='word_1_262' title='bbox 474 3452 622 3506; x_wconf 91' lang='lat' dir='ltr'><strong>enim</strong></span> <span class='ocrx_word' id='word_1_263' title='bbox 650 3452 702 3505; x_wconf 88' lang='lat' dir='ltr'><strong>in</strong></span> <span class='ocrx_word' id='word_1_264' title='bbox 730 3463 797 3505; x_wconf 86' lang='lat' dir='ltr'><strong>eo</strong></span> <span class='ocrx_word' id='word_1_265' title='bbox 821 3443 963 3513; x_wconf 86' lang='lat' dir='ltr'><strong>loco,</strong></span> <span class='ocrx_word' id='word_1_266' title='bbox 985 3446 1041 3500; x_wconf 88' lang='lat' dir='ltr'><strong>in</strong></span> <span class='ocrx_word' id='word_1_267' title='bbox 1064 3458 1172 3515; x_wconf 85' lang='lat' dir='ltr'><strong>quo</strong></span> <span class='ocrx_word' id='word_1_268' title='bbox 1194 3443 1390 3513; x_wconf 75' lang='lat' dir='ltr'><strong>legitur</strong></span> <span class='ocrx_word' id='word_1_269' title='bbox 1414 3438 1471 3497; x_wconf 87' lang='lat' dir='ltr'><strong>in</strong></span> <span class='ocrx_word' id='word_1_270' title='bbox 1487 3436 1782 3511; x_wconf 78' lang='lat' dir='ltr'><strong>Evangelia</strong></span> <span class='ocrx_word' id='word_1_271' title='bbox 1807 3456 1819 3491; x_wconf 90' lang='lat'><strong><em>:</em></strong></span> 
     </span>
    </p>
   </div>
   <div class='ocr_carea' id='block_1_34' title="bbox 216 3530 1822 3619">
    <p class='ocr_par' dir='ltr' id='par_1_34' title="bbox 216 3530 1822 3619">
     <span class='ocr_line' id='line_1_34' title="bbox 216 3530 1822 3619; baseline -0.011 -15"><span class='ocrx_word' id='word_1_272' title='bbox 216 3549 333 3619; x_wconf 79' lang='lat' dir='ltr'><strong>Ego</strong></span> <span class='ocrx_word' id='word_1_273' title='bbox 372 3544 599 3617; x_wconf 79' lang='lat' dir='ltr'><strong>cognovi</strong></span> <span class='ocrx_word' id='word_1_274' title='bbox 647 3544 905 3600; x_wconf 76' lang='lat' dir='ltr'><strong>virtutem</strong></span> <span class='ocrx_word' id='word_1_275' title='bbox 951 3540 1019 3596; x_wconf 88' lang='lat' dir='ltr'><strong>de</strong></span> <span class='ocrx_word' id='word_1_276' title='bbox 1048 3553 1133 3594; x_wconf 89' lang='lat' dir='ltr'><strong>me</strong></span> <span class='ocrx_word' id='word_1_277' title='bbox 1159 3534 1357 3593; x_wconf 78' lang='lat' dir='ltr'><strong>exiisse</strong></span> <span class='ocrx_word' id='word_1_278' title='bbox 1401 3534 1551 3609; x_wconf 86' lang='lat' dir='ltr'><strong>(Luc.</strong></span> <span class='ocrx_word' id='word_1_279' title='bbox 1586 3549 1664 3599; x_wconf 72' lang='lat' dir='ltr'><strong>vr,</strong></span> <span class='ocrx_word' id='word_1_280' title='bbox 1714 3530 1822 3607; x_wconf 85' lang='lat' dir='ltr'><strong>i9),</strong></span> 
     </span>
    </p>
   </div>
   <div class='ocr_carea' id='block_1_35' title="bbox 212 3618 1829 3698">
    <p class='ocr_par' dir='ltr' id='par_1_35' title="bbox 212 3618 1829 3698">
     <span class='ocr_line' id='line_1_35' title="bbox 212 3618 1829 3698; baseline -0.011 -3"><span class='ocrx_word' id='word_1_281' title='bbox 212 3618 445 3696; x_wconf 60' lang='lat' dir='ltr'><strong>allectus</strong></span> <span class='ocrx_word' id='word_1_282' title='bbox 472 3635 669 3691; x_wconf 66' lang='lat' dir='ltr'><strong>divinae</strong></span> <span class='ocrx_word' id='word_1_283' title='bbox 696 3630 994 3688; x_wconf 83' lang='lat' dir='ltr'><strong>curationis</strong></span> <span class='ocrx_word' id='word_1_284' title='bbox 1018 3630 1189 3684; x_wconf 87' lang='lat' dir='ltr'><strong>virtus</strong></span> <span class='ocrx_word' id='word_1_285' title='bbox 1208 3625 1434 3698; x_wconf 84' lang='lat' dir='ltr'><strong>intelligi</strong></span> <span class='ocrx_word' id='word_1_286' title='bbox 1464 3618 1663 3696; x_wconf 85' lang='lat' dir='ltr'><strong>potest,</strong></span> <span class='ocrx_word' id='word_1_287' title='bbox 1687 3623 1829 3678; x_wconf 89' lang='lat' dir='ltr'><strong>sicut</strong></span> 
     </span>
    </p>
   </div>
   <div class='ocr_carea' id='block_1_36' title="bbox 216 3712 1827 3799">
    <p class='ocr_par' dir='ltr' id='par_1_36' title="bbox 216 3712 1827 3799">
     <span class='ocr_line' id='line_1_36' title="bbox 216 3712 1827 3799; baseline -0.011 -11"><span class='ocrx_word' id='word_1_288' title='bbox 216 3734 416 3788; x_wconf 82' lang='lat' dir='ltr'><strong>beatus</strong></span> <span class='ocrx_word' id='word_1_289' title='bbox 446 3727 763 3799; x_wconf 82' lang='lat' dir='ltr'><strong>Fulgentius</strong></span> <span class='ocrx_word' id='word_1_290' title='bbox 789 3722 1061 3794; x_wconf 83' lang='lat' dir='ltr'><strong>exposuit.</strong></span> <span class='ocrx_word' id='word_1_291' title='bbox 1098 3712 1437 3791; x_wconf 70' lang='lat' dir='ltr'><strong>Augustinus</strong></span> <span class='ocrx_word' id='word_1_292' title='bbox 1464 3728 1645 3773; x_wconf 89' lang='lat' dir='ltr'><strong>tamen</strong></span> <span class='ocrx_word' id='word_1_293' title='bbox 1672 3715 1827 3799; x_wconf 85' lang='lat' dir='ltr'><strong>dicit,</strong></span> 
     </span>
    </p>
   </div>
   <div class='ocr_carea' id='block_1_37' title="bbox 215 3797 1830 3894">
    <p class='ocr_par' dir='ltr' id='par_1_37' title="bbox 215 3797 1830 3894">
     <span class='ocr_line' id='line_1_37' title="bbox 215 3797 1830 3894; baseline -0.011 -15"><span class='ocrx_word' id='word_1_294' title='bbox 215 3824 368 3894; x_wconf 82' lang='lat' dir='ltr'><strong>quod</strong></span> <span class='ocrx_word' id='word_1_295' title='bbox 394 3797 805 3893; x_wconf 79' lang='lat' dir='ltr'><strong>processionem</strong></span> <span class='ocrx_word' id='word_1_296' title='bbox 845 3812 1083 3886; x_wconf 85' lang='lat' dir='ltr'><strong>Spiritus</strong></span> <span class='ocrx_word' id='word_1_297' title='bbox 1129 3812 1303 3868; x_wconf 82' lang='lat' dir='ltr'><strong>sancti</strong></span> <span class='ocrx_word' id='word_1_298' title='bbox 1326 3826 1375 3866; x_wconf 71' lang='lat' dir='ltr'><strong>&#39;a</strong></span> <span class='ocrx_word' id='word_1_299' title='bbox 1404 3807 1543 3866; x_wconf 83' lang='lat' dir='ltr'><strong>Filio</strong></span> <span class='ocrx_word' id='word_1_300' title='bbox 1569 3797 1746 3866; x_wconf 84' lang='lat' dir='ltr'><strong>Lucas</strong></span> <span class='ocrx_word' id='word_1_301' title='bbox 1773 3809 1830 3863; x_wconf 92' lang='lat' dir='ltr'><strong>in</strong></span> 
     </span>
    </p>
   </div>
   <div class='ocr_carea' id='block_1_38' title="bbox 217 3899 1832 3987">
    <p class='ocr_par' dir='ltr' id='par_1_38' title="bbox 217 3899 1832 3987">
     <span class='ocr_line' id='line_1_38' title="bbox 217 3899 1832 3987; baseline -0.009 -15"><span class='ocrx_word' id='word_1_302' title='bbox 217 3915 544 3987; x_wconf 82' lang='lat' dir='ltr'><strong>praescripto</strong></span> <span class='ocrx_word' id='word_1_303' title='bbox 584 3910 789 3969; x_wconf 86' lang='lat' dir='ltr'><strong>indicat</strong></span> <span class='ocrx_word' id='word_1_304' title='bbox 828 3903 1067 3981; x_wconf 85' lang='lat' dir='ltr'><strong>capitulo</strong></span> <span class='ocrx_word' id='word_1_305' title='bbox 1094 3903 1359 3963; x_wconf 86' lang='lat' dir='ltr'><strong>dicendo:</strong></span> <span class='ocrx_word' id='word_1_306' title='bbox 1394 3903 1535 3971; x_wconf 85' lang='lat' dir='ltr'><strong>Quia</strong></span> <span class='ocrx_word' id='word_1_307' title='bbox 1572 3899 1736 3958; x_wconf 77' lang='lat' dir='ltr'><strong>virtus</strong></span> <span class='ocrx_word' id='word_1_308' title='bbox 1767 3902 1832 3957; x_wconf 85' lang='lat' dir='ltr'><strong>de</strong></span> 
     </span>
    </p>
   </div>
   <div class='ocr_carea' id='block_1_39' title="bbox 217 3995 1831 4075">
    <p class='ocr_par' dir='ltr' id='par_1_39' title="bbox 217 3995 1831 4075">
     <span class='ocr_line' id='line_1_39' title="bbox 217 3995 1831 4075; baseline -0.007 -13"><span class='ocrx_word' id='word_1_309' title='bbox 217 4006 316 4062; x_wconf 81' lang='lat' dir='ltr'><strong>illo</strong></span> <span class='ocrx_word' id='word_1_310' title='bbox 342 4005 536 4062; x_wconf 77' lang='lat' dir='ltr'><strong>exibat.</strong></span> <span class='ocrx_word' id='word_1_311' title='bbox 564 4002 624 4059; x_wconf 91' lang='lat' dir='ltr'><strong>In</strong></span> <span class='ocrx_word' id='word_1_312' title='bbox 662 3996 908 4075; x_wconf 67' lang='lat' dir='ltr'><strong>prmfatis</strong></span> <span class='ocrx_word' id='word_1_313' title='bbox 931 4000 1096 4072; x_wconf 80' lang='lat' dir='ltr'><strong>igitur</strong></span> <span class='ocrx_word' id='word_1_314' title='bbox 1121 3998 1294 4055; x_wconf 88' lang='lat' dir='ltr'><strong>sancti</strong></span> <span class='ocrx_word' id='word_1_315' title='bbox 1325 3995 1603 4068; x_wconf 78' lang='lat' dir='ltr'><strong>Evangelii</strong></span> <span class='ocrx_word' id='word_1_316' title='bbox 1636 4010 1831 4051; x_wconf 79' lang='lat' dir='ltr'><strong>secun-</strong></span> 
     </span>
    </p>
   </div>
   <div class='ocr_carea' id='block_1_40' title="bbox 218 4085 1835 4162">
    <p class='ocr_par' dir='ltr' id='par_1_40' title="bbox 218 4085 1835 4162">
     <span class='ocr_line' id='line_1_40' title="bbox 218 4085 1835 4162; baseline -0.01 -3"><span class='ocrx_word' id='word_1_317' title='bbox 218 4104 356 4160; x_wconf 87' lang='lat' dir='ltr'><strong>dum</strong></span> <span class='ocrx_word' id='word_1_318' title='bbox 398 4097 603 4154; x_wconf 89' lang='lat' dir='ltr'><strong>Lucam</strong></span> <span class='ocrx_word' id='word_1_319' title='bbox 630 4103 686 4151; x_wconf 90' lang='lat' dir='ltr'><strong>et</strong></span> <span class='ocrx_word' id='word_1_320' title='bbox 723 4091 989 4151; x_wconf 82' lang='lat' dir='ltr'><strong>Joannem</strong></span> <span class='ocrx_word' id='word_1_321' title='bbox 1029 4089 1396 4156; x_wconf 82' lang='lat' dir='ltr'><strong>sermonibus,</strong></span> <span class='ocrx_word' id='word_1_322' title='bbox 1423 4088 1561 4145; x_wconf 90' lang='lat' dir='ltr'><strong>etin</strong></span> <span class='ocrx_word' id='word_1_323' title='bbox 1591 4085 1835 4162; x_wconf 81' lang='lat' dir='ltr'><strong>Epistula</strong></span> 
     </span>
    </p>
   </div>
   <div class='ocr_carea' id='block_1_41' title="bbox 219 4175 1834 4267">
    <p class='ocr_par' dir='ltr' id='par_1_41' title="bbox 219 4175 1834 4267">
     <span class='ocr_line' id='line_1_41' title="bbox 219 4175 1834 4267; baseline -0.012 -14"><span class='ocrx_word' id='word_1_324' title='bbox 219 4193 473 4267; x_wconf 82' lang='lat' dir='ltr'><strong>ejusdem</strong></span> <span class='ocrx_word' id='word_1_325' title='bbox 513 4188 764 4253; x_wconf 73' lang='lat' dir='ltr'><strong>Joannis,</strong></span> <span class='ocrx_word' id='word_1_326' title='bbox 806 4202 928 4257; x_wconf 70' lang='lat' dir='ltr'><strong>qua:</strong></span> <span class='ocrx_word' id='word_1_327' title='bbox 951 4187 1056 4241; x_wconf 85' lang='lat' dir='ltr'><strong>una</strong></span> <span class='ocrx_word' id='word_1_328' title='bbox 1080 4181 1148 4240; x_wconf 91' lang='lat' dir='ltr'><strong>de</strong></span> <span class='ocrx_word' id='word_1_329' title='bbox 1177 4190 1388 4252; x_wconf 80' lang='lat' dir='ltr'><strong>Septem</strong></span> <span class='ocrx_word' id='word_1_330' title='bbox 1417 4189 1500 4238; x_wconf 89' lang='lat' dir='ltr'><strong>est</strong></span> <span class='ocrx_word' id='word_1_331' title='bbox 1526 4175 1834 4257; x_wconf 77' lang='lat' dir='ltr'><strong>catholicis,</strong></span> 
     </span>
    </p>
   </div>
   <div class='ocr_carea' id='block_1_42' title="bbox 222 4269 1840 4361">
    <p class='ocr_par' dir='ltr' id='par_1_42' title="bbox 222 4269 1840 4361">
     <span class='ocr_line' id='line_1_42' title="bbox 222 4269 1840 4361; baseline -0.01 -18"><span class='ocrx_word' id='word_1_332' title='bbox 222 4295 419 4361; x_wconf 87' lang='lat' dir='ltr'><strong>aperte</strong></span> <span class='ocrx_word' id='word_1_333' title='bbox 443 4281 752 4339; x_wconf 87' lang='lat' dir='ltr'><strong>ostenditur</strong></span> <span class='ocrx_word' id='word_1_334' title='bbox 777 4278 1016 4351; x_wconf 87' lang='lat' dir='ltr'><strong>Spiritus</strong></span> <span class='ocrx_word' id='word_1_335' title='bbox 1040 4280 1260 4333; x_wconf 81' lang='lat' dir='ltr'><strong>sanch</strong></span> <span class='ocrx_word' id='word_1_336' title='bbox 1281 4316 1295 4343; x_wconf 86' lang='lat'><strong>,</strong></span> <span class='ocrx_word' id='word_1_337' title='bbox 1321 4273 1412 4345; x_wconf 86' lang='lat' dir='ltr'><strong>qui</strong></span> <span class='ocrx_word' id='word_1_338' title='bbox 1438 4270 1673 4328; x_wconf 85' lang='lat' dir='ltr'><strong>Patri&#39;et</strong></span> <span class='ocrx_word' id='word_1_339' title='bbox 1700 4269 1840 4327; x_wconf 78' lang='lat' dir='ltr'><strong>Filio</strong></span> 
     </span>
    </p>
   </div>
   <div class='ocr_carea' id='block_1_43' title="bbox 222 4365 1840 4452">
    <p class='ocr_par' dir='ltr' id='par_1_43' title="bbox 222 4365 1840 4452">
     <span class='ocr_line' id='line_1_43' title="bbox 222 4365 1840 4452; baseline -0.009 -14"><span class='ocrx_word' id='word_1_340' title='bbox 222 4380 525 4452; x_wconf 69' lang='lat' dir='ltr'><strong>comqualis</strong></span> <span class='ocrx_word' id='word_1_341' title='bbox 569 4384 653 4433; x_wconf 91' lang='lat' dir='ltr'><strong>est</strong></span> <span class='ocrx_word' id='word_1_342' title='bbox 679 4384 735 4431; x_wconf 86' lang='lat' dir='ltr'><strong>et</strong></span> <span class='ocrx_word' id='word_1_343' title='bbox 777 4382 1099 4434; x_wconf 76' lang='lat' dir='ltr'><strong>coaeternus,</strong></span> <span class='ocrx_word' id='word_1_344' title='bbox 1132 4369 1277 4441; x_wconf 87' lang='lat' dir='ltr'><strong>quod</strong></span> <span class='ocrx_word' id='word_1_345' title='bbox 1323 4386 1354 4424; x_wconf 93' lang='lat' dir='ltr'><strong>a</strong></span> <span class='ocrx_word' id='word_1_346' title='bbox 1393 4366 1558 4425; x_wconf 84' lang='lat' dir='ltr'><strong>Patre</strong></span> <span class='ocrx_word' id='word_1_347' title='bbox 1594 4365 1840 4440; x_wconf 77' lang='lat' dir='ltr'><strong>Filioque</strong></span> 
     </span>
    </p>
   </div>
   <div class='ocr_carea' id='block_1_44' title="bbox 225 4458 1845 4548">
    <p class='ocr_par' dir='ltr' id='par_1_44' title="bbox 225 4458 1845 4548">
     <span class='ocr_line' id='line_1_44' title="bbox 225 4458 1845 4548; baseline -0.01 -18"><span class='ocrx_word' id='word_1_348' title='bbox 225 4472 506 4548; x_wconf 86' lang='lat' dir='ltr'><strong>procedit,</strong></span> <span class='ocrx_word' id='word_1_349' title='bbox 551 4470 697 4525; x_wconf 83' lang='lat' dir='ltr'><strong>sicut</strong></span> <span class='ocrx_word' id='word_1_350' title='bbox 742 4475 853 4521; x_wconf 86' lang='lat' dir='ltr'><strong>tam</strong></span> <span class='ocrx_word' id='word_1_351' title='bbox 902 4463 1148 4535; x_wconf 67' lang='lat' dir='ltr'><strong>pnedicti</strong></span> <span class='ocrx_word' id='word_1_352' title='bbox 1189 4461 1408 4526; x_wconf 81' lang='lat' dir='ltr'><strong>Patres,</strong></span> <span class='ocrx_word' id='word_1_353' title='bbox 1441 4459 1551 4515; x_wconf 89' lang='lat' dir='ltr'><strong>Leo</strong></span> <span class='ocrx_word' id='word_1_354' title='bbox 1591 4458 1845 4514; x_wconf 83' lang='lat' dir='ltr'><strong>videlicet</strong></span> 
     </span>
    </p>
   </div>
   <div class='ocr_carea' id='block_1_45' title="bbox 226 4553 1845 4640">
    <p class='ocr_par' dir='ltr' id='par_1_45' title="bbox 226 4553 1845 4640">
     <span class='ocr_line' id='line_1_45' title="bbox 226 4553 1845 4640; baseline -0.009 -18"><span class='ocrx_word' id='word_1_355' title='bbox 226 4583 399 4640; x_wconf 83' lang='lat' dir='ltr'><strong>papa,</strong></span> <span class='ocrx_word' id='word_1_356' title='bbox 428 4561 729 4636; x_wconf 77' lang='lat' dir='ltr'><strong>Gregorius</strong></span> <span class='ocrx_word' id='word_1_357' title='bbox 755 4558 1156 4623; x_wconf 84' lang='lat' dir='ltr'><strong>Nazianzenus,</strong></span> <span class='ocrx_word' id='word_1_358' title='bbox 1177 4554 1564 4627; x_wconf 80' lang='lat' dir='ltr'><strong>Hieronymus,</strong></span> <span class='ocrx_word' id='word_1_359' title='bbox 1591 4553 1845 4625; x_wconf 85' lang='lat' dir='ltr'><strong>Augusti-</strong></span> 
     </span>
    </p>
   </div>
   <div class='ocr_carea' id='block_1_46' title="bbox 230 4648 1844 4727">
    <p class='ocr_par' dir='ltr' id='par_1_46' title="bbox 230 4648 1844 4727">
     <span class='ocr_line' id='line_1_46' title="bbox 230 4648 1844 4727; baseline -0.009 -10"><span class='ocrx_word' id='word_1_360' title='bbox 230 4677 365 4727; x_wconf 88' lang='lat' dir='ltr'><strong>nus,</strong></span> <span class='ocrx_word' id='word_1_361' title='bbox 392 4658 561 4715; x_wconf 81' lang='lat' dir='ltr'><strong>verba</strong></span> <span class='ocrx_word' id='word_1_362' title='bbox 590 4656 766 4711; x_wconf 83' lang='lat' dir='ltr'><strong>sancti</strong></span> <span class='ocrx_word' id='word_1_363' title='bbox 800 4650 1074 4723; x_wconf 78' lang='lat' dir='ltr'><strong>Evangelii</strong></span> <span class='ocrx_word' id='word_1_364' title='bbox 1106 4648 1213 4705; x_wconf 78' lang='lat' dir='ltr'><strong>tida</strong></span> <span class='ocrx_word' id='word_1_365' title='bbox 1242 4648 1582 4719; x_wconf 79' lang='lat' dir='ltr'><strong>expositione</strong></span> <span class='ocrx_word' id='word_1_366' title='bbox 1619 4648 1844 4703; x_wconf 87' lang='lat' dir='ltr'><strong>investi-</strong></span> 
     </span>
    </p>
   </div>
   <div class='ocr_carea' id='block_1_47' title="bbox 229 4750 826 4827">
    <p class='ocr_par' dir='ltr' id='par_1_47' title="bbox 229 4750 826 4827">
     <span class='ocr_line' id='line_1_47' title="bbox 229 4750 826 4827; baseline -0.015 -18"><span class='ocrx_word' id='word_1_367' title='bbox 229 4752 433 4827; x_wconf 84' lang='lat' dir='ltr'><strong>gando,</strong></span> <span class='ocrx_word' id='word_1_368' title='bbox 459 4750 648 4805; x_wconf 82' lang='lat' dir='ltr'><strong>testati</strong></span> <span class='ocrx_word' id='word_1_369' title='bbox 676 4754 826 4802; x_wconf 86' lang='lat' dir='ltr'><strong>sunt.</strong></span> 
     </span>
    </p>
   </div>
   <div class='ocr_carea' id='block_1_48' title="bbox 1888 808 3488 889">
    <p class='ocr_par' dir='ltr' id='par_1_48' title="bbox 1888 808 3488 889">
     <span class='ocr_line' id='line_1_48' title="bbox 1888 808 3488 889; baseline -0.008 -15"><span class='ocrx_word' id='word_1_370' title='bbox 1888 818 1944 873; x_wconf 87' lang='lat' dir='ltr'><strong>in</strong></span> <span class='ocrx_word' id='word_1_371' title='bbox 1964 823 2263 889; x_wconf 83' lang='lat' dir='ltr'><strong>conspectu</strong></span> <span class='ocrx_word' id='word_1_372' title='bbox 2291 814 2457 869; x_wconf 84' lang='lat' dir='ltr'><strong>totius</strong></span> <span class='ocrx_word' id='word_1_373' title='bbox 2486 810 2758 883; x_wconf 81' lang='lat' dir='ltr'><strong>Epheseni</strong></span> <span class='ocrx_word' id='word_1_374' title='bbox 2787 819 2841 866; x_wconf 86' lang='lat' dir='ltr'><strong>et</strong></span> <span class='ocrx_word' id='word_1_375' title='bbox 2869 808 3355 873; x_wconf 81' lang='lat' dir='ltr'><strong>Chalcedonensis,</strong></span> <span class='ocrx_word' id='word_1_376' title='bbox 3384 822 3488 862; x_wconf 90' lang='lat' dir='ltr'><strong>nec</strong></span> 
     </span>
    </p>
   </div>
   <div class='ocr_carea' id='block_1_49' title="bbox 1888 903 3479 980">
    <p class='ocr_par' dir='ltr' id='par_1_49' title="bbox 1888 903 3479 980">
     <span class='ocr_line' id='line_1_49' title="bbox 1888 903 3479 980; baseline -0.006 -13"><span class='ocrx_word' id='word_1_377' title='bbox 1888 924 1996 967; x_wconf 85' lang='lat' dir='ltr'><strong>non</strong></span> <span class='ocrx_word' id='word_1_378' title='bbox 2018 919 2078 966; x_wconf 84' lang='lat' dir='ltr'><strong>et</strong></span> <span class='ocrx_word' id='word_1_379' title='bbox 2123 910 2176 965; x_wconf 87' lang='lat' dir='ltr'><strong>in</strong></span> <span class='ocrx_word' id='word_1_380' title='bbox 2220 909 2394 980; x_wconf 78' lang='lat' dir='ltr'><strong>quinti</strong></span> <span class='ocrx_word' id='word_1_381' title='bbox 2423 904 2658 971; x_wconf 74' lang='lat' dir='ltr'><strong>cmreiiii&#39;,</strong></span> <span class='ocrx_word' id='word_1_382' title='bbox 2697 904 2840 976; x_wconf 83' lang='lat' dir='ltr'><strong>quod</strong></span> <span class='ocrx_word' id='word_1_383' title='bbox 2877 904 2981 959; x_wconf 75' lang='lat' dir='ltr'><strong>su‘b‘</strong></span> <span class='ocrx_word' id='word_1_384' title='bbox 3006 903 3203 972; x_wconf 81' lang='lat' dir='ltr'><strong>Vigiiio</strong></span> <span class='ocrx_word' id='word_1_385' title='bbox 3251 909 3392 975; x_wconf 76' lang='lat' dir='ltr'><strong>papa</strong></span> <span class='ocrx_word' id='word_1_386' title='bbox 3421 911 3479 959; x_wconf 90' lang='lat' dir='ltr'><strong>et</strong></span> 
     </span>
    </p>
   </div>
   <div class='ocr_carea' id='block_1_50' title="bbox 1887 994 3488 1072">
    <p class='ocr_par' dir='ltr' id='par_1_50' title="bbox 1887 994 3488 1072">
     <span class='ocr_line' id='line_1_50' title="bbox 1887 994 3488 1072; baseline -0.007 -14"><span class='ocrx_word' id='word_1_387' title='bbox 1887 1001 2195 1058; x_wconf 69' lang='lat' dir='ltr'><strong>Iustiniano</strong></span> <span class='ocrx_word' id='word_1_388' title='bbox 2236 999 2479 1072; x_wconf 80' lang='lat' dir='ltr'><strong>principe</strong></span> <span class='ocrx_word' id='word_1_389' title='bbox 2528 994 2995 1067; x_wconf 73' lang='lat' dir='ltr'><strong>Clmstantinopoli</strong></span> <span class='ocrx_word' id='word_1_390' title='bbox 3052 1005 3335 1066; x_wconf 66' lang='lat' dir='ltr'><strong>peractum</strong></span> <span class='ocrx_word' id='word_1_391' title='bbox 3375 997 3488 1058; x_wconf 83' lang='lat' dir='ltr'><strong>est,</strong></span> 
     </span>
    </p>
   </div>
   <div class='ocr_carea' id='block_1_51' title="bbox 1891 1084 3491 1168">
    <p class='ocr_par' dir='ltr' id='par_1_51' title="bbox 1891 1084 3491 1168">
     <span class='ocr_line' id='line_1_51' title="bbox 1891 1084 3491 1168; baseline -0.007 -16"><span class='ocrx_word' id='word_1_392' title='bbox 1891 1095 2179 1168; x_wconf 62' lang='lat' dir='ltr'><strong>prasentia</strong></span> <span class='ocrx_word' id='word_1_393' title='bbox 2214 1091 2371 1149; x_wconf 76' lang='lat' dir='ltr'><strong>lectae</strong></span> <span class='ocrx_word' id='word_1_394' title='bbox 2397 1100 2562 1161; x_wconf 69' lang='lat' dir='ltr'><strong>atque</strong></span> <span class='ocrx_word' id='word_1_395' title='bbox 2588 1090 2834 1159; x_wconf 68' lang='lat' dir='ltr'><strong>pretioue</strong></span> <span class='ocrx_word' id='word_1_396' title='bbox 2861 1094 3007 1144; x_wconf 82' lang='lat' dir='ltr'><strong>sunt.</strong></span> <span class='ocrx_word' id='word_1_397' title='bbox 3048 1084 3287 1154; x_wconf 73' lang='lat' dir='ltr'><strong>Quarum</strong></span> <span class='ocrx_word' id='word_1_398' title='bbox 3325 1084 3491 1141; x_wconf 80' lang='lat' dir='ltr'><strong>etiam</strong></span> 
     </span>
    </p>
   </div>
   <div class='ocr_carea' id='block_1_52' title="bbox 1892 1169 3493 1251">
    <p class='ocr_par' dir='ltr' id='par_1_52' title="bbox 1892 1169 3493 1251">
     <span class='ocr_line' id='line_1_52' title="bbox 1892 1169 3493 1251; baseline -0.006 -10"><span class='ocrx_word' id='word_1_399' title='bbox 1892 1186 2272 1241; x_wconf 75' lang='lat' dir='ltr'><strong>auctoritatem</strong></span> <span class='ocrx_word' id='word_1_400' title='bbox 2298 1190 2505 1239; x_wconf 74' lang='lat' dir='ltr'><strong>rectam</strong></span> <span class='ocrx_word' id='word_1_401' title='bbox 2527 1189 2687 1250; x_wconf 89' lang='lat' dir='ltr'><strong>atque</strong></span> <span class='ocrx_word' id='word_1_402' title='bbox 2713 1174 3072 1251; x_wconf 72' lang='lat' dir='ltr'><strong>probabilem,</strong></span> <span class='ocrx_word' id='word_1_403' title='bbox 3105 1169 3342 1246; x_wconf 73' lang='lat' dir='ltr'><strong>Spiritus</strong></span> <span class='ocrx_word' id='word_1_404' title='bbox 3364 1185 3493 1232; x_wconf 78' lang='lat' dir='ltr'><strong>san-</strong></span> 
     </span>
    </p>
   </div>
   <div class='ocr_carea' id='block_1_53' title="bbox 1893 1264 3495 1345">
    <p class='ocr_par' dir='ltr' id='par_1_53' title="bbox 1893 1264 3495 1345">
     <span class='ocr_line' id='line_1_53' title="bbox 1893 1264 3495 1345; baseline -0.009 -11"><span class='ocrx_word' id='word_1_405' title='bbox 1893 1279 1968 1334; x_wconf 90' lang='lat' dir='ltr'><strong>cti</strong></span> <span class='ocrx_word' id='word_1_406' title='bbox 2000 1276 2365 1332; x_wconf 85' lang='lat' dir='ltr'><strong>illustratione</strong></span> <span class='ocrx_word' id='word_1_407' title='bbox 2390 1288 2730 1345; x_wconf 76' lang='lat' dir='ltr'><strong>expressam,</strong></span> <span class='ocrx_word' id='word_1_408' title='bbox 2758 1269 3089 1341; x_wconf 77' lang='lat' dir='ltr'><strong>expositioni</strong></span> <span class='ocrx_word' id='word_1_409' title='bbox 3114 1286 3144 1323; x_wconf 88' lang='lat' dir='ltr'><strong>a</strong></span> <span class='ocrx_word' id='word_1_410' title='bbox 3171 1277 3369 1323; x_wconf 48' lang='lat' dir='ltr'><strong>sancte“</strong></span> <span class='ocrx_word' id='word_1_411' title='bbox 3395 1264 3495 1321; x_wconf 77' lang='lat' dir='ltr'><strong>Ni-</strong></span> 
     </span>
    </p>
   </div>
   <div class='ocr_carea' id='block_1_54' title="bbox 1894 1356 3495 1434">
    <p class='ocr_par' dir='ltr' id='par_1_54' title="bbox 1894 1356 3495 1434">
     <span class='ocr_line' id='line_1_54' title="bbox 1894 1356 3495 1434; baseline -0.007 -9"><span class='ocrx_word' id='word_1_412' title='bbox 1894 1382 2044 1425; x_wconf 80' lang='lat' dir='ltr'><strong>caeno</strong></span> <span class='ocrx_word' id='word_1_413' title='bbox 2064 1365 2292 1423; x_wconf 86' lang='lat' dir='ltr'><strong>cencilio</strong></span> <span class='ocrx_word' id='word_1_414' title='bbox 2318 1363 2493 1428; x_wconf 68' lang='lat' dir='ltr'><strong>faece,</strong></span> <span class='ocrx_word' id='word_1_415' title='bbox 2523 1374 2579 1420; x_wconf 89' lang='lat' dir='ltr'><strong>et</strong></span> <span class='ocrx_word' id='word_1_416' title='bbox 2607 1362 2730 1417; x_wconf 81' lang='lat' dir='ltr'><strong>ﬁdei</strong></span> <span class='ocrx_word' id='word_1_417' title='bbox 2761 1372 2816 1415; x_wconf 91' lang='lat' dir='ltr'><strong>et</strong></span> <span class='ocrx_word' id='word_1_418' title='bbox 2841 1362 3040 1434; x_wconf 74' lang='lat' dir='ltr'><strong>regulis</strong></span> <span class='ocrx_word' id='word_1_419' title='bbox 3079 1356 3426 1434; x_wconf 68' lang='lat' dir='ltr'><strong>[consonam]</strong></span> <span class='ocrx_word' id='word_1_420' title='bbox 3459 1371 3495 1414; x_wconf 77' lang='grc' dir='ltr'><strong>ει</strong></span> 
     </span>
    </p>
   </div>
   <div class='ocr_carea' id='block_1_55' title="bbox 1895 1444 3498 1527">
    <p class='ocr_par' dir='ltr' id='par_1_55' title="bbox 1895 1444 3498 1527">
     <span class='ocr_line' id='line_1_55' title="bbox 1895 1444 3498 1527; baseline -0.007 -12"><span class='ocrx_word' id='word_1_421' title='bbox 1895 1466 2083 1515; x_wconf 84' lang='lat' dir='ltr'><strong>sancta</strong></span> <span class='ocrx_word' id='word_1_422' title='bbox 2131 1466 2186 1512; x_wconf 83' lang='lat' dir='ltr'><strong>et</strong></span> <span class='ocrx_word' id='word_1_423' title='bbox 2213 1469 2410 1527; x_wconf 80' lang='lat' dir='ltr'><strong>magna</strong></span> <span class='ocrx_word' id='word_1_424' title='bbox 2450 1448 2722 1525; x_wconf 81' lang='lat' dir='ltr'><strong>Ephesina</strong></span> <span class='ocrx_word' id='word_1_425' title='bbox 2754 1451 2959 1523; x_wconf 83' lang='lat' dir='ltr'><strong>synodo</strong></span> <span class='ocrx_word' id='word_1_426' title='bbox 2989 1450 3296 1523; x_wconf 72' lang='lat' dir='ltr'><strong>expositam</strong></span> <span class='ocrx_word' id='word_1_427' title='bbox 3324 1444 3498 1504; x_wconf 85' lang='lat' dir='ltr'><strong>Chal-</strong></span> 
     </span>
    </p>
   </div>
   <div class='ocr_carea' id='block_1_56' title="bbox 1897 1536 3503 1618">
    <p class='ocr_par' dir='ltr' id='par_1_56' title="bbox 1897 1536 3503 1618">
     <span class='ocr_line' id='line_1_56' title="bbox 1897 1536 3503 1618; baseline -0.007 -14"><span class='ocrx_word' id='word_1_428' title='bbox 1897 1547 2218 1604; x_wconf 87' lang='lat' dir='ltr'><strong>cedonensis</strong></span> <span class='ocrx_word' id='word_1_429' title='bbox 2244 1543 2484 1618; x_wconf 86' lang='lat' dir='ltr'><strong>synodus</strong></span> <span class='ocrx_word' id='word_1_430' title='bbox 2513 1542 2687 1599; x_wconf 86' lang='lat' dir='ltr'><strong>credit</strong></span> <span class='ocrx_word' id='word_1_431' title='bbox 2709 1558 2829 1598; x_wconf 82' lang='lat' dir='ltr'><strong>esse</strong></span> <span class='ocrx_word' id='word_1_432' title='bbox 2857 1542 2930 1595; x_wconf 87' lang='lat' dir='ltr'><strong>ita</strong></span> <span class='ocrx_word' id='word_1_433' title='bbox 2963 1542 3151 1596; x_wconf 84' lang='lat' dir='ltr'><strong>dicens</strong></span> <span class='ocrx_word' id='word_1_434' title='bbox 3188 1555 3203 1596; x_wconf 87' lang='lat'><strong>:</strong></span> <span class='ocrx_word' id='word_1_435' title='bbox 3250 1558 3268 1593; x_wconf 78' lang='grc' dir='ltr'>ι</span> <span class='ocrx_word' id='word_1_436' title='bbox 3298 1536 3503 1594; x_wconf 79' lang='lat' dir='ltr'><strong>Didici-</strong></span> 
     </span>
    </p>
   </div>
   <div class='ocr_carea' id='block_1_57' title="bbox 1899 1630 3502 1704">
    <p class='ocr_par' dir='ltr' id='par_1_57' title="bbox 1899 1630 3502 1704">
     <span class='ocr_line' id='line_1_57' title="bbox 1899 1630 3502 1704; baseline -0.004 -11"><span class='ocrx_word' id='word_1_437' title='bbox 1899 1652 2023 1694; x_wconf 89' lang='lat' dir='ltr'><strong>mus</strong></span> <span class='ocrx_word' id='word_1_438' title='bbox 2050 1644 2268 1693; x_wconf 87' lang='lat' dir='ltr'><strong>sanctos</strong></span> <span class='ocrx_word' id='word_1_439' title='bbox 2295 1632 2501 1702; x_wconf 42' lang='lat' dir='ltr'><strong>Patres,</strong></span> <span class='ocrx_word' id='word_1_440' title='bbox 2518 1632 2692 1704; x_wconf 82' lang='lat' dir='ltr'><strong>sequi.</strong></span> <span class='ocrx_word' id='word_1_441' title='bbox 2733 1632 2946 1689; x_wconf 80' lang='lat' dir='ltr'><strong>Etenim</strong></span> <span class='ocrx_word' id='word_1_442' title='bbox 2972 1632 3164 1689; x_wconf 80' lang='lat' dir='ltr'><strong>Patres</strong></span> <span class='ocrx_word' id='word_1_443' title='bbox 3183 1630 3379 1697; x_wconf 83' lang='lat' dir='ltr'><strong>nostri,</strong></span> <span class='ocrx_word' id='word_1_444' title='bbox 3407 1630 3502 1701; x_wconf 90' lang='lat' dir='ltr'><strong>qui</strong></span> 
     </span>
    </p>
   </div>
   <div class='ocr_carea' id='block_1_58' title="bbox 1900 1717 3508 1801">
    <p class='ocr_par' dir='ltr' id='par_1_58' title="bbox 1900 1717 3508 1801">
     <span class='ocr_line' id='line_1_58' title="bbox 1900 1717 3508 1801; baseline -0.002 -16"><span class='ocrx_word' id='word_1_445' title='bbox 1900 1731 1954 1785; x_wconf 87' lang='lat' dir='ltr'><strong>in</strong></span> <span class='ocrx_word' id='word_1_446' title='bbox 1984 1717 2202 1785; x_wconf 53' lang='lat' dir='ltr'><strong>Niciena</strong></span> <span class='ocrx_word' id='word_1_447' title='bbox 2220 1734 2747 1801; x_wconf 84' lang='lat' dir='ltr'><strong>convenerunt,non</strong></span> <span class='ocrx_word' id='word_1_448' title='bbox 2772 1742 2805 1781; x_wconf 85' lang='lat' dir='ltr'><strong>a</strong></span> <span class='ocrx_word' id='word_1_449' title='bbox 2834 1726 3144 1796; x_wconf 78' lang='lat' dir='ltr'><strong>semetipsis</strong></span> <span class='ocrx_word' id='word_1_450' title='bbox 3180 1724 3346 1780; x_wconf 78' lang='lat' dir='ltr'><strong>locuti</strong></span> <span class='ocrx_word' id='word_1_451' title='bbox 3374 1730 3508 1783; x_wconf 82' lang='lat' dir='ltr'><strong>sunt</strong></span> 
     </span>
    </p>
   </div>
   <div class='ocr_carea' id='block_1_59' title="bbox 1905 1803 3504 1897">
    <p class='ocr_par' dir='ltr' id='par_1_59' title="bbox 1905 1803 3504 1897">
     <span class='ocr_line' id='line_1_59' title="bbox 1905 1803 3504 1897; baseline -0.003 -20"><span class='ocrx_word' id='word_1_452' title='bbox 1905 1839 2028 1897; x_wconf 75' lang='lat' dir='ltr'><strong>qua:</strong></span> <span class='ocrx_word' id='word_1_453' title='bbox 2067 1821 2237 1877; x_wconf 89' lang='lat' dir='ltr'><strong>locuti</strong></span> <span class='ocrx_word' id='word_1_454' title='bbox 2267 1829 2414 1886; x_wconf 90' lang='lat' dir='ltr'><strong>sunt,</strong></span> <span class='ocrx_word' id='word_1_455' title='bbox 2446 1820 2543 1884; x_wconf 85' lang='lat' dir='ltr'><strong>sed</strong></span> <span class='ocrx_word' id='word_1_456' title='bbox 2565 1803 2711 1893; x_wconf 73' lang='lat' dir='ltr'><strong>quod</strong></span> <span class='ocrx_word' id='word_1_457' title='bbox 2743 1818 2980 1890; x_wconf 83' lang='lat' dir='ltr'><strong>Spiritus</strong></span> <span class='ocrx_word' id='word_1_458' title='bbox 3012 1828 3234 1876; x_wconf 78' lang='lat' dir='ltr'><strong>sanctus</strong></span> <span class='ocrx_word' id='word_1_459' title='bbox 3258 1818 3504 1877; x_wconf 80' lang='lat' dir='ltr'><strong>dictavit.</strong></span> 
     </span>
    </p>
   </div>
   <div class='ocr_carea' id='block_1_60' title="bbox 1904 1909 3509 1983">
    <p class='ocr_par' dir='ltr' id='par_1_60' title="bbox 1904 1909 3509 1983">
     <span class='ocr_line' id='line_1_60' title="bbox 1904 1909 3509 1983; baseline -0.004 -11"><span class='ocrx_word' id='word_1_460' title='bbox 1904 1909 2170 1972; x_wconf 72' lang='lat' dir='ltr'><strong>Similiter</strong></span> <span class='ocrx_word' id='word_1_461' title='bbox 2190 1915 2573 1972; x_wconf 85' lang='lat' dir='ltr'><strong>sanctissimus</strong></span> <span class='ocrx_word' id='word_1_462' title='bbox 2599 1922 2659 1968; x_wconf 85' lang='lat' dir='ltr'><strong>et</strong></span> <span class='ocrx_word' id='word_1_463' title='bbox 2675 1913 2787 1973; x_wconf 84' lang='lat' dir='ltr'><strong>Deo</strong></span> <span class='ocrx_word' id='word_1_464' title='bbox 2818 1913 3034 1967; x_wconf 82' lang='lat' dir='ltr'><strong>amicus</strong></span> <span class='ocrx_word' id='word_1_465' title='bbox 3059 1911 3250 1968; x_wconf 85' lang='lat' dir='ltr'><strong>beatus</strong></span> <span class='ocrx_word' id='word_1_466' title='bbox 3276 1909 3509 1983; x_wconf 75' lang='lat' dir='ltr'><strong>Cyrinus</strong></span> 
     </span>
    </p>
   </div>
   <div class='ocr_carea' id='block_1_61' title="bbox 1902 2003 3509 2081">
    <p class='ocr_par' dir='ltr' id='par_1_61' title="bbox 1902 2003 3509 2081">
     <span class='ocr_line' id='line_1_61' title="bbox 1902 2003 3509 2081; baseline -0.005 -17"><span class='ocrx_word' id='word_1_467' title='bbox 1902 2024 1971 2065; x_wconf 79' lang='lat' dir='ltr'><strong>ex</strong></span> <span class='ocrx_word' id='word_1_468' title='bbox 2002 2005 2210 2081; x_wconf 84' lang='lat' dir='ltr'><strong>Spiritu</strong></span> <span class='ocrx_word' id='word_1_469' title='bbox 2255 2015 2468 2071; x_wconf 84' lang='lat' dir='ltr'><strong>sancto,</strong></span> <span class='ocrx_word' id='word_1_470' title='bbox 2506 2021 2628 2076; x_wconf 72' lang='lat' dir='ltr'><strong>qua:</strong></span> <span class='ocrx_word' id='word_1_471' title='bbox 2644 2014 2782 2061; x_wconf 80' lang='lat' dir='ltr'><strong>sunt</strong></span> <span class='ocrx_word' id='word_1_472' title='bbox 2805 2013 3121 2063; x_wconf 80' lang='lat' dir='ltr'><strong>sanctorum</strong></span> <span class='ocrx_word' id='word_1_473' title='bbox 3144 2003 3393 2068; x_wconf 79' lang='lat' dir='ltr'><strong>Patrum,</strong></span> <span class='ocrx_word' id='word_1_474' title='bbox 3426 2003 3509 2057; x_wconf 85' lang='lat' dir='ltr'><strong>lo-</strong></span> 
     </span>
    </p>
   </div>
   <div class='ocr_carea' id='block_1_62' title="bbox 1832 2094 3511 2169">
    <p class='ocr_par' dir='ltr' id='par_1_62' title="bbox 1832 2094 3511 2169">
     <span class='ocr_line' id='line_1_62' title="bbox 1832 2094 3511 2169; baseline -0.005 -13"><span class='ocrx_word' id='word_1_475' title='bbox 1832 2094 1880 2156; x_wconf 77' lang='lat' dir='ltr'><strong>B</strong></span> <span class='ocrx_word' id='word_1_476' title='bbox 1907 2108 2067 2155; x_wconf 90' lang='lat' dir='ltr'><strong>cutus</strong></span> <span class='ocrx_word' id='word_1_477' title='bbox 2093 2107 2178 2154; x_wconf 90' lang='lat' dir='ltr'><strong>est</strong></span> <span class='ocrx_word' id='word_1_478' title='bbox 2200 2106 2256 2152; x_wconf 92' lang='lat' dir='ltr'><strong>et</strong></span> <span class='ocrx_word' id='word_1_479' title='bbox 2278 2097 2480 2152; x_wconf 85' lang='lat' dir='ltr'><strong>docuit.</strong></span> <span class='ocrx_word' id='word_1_480' title='bbox 2523 2116 2541 2150; x_wconf 72' lang='grc' dir='ltr'><strong>ι</strong></span> <span class='ocrx_word' id='word_1_481' title='bbox 2577 2095 2643 2150; x_wconf 86' lang='grc' dir='ltr'><strong>Ει</strong></span> <span class='ocrx_word' id='word_1_482' title='bbox 2669 2103 2791 2169; x_wconf 90' lang='lat' dir='ltr'><strong>post</strong></span> <span class='ocrx_word' id='word_1_483' title='bbox 2830 2111 3003 2167; x_wconf 86' lang='lat' dir='ltr'><strong>pauca</strong></span> <span class='ocrx_word' id='word_1_484' title='bbox 3039 2096 3226 2156; x_wconf 74' lang='lat' dir='ltr'><strong>eadem</strong></span> <span class='ocrx_word' id='word_1_485' title='bbox 3257 2094 3511 2165; x_wconf 70' lang='lat' dir='ltr'><strong>pratdicta</strong></span> 
     </span>
    </p>
   </div>
   <div class='ocr_carea' id='block_1_63' title="bbox 1909 2188 3513 2265">
    <p class='ocr_par' dir='ltr' id='par_1_63' title="bbox 1909 2188 3513 2265">
     <span class='ocr_line' id='line_1_63' title="bbox 1909 2188 3513 2265; baseline -0.006 -18"><span class='ocrx_word' id='word_1_486' title='bbox 1909 2191 2147 2265; x_wconf 85' lang='lat' dir='ltr'><strong>synodus</strong></span> <span class='ocrx_word' id='word_1_487' title='bbox 2174 2190 2305 2246; x_wconf 89' lang='lat' dir='ltr'><strong>dicit</strong></span> <span class='ocrx_word' id='word_1_488' title='bbox 2329 2208 2341 2243; x_wconf 89' lang='lat'><strong>:</strong></span> <span class='ocrx_word' id='word_1_489' title='bbox 2382 2208 2399 2240; x_wconf 78' lang='grc' dir='ltr'>σ</span> <span class='ocrx_word' id='word_1_490' title='bbox 2439 2188 2661 2244; x_wconf 81' lang='lat' dir='ltr'><strong>Lectam</strong></span> <span class='ocrx_word' id='word_1_491' title='bbox 2690 2203 2721 2243; x_wconf 88' lang='lat' dir='ltr'><strong>a</strong></span> <span class='ocrx_word' id='word_1_492' title='bbox 2749 2196 2937 2245; x_wconf 83' lang='lat' dir='ltr'><strong>sancta</strong></span> <span class='ocrx_word' id='word_1_493' title='bbox 2961 2188 3169 2259; x_wconf 77' lang='lat' dir='ltr'><strong>synodo</strong></span> <span class='ocrx_word' id='word_1_494' title='bbox 3197 2195 3513 2245; x_wconf 81' lang='lat' dir='ltr'><strong>sanctorum</strong></span> 
     </span>
    </p>
   </div>
   <div class='ocr_carea' id='block_1_64' title="bbox 1912 2277 3514 2367">
    <p class='ocr_par' dir='ltr' id='par_1_64' title="bbox 1912 2277 3514 2367">
     <span class='ocr_line' id='line_1_64' title="bbox 1912 2277 3514 2367; baseline -0.004 -28"><span class='ocrx_word' id='word_1_495' title='bbox 1912 2277 2137 2367; x_wconf 74' lang='lat' dir='ltr'><strong>Patrum</strong></span> <span class='ocrx_word' id='word_1_496' title='bbox 2163 2281 2555 2354; x_wconf 83' lang='lat' dir='ltr'><strong>expositionem</strong></span> <span class='ocrx_word' id='word_1_497' title='bbox 2573 2322 2588 2346; x_wconf 94' lang='lat'><strong>,</strong></span> <span class='ocrx_word' id='word_1_498' title='bbox 2621 2289 2676 2335; x_wconf 89' lang='lat' dir='ltr'><strong>et</strong></span> <span class='ocrx_word' id='word_1_499' title='bbox 2692 2281 2876 2337; x_wconf 83' lang='lat' dir='ltr'><strong>.leCtas</strong></span> <span class='ocrx_word' id='word_1_500' title='bbox 2903 2280 3060 2335; x_wconf 86' lang='lat' dir='ltr'><strong>nobis</strong></span> <span class='ocrx_word' id='word_1_501' title='bbox 3087 2281 3348 2352; x_wconf 69' lang='lat' dir='ltr'><strong>qiistolas</strong></span> <span class='ocrx_word' id='word_1_502' title='bbox 3375 2295 3479 2335; x_wconf 82' lang='lat' dir='ltr'><strong>san</strong></span> <span class='ocrx_word' id='word_1_503' title='bbox 3496 2306 3514 2319; x_wconf 81' lang='grc' dir='ltr'><strong>ο</strong></span> 
     </span>
    </p>
   </div>
   <div class='ocr_carea' id='block_1_65' title="bbox 1911 2372 3514 2446">
    <p class='ocr_par' dir='ltr' id='par_1_65' title="bbox 1911 2372 3514 2446">
     <span class='ocr_line' id='line_1_65' title="bbox 1911 2372 3514 2446; baseline -0.002 -13"><span class='ocrx_word' id='word_1_504' title='bbox 1911 2374 2141 2434; x_wconf 78' lang='lat' dir='ltr'><strong>ctissimi</strong></span> <span class='ocrx_word' id='word_1_505' title='bbox 2173 2383 2230 2431; x_wconf 88' lang='lat' dir='ltr'><strong>et</strong></span> <span class='ocrx_word' id='word_1_506' title='bbox 2253 2372 2367 2430; x_wconf 88' lang='lat' dir='ltr'><strong>Deo</strong></span> <span class='ocrx_word' id='word_1_507' title='bbox 2402 2374 2552 2446; x_wconf 86' lang='lat' dir='ltr'><strong>digni</strong></span> <span class='ocrx_word' id='word_1_508' title='bbox 2602 2373 2881 2445; x_wconf 75' lang='lat' dir='ltr'><strong>quondam</strong></span> <span class='ocrx_word' id='word_1_509' title='bbox 2926 2373 3167 2445; x_wconf 77' lang='lat' dir='ltr'><strong>episcopi</strong></span> <span class='ocrx_word' id='word_1_510' title='bbox 3215 2372 3514 2443; x_wconf 74' lang='lat' dir='ltr'><strong>Cyrilli,_et</strong></span> 
     </span>
    </p>
   </div>
   <div class='ocr_carea' id='block_1_66' title="bbox 1912 2459 3516 2540">
    <p class='ocr_par' dir='ltr' id='par_1_66' title="bbox 1912 2459 3516 2540">
     <span class='ocr_line' id='line_1_66' title="bbox 1912 2459 3516 2540; baseline -0.004 -15"><span class='ocrx_word' id='word_1_511' title='bbox 1912 2468 2188 2540; x_wconf 74' lang='lat' dir='ltr'><strong>expositas</strong></span> <span class='ocrx_word' id='word_1_512' title='bbox 2218 2466 2430 2540; x_wconf 79' lang='lat' dir='ltr'><strong>regulas</strong></span> <span class='ocrx_word' id='word_1_513' title='bbox 2456 2473 2513 2521; x_wconf 89' lang='lat' dir='ltr'><strong>et</strong></span> <span class='ocrx_word' id='word_1_514' title='bbox 2556 2459 2715 2520; x_wconf 81' lang='lat' dir='ltr'><strong>ﬁdem</strong></span> <span class='ocrx_word' id='word_1_515' title='bbox 2745 2480 2775 2519; x_wconf 87' lang='lat' dir='ltr'><strong>a</strong></span> <span class='ocrx_word' id='word_1_516' title='bbox 2799 2472 2986 2520; x_wconf 81' lang='lat' dir='ltr'><strong>sancta</strong></span> <span class='ocrx_word' id='word_1_517' title='bbox 3015 2473 3072 2519; x_wconf 87' lang='lat' dir='ltr'><strong>et</strong></span> <span class='ocrx_word' id='word_1_518' title='bbox 3107 2480 3303 2536; x_wconf 83' lang='lat' dir='ltr'><strong>magna</strong></span> <span class='ocrx_word' id='word_1_519' title='bbox 3335 2461 3516 2531; x_wconf 67' lang='lat' dir='ltr'><strong>Ephev</strong></span> 
     </span>
    </p>
   </div>
   <div class='ocr_carea' id='block_1_67' title="bbox 1913 2554 3524 2627">
    <p class='ocr_par' dir='ltr' id='par_1_67' title="bbox 1913 2554 3524 2627">
     <span class='ocr_line' id='line_1_67' title="bbox 1913 2554 3524 2627; baseline -0.004 -10"><span class='ocrx_word' id='word_1_520' title='bbox 1913 2557 2053 2625; x_wconf 78' lang='lat' dir='ltr'><strong>Sina,</strong></span> <span class='ocrx_word' id='word_1_521' title='bbox 2084 2574 2320 2615; x_wconf 84' lang='lat' dir='ltr'><strong>consona</strong></span> <span class='ocrx_word' id='word_1_522' title='bbox 2348 2556 2529 2612; x_wconf 80' lang='lat' dir='ltr'><strong>Omnia</strong></span> <span class='ocrx_word' id='word_1_523' title='bbox 2568 2557 2956 2627; x_wconf 85' lang='lat' dir='ltr'><strong>comperimus.</strong></span> <span class='ocrx_word' id='word_1_524' title='bbox 2990 2575 3009 2609; x_wconf 72' lang='grc' dir='ltr'><strong><em>ι</em></strong></span> <span class='ocrx_word' id='word_1_525' title='bbox 3043 2554 3211 2627; x_wconf 78' lang='lat' dir='ltr'><strong>igitur</strong></span> <span class='ocrx_word' id='word_1_526' title='bbox 3236 2563 3291 2609; x_wconf 91' lang='lat' dir='ltr'><strong>et</strong></span> <span class='ocrx_word' id='word_1_527' title='bbox 3316 2569 3416 2626; x_wconf 81' lang='lat' dir='ltr'><strong>ego</strong></span> <span class='ocrx_word' id='word_1_528' title='bbox 3438 2554 3524 2612; x_wconf 84' lang='lat' dir='ltr'><strong>sic</strong></span> 
     </span>
    </p>
   </div>
   <div class='ocr_carea' id='block_1_68' title="bbox 1915 2648 3518 2723">
    <p class='ocr_par' dir='ltr' id='par_1_68' title="bbox 1915 2648 3518 2723">
     <span class='ocr_line' id='line_1_68' title="bbox 1915 2648 3518 2723; baseline -0.005 -13"><span class='ocrx_word' id='word_1_529' title='bbox 1915 2656 2079 2711; x_wconf 85' lang='lat' dir='ltr'><strong>credo</strong></span> <span class='ocrx_word' id='word_1_530' title='bbox 2103 2661 2159 2708; x_wconf 92' lang='lat' dir='ltr'><strong>et</strong></span> <span class='ocrx_word' id='word_1_531' title='bbox 2184 2648 2469 2716; x_wconf 82' lang='lat' dir='ltr'><strong>conﬁteor,</strong></span> <span class='ocrx_word' id='word_1_532' title='bbox 2502 2657 2557 2704; x_wconf 83' lang='lat' dir='ltr'><strong>et</strong></span> <span class='ocrx_word' id='word_1_533' title='bbox 2584 2652 2677 2722; x_wconf 81' lang='lat' dir='ltr'><strong>qui</strong></span> <span class='ocrx_word' id='word_1_534' title='bbox 2707 2659 2908 2723; x_wconf 79' lang='lat' dir='ltr'><strong>praeter</strong></span> <span class='ocrx_word' id='word_1_535' title='bbox 2938 2651 3056 2706; x_wconf 79' lang='lat' dir='ltr'><strong>haec</strong></span> <span class='ocrx_word' id='word_1_536' title='bbox 3082 2650 3247 2720; x_wconf 84' lang='lat' dir='ltr'><strong>sapit,</strong></span> <span class='ocrx_word' id='word_1_537' title='bbox 3279 2648 3518 2706; x_wconf 79' lang='lat' dir='ltr'><strong>alienum</strong></span> 
     </span>
    </p>
   </div>
   <div class='ocr_carea' id='block_1_69' title="bbox 1912 2740 3521 2818">
    <p class='ocr_par' dir='ltr' id='par_1_69' title="bbox 1912 2740 3521 2818">
     <span class='ocr_line' id='line_1_69' title="bbox 1912 2740 3521 2818; baseline -0.003 -15"><span class='ocrx_word' id='word_1_538' title='bbox 1912 2745 2097 2818; x_wconf 85' lang='lat' dir='ltr'><strong>judico</strong></span> <span class='ocrx_word' id='word_1_539' title='bbox 2136 2763 2167 2802; x_wconf 86' lang='lat' dir='ltr'><strong>a</strong></span> <span class='ocrx_word' id='word_1_540' title='bbox 2211 2753 2403 2799; x_wconf 88' lang='lat' dir='ltr'><strong>sancta</strong></span> <span class='ocrx_word' id='word_1_541' title='bbox 2448 2743 2718 2799; x_wconf 84' lang='lat' dir='ltr'><strong>catholica</strong></span> <span class='ocrx_word' id='word_1_542' title='bbox 2747 2740 2993 2801; x_wconf 81' lang='lat' dir='ltr'><strong>Ecclesia</strong></span> <span class='ocrx_word' id='word_1_543' title='bbox 3031 2754 3087 2797; x_wconf 87' lang='lat' dir='ltr'><strong>et</strong></span> <span class='ocrx_word' id='word_1_544' title='bbox 3128 2758 3159 2796; x_wconf 91' lang='lat' dir='ltr'><strong>a</strong></span> <span class='ocrx_word' id='word_1_545' title='bbox 3214 2742 3324 2799; x_wconf 78' lang='lat' dir='ltr'><strong>(ide</strong></span> <span class='ocrx_word' id='word_1_546' title='bbox 3368 2749 3521 2804; x_wconf 78' lang='lat' dir='ltr'><strong>recta</strong></span> 
     </span>
    </p>
   </div>
   <div class='ocr_carea' id='block_1_70' title="bbox 1920 2837 3257 2897">
    <p class='ocr_par' dir='ltr' id='par_1_70' title="bbox 1920 2837 3257 2897">
     <span class='ocr_line' id='line_1_70' title="bbox 1920 2837 3257 2897; baseline -0.009 0"><span class='ocrx_word' id='word_1_547' title='bbox 1920 2837 2283 2897; x_wconf 88' lang='lat' dir='ltr'><strong>credentium.</strong></span> <span class='ocrx_word' id='word_1_548' title='bbox 3254 2894 3257 2897; x_wconf 96' lang='lat'><em>_</em></span> 
     </span>
    </p>
   </div>
   <div class='ocr_carea' id='block_1_71' title="bbox 1986 2927 3524 3002">
    <p class='ocr_par' dir='ltr' id='par_1_71' title="bbox 1986 2927 3524 3002">
     <span class='ocr_line' id='line_1_71' title="bbox 1986 2927 3524 3002; baseline -0.005 -14"><span class='ocrx_word' id='word_1_549' title='bbox 1986 2930 2191 2988; x_wconf 81' lang='lat' dir='ltr'><strong>Beatus</strong></span> <span class='ocrx_word' id='word_1_550' title='bbox 2216 2929 2382 3002; x_wconf 80' lang='lat' dir='ltr'><strong>igitur</strong></span> <span class='ocrx_word' id='word_1_551' title='bbox 2408 2928 2647 3002; x_wconf 82' lang='lat' dir='ltr'><strong>Cyrillus</strong></span> <span class='ocrx_word' id='word_1_552' title='bbox 2672 2930 2698 2969; x_wconf 75' lang='grc' dir='ltr'>δ</span> <span class='ocrx_word' id='word_1_553' title='bbox 2745 2928 2800 2986; x_wconf 82' lang='lat' dir='ltr'><strong>in</strong></span> <span class='ocrx_word' id='word_1_554' title='bbox 2825 2928 3090 2999; x_wconf 78' lang='lat' dir='ltr'><strong>praedicta</strong></span> <span class='ocrx_word' id='word_1_555' title='bbox 3114 2927 3382 2985; x_wconf 77' lang='lat' dir='ltr'><strong>canonica</strong></span> <span class='ocrx_word' id='word_1_556' title='bbox 3407 2927 3524 2998; x_wconf 79' lang='lat' dir='ltr'><strong>epi-</strong></span> 
     </span>
    </p>
   </div>
   <div class='ocr_carea' id='block_1_72' title="bbox 1921 3012 3526 3098">
    <p class='ocr_par' dir='ltr' id='par_1_72' title="bbox 1921 3012 3526 3098">
     <span class='ocr_line' id='line_1_72' title="bbox 1921 3012 3526 3098; baseline -0.004 -19"><span class='ocrx_word' id='word_1_557' title='bbox 1921 3016 2062 3079; x_wconf 68' lang='lat' dir='ltr'><strong>Stola</strong></span> <span class='ocrx_word' id='word_1_558' title='bbox 2091 3065 2108 3090; x_wconf 94' lang='lat'><strong>,</strong></span> <span class='ocrx_word' id='word_1_559' title='bbox 2151 3038 2320 3095; x_wconf 86' lang='lat' dir='ltr'><strong>quam</strong></span> <span class='ocrx_word' id='word_1_560' title='bbox 2371 3012 2442 3076; x_wconf 82' lang='lat' dir='ltr'><strong>ad</strong></span> <span class='ocrx_word' id='word_1_561' title='bbox 2488 3019 2805 3098; x_wconf 77' lang='lat' dir='ltr'><strong>Ncswrium</strong></span> <span class='ocrx_word' id='word_1_562' title='bbox 2842 3018 3214 3088; x_wconf 65' lang='lat' dir='ltr'><strong>conscripsit,</strong></span> <span class='ocrx_word' id='word_1_563' title='bbox 3262 3017 3526 3087; x_wconf 78' lang='lat' dir='ltr'><strong>Spiritum</strong></span> 
     </span>
    </p>
   </div>
   <div class='ocr_carea' id='block_1_73' title="bbox 1921 3105 3525 3181">
    <p class='ocr_par' dir='ltr' id='par_1_73' title="bbox 1921 3105 3525 3181">
     <span class='ocr_line' id='line_1_73' title="bbox 1921 3105 3525 3181; baseline -0.005 -10"><span class='ocrx_word' id='word_1_564' title='bbox 1921 3115 2171 3171; x_wconf 86' lang='lat' dir='ltr'><strong>sanctum</strong></span> <span class='ocrx_word' id='word_1_565' title='bbox 2201 3130 2233 3167; x_wconf 91' lang='lat' dir='ltr'><strong>a</strong></span> <span class='ocrx_word' id='word_1_566' title='bbox 2262 3110 2423 3167; x_wconf 86' lang='lat' dir='ltr'><strong>Patre</strong></span> <span class='ocrx_word' id='word_1_567' title='bbox 2452 3120 2503 3175; x_wconf 82' lang='lat' dir='ltr'><strong>et</strong></span> <span class='ocrx_word' id='word_1_568' title='bbox 2528 3105 2669 3170; x_wconf 76' lang='lat' dir='ltr'><strong>Filio</strong></span> <span class='ocrx_word' id='word_1_569' title='bbox 2694 3109 2989 3181; x_wconf 83' lang='lat' dir='ltr'><strong>procedere</strong></span> <span class='ocrx_word' id='word_1_570' title='bbox 3018 3118 3253 3165; x_wconf 74' lang='lat' dir='ltr'><strong>testatur</strong></span> <span class='ocrx_word' id='word_1_571' title='bbox 3280 3109 3471 3164; x_wconf 79' lang='lat' dir='ltr'><strong>dicens</strong></span> <span class='ocrx_word' id='word_1_572' title='bbox 3506 3127 3525 3163; x_wconf 86' lang='lat'><strong>:</strong></span> 
     </span>
    </p>
   </div>
   <div class='ocr_carea' id='block_1_74' title="bbox 1829 3183 3530 3289">
    <p class='ocr_par' dir='ltr' id='par_1_74' title="bbox 1829 3183 3530 3289">
     <span class='ocr_line' id='line_1_74' title="bbox 1829 3183 3530 3289; baseline -0.002 -28"><span class='ocrx_word' id='word_1_573' title='bbox 1829 3241 1837 3261; x_wconf 71' lang='lat'><strong>.</strong></span> <span class='ocrx_word' id='word_1_574' title='bbox 1931 3215 1955 3257; x_wconf 73' lang='lat' dir='ltr'><strong>t</strong></span> <span class='ocrx_word' id='word_1_575' title='bbox 1976 3194 2236 3289; x_wconf 62' lang='lat' dir='ltr'><strong>quamvis</strong></span> <span class='ocrx_word' id='word_1_576' title='bbox 2262 3194 2431 3259; x_wconf 82' lang='lat' dir='ltr'><strong>estin</strong></span> <span class='ocrx_word' id='word_1_577' title='bbox 2457 3191 2813 3259; x_wconf 78' lang='lat' dir='ltr'><strong>subsistentia</strong></span> <span class='ocrx_word' id='word_1_578' title='bbox 2841 3202 3080 3275; x_wconf 77' lang='lat' dir='ltr'><strong>Spiritus</strong></span> <span class='ocrx_word' id='word_1_579' title='bbox 3115 3183 3334 3272; x_wconf 71' lang='lat' dir='ltr'><strong>speciali</strong></span> <span class='ocrx_word' id='word_1_580' title='bbox 3352 3216 3530 3268; x_wconf 75' lang='lat' dir='ltr'><strong>,nun</strong></span> 
     </span>
    </p>
   </div>
   <div class='ocr_carea' id='block_1_75' title="bbox 1831 3292 3530 3367">
    <p class='ocr_par' dir='ltr' id='par_1_75' title="bbox 1831 3292 3530 3367">
     <span class='ocr_line' id='line_1_75' title="bbox 1831 3292 3530 3367; baseline -0.001 -14"><span class='ocrx_word' id='word_1_581' title='bbox 1831 3349 1835 3352; x_wconf 83' lang='lat'><strong>.</strong></span> <span class='ocrx_word' id='word_1_582' title='bbox 1929 3302 1988 3352; x_wconf 87' lang='lat' dir='ltr'><strong>et</strong></span> <span class='ocrx_word' id='word_1_583' title='bbox 2032 3293 2351 3367; x_wconf 85' lang='lat' dir='ltr'><strong>intelligitur</strong></span> <span class='ocrx_word' id='word_1_584' title='bbox 2377 3310 2475 3366; x_wconf 86' lang='lat' dir='ltr'><strong>per</strong></span> <span class='ocrx_word' id='word_1_585' title='bbox 2508 3310 2567 3350; x_wconf 84' lang='lat' dir='ltr'><strong>se</strong></span> <span class='ocrx_word' id='word_1_586' title='bbox 2610 3292 2905 3359; x_wconf 68' lang='lat' dir='ltr'><strong>semiudum</strong></span> <span class='ocrx_word' id='word_1_587' title='bbox 2937 3292 3103 3366; x_wconf 57' lang='lat'><strong>71,8</strong></span> <span class='ocrx_word' id='word_1_588' title='bbox 3127 3295 3270 3364; x_wconf 73' lang='lat' dir='ltr'><strong>quod</strong></span> <span class='ocrx_word' id='word_1_589' title='bbox 3297 3294 3530 3364; x_wconf 67' lang='lat' dir='ltr'><strong>Spiritus</strong></span> 
     </span>
    </p>
   </div>
   <div class='ocr_carea' id='block_1_76' title="bbox 1931 3382 3532 3453">
    <p class='ocr_par' dir='ltr' id='par_1_76' title="bbox 1931 3382 3532 3453">
     <span class='ocr_line' id='line_1_76' title="bbox 1931 3382 3532 3453; baseline 0 -8"><span class='ocrx_word' id='word_1_590' title='bbox 1931 3391 2033 3450; x_wconf 80' lang='lat' dir='ltr'><strong>cst.</strong></span> <span class='ocrx_word' id='word_1_591' title='bbox 2073 3396 2128 3444; x_wconf 89' lang='lat' dir='ltr'><strong>et</strong></span> <span class='ocrx_word' id='word_1_592' title='bbox 2157 3405 2264 3444; x_wconf 88' lang='lat' dir='ltr'><strong>non</strong></span> <span class='ocrx_word' id='word_1_593' title='bbox 2291 3382 2494 3453; x_wconf 76' lang='lat' dir='ltr'><strong>Filius;</strong></span> <span class='ocrx_word' id='word_1_594' title='bbox 2524 3387 2623 3444; x_wconf 71' lang='lat' dir='ltr'><strong>sed</strong></span> <span class='ocrx_word' id='word_1_595' title='bbox 2655 3397 2839 3443; x_wconf 84' lang='lat' dir='ltr'><strong>tamen</strong></span> <span class='ocrx_word' id='word_1_596' title='bbox 2870 3402 2974 3444; x_wconf 89' lang='lat' dir='ltr'><strong>non</strong></span> <span class='ocrx_word' id='word_1_597' title='bbox 3001 3396 3085 3444; x_wconf 81' lang='lat' dir='ltr'><strong>est</strong></span> <span class='ocrx_word' id='word_1_598' title='bbox 3113 3387 3325 3445; x_wconf 79' lang='lat' dir='ltr'><strong>alienus</strong></span> <span class='ocrx_word' id='word_1_599' title='bbox 3352 3386 3532 3445; x_wconf 79' lang='lat' dir='ltr'><strong>abeo.</strong></span> 
     </span>
    </p>
   </div>
   <div class='ocr_carea' id='block_1_77' title="bbox 1928 3481 3533 3559">
    <p class='ocr_par' dir='ltr' id='par_1_77' title="bbox 1928 3481 3533 3559">
     <span class='ocr_line' id='line_1_77' title="bbox 1928 3481 3533 3559; baseline -0.004 -18"><span class='ocrx_word' id='word_1_600' title='bbox 1928 3481 2163 3559; x_wconf 86' lang='lat' dir='ltr'><strong>Spiritus</strong></span> <span class='ocrx_word' id='word_1_601' title='bbox 2210 3482 2356 3551; x_wconf 85' lang='lat' dir='ltr'><strong>enim</strong></span> <span class='ocrx_word' id='word_1_602' title='bbox 2397 3483 2661 3558; x_wconf 70' lang='lat' dir='ltr'><strong>veritatis~</strong></span> <span class='ocrx_word' id='word_1_603' title='bbox 2690 3484 3020 3553; x_wconf 72' lang='lat' dir='ltr'><strong>nominatur,</strong></span> <span class='ocrx_word' id='word_1_604' title='bbox 3059 3492 3122 3541; x_wconf 82' lang='lat' dir='ltr'><strong>et</strong></span> <span class='ocrx_word' id='word_1_605' title='bbox 3165 3490 3251 3539; x_wconf 74' lang='lat' dir='ltr'><strong>est</strong></span> <span class='ocrx_word' id='word_1_606' title='bbox 3286 3481 3533 3541; x_wconf 73' lang='lat' dir='ltr'><strong>Christus</strong></span> 
     </span>
    </p>
   </div>
   <div class='ocr_carea' id='block_1_78' title="bbox 1927 3567 3533 3647">
    <p class='ocr_par' dir='ltr' id='par_1_78' title="bbox 1927 3567 3533 3647">
     <span class='ocr_line' id='line_1_78' title="bbox 1927 3567 3533 3647; baseline -0.003 -18"><span class='ocrx_word' id='word_1_607' title='bbox 1927 3572 2162 3640; x_wconf 65' lang='lat' dir='ltr'><strong>veritas&quot;,</strong></span> <span class='ocrx_word' id='word_1_608' title='bbox 2191 3586 2249 3635; x_wconf 80' lang='lat' dir='ltr'><strong>et</strong></span> <span class='ocrx_word' id='word_1_609' title='bbox 2274 3567 2495 3647; x_wconf 77' lang='lat' dir='ltr'><strong>proﬂuit</strong></span> <span class='ocrx_word' id='word_1_610' title='bbox 2523 3573 2593 3631; x_wconf 82' lang='lat' dir='ltr'><strong>ab</strong></span> <span class='ocrx_word' id='word_1_611' title='bbox 2620 3588 2684 3628; x_wconf 83' lang='lat' dir='ltr'><strong>eo</strong></span> <span class='ocrx_word' id='word_1_612' title='bbox 2704 3614 2721 3638; x_wconf 92' lang='lat'><strong>,</strong></span> <span class='ocrx_word' id='word_1_613' title='bbox 2758 3574 2902 3629; x_wconf 82' lang='lat' dir='ltr'><strong>sicut</strong></span> <span class='ocrx_word' id='word_1_614' title='bbox 2943 3588 3011 3631; x_wconf 81' lang='lat' dir='ltr'><strong>ex</strong></span> <span class='ocrx_word' id='word_1_615' title='bbox 3057 3572 3175 3627; x_wconf 83' lang='lat' dir='ltr'><strong>Deo</strong></span> <span class='ocrx_word' id='word_1_616' title='bbox 3204 3582 3259 3626; x_wconf 71' lang='lat' dir='ltr'><strong>rt</strong></span> <span class='ocrx_word' id='word_1_617' title='bbox 3286 3571 3472 3629; x_wconf 76' lang='lat' dir='ltr'><strong>Patre.</strong></span> <span class='ocrx_word' id='word_1_618' title='bbox 3513 3590 3533 3624; x_wconf 72' lang='grc' dir='ltr'><strong><em>ι</em></strong></span> 
     </span>
    </p>
   </div>
   <div class='ocr_carea' id='block_1_79' title="bbox 1926 3664 3538 3743">
    <p class='ocr_par' dir='ltr' id='par_1_79' title="bbox 1926 3664 3538 3743">
     <span class='ocr_line' id='line_1_79' title="bbox 1926 3664 3538 3743; baseline -0.002 -21"><span class='ocrx_word' id='word_1_619' title='bbox 1926 3666 2073 3723; x_wconf 89' lang='lat' dir='ltr'><strong>Idem</strong></span> <span class='ocrx_word' id='word_1_620' title='bbox 2117 3679 2333 3737; x_wconf 87' lang='lat' dir='ltr'><strong>quoque</strong></span> <span class='ocrx_word' id='word_1_621' title='bbox 2376 3675 2597 3743; x_wconf 84' lang='lat' dir='ltr'><strong>sanctus</strong></span> <span class='ocrx_word' id='word_1_622' title='bbox 2626 3664 2859 3738; x_wconf 81' lang='lat' dir='ltr'><strong>Cyrillus</strong></span> <span class='ocrx_word' id='word_1_623' title='bbox 2889 3677 2909 3704; x_wconf 75' lang='grc' dir='ltr'><strong>ο</strong></span> <span class='ocrx_word' id='word_1_624' title='bbox 2956 3666 3018 3731; x_wconf 72' lang='lat' dir='ltr'><strong>in</strong></span> <span class='ocrx_word' id='word_1_625' title='bbox 3058 3667 3229 3720; x_wconf 80' lang='lat' dir='ltr'><strong>altera</strong></span> <span class='ocrx_word' id='word_1_626' title='bbox 3273 3665 3538 3721; x_wconf 84' lang='lat' dir='ltr'><strong>canonica</strong></span> 
     </span>
    </p>
   </div>
   <div class='ocr_carea' id='block_1_80' title="bbox 1929 3757 3539 3831">
    <p class='ocr_par' dir='ltr' id='par_1_80' title="bbox 1929 3757 3539 3831">
     <span class='ocr_line' id='line_1_80' title="bbox 1929 3757 3539 3831; baseline -0.002 -14"><span class='ocrx_word' id='word_1_627' title='bbox 1929 3757 2180 3831; x_wconf 80' lang='lat' dir='ltr'><strong>epistola,</strong></span> <span class='ocrx_word' id='word_1_628' title='bbox 2210 3776 2375 3831; x_wconf 88' lang='lat' dir='ltr'><strong>quam</strong></span> <span class='ocrx_word' id='word_1_629' title='bbox 2417 3762 2489 3819; x_wconf 82' lang='lat' dir='ltr'><strong>ad</strong></span> <span class='ocrx_word' id='word_1_630' title='bbox 2532 3758 2801 3825; x_wconf 72' lang='lat' dir='ltr'><strong>Joannem</strong></span> <span class='ocrx_word' id='word_1_631' title='bbox 2844 3760 3068 3830; x_wconf 82' lang='lat' dir='ltr'><strong>scripsit</strong></span> <span class='ocrx_word' id='word_1_632' title='bbox 3111 3758 3539 3823; x_wconf 65' lang='lat' dir='ltr'><strong>Antiochenum,</strong></span> 
     </span>
    </p>
   </div>
   <div class='ocr_carea' id='block_1_81' title="bbox 1930 3849 3539 3924">
    <p class='ocr_par' dir='ltr' id='par_1_81' title="bbox 1930 3849 3539 3924">
     <span class='ocr_line' id='line_1_81' title="bbox 1930 3849 3539 3924; baseline -0.001 -15"><span class='ocrx_word' id='word_1_633' title='bbox 1930 3851 2163 3911; x_wconf 85' lang='lat' dir='ltr'><strong>similem</strong></span> <span class='ocrx_word' id='word_1_634' title='bbox 2200 3851 2268 3907; x_wconf 88' lang='lat' dir='ltr'><strong>de</strong></span> <span class='ocrx_word' id='word_1_635' title='bbox 2304 3849 2539 3924; x_wconf 88' lang='lat' dir='ltr'><strong>Spiritus</strong></span> <span class='ocrx_word' id='word_1_636' title='bbox 2588 3852 2762 3909; x_wconf 78' lang='lat' dir='ltr'><strong>sancti</strong></span> <span class='ocrx_word' id='word_1_637' title='bbox 2798 3868 2832 3905; x_wconf 68' lang='grc' dir='ltr'><strong>ξι</strong></span> <span class='ocrx_word' id='word_1_638' title='bbox 2872 3851 3035 3910; x_wconf 76' lang='lat' dir='ltr'><strong>Patce</strong></span> <span class='ocrx_word' id='word_1_639' title='bbox 3066 3850 3292 3913; x_wconf 61' lang='lat' dir='ltr'><strong>eti&#39;ilio</strong></span> <span class='ocrx_word' id='word_1_640' title='bbox 3321 3866 3539 3921; x_wconf 79' lang='lat' dir='ltr'><strong>proces-</strong></span> 
     </span>
    </p>
   </div>
   <div class='ocr_carea' id='block_1_82' title="bbox 1935 3945 3543 4025">
    <p class='ocr_par' dir='ltr' id='par_1_82' title="bbox 1935 3945 3543 4025">
     <span class='ocr_line' id='line_1_82' title="bbox 1935 3945 3543 4025; baseline -0.001 -24"><span class='ocrx_word' id='word_1_641' title='bbox 1935 3946 2088 4001; x_wconf 88' lang='lat' dir='ltr'><strong>sione</strong></span> <span class='ocrx_word' id='word_1_642' title='bbox 2127 3945 2351 4016; x_wconf 89' lang='lat' dir='ltr'><strong>protulit</strong></span> <span class='ocrx_word' id='word_1_643' title='bbox 2400 3946 2741 4025; x_wconf 77' lang='lat' dir='ltr'><strong>sententiam</strong></span> <span class='ocrx_word' id='word_1_644' title='bbox 2770 3947 2850 4005; x_wconf 74' lang='lat' dir='ltr'><strong>ita</strong></span> <span class='ocrx_word' id='word_1_645' title='bbox 2893 3946 3120 4001; x_wconf 87' lang='lat' dir='ltr'><strong>dicens:</strong></span> <span class='ocrx_word' id='word_1_646' title='bbox 3151 3964 3168 3996; x_wconf 74' lang='grc' dir='ltr'>ι</span> <span class='ocrx_word' id='word_1_647' title='bbox 3203 3945 3543 4002; x_wconf 72' lang='lat' dir='ltr'><strong>Meminimus</strong></span> 
     </span>
    </p>
   </div>
   <div class='ocr_carea' id='block_1_83' title="bbox 1936 4036 3535 4110">
    <p class='ocr_par' dir='ltr' id='par_1_83' title="bbox 1936 4036 3535 4110">
     <span class='ocr_line' id='line_1_83' title="bbox 1936 4036 3535 4110; baseline 0.002 -17"><span class='ocrx_word' id='word_1_648' title='bbox 1936 4036 2081 4095; x_wconf 83' lang='lat' dir='ltr'><strong>enim</strong></span> <span class='ocrx_word' id='word_1_649' title='bbox 2114 4049 2169 4096; x_wconf 87' lang='lat' dir='ltr'><strong>et</strong></span> <span class='ocrx_word' id='word_1_650' title='bbox 2220 4040 2464 4098; x_wconf 77' lang='lat' dir='ltr'><strong>dicentes</strong></span> <span class='ocrx_word' id='word_1_651' title='bbox 2495 4059 2509 4096; x_wconf 75' lang='grc' dir='ltr'>ι</span> <span class='ocrx_word' id='word_1_652' title='bbox 2543 4039 2671 4096; x_wconf 77' lang='lat' dir='ltr'><strong>Noli</strong></span> <span class='ocrx_word' id='word_1_653' title='bbox 2696 4040 2993 4110; x_wconf 65' lang='lat' dir='ltr'><strong>transgredi</strong></span> <span class='ocrx_word' id='word_1_654' title='bbox 3018 4042 3263 4094; x_wconf 73' lang='lat' dir='ltr'><strong>terminos</strong></span> <span class='ocrx_word' id='word_1_655' title='bbox 3290 4051 3535 4105; x_wconf 63' lang='lat' dir='ltr'><strong>internas,</strong></span> 
     </span>
    </p>
   </div>
   <div class='ocr_carea' id='block_1_84' title="bbox 1935 4128 3541 4203">
    <p class='ocr_par' dir='ltr' id='par_1_84' title="bbox 1935 4128 3541 4203">
     <span class='ocr_line' id='line_1_84' title="bbox 1935 4128 3541 4203; baseline 0.001 -19"><span class='ocrx_word' id='word_1_656' title='bbox 1935 4147 2067 4203; x_wconf 82' lang='lat' dir='ltr'><strong>quos</strong></span> <span class='ocrx_word' id='word_1_657' title='bbox 2111 4140 2397 4201; x_wconf 85' lang='lat' dir='ltr'><strong>posuerunt</strong></span> <span class='ocrx_word' id='word_1_658' title='bbox 2450 4141 2630 4203; x_wconf 72' lang='lat' dir='ltr'><strong>patres</strong></span> <span class='ocrx_word' id='word_1_659' title='bbox 2673 4132 2748 4186; x_wconf 76' lang='lat' dir='ltr'><strong>tui</strong></span> <span class='ocrx_word' id='word_1_660' title='bbox 2802 4128 2986 4201; x_wconf 71' lang='lat' dir='ltr'><strong>(Prov.</strong></span> <span class='ocrx_word' id='word_1_661' title='bbox 3019 4146 3155 4196; x_wconf 72' lang='lat' dir='ltr'><strong>un,</strong></span> <span class='ocrx_word' id='word_1_662' title='bbox 3187 4131 3300 4200; x_wconf 69' lang='lat'><strong>‘28).</strong></span> <span class='ocrx_word' id='word_1_663' title='bbox 3358 4132 3541 4201; x_wconf 72' lang='lat' dir='ltr'><strong>Neque</strong></span> 
     </span>
    </p>
   </div>
   <div class='ocr_carea' id='block_1_85' title="bbox 1937 4207 3546 4296">
    <p class='ocr_par' dir='ltr' id='par_1_85' title="bbox 1937 4207 3546 4296">
     <span class='ocr_line' id='line_1_85' title="bbox 1937 4207 3546 4296; baseline 0.001 -17"><span class='ocrx_word' id='word_1_664' title='bbox 1937 4224 2083 4279; x_wconf 89' lang='lat' dir='ltr'><strong>enim</strong></span> <span class='ocrx_word' id='word_1_665' title='bbox 2127 4207 2493 4296; x_wconf 71' lang='lat' dir='ltr'><strong>loquebantur</strong></span> <span class='ocrx_word' id='word_1_666' title='bbox 2538 4222 2639 4288; x_wconf 86' lang='lat' dir='ltr'><strong>illi,</strong></span> <span class='ocrx_word' id='word_1_667' title='bbox 2670 4223 2769 4292; x_wconf 77' lang='lat' dir='ltr'><strong>sed</strong></span> <span class='ocrx_word' id='word_1_668' title='bbox 2801 4222 3044 4295; x_wconf 83' lang='lat' dir='ltr'><strong>Spiritus</strong></span> <span class='ocrx_word' id='word_1_669' title='bbox 3080 4222 3175 4282; x_wconf 85' lang='lat' dir='ltr'><strong>Dei</strong></span> <span class='ocrx_word' id='word_1_670' title='bbox 3208 4222 3411 4290; x_wconf 72' lang='lat' dir='ltr'><strong>Putris,</strong></span> <span class='ocrx_word' id='word_1_671' title='bbox 3454 4226 3546 4294; x_wconf 81' lang='lat' dir='ltr'><strong>qui</strong></span> 
     </span>
    </p>
   </div>
   <div class='ocr_carea' id='block_1_86' title="bbox 1939 4303 3546 4397">
    <p class='ocr_par' dir='ltr' id='par_1_86' title="bbox 1939 4303 3546 4397">
     <span class='ocr_line' id='line_1_86' title="bbox 1939 4303 3546 4397; baseline 0.002 -27"><span class='ocrx_word' id='word_1_672' title='bbox 1939 4305 2184 4386; x_wconf 78' lang='lat' dir='ltr'><strong>procedit</strong></span> <span class='ocrx_word' id='word_1_673' title='bbox 2211 4303 2526 4397; x_wconf 65' lang='lat' dir='ltr'><strong>quideme):</strong></span> <span class='ocrx_word' id='word_1_674' title='bbox 2551 4315 2697 4391; x_wconf 55' lang='lat' dir='ltr'><strong>ipso.</strong></span> <span class='ocrx_word' id='word_1_675' title='bbox 2750 4316 2841 4384; x_wconf 72' lang='lat' dir='ltr'><strong>Est</strong></span> <span class='ocrx_word' id='word_1_676' title='bbox 2882 4324 3067 4371; x_wconf 77' lang='lat' dir='ltr'><strong>autem</strong></span> <span class='ocrx_word' id='word_1_677' title='bbox 3094 4326 3150 4371; x_wconf 88' lang='lat' dir='ltr'><strong>et</strong></span> <span class='ocrx_word' id='word_1_678' title='bbox 3190 4333 3220 4372; x_wconf 85' lang='lat' dir='ltr'><strong>a</strong></span> <span class='ocrx_word' id='word_1_679' title='bbox 3260 4317 3398 4373; x_wconf 80' lang='lat' dir='ltr'><strong>Filio</strong></span> <span class='ocrx_word' id='word_1_680' title='bbox 3440 4333 3546 4373; x_wconf 84' lang='lat' dir='ltr'><strong>non</strong></span> 
     </span>
    </p>
   </div>
   <div class='ocr_carea' id='block_1_87' title="bbox 1942 4394 3544 4478">
    <p class='ocr_par' dir='ltr' id='par_1_87' title="bbox 1942 4394 3544 4478">
     <span class='ocr_line' id='line_1_87' title="bbox 1942 4394 3544 4478; baseline 0.003 -15"><span class='ocrx_word' id='word_1_681' title='bbox 1942 4405 2152 4464; x_wconf 85' lang='lat' dir='ltr'><strong>alienus</strong></span> <span class='ocrx_word' id='word_1_682' title='bbox 2179 4394 2661 4463; x_wconf 68' lang='lat' dir='ltr'><strong>secundumunius</strong></span> <span class='ocrx_word' id='word_1_683' title='bbox 2682 4410 2936 4463; x_wconf 64' lang='lat' dir='ltr'><strong>essentia:</strong></span> <span class='ocrx_word' id='word_1_684' title='bbox 2960 4412 3335 4478; x_wconf 69' lang='lat' dir='ltr'><strong>ratimietu,:et</strong></span> <span class='ocrx_word' id='word_1_685' title='bbox 3352 4412 3420 4468; x_wconf 79' lang='lat' dir='ltr'><strong>ad</strong></span> <span class='ocrx_word' id='word_1_686' title='bbox 3448 4414 3544 4468; x_wconf 75' lang='lat' dir='ltr'><strong>hoc</strong></span> 
     </span>
    </p>
   </div>
   <div class='ocr_carea' id='block_1_88' title="bbox 1942 4500 3547 4572">
    <p class='ocr_par' dir='ltr' id='par_1_88' title="bbox 1942 4500 3547 4572">
     <span class='ocr_line' id='line_1_88' title="bbox 1942 4500 3547 4572; baseline 0.001 -17"><span class='ocrx_word' id='word_1_687' title='bbox 1942 4500 2121 4572; x_wconf 89' lang='lat' dir='ltr'><strong>ipsum</strong></span> <span class='ocrx_word' id='word_1_688' title='bbox 2173 4504 2489 4553; x_wconf 86' lang='lat' dir='ltr'><strong>sanctorum</strong></span> <span class='ocrx_word' id='word_1_689' title='bbox 2541 4513 2743 4565; x_wconf 82' lang='lat' dir='ltr'><strong>arcana</strong></span> <span class='ocrx_word' id='word_1_690' title='bbox 2786 4500 3310 4568; x_wconf 55' lang='lat' dir='ltr'><strong>docentiuurverba</strong></span> <span class='ocrx_word' id='word_1_691' title='bbox 3351 4502 3547 4572; x_wconf 48' lang='lat' dir='ltr'><strong>conlita</strong></span> 
     </span>
    </p>
   </div>
   <div class='ocr_carea' id='block_1_89' title="bbox 1944 4568 3550 4662">
    <p class='ocr_par' dir='ltr' id='par_1_89' title="bbox 1944 4568 3550 4662">
     <span class='ocr_line' id='line_1_89' title="bbox 1944 4568 3550 4662; baseline 0.003 -21"><span class='ocrx_word' id='word_1_692' title='bbox 1944 4568 2135 4650; x_wconf 62' lang='lat' dir='ltr'><strong>ruant;</strong></span> <span class='ocrx_word' id='word_1_693' title='bbox 2164 4578 2515 4639; x_wconf 42' lang='lat' dir='ltr'><strong>&quot;in&#39;Actibus</strong></span> <span class='ocrx_word' id='word_1_694' title='bbox 2566 4572 2812 4658; x_wconf 71' lang='lat' dir='ltr'><strong>namque</strong></span> <span class='ocrx_word' id='word_1_695' title='bbox 2864 4571 3245 4658; x_wconf 80' lang='lat' dir='ltr'><strong>apostolorum</strong></span> <span class='ocrx_word' id='word_1_696' title='bbox 3285 4568 3550 4662; x_wconf 80' lang='lat' dir='ltr'><strong>scriptum</strong></span> 
     </span>
    </p>
   </div>
   <div class='ocr_carea' id='block_1_90' title="bbox 1944 4668 3549 4732">
    <p class='ocr_par' dir='ltr' id='par_1_90' title="bbox 1944 4668 3549 4732">
     <span class='ocr_line' id='line_1_90' title="bbox 1944 4668 3549 4732; baseline 0.003 -6"><span class='ocrx_word' id='word_1_697' title='bbox 1944 4675 2067 4727; x_wconf 85' lang='lat' dir='ltr'><strong>est:</strong></span> <span class='ocrx_word' id='word_1_698' title='bbox 2110 4668 2385 4724; x_wconf 64' lang='lat' dir='ltr'><strong>Venientes</strong></span> <span class='ocrx_word' id='word_1_699' title='bbox 2414 4679 2589 4723; x_wconf 84' lang='lat' dir='ltr'><strong>autem</strong></span> <span class='ocrx_word' id='word_1_700' title='bbox 2624 4671 2891 4725; x_wconf 59' lang='lat' dir='ltr'><strong>iniisiam</strong></span> <span class='ocrx_word' id='word_1_701' title='bbox 2933 4671 3202 4728; x_wconf 82' lang='lat' dir='ltr'><strong>tentabant</strong></span> <span class='ocrx_word' id='word_1_702' title='bbox 3244 4674 3321 4728; x_wconf 82' lang='lat' dir='ltr'><strong>ire</strong></span> <span class='ocrx_word' id='word_1_703' title='bbox 3364 4674 3419 4728; x_wconf 84' lang='lat' dir='ltr'><strong>in</strong></span> <span class='ocrx_word' id='word_1_704' title='bbox 3461 4673 3549 4732; x_wconf 83' lang='lat' dir='ltr'><strong>Bi-</strong></span> 
     </span>
    </p>
   </div>
   <div class='ocr_carea' id='block_1_91' title="bbox 1948 4748 3552 4836">
    <p class='ocr_par' dir='ltr' id='par_1_91' title="bbox 1948 4748 3552 4836">
     <span class='ocr_line' id='line_1_91' title="bbox 1948 4748 3552 4836; baseline 0.004 -21"><span class='ocrx_word' id='word_1_705' title='bbox 1948 4760 2185 4832; x_wconf 73' lang='lat' dir='ltr'><strong>thyniam</strong></span> <span class='ocrx_word' id='word_1_706' title='bbox 2210 4757 2359 4832; x_wconf 47' lang='lat' dir='ltr'><strong>[M34</strong></span> <span class='ocrx_word' id='word_1_707' title='bbox 2387 4755 2685 4833; x_wconf 62' lang='grc' dir='ltr'><strong>Βῃιήἱιιιηῖ,</strong></span> <span class='ocrx_word' id='word_1_708' title='bbox 2722 4767 2772 4815; x_wconf 85' lang='lat' dir='ltr'><strong>et</strong></span> <span class='ocrx_word' id='word_1_709' title='bbox 2799 4748 2903 4816; x_wconf 82' lang='lat' dir='ltr'><strong>non</strong></span> <span class='ocrx_word' id='word_1_710' title='bbox 2924 4763 3160 4834; x_wconf 79' lang='lat' dir='ltr'><strong>permisit</strong></span> <span class='ocrx_word' id='word_1_711' title='bbox 3200 4781 3299 4827; x_wconf 81' lang='lat' dir='ltr'><strong>eos.</strong></span> <span class='ocrx_word' id='word_1_712' title='bbox 3320 4758 3552 4836; x_wconf 69' lang='lat' dir='ltr'><strong>Spiritus</strong></span> 
     </span>
    </p>
   </div>
   <div class='ocr_carea' id='block_1_92' title="bbox 235 4846 3550 4937">
    <p class='ocr_par' dir='ltr' id='par_1_92' title="bbox 235 4846 3550 4937">
     <span class='ocr_line' id='line_1_92' title="bbox 235 4846 3550 4937; baseline -0.002 -17"><span class='ocrx_word' id='word_1_713' title='bbox 235 4863 531 4937; x_wconf 67' lang='lat' dir='ltr'><strong>[lucusque</strong></span> <span class='ocrx_word' id='word_1_714' title='bbox 555 4862 622 4916; x_wconf 77' lang='lat' dir='ltr'><strong>de</strong></span> <span class='ocrx_word' id='word_1_715' title='bbox 646 4856 957 4937; x_wconf 49' lang='lat' dir='ltr'><strong>Evangelia,</strong></span> <span class='ocrx_word' id='word_1_716' title='bbox 979 4873 1117 4937; x_wconf 71' lang='lat' dir='ltr'><strong>nunc</strong></span> <span class='ocrx_word' id='word_1_717' title='bbox 1143 4851 1522 4937; x_wconf 59' lang='lat' dir='ltr'><strong>decurionibus</strong></span> <span class='ocrx_word' id='word_1_718' title='bbox 1540 4862 1845 4907; x_wconf 74' lang='lat' dir='ltr'><strong>sanctorum</strong></span> <span class='ocrx_word' id='word_1_719' title='bbox 1880 4846 1927 4908; x_wconf 91' lang='lat' dir='ltr'><strong>D</strong></span> <span class='ocrx_word' id='word_1_720' title='bbox 1949 4851 2081 4908; x_wconf 69' lang='lat' dir='ltr'><strong>Iesu</strong></span> <span class='ocrx_word' id='word_1_721' title='bbox 2102 4850 2242 4924; x_wconf 79' lang='lat' dir='ltr'><strong>(Act.</strong></span> <span class='ocrx_word' id='word_1_722' title='bbox 2271 4865 2383 4916; x_wconf 76' lang='lat' dir='ltr'><strong>xw,</strong></span> <span class='ocrx_word' id='word_1_723' title='bbox 2410 4851 2484 4925; x_wconf 84' lang='lat'><strong>7).</strong></span> <span class='ocrx_word' id='word_1_724' title='bbox 2504 4848 2784 4909; x_wconf 83' lang='lat' dir='ltr'><strong>Similiter</strong></span> <span class='ocrx_word' id='word_1_725' title='bbox 2807 4851 3000 4909; x_wconf 78' lang='lat' dir='ltr'><strong>Scribit</strong></span> <span class='ocrx_word' id='word_1_726' title='bbox 3027 4864 3209 4910; x_wconf 86' lang='lat' dir='ltr'><strong>autem</strong></span> <span class='ocrx_word' id='word_1_727' title='bbox 3232 4864 3287 4910; x_wconf 89' lang='lat' dir='ltr'><strong>et</strong></span> <span class='ocrx_word' id='word_1_728' title='bbox 3314 4857 3550 4912; x_wconf 83' lang='lat' dir='ltr'><strong>admira-</strong></span> 
     </span>
    </p>
   </div>
   <div class='ocr_carea' id='block_1_93' title="bbox 816 4926 1279 4997">
    <p class='ocr_par' dir='ltr' id='par_1_93' title="bbox 816 4926 1279 4997">
     <span class='ocr_line' id='line_1_93' title="bbox 816 4926 1279 4997; baseline -0.009 -14"><span class='ocrx_word' id='word_1_729' title='bbox 816 4927 1042 4983; x_wconf 84' lang='lat' dir='ltr'><strong>Patrum</strong></span> <span class='ocrx_word' id='word_1_730' title='bbox 1072 4926 1279 4997; x_wconf 76' lang='lat' dir='ltr'><strong>incipit.</strong></span> 
     </span>
    </p>
   </div>
   <div class='ocr_carea' id='block_1_94' title="bbox 316 5034 1852 5119">
    <p class='ocr_par' dir='ltr' id='par_1_94' title="bbox 316 5034 1852 5119">
     <span class='ocr_line' id='line_1_94' title="bbox 316 5034 1852 5119; baseline -0.013 -10"><span class='ocrx_word' id='word_1_731' title='bbox 316 5049 626 5108; x_wconf 86' lang='lat' dir='ltr'><strong>Beatissimi</strong></span> <span class='ocrx_word' id='word_1_732' title='bbox 654 5061 871 5119; x_wconf 86' lang='lat' dir='ltr'><strong>quoque</strong></span> <span class='ocrx_word' id='word_1_733' title='bbox 891 5053 947 5099; x_wconf 88' lang='lat' dir='ltr'><strong>et</strong></span> <span class='ocrx_word' id='word_1_734' title='bbox 972 5038 1412 5099; x_wconf 84' lang='lat' dir='ltr'><strong>reverendissimi</strong></span> <span class='ocrx_word' id='word_1_735' title='bbox 1432 5035 1739 5110; x_wconf 82' lang='lat' dir='ltr'><strong>pontiﬁces,</strong></span> <span class='ocrx_word' id='word_1_736' title='bbox 1756 5034 1852 5105; x_wconf 89' lang='lat' dir='ltr'><strong>qui</strong></span> 
     </span>
    </p>
   </div>
   <div class='ocr_carea' id='block_1_95' title="bbox 231 5131 1851 5215">
    <p class='ocr_par' dir='ltr' id='par_1_95' title="bbox 231 5131 1851 5215">
     <span class='ocr_line' id='line_1_95' title="bbox 231 5131 1851 5215; baseline -0.017 -6"><span class='ocrx_word' id='word_1_737' title='bbox 231 5148 451 5209; x_wconf 77' lang='lat' dir='ltr'><strong>sanctis</strong></span> <span class='ocrx_word' id='word_1_738' title='bbox 472 5152 528 5201; x_wconf 89' lang='lat' dir='ltr'><strong>et</strong></span> <span class='ocrx_word' id='word_1_739' title='bbox 549 5142 839 5215; x_wconf 51' lang='lat' dir='ltr'><strong>praecipuis</strong></span> <span class='ocrx_word' id='word_1_740' title='bbox 867 5140 1153 5194; x_wconf 83' lang='lat' dir='ltr'><strong>beatorum</strong></span> <span class='ocrx_word' id='word_1_741' title='bbox 1178 5135 1405 5191; x_wconf 84' lang='lat' dir='ltr'><strong>Patrum</strong></span> <span class='ocrx_word' id='word_1_742' title='bbox 1430 5131 1697 5203; x_wconf 69' lang='lat' dir='ltr'><strong>prmfuere</strong></span> <span class='ocrx_word' id='word_1_743' title='bbox 1720 5145 1851 5184; x_wconf 88' lang='lat' dir='ltr'><strong>con-</strong></span> 
     </span>
    </p>
   </div>
   <div class='ocr_carea' id='block_1_96' title="bbox 232 5219 1856 5304">
    <p class='ocr_par' dir='ltr' id='par_1_96' title="bbox 232 5219 1856 5304">
     <span class='ocr_line' id='line_1_96' title="bbox 232 5219 1856 5304; baseline -0.014 -8"><span class='ocrx_word' id='word_1_744' title='bbox 232 5239 408 5302; x_wconf 84' lang='lat' dir='ltr'><strong>ciliis,</strong></span> <span class='ocrx_word' id='word_1_745' title='bbox 437 5244 493 5289; x_wconf 88' lang='lat' dir='ltr'><strong>et</strong></span> <span class='ocrx_word' id='word_1_746' title='bbox 522 5247 755 5304; x_wconf 81' lang='lat' dir='ltr'><strong>quorum</strong></span> <span class='ocrx_word' id='word_1_747' title='bbox 797 5243 1037 5285; x_wconf 82' lang='lat' dir='ltr'><strong>canones</strong></span> <span class='ocrx_word' id='word_1_748' title='bbox 1074 5235 1237 5296; x_wconf 84' lang='lat' dir='ltr'><strong>atque</strong></span> <span class='ocrx_word' id='word_1_749' title='bbox 1278 5225 1497 5280; x_wconf 83' lang='lat' dir='ltr'><strong>decreta</strong></span> <span class='ocrx_word' id='word_1_750' title='bbox 1528 5219 1856 5278; x_wconf 80' lang='lat' dir='ltr'><strong>universalis</strong></span> 
     </span>
    </p>
   </div>
   <div class='ocr_carea' id='block_1_97' title="bbox 233 5311 1857 5401">
    <p class='ocr_par' dir='ltr' id='par_1_97' title="bbox 233 5311 1857 5401">
     <span class='ocr_line' id='line_1_97' title="bbox 233 5311 1857 5401; baseline -0.014 -13"><span class='ocrx_word' id='word_1_751' title='bbox 233 5332 498 5401; x_wconf 75' lang='lat' dir='ltr'><strong>sequitur</strong></span> <span class='ocrx_word' id='word_1_752' title='bbox 510 5323 785 5387; x_wconf 83' lang='lat' dir='ltr'><strong>Ecclesia;</strong></span> <span class='ocrx_word' id='word_1_753' title='bbox 810 5320 1046 5392; x_wconf 86' lang='lat' dir='ltr'><strong>Cyrillus</strong></span> <span class='ocrx_word' id='word_1_754' title='bbox 1068 5317 1315 5373; x_wconf 87' lang='lat' dir='ltr'><strong>videlicet</strong></span> <span class='ocrx_word' id='word_1_755' title='bbox 1338 5314 1683 5370; x_wconf 65' lang='lat' dir='ltr'><strong>Alexandria:</strong></span> <span class='ocrx_word' id='word_1_756' title='bbox 1708 5311 1857 5367; x_wconf 84' lang='lat' dir='ltr'><strong>urbis</strong></span> 
     </span>
    </p>
   </div>
   <div class='ocr_carea' id='block_1_98' title="bbox 237 5412 1855 5499">
    <p class='ocr_par' dir='ltr' id='par_1_98' title="bbox 237 5412 1855 5499">
     <span class='ocr_line' id='line_1_98' title="bbox 237 5412 1855 5499; baseline -0.009 -22"><span class='ocrx_word' id='word_1_757' title='bbox 237 5426 556 5499; x_wconf 69' lang='lat' dir='ltr'><strong>episcopus,</strong></span> <span class='ocrx_word' id='word_1_758' title='bbox 590 5420 684 5491; x_wconf 82' lang='lat' dir='ltr'><strong>qui</strong></span> <span class='ocrx_word' id='word_1_759' title='bbox 715 5419 771 5473; x_wconf 86' lang='lat' dir='ltr'><strong>in</strong></span> <span class='ocrx_word' id='word_1_760' title='bbox 803 5417 1078 5488; x_wconf 73' lang='lat' dir='ltr'><strong>Epliisena</strong></span> <span class='ocrx_word' id='word_1_761' title='bbox 1104 5415 1205 5488; x_wconf 79' lang='lat' dir='ltr'><strong>[Ita</strong></span> <span class='ocrx_word' id='word_1_762' title='bbox 1228 5413 1364 5486; x_wconf 59' lang='lat' dir='ltr'><strong>Man]</strong></span> <span class='ocrx_word' id='word_1_763' title='bbox 1394 5412 1601 5484; x_wconf 86' lang='lat' dir='ltr'><strong>synodo</strong></span> <span class='ocrx_word' id='word_1_764' title='bbox 1626 5426 1687 5465; x_wconf 92' lang='lat' dir='ltr'><strong>cc</strong></span> <span class='ocrx_word' id='word_1_765' title='bbox 1715 5424 1855 5481; x_wconf 79' lang='lat' dir='ltr'><strong>prae-</strong></span> 
     </span>
    </p>
   </div>
   <div class='ocr_carea' id='block_1_99' title="bbox 238 5502 1859 5582">
    <p class='ocr_par' dir='ltr' id='par_1_99' title="bbox 238 5502 1859 5582">
     <span class='ocr_line' id='line_1_99' title="bbox 238 5502 1859 5582; baseline -0.012 -8"><span class='ocrx_word' id='word_1_766' title='bbox 238 5515 423 5574; x_wconf 73' lang='lat' dir='ltr'><strong>fuisse</strong></span> <span class='ocrx_word' id='word_1_767' title='bbox 449 5515 664 5570; x_wconf 88' lang='lat' dir='ltr'><strong>videtur</strong></span> <span class='ocrx_word' id='word_1_768' title='bbox 688 5509 958 5582; x_wconf 89' lang='lat' dir='ltr'><strong>episcopis</strong></span> <span class='ocrx_word' id='word_1_769' title='bbox 1000 5527 1013 5561; x_wconf 90' lang='lat'><strong>:</strong></span> <span class='ocrx_word' id='word_1_770' title='bbox 1060 5522 1161 5563; x_wconf 82' lang='lat' dir='ltr'><strong>nec</strong></span> <span class='ocrx_word' id='word_1_771' title='bbox 1187 5522 1294 5562; x_wconf 90' lang='lat' dir='ltr'><strong>non</strong></span> <span class='ocrx_word' id='word_1_772' title='bbox 1319 5513 1375 5561; x_wconf 87' lang='lat' dir='ltr'><strong>ot</strong></span> <span class='ocrx_word' id='word_1_773' title='bbox 1394 5505 1506 5560; x_wconf 89' lang='lat' dir='ltr'><strong>Leo</strong></span> <span class='ocrx_word' id='word_1_774' title='bbox 1534 5502 1859 5559; x_wconf 69' lang='lat' dir='ltr'><strong>venerabilis</strong></span> 
     </span>
    </p>
   </div>
   <div class='ocr_carea' id='block_1_100' title="bbox 241 5598 1859 5681">
    <p class='ocr_par' dir='ltr' id='par_1_100' title="bbox 241 5598 1859 5681">
     <span class='ocr_line' id='line_1_100' title="bbox 241 5598 1859 5681; baseline -0.012 -16"><span class='ocrx_word' id='word_1_775' title='bbox 241 5606 567 5681; x_wconf 70' lang='lat' dir='ltr'><strong>apostolicae</strong></span> <span class='ocrx_word' id='word_1_776' title='bbox 593 5606 739 5663; x_wconf 88' lang='lat' dir='ltr'><strong>sedis</strong></span> <span class='ocrx_word' id='word_1_777' title='bbox 767 5600 1010 5675; x_wconf 76' lang='lat' dir='ltr'><strong>pontifex</strong></span> <span class='ocrx_word' id='word_1_778' title='bbox 1037 5642 1051 5663; x_wconf 91' lang='lat'><strong>,</strong></span> <span class='ocrx_word' id='word_1_779' title='bbox 1092 5598 1247 5669; x_wconf 76' lang='lat' dir='ltr'><strong>cujus</strong></span> <span class='ocrx_word' id='word_1_780' title='bbox 1275 5598 1656 5653; x_wconf 83' lang='lat' dir='ltr'><strong>auctoritatem</strong></span> <span class='ocrx_word' id='word_1_781' title='bbox 1682 5610 1859 5651; x_wconf 67' lang='lat' dir='ltr'><strong>non:</strong></span> 
     </span>
    </p>
   </div>
   <div class='ocr_carea' id='block_1_101' title="bbox 240 5687 1860 5766">
    <p class='ocr_par' dir='ltr' id='par_1_101' title="bbox 240 5687 1860 5766">
     <span class='ocr_line' id='line_1_101' title="bbox 240 5687 1860 5766; baseline -0.01 -7"><span class='ocrx_word' id='word_1_782' title='bbox 240 5703 448 5759; x_wconf 80' lang='lat' dir='ltr'><strong>Patres</strong></span> <span class='ocrx_word' id='word_1_783' title='bbox 476 5697 819 5754; x_wconf 72' lang='lat' dir='ltr'><strong>Chalcedone</strong></span> <span class='ocrx_word' id='word_1_784' title='bbox 850 5692 1164 5766; x_wconf 76' lang='lat' dir='ltr'><strong>congregati</strong></span> <span class='ocrx_word' id='word_1_785' title='bbox 1208 5691 1380 5746; x_wconf 88' lang='lat' dir='ltr'><strong>secuti</strong></span> <span class='ocrx_word' id='word_1_786' title='bbox 1420 5698 1565 5751; x_wconf 89' lang='lat' dir='ltr'><strong>sunt,</strong></span> <span class='ocrx_word' id='word_1_787' title='bbox 1598 5687 1860 5759; x_wconf 85' lang='lat' dir='ltr'><strong>Spiritum</strong></span> 
     </span>
    </p>
   </div>
   <div class='ocr_carea' id='block_1_102' title="bbox 242 5778 1862 5855">
    <p class='ocr_par' dir='ltr' id='par_1_102' title="bbox 242 5778 1862 5855">
     <span class='ocr_line' id='line_1_102' title="bbox 242 5778 1862 5855; baseline -0.006 -12"><span class='ocrx_word' id='word_1_788' title='bbox 242 5797 508 5846; x_wconf 74' lang='lat' dir='ltr'><strong>sanctum</strong></span> <span class='ocrx_word' id='word_1_789' title='bbox 534 5787 603 5841; x_wconf 88' lang='lat' dir='ltr'><strong>ab</strong></span> <span class='ocrx_word' id='word_1_790' title='bbox 622 5786 904 5855; x_wconf 84' lang='lat' dir='ltr'><strong>unigenito</strong></span> <span class='ocrx_word' id='word_1_791' title='bbox 935 5783 1029 5838; x_wconf 87' lang='lat' dir='ltr'><strong>Dei</strong></span> <span class='ocrx_word' id='word_1_792' title='bbox 1054 5782 1216 5847; x_wconf 88' lang='lat' dir='ltr'><strong>Filio,</strong></span> <span class='ocrx_word' id='word_1_793' title='bbox 1255 5782 1347 5853; x_wconf 84' lang='lat' dir='ltr'><strong>qui</strong></span> <span class='ocrx_word' id='word_1_794' title='bbox 1373 5789 1460 5835; x_wconf 88' lang='lat' dir='ltr'><strong>est</strong></span> <span class='ocrx_word' id='word_1_795' title='bbox 1487 5779 1733 5837; x_wconf 83' lang='lat' dir='ltr'><strong>Verbum</strong></span> <span class='ocrx_word' id='word_1_796' title='bbox 1758 5778 1862 5833; x_wconf 87' lang='lat' dir='ltr'><strong>Pa-</strong></span> 
     </span>
    </p>
   </div>
   <div class='ocr_carea' id='block_1_103' title="bbox 246 5872 1861 5951">
    <p class='ocr_par' dir='ltr' id='par_1_103' title="bbox 246 5872 1861 5951">
     <span class='ocr_line' id='line_1_103' title="bbox 246 5872 1861 5951; baseline -0.007 -13"><span class='ocrx_word' id='word_1_797' title='bbox 246 5882 380 5945; x_wconf 78' lang='lat' dir='ltr'><strong>tris,</strong></span> <span class='ocrx_word' id='word_1_798' title='bbox 427 5879 718 5951; x_wconf 80' lang='lat' dir='ltr'><strong>procedere</strong></span> <span class='ocrx_word' id='word_1_799' title='bbox 766 5878 818 5931; x_wconf 92' lang='lat' dir='ltr'><strong>in</strong></span> <span class='ocrx_word' id='word_1_800' title='bbox 871 5874 1146 5951; x_wconf 87' lang='lat' dir='ltr'><strong>synodicis</strong></span> <span class='ocrx_word' id='word_1_801' title='bbox 1200 5874 1377 5931; x_wconf 87' lang='lat' dir='ltr'><strong>testati</strong></span> <span class='ocrx_word' id='word_1_802' title='bbox 1423 5884 1551 5929; x_wconf 86' lang='lat' dir='ltr'><strong>sunt</strong></span> <span class='ocrx_word' id='word_1_803' title='bbox 1592 5872 1861 5944; x_wconf 83' lang='lat' dir='ltr'><strong>epistolis,</strong></span> 
     </span>
    </p>
   </div>
   <div class='ocr_carea' id='block_1_104' title="bbox 332 5986 1640 6065">
    <p class='ocr_par' dir='ltr' id='par_1_104' title="bbox 332 5986 1640 6065">
     <span class='ocr_line' id='line_1_104' title="bbox 332 5986 1640 6065; baseline -0.008 -15"><span class='ocrx_word' id='word_1_804' title='bbox 332 6009 361 6035; x_wconf 71' lang='grc' dir='ltr'>α</span> <span class='ocrx_word' id='word_1_805' title='bbox 402 5995 478 6049; x_wconf 81' lang='lat' dir='ltr'><strong>Ex</strong></span> <span class='ocrx_word' id='word_1_806' title='bbox 503 5993 562 6048; x_wconf 90' lang='lat' dir='ltr'><strong>S.</strong></span> <span class='ocrx_word' id='word_1_807' title='bbox 598 5993 761 6065; x_wconf 73' lang='lat' dir='ltr'><strong>Aug,</strong></span> <span class='ocrx_word' id='word_1_808' title='bbox 781 5991 874 6065; x_wconf 70' lang='lat' dir='ltr'><strong>lib.</strong></span> <span class='ocrx_word' id='word_1_809' title='bbox 902 6007 968 6065; x_wconf 63' lang='lat' dir='ltr'><strong>av</strong></span> <span class='ocrx_word' id='word_1_810' title='bbox 1007 5990 1074 6065; x_wconf 80' lang='lat' dir='ltr'><strong>de</strong></span> <span class='ocrx_word' id='word_1_811' title='bbox 1097 5988 1385 6065; x_wconf 64' lang='lat' dir='ltr'><strong>Trinitate,</strong></span> <span class='ocrx_word' id='word_1_812' title='bbox 1408 6002 1525 6059; x_wconf 79' lang='lat' dir='ltr'><strong>cap.</strong></span> 
     </span>
    </p>
   </div>
   <div class='ocr_carea' id='block_1_105' title="bbox 336 6057 1858 6136">
    <p class='ocr_par' dir='ltr' id='par_1_105' title="bbox 336 6057 1858 6136">
     <span class='ocr_line' id='line_1_105' title="bbox 336 6057 1858 6136; baseline -0.005 -16"><span class='ocrx_word' id='word_1_813' title='bbox 336 6068 360 6105; x_wconf 70' lang='grc' dir='ltr'>δ</span> <span class='ocrx_word' id='word_1_814' title='bbox 406 6066 462 6122; x_wconf 85' lang='lat' dir='ltr'><strong>S.</strong></span> <span class='ocrx_word' id='word_1_815' title='bbox 492 6057 730 6136; x_wconf 62' lang='lat' dir='ltr'><strong>(lyrinus</strong></span> <span class='ocrx_word' id='word_1_816' title='bbox 752 6066 805 6118; x_wconf 84' lang='lat' dir='ltr'><strong>in</strong></span> <span class='ocrx_word' id='word_1_817' title='bbox 830 6062 1097 6136; x_wconf 74' lang='lat' dir='ltr'><strong>Ephesina</strong></span> <span class='ocrx_word' id='word_1_818' title='bbox 1131 6062 1358 6132; x_wconf 83' lang='lat' dir='ltr'><strong>synodo,</strong></span> <span class='ocrx_word' id='word_1_819' title='bbox 1398 6057 1527 6116; x_wconf 83' lang='lat' dir='ltr'><strong>tom.</strong></span> <span class='ocrx_word' id='word_1_820' title='bbox 1564 6059 1625 6114; x_wconf 85' lang='lat' dir='ltr'><strong>ill</strong></span> <span class='ocrx_word' id='word_1_821' title='bbox 1654 6057 1858 6115; x_wconf 80' lang='lat' dir='ltr'><strong>Concil.</strong></span> 
     </span>
    </p>
   </div>
   <div class='ocr_carea' id='block_1_106' title="bbox 248 6133 1090 6207">
    <p class='ocr_par' dir='ltr' id='par_1_106' title="bbox 248 6133 1090 6207">
     <span class='ocr_line' id='line_1_106' title="bbox 248 6133 1090 6207; baseline -0.012 -11"><span class='ocrx_word' id='word_1_822' title='bbox 248 6139 459 6199; x_wconf 65' lang='grc' dir='ltr'><strong>(ἐποιοῦ,</strong></span> <span class='ocrx_word' id='word_1_823' title='bbox 503 6133 624 6207; x_wconf 73' lang='lat' dir='ltr'><strong>pag.</strong></span> <span class='ocrx_word' id='word_1_824' title='bbox 667 6136 795 6203; x_wconf 73' lang='lat'><strong>955,</strong></span> <span class='ocrx_word' id='word_1_825' title='bbox 824 6133 967 6190; x_wconf 79' lang='lat' dir='ltr'><strong>nunt.</strong></span> <span class='ocrx_word' id='word_1_826' title='bbox 1004 6133 1090 6188; x_wconf 70' lang='lat'><strong>{0.</strong></span> 
     </span>
    </p>
   </div>
   <div class='ocr_carea' id='block_1_107' title="bbox 1950 4940 3548 5019">
    <p class='ocr_par' dir='ltr' id='par_1_107' title="bbox 1950 4940 3548 5019">
     <span class='ocr_line' id='line_1_107' title="bbox 1950 4940 3548 5019; baseline 0.001 -17"><span class='ocrx_word' id='word_1_827' title='bbox 1950 4946 2074 5002; x_wconf 82' lang='lat' dir='ltr'><strong>bilis</strong></span> <span class='ocrx_word' id='word_1_828' title='bbox 2102 4940 2305 5000; x_wconf 83' lang='lat' dir='ltr'><strong>Paulus</strong></span> <span class='ocrx_word' id='word_1_829' title='bbox 2342 4962 2354 4997; x_wconf 93' lang='lat'>:</span> <span class='ocrx_word' id='word_1_830' title='bbox 2406 4940 2511 5011; x_wconf 77' lang='lat' dir='ltr'><strong>Qui</strong></span> <span class='ocrx_word' id='word_1_831' title='bbox 2541 4953 2714 5000; x_wconf 86' lang='lat' dir='ltr'><strong>autem</strong></span> <span class='ocrx_word' id='word_1_832' title='bbox 2753 4947 2807 4999; x_wconf 82' lang='lat' dir='ltr'><strong>in</strong></span> <span class='ocrx_word' id='word_1_833' title='bbox 2844 4965 3003 5001; x_wconf 71' lang='lat' dir='ltr'><strong>rartte</strong></span> <span class='ocrx_word' id='word_1_834' title='bbox 3031 4958 3175 5014; x_wconf 82' lang='lat' dir='ltr'><strong>sunt,</strong></span> <span class='ocrx_word' id='word_1_835' title='bbox 3206 4946 3412 5019; x_wconf 82' lang='lat' dir='ltr'><strong>placere</strong></span> <span class='ocrx_word' id='word_1_836' title='bbox 3439 4948 3548 5011; x_wconf 84' lang='lat' dir='ltr'><strong>Deo</strong></span> 
     </span>
    </p>
   </div>
   <div class='ocr_carea' id='block_1_108' title="bbox 1952 5032 3555 5109">
    <p class='ocr_par' dir='ltr' id='par_1_108' title="bbox 1952 5032 3555 5109">
     <span class='ocr_line' id='line_1_108' title="bbox 1952 5032 3555 5109; baseline 0.001 -17"><span class='ocrx_word' id='word_1_837' title='bbox 1952 5052 2056 5092; x_wconf 83' lang='lat' dir='ltr'><strong>non</strong></span> <span class='ocrx_word' id='word_1_838' title='bbox 2082 5046 2320 5109; x_wconf 75' lang='lat' dir='ltr'><strong>possunt.</strong></span> <span class='ocrx_word' id='word_1_839' title='bbox 2374 5032 2493 5093; x_wconf 57' lang='lat' dir='ltr'><strong>Vos”</strong></span> <span class='ocrx_word' id='word_1_840' title='bbox 2526 5048 2703 5092; x_wconf 82' lang='lat' dir='ltr'><strong>autem</strong></span> <span class='ocrx_word' id='word_1_841' title='bbox 2756 5048 2860 5093; x_wconf 76' lang='lat' dir='ltr'><strong>non</strong></span> <span class='ocrx_word' id='word_1_842' title='bbox 2902 5042 3024 5095; x_wconf 80' lang='lat' dir='ltr'><strong>estis</strong></span> <span class='ocrx_word' id='word_1_843' title='bbox 3054 5042 3107 5094; x_wconf 80' lang='lat' dir='ltr'><strong>in</strong></span> <span class='ocrx_word' id='word_1_844' title='bbox 3138 5058 3325 5105; x_wconf 82' lang='lat' dir='ltr'><strong>carne,</strong></span> <span class='ocrx_word' id='word_1_845' title='bbox 3376 5038 3468 5096; x_wconf 67' lang='lat' dir='ltr'><strong>sed</strong></span> <span class='ocrx_word' id='word_1_846' title='bbox 3498 5043 3555 5095; x_wconf 82' lang='lat' dir='ltr'><strong>in</strong></span> 
     </span>
    </p>
   </div>
   <div class='ocr_carea' id='block_1_109' title="bbox 1952 5123 3559 5201">
    <p class='ocr_par' dir='ltr' id='par_1_109' title="bbox 1952 5123 3559 5201">
     <span class='ocr_line' id='line_1_109' title="bbox 1952 5123 3559 5201; baseline 0.003 -19"><span class='ocrx_word' id='word_1_847' title='bbox 1952 5130 2175 5200; x_wconf 78' lang='lat' dir='ltr'><strong>spiritu;</strong></span> <span class='ocrx_word' id='word_1_848' title='bbox 2204 5126 2460 5200; x_wconf 76' lang='lat' dir='ltr'><strong>siquidem</strong></span> <span class='ocrx_word' id='word_1_849' title='bbox 2501 5123 2731 5201; x_wconf 68' lang='lat' dir='ltr'><strong>Spiritus</strong></span> <span class='ocrx_word' id='word_1_850' title='bbox 2772 5125 2863 5184; x_wconf 85' lang='lat' dir='ltr'><strong>Dei</strong></span> <span class='ocrx_word' id='word_1_851' title='bbox 2891 5130 3159 5186; x_wconf 70' lang='lat' dir='ltr'><strong>habitabat</strong></span> <span class='ocrx_word' id='word_1_852' title='bbox 3192 5133 3246 5186; x_wconf 82' lang='lat' dir='ltr'><strong>in</strong></span> <span class='ocrx_word' id='word_1_853' title='bbox 3288 5133 3447 5187; x_wconf 73' lang='lat' dir='ltr'><strong>vobis.</strong></span> <span class='ocrx_word' id='word_1_854' title='bbox 3497 5129 3559 5188; x_wconf 85' lang='lat' dir='ltr'><strong>Si</strong></span> 
     </span>
    </p>
   </div>
   <div class='ocr_carea' id='block_1_110' title="bbox 1952 5216 3557 5294">
    <p class='ocr_par' dir='ltr' id='par_1_110' title="bbox 1952 5216 3557 5294">
     <span class='ocr_line' id='line_1_110' title="bbox 1952 5216 3557 5294; baseline 0.003 -21"><span class='ocrx_word' id='word_1_855' title='bbox 1952 5221 2068 5291; x_wconf 78' lang='lat' dir='ltr'><strong>quis</strong></span> <span class='ocrx_word' id='word_1_856' title='bbox 2096 5230 2270 5274; x_wconf 83' lang='lat' dir='ltr'><strong>autem</strong></span> <span class='ocrx_word' id='word_1_857' title='bbox 2296 5216 2550 5291; x_wconf 79' lang='lat' dir='ltr'><strong>Spiritum</strong></span> <span class='ocrx_word' id='word_1_858' title='bbox 2572 5217 2767 5274; x_wconf 70' lang='lat' dir='ltr'><strong>Christi</strong></span> <span class='ocrx_word' id='word_1_859' title='bbox 2790 5235 2891 5276; x_wconf 84' lang='lat' dir='ltr'><strong>non</strong></span> <span class='ocrx_word' id='word_1_860' title='bbox 2912 5222 3086 5287; x_wconf 80' lang='lat' dir='ltr'><strong>habet,</strong></span> <span class='ocrx_word' id='word_1_861' title='bbox 3108 5222 3192 5276; x_wconf 81' lang='lat' dir='ltr'><strong>hic</strong></span> <span class='ocrx_word' id='word_1_862' title='bbox 3218 5241 3321 5277; x_wconf 84' lang='lat' dir='ltr'><strong>non</strong></span> <span class='ocrx_word' id='word_1_863' title='bbox 3343 5233 3419 5279; x_wconf 80' lang='lat' dir='ltr'><strong>est</strong></span> <span class='ocrx_word' id='word_1_864' title='bbox 3441 5224 3557 5294; x_wconf 78' lang='lat' dir='ltr'><strong>ejus</strong></span> 
     </span>
    </p>
   </div>
   <div class='ocr_carea' id='block_1_111' title="bbox 1957 5310 3557 5388">
    <p class='ocr_par' dir='ltr' id='par_1_111' title="bbox 1957 5310 3557 5388">
     <span class='ocr_line' id='line_1_111' title="bbox 1957 5310 3557 5388; baseline 0.003 -21"><span class='ocrx_word' id='word_1_865' title='bbox 1957 5313 2137 5386; x_wconf 71' lang='grc' dir='ltr'><strong>(Κοηι.</strong></span> <span class='ocrx_word' id='word_1_866' title='bbox 2171 5326 2290 5377; x_wconf 87' lang='lat' dir='ltr'><strong>vm,</strong></span> <span class='ocrx_word' id='word_1_867' title='bbox 2318 5313 2374 5376; x_wconf 83' lang='lat'><strong>8,</strong></span> <span class='ocrx_word' id='word_1_868' title='bbox 2405 5311 2483 5385; x_wconf 87' lang='lat'><strong>9).</strong></span> <span class='ocrx_word' id='word_1_869' title='bbox 2523 5331 2541 5363; x_wconf 76' lang='grc' dir='ltr'><strong>ι</strong></span> <span class='ocrx_word' id='word_1_870' title='bbox 2587 5310 2794 5367; x_wconf 79' lang='lat' dir='ltr'><strong>Cuncta</strong></span> <span class='ocrx_word' id='word_1_871' title='bbox 2825 5315 3010 5385; x_wconf 83' lang='lat' dir='ltr'><strong>igitur,</strong></span> <span class='ocrx_word' id='word_1_872' title='bbox 3042 5330 3163 5388; x_wconf 64' lang='lat' dir='ltr'><strong>qua;</strong></span> <span class='ocrx_word' id='word_1_873' title='bbox 3188 5324 3415 5371; x_wconf 88' lang='lat' dir='ltr'><strong>sanctus</strong></span> <span class='ocrx_word' id='word_1_874' title='bbox 3450 5314 3557 5387; x_wconf 86' lang='lat' dir='ltr'><strong>Cy-</strong></span> 
     </span>
    </p>
   </div>
   <div class='ocr_carea' id='block_1_112' title="bbox 1957 5404 3557 5479">
    <p class='ocr_par' dir='ltr' id='par_1_112' title="bbox 1957 5404 3557 5479">
     <span class='ocr_line' id='line_1_112' title="bbox 1957 5404 3557 5479; baseline 0.002 -18"><span class='ocrx_word' id='word_1_875' title='bbox 1957 5406 2112 5461; x_wconf 85' lang='lat' dir='ltr'><strong>rillus</strong></span> <span class='ocrx_word' id='word_1_876' title='bbox 2140 5413 2195 5461; x_wconf 87' lang='lat' dir='ltr'><strong>et</strong></span> <span class='ocrx_word' id='word_1_877' title='bbox 2224 5419 2284 5458; x_wconf 87' lang='lat' dir='ltr'><strong>cc</strong></span> <span class='ocrx_word' id='word_1_878' title='bbox 2313 5406 2486 5459; x_wconf 82' lang='lat' dir='ltr'><strong>sancti</strong></span> <span class='ocrx_word' id='word_1_879' title='bbox 2516 5404 2708 5461; x_wconf 85' lang='lat' dir='ltr'><strong>Patres</strong></span> <span class='ocrx_word' id='word_1_880' title='bbox 2739 5407 2791 5460; x_wconf 87' lang='lat' dir='ltr'><strong>in</strong></span> <span class='ocrx_word' id='word_1_881' title='bbox 2815 5406 3088 5478; x_wconf 82' lang='lat' dir='ltr'><strong>Ephesina</strong></span> <span class='ocrx_word' id='word_1_882' title='bbox 3116 5408 3325 5479; x_wconf 79' lang='lat' dir='ltr'><strong>Synodo</strong></span> <span class='ocrx_word' id='word_1_883' title='bbox 3346 5407 3557 5465; x_wconf 86' lang='lat' dir='ltr'><strong>collecti</strong></span> 
     </span>
    </p>
   </div>
   <div class='ocr_carea' id='block_1_113' title="bbox 1957 5496 3558 5559">
    <p class='ocr_par' dir='ltr' id='par_1_113' title="bbox 1957 5496 3558 5559">
     <span class='ocr_line' id='line_1_113' title="bbox 1957 5496 3558 5559; baseline 0.001 -4"><span class='ocrx_word' id='word_1_884' title='bbox 1957 5500 2026 5555; x_wconf 88' lang='lat' dir='ltr'><strong>de</strong></span> <span class='ocrx_word' id='word_1_885' title='bbox 2054 5496 2160 5555; x_wconf 77' lang='lat' dir='ltr'><strong>fide</strong></span> <span class='ocrx_word' id='word_1_886' title='bbox 2183 5497 2450 5554; x_wconf 82' lang='lat' dir='ltr'><strong>catholica</strong></span> <span class='ocrx_word' id='word_1_887' title='bbox 2481 5506 2535 5557; x_wconf 83' lang='lat' dir='ltr'><strong>et</strong></span> <span class='ocrx_word' id='word_1_888' title='bbox 2563 5497 2628 5552; x_wconf 88' lang='lat' dir='ltr'><strong>de</strong></span> <span class='ocrx_word' id='word_1_889' title='bbox 2672 5498 3057 5555; x_wconf 82' lang='lat' dir='ltr'><strong>ecclesiasticis</strong></span> <span class='ocrx_word' id='word_1_890' title='bbox 3083 5501 3346 5557; x_wconf 88' lang='lat' dir='ltr'><strong>institutis</strong></span> <span class='ocrx_word' id='word_1_891' title='bbox 3370 5501 3558 5559; x_wconf 86' lang='lat' dir='ltr'><strong>decre-</strong></span> 
     </span>
    </p>
   </div>
   <div class='ocr_carea' id='block_1_114' title="bbox 1962 5588 3561 5663">
    <p class='ocr_par' dir='ltr' id='par_1_114' title="bbox 1962 5588 3561 5663">
     <span class='ocr_line' id='line_1_114' title="bbox 1962 5588 3561 5663; baseline 0.001 -15"><span class='ocrx_word' id='word_1_892' title='bbox 1962 5601 2177 5655; x_wconf 79' lang='lat' dir='ltr'><strong>verunt,</strong></span> <span class='ocrx_word' id='word_1_893' title='bbox 2207 5590 2556 5647; x_wconf 82' lang='lat' dir='ltr'><strong>beatissimus</strong></span> <span class='ocrx_word' id='word_1_894' title='bbox 2581 5602 2720 5662; x_wconf 87' lang='lat' dir='ltr'><strong>papa</strong></span> <span class='ocrx_word' id='word_1_895' title='bbox 2760 5588 3085 5647; x_wconf 75' lang='lat' dir='ltr'><strong>lecstinus</strong></span> <span class='ocrx_word' id='word_1_896' title='bbox 3135 5592 3433 5663; x_wconf 87' lang='lat' dir='ltr'><strong>apostolica</strong></span> <span class='ocrx_word' id='word_1_897' title='bbox 3463 5588 3561 5649; x_wconf 75' lang='lat' dir='ltr'><strong>lir—</strong></span> 
     </span>
    </p>
   </div>
   <div class='ocr_carea' id='block_1_115' title="bbox 1963 5686 3562 5749">
    <p class='ocr_par' dir='ltr' id='par_1_115' title="bbox 1963 5686 3562 5749">
     <span class='ocr_line' id='line_1_115' title="bbox 1963 5686 3562 5749; baseline -0.001 -6"><span class='ocrx_word' id='word_1_898' title='bbox 1963 5688 2131 5743; x_wconf 90' lang='lat' dir='ltr'><strong>mavit</strong></span> <span class='ocrx_word' id='word_1_899' title='bbox 2180 5686 2527 5749; x_wconf 86' lang='lat' dir='ltr'><strong>auctoritate,</strong></span> <span class='ocrx_word' id='word_1_900' title='bbox 2568 5694 2624 5742; x_wconf 91' lang='lat' dir='ltr'><strong>et</strong></span> <span class='ocrx_word' id='word_1_901' title='bbox 2673 5686 2741 5741; x_wconf 86' lang='lat' dir='ltr'><strong>ab</strong></span> <span class='ocrx_word' id='word_1_902' title='bbox 2794 5686 3090 5741; x_wconf 82' lang='lat' dir='ltr'><strong>universali</strong></span> <span class='ocrx_word' id='word_1_903' title='bbox 3142 5687 3397 5743; x_wconf 64' lang='lat' dir='ltr'><strong>Ecclesiae</strong></span> <span class='ocrx_word' id='word_1_904' title='bbox 3439 5700 3562 5743; x_wconf 82' lang='lat' dir='ltr'><strong>cre—</strong></span> 
     </span>
    </p>
   </div>
   <div class='ocr_carea' id='block_1_116' title="bbox 1964 5777 3562 5851">
    <p class='ocr_par' dir='ltr' id='par_1_116' title="bbox 1964 5777 3562 5851">
     <span class='ocr_line' id='line_1_116' title="bbox 1964 5777 3562 5851; baseline -0.001 -14"><span class='ocrx_word' id='word_1_905' title='bbox 1964 5782 2135 5837; x_wconf 86' lang='lat' dir='ltr'><strong>denda</strong></span> <span class='ocrx_word' id='word_1_906' title='bbox 2172 5795 2293 5835; x_wconf 84' lang='lat' dir='ltr'><strong>esse</strong></span> <span class='ocrx_word' id='word_1_907' title='bbox 2314 5777 2582 5847; x_wconf 83' lang='lat' dir='ltr'><strong>judicavit</strong></span> <span class='ocrx_word' id='word_1_908' title='bbox 2622 5790 2787 5850; x_wconf 85' lang='lat' dir='ltr'><strong>atque</strong></span> <span class='ocrx_word' id='word_1_909' title='bbox 2830 5782 3127 5851; x_wconf 82' lang='lat' dir='ltr'><strong>sequenda,</strong></span> <span class='ocrx_word' id='word_1_910' title='bbox 3156 5782 3259 5837; x_wconf 77' lang='lat' dir='ltr'><strong>hoc</strong></span> <span class='ocrx_word' id='word_1_911' title='bbox 3288 5778 3451 5836; x_wconf 77' lang='lat' dir='ltr'><strong>modo</strong></span> <span class='ocrx_word' id='word_1_912' title='bbox 3480 5779 3562 5835; x_wconf 82' lang='lat' dir='ltr'><strong>di—</strong></span> 
     </span>
    </p>
   </div>
   <div class='ocr_carea' id='block_1_117' title="bbox 1964 5868 3563 5945">
    <p class='ocr_par' dir='ltr' id='par_1_117' title="bbox 1964 5868 3563 5945">
     <span class='ocr_line' id='line_1_117' title="bbox 1964 5868 3563 5945; baseline -0.003 -15"><span class='ocrx_word' id='word_1_913' title='bbox 1964 5890 2092 5930; x_wconf 83' lang='lat' dir='ltr'><strong>cens</strong></span> <span class='ocrx_word' id='word_1_914' title='bbox 2130 5891 2141 5928; x_wconf 89' lang='lat'>:</span> <span class='ocrx_word' id='word_1_915' title='bbox 2203 5890 2224 5923; x_wconf 73' lang='grc' dir='ltr'><em>ρ</em></span> <span class='ocrx_word' id='word_1_916' title='bbox 2258 5870 2585 5928; x_wconf 81' lang='lat' dir='ltr'><strong>thlcstinus</strong></span> <span class='ocrx_word' id='word_1_917' title='bbox 2634 5872 2918 5945; x_wconf 81' lang='lat' dir='ltr'><strong>episcopus</strong></span> <span class='ocrx_word' id='word_1_918' title='bbox 2966 5874 3014 5927; x_wconf 70' lang='grc' dir='ltr'><strong>ἀ.</strong></span> <span class='ocrx_word' id='word_1_919' title='bbox 3071 5868 3563 5929; x_wconf 76' lang='lat' dir='ltr'><strong>Commonitorium</strong></span> 
     </span>
    </p>
   </div>
   <div class='ocr_carea' id='block_1_118' title="bbox 2040 5981 3487 6062">
    <p class='ocr_par' dir='ltr' id='par_1_118' title="bbox 2040 5981 3487 6062">
     <span class='ocr_line' id='line_1_118' title="bbox 2040 5981 3487 6062; baseline 0.001 -19"><span class='ocrx_word' id='word_1_920' title='bbox 2040 5999 2060 6029; x_wconf 75' lang='grc' dir='ltr'><strong><em>ο</em></strong></span> <span class='ocrx_word' id='word_1_921' title='bbox 2105 5988 2303 6044; x_wconf 90' lang='lat' dir='ltr'><strong>lterum</strong></span> <span class='ocrx_word' id='word_1_922' title='bbox 2333 5987 2565 6062; x_wconf 86' lang='lat' dir='ltr'><strong>Cyrillns</strong></span> <span class='ocrx_word' id='word_1_923' title='bbox 2598 5981 2654 6044; x_wconf 84' lang='lat' dir='ltr'><strong>in</strong></span> <span class='ocrx_word' id='word_1_924' title='bbox 2695 5990 2901 6061; x_wconf 86' lang='lat' dir='ltr'><strong>synodo</strong></span> <span class='ocrx_word' id='word_1_925' title='bbox 2928 5991 3219 6062; x_wconf 80' lang='lat' dir='ltr'><strong>Ephesina,</strong></span> <span class='ocrx_word' id='word_1_926' title='bbox 3244 6002 3374 6046; x_wconf 88' lang='lat' dir='ltr'><strong>tom.</strong></span> <span class='ocrx_word' id='word_1_927' title='bbox 3402 5990 3487 6047; x_wconf 83' lang='lat' dir='ltr'><strong>III.</strong></span> 
     </span>
    </p>
   </div>
   <div class='ocr_carea' id='block_1_119' title="bbox 2038 6062 3562 6133">
    <p class='ocr_par' dir='ltr' id='par_1_119' title="bbox 2038 6062 3562 6133">
     <span class='ocr_line' id='line_1_119' title="bbox 2038 6062 3562 6133; baseline 0.002 -18"><span class='ocrx_word' id='word_1_928' title='bbox 2038 6062 2062 6101; x_wconf 78' lang='grc' dir='ltr'>ἀ</span> <span class='ocrx_word' id='word_1_929' title='bbox 2105 6062 2350 6115; x_wconf 77' lang='lat' dir='ltr'><strong>Mandata</strong></span> <span class='ocrx_word' id='word_1_930' title='bbox 2377 6062 2569 6131; x_wconf 76' lang='lat' dir='ltr'><strong>legatis</strong></span> <span class='ocrx_word' id='word_1_931' title='bbox 2593 6062 2795 6132; x_wconf 84' lang='lat' dir='ltr'><strong>scripto</strong></span> <span class='ocrx_word' id='word_1_932' title='bbox 2821 6064 3113 6133; x_wconf 71' lang='lat' dir='ltr'><strong>impertita,</strong></span> <span class='ocrx_word' id='word_1_933' title='bbox 3140 6063 3562 6119; x_wconf 80' lang='lat' dir='ltr'><strong>commonitoria</strong></span> 
     </span>
    </p>
   </div>
   <div class='ocr_carea' id='block_1_120' title="bbox 1971 6133 3565 6209">
    <p class='ocr_par' dir='ltr' id='par_1_120' title="bbox 1971 6133 3565 6209">
     <span class='ocr_line' id='line_1_120' title="bbox 1971 6133 3565 6209; baseline 0.001 -20"><span class='ocrx_word' id='word_1_934' title='bbox 1971 6142 2253 6199; x_wconf 79' lang='lat' dir='ltr'><strong>vocantur,</strong></span> <span class='ocrx_word' id='word_1_935' title='bbox 2299 6134 2372 6188; x_wconf 85' lang='lat' dir='ltr'><strong>ait</strong></span> <span class='ocrx_word' id='word_1_936' title='bbox 2413 6133 2715 6209; x_wconf 76' lang='lat' dir='ltr'><strong>Severinus</strong></span> <span class='ocrx_word' id='word_1_937' title='bbox 2749 6134 2933 6190; x_wconf 61' lang='lat' dir='ltr'><strong>[liuius</strong></span> <span class='ocrx_word' id='word_1_938' title='bbox 2965 6136 3015 6191; x_wconf 88' lang='lat' dir='ltr'><strong>in</strong></span> <span class='ocrx_word' id='word_1_939' title='bbox 3049 6137 3189 6192; x_wconf 79' lang='lat' dir='ltr'><strong>notis</strong></span> <span class='ocrx_word' id='word_1_940' title='bbox 3231 6137 3299 6190; x_wconf 77' lang='lat' dir='ltr'><strong>ad</strong></span> <span class='ocrx_word' id='word_1_941' title='bbox 3341 6136 3503 6206; x_wconf 59' lang='lat' dir='ltr'><strong>capit.</strong></span> <span class='ocrx_word' id='word_1_942' title='bbox 3529 6134 3565 6186; x_wconf 78' lang='grc'><strong>5</strong></span> 
     </span>
    </p>
   </div>
  </div>
