4346 6608
734 303 794 357 7|

1586 295 1647 352 Β.
1687 295 1752 352 F.
1791 293 2016 354 ALBlNl
2054 291 2184 350 SEU
2223 286 2503 345 ALCUINI
2542 284 2823 343 OPEBUM
2865 285 3048 343 PARS
3085 285 3173 342 lli.

3941 277 4020 336 τὶ

736 412 1000 487 episcOpis
1027 418 1081 465 et
1105 409 1437 482 presbyteris
1466 409 1716 465 euntibus
1745 409 1812 465 ad
1839 407 2136 466 Orientem.
2177 404 2313 461 Cum
2342 406 2392 466 Α
2419 399 2550 456 lium
2572 409 2628 456 et
2654 397 2918 471 Spiritum
2945 407 3194 454 sanctum
3222 397 3340 454 sine
3375 396 3692 487 confusione
3720 393 4014 487 indivisos,

738 507 850 562 fleo
872 513 1079 568 nostro,
1106 503 1247 558 sicut
1269 502 1539 556 credimus
1567 509 1622 556 et
1651 515 1955 572 speramus,
1979 507 2223 565 auctore,
2249 495 2319 553 ad

736 598 1007 656 destinata
1033 603 1213 650 vestra
1236 593 1474 649 cbaritas
1498 595 1708 649 venerit
1729 595 1872 660 loca,
1913 593 1982 650 ad
2015 591 2240 648 fratrem
2266 598 2322 646 et

734 692 1115 763 coepiscopum
1141 698 1387 746 nostrum
1409 689 1668 762 Cyrillum
1692 690 1978 747 consilium
2005 704 2167 744 omne
2193 704 2325 744 con-

734 785 952 850 vertite,
972 793 1026 839 et
1053 781 1311 854 quidquid
1340 782 1395 838 in
1416 781 1533 851 ejus
1547 781 1794 838 videritis
1814 781 2062 845 arbitrio,
2091 778 2321 847 facietis,

736 884 793 932 et
843 878 1218 933 auctoritatem
1277 876 1420 932 sedis
1459 876 1764 946 apostolica
1807 876 2068 934 custodiri
2125 873 2324 931 debere

740 969 1084 1025 mandamus.
1133 988 1153 1021 ι

740 1120 1026 1197 ﬂuensque
1045 1122 1108 1197 de
1119 1124 1442 1197 _euc_toritate
1467 1121 1745 1197 Ephesime
1766 1123 1986 1196 Synodi.
2014 1125 2171 1182 Nunc
2196 1127 2325 1182 inci-

917 1193 992 1267 pit
1017 1196 1083 1249 de
1105 1193 1544 1250 Chalcedonensis
1569 1196 1778 1250 concilii
1807 1193 2142 1252 auctoritate.

810 1366 1163 1424 Beatissimus
1209 1375 1266 1424 et
1311 1368 1816 1435 reverendissimus,
1865 1368 1976 1427 Leo
2015 1373 2326 1443 apostolica:

740 1463 888 1520 sedis
909 1461 1171 1534 pontifex,
1200 1462 1358 1533 cujus
1375 1462 1704 1518 auctoritate
1733 1471 1788 1519 et
1804 1462 2010 1534 judicio
2028 1464 2329 1521 Chalcedo-

743 1553 926 1609 nensis
974 1552 1323 1623 comprobata
1360 1559 1449 1607 est
1481 1557 1537 1608 et
1574 1550 1915 1619 conﬁrmata,
1959 1562 2013 1610 et
2042 1555 2157 1624 qui,
2186 1555 2328 1610 sicut

741 1643 911 1700 verba
955 1645 1125 1715 ipsius
1174 1643 1362 1716 synodi
1397 1651 1688 1710 testantur,
1719 1644 1913 1716 spiritu
1940 1657 2324 1717 praesenserat,

741 1744 800 1793 ct
849 1737 1185 1808 complacere
1239 1745 1502 1808 tanquam
1557 1737 1820 1797 fratribus
1869 1739 2222 1806 deliberabat,
2274 1749 2331 1797 et
2359 1760 2406 1824 Β

743 1847 844 1905 per
861 1848 1082 1891 suorum
1096 1832 1422 1890 vicariorum
1439 1833 1784 1905 praesentiam
1802 1833 2090 1891 videbatur
2109 1836 2178 1891 ab
2201 1833 2327 1890 illis.

744 1922 845 1980 llic
864 1938 995 1997 ergo
1022 1924 1315 1994 praedictus
1344 1933 1565 1981 sanctus
1592 1921 1702 1981 Leu
1725 1925 2129 1996 processionem
2160 1925 2333 1999 Spiri-

744 2026 834 2074 tus
863 2016 1035 2074 sancti
1065 2032 1098 2074 a
1124 2015 1264 2074 Filio
1287 2015 1575 2073 conﬁrmat
1613 2015 1669 2074 in
1697 2019 1951 2091 synodica
1977 2021 2227 2092 epistola,
2262 2023 2333 2080 de

743 2123 855 2180 qua
877 2097 1042 2182 paulo
1059 2116 1187 2165 ante
1205 2108 1462 2175 diximus,
1485 2123 1652 2179 quam
1675 2110 1895 2180 scripsit
1920 2111 1986 2167 ad
2013 2111 2333 2171 Flavianum

743 2200 1358 2273 Constantinopolitanae
1377 2199 1528 2258 urbis
1543 2201 2032 2275 archiepiscopum,
2047 2204 2151 2263 hoc
2172 2207 2334 2264 modo

744 2293 935 2352 dicens
975 2307 992 2350 :
1034 2305 1063 2334 ι
1096 2309 1118 2344 ‹
1153 2291 1284 2349 Post
1313 2292 1771 2349 resurrectionem
1790 2307 1922 2351 vero
1941 2293 2181 2364 Domini,
2211 2312 2333 2368 quas

745 2383 932 2456 utique
953 2383 1068 2440 veri
1096 2383 1343 2455 corporis
1368 2380 1491 2449 fuit,
1523 2383 1652 2454 quia
1681 2398 1791 2440 non
1819 2385 1958 2442 alter
1977 2395 2068 2443 est
2098 2390 2335 2445 resusci-

744 2483 908 2542 tatus,
939 2489 1102 2547 quam
1142 2474 1236 2547 qui
1276 2472 1451 2529 fuerat
1485 2473 1779 2532 crucifixus
1817 2485 1874 2532 et
1899 2485 2162 2545 mortuus,
2202 2479 2334 2552 quid

746 2567 893 2623 aliud
916 2565 1276 2638 quadraginta
1297 2565 1506 2622 dierum
1532 2581 1682 2622 mora
1708 2576 1920 2640 gestum
1946 2576 2032 2625 est
2048 2608 2063 2634 ,
2085 2585 2250 2640 quam
2273 2578 2337 2626 ut

748 2659 874 2714 fidei
909 2666 1113 2715 nostra:
1155 2655 1438 2730 integritas
1474 2659 1546 2716 ab
1591 2659 1738 2714 omni
1775 2659 2006 2732 caligine
2046 2661 2336 2720 mundare-

746 2748 872 2806 tur?
906 2745 1231 2820 Colloquens
1255 2747 1402 2805 enim
1429 2764 1555 2806 cum
1576 2748 1856 2820 discipulis
1881 2750 1996 2807 suis
2019 2757 2075 2808 et
2114 2749 2336 2808 collabi-

748 2848 873 2896 tans
912 2846 1078 2911 atque
1113 2853 1461 2906 convescens,
1505 2847 1561 2896 et
1605 2841 1933 2913 pertractari
1977 2855 2038 2899 se
2066 2841 2334 2916 diligenti,

748 2932 1074 3005 curiosoque
1102 2940 1356 2990 contactu
1392 2933 1463 2990 ab
1490 2933 1559 2990 iis
1583 2973 1599 3000 ,
1630 2949 1767 3006 quos
1793 2935 2042 2993 dubietas
2071 2936 2337 3007 perstrin-

749 3023 932 3096 gebat,
961 3021 1292 3080 admittens:
1321 3023 1445 3080 ideo
1467 3032 1524 3080 et
1541 3023 1743 3081 clausis
1764 3026 1922 3084 ostiis
1947 3027 2015 3084 ad
2043 3027 2338 3099 discipulos

754 3115 1047 3182 introibat,
1082 3123 1139 3171 et
1165 3114 1291 3172 flatu
1331 3130 1431 3173 suo
1460 3117 1627 3173 dabat
1657 3116 1920 3190 Spiritum
1956 3128 2243 3187 sanctum;
2282 3129 2340 3178 et
2363 3126 2414 3190 ο

753 3207 956 3264 donato
976 3205 1337 3279 intelligentiae
1368 3207 1570 3263 lumine
1592 3216 1904 3265 sanctarum
1929 3209 2338 3281 Scripturarum

755 3298 970 3356 occulta
995 3299 1288 3370 pandebat.
1328 3318 1346 3353 ι
1397 3297 1527 3356 Post
1551 3299 1839 3356 lectionem
1865 3310 2044 3358 autem
2072 3302 2343 3375 praedictae

753 3388 999 3462 epistola:
1025 3390 1458 3447 reverendissimi
1480 3389 1716 3461 episcopi
1737 3390 2105 3449 clamaverunt
2127 3409 2144 3448 :
2177 3413 2195 3447 ‹
2215 3395 2343 3450 Haec

755 3480 981 3539 Patrum
1028 3480 1194 3548 ﬁdes;
1236 3481 1348 3537 haec
1389 3481 1754 3552 apostolorum
1797 3483 1933 3540 ﬁdes
1969 3501 1985 3539 :
2033 3501 2223 3542 omnes
2270 3487 2344 3544 ita

757 3575 1033 3631 credimus
1076 3573 1388 3639 orthodoxi,
1439 3575 1515 3631 ita
1559 3573 1850 3631 credimus.
1898 3574 2203 3634 Anathema
2248 3577 2340 3643 sit,

757 3667 853 3736 qui
884 3666 956 3722 ita
996 3681 1103 3721 non
1142 3665 1354 3722 credit:
1408 3663 1604 3722 Petrus
1635 3680 1734 3738 per
1760 3665 1996 3724 Leonem
2035 3668 2109 3724 ita
2137 3668 2347 3728 locutus

759 3767 878 3824 est;
911 3756 1140 3830 apostoli
1170 3757 1246 3813 ita
1273 3756 1600 3824 docuerunt;
1646 3758 1735 3829 pie
1759 3766 1818 3813 et
1837 3772 1967 3816 vere
1987 3757 2098 3816 Leo
2119 3760 2343 3827 docuit;

761 3849 996 3921 Cyrillus
1026 3850 1102 3905 ita
1131 3849 1330 3906 docuit.
1353 3847 1538 3921 Cyrilli
1575 3857 1780 3907 aeterna
1805 3852 2069 3908 memoria
2101 3869 2116 3907 :
2157 3851 2266 3909 Leo
2292 3861 2350 3908 et

762 3941 997 4013 Cyrillus
1023 3939 1273 3997 similiter
1294 3940 1597 3997 docuerunt
1624 3959 1637 3996 :
1669 3940 1996 4009 Anatbema,
2024 3943 2118 4014 qui
2142 3944 2222 3999 sic
2239 3959 2350 4000 non

765 4035 957 4091 credit.
997 4030 1127 4090 Hac
1155 4046 1286 4089 vera
1312 4031 1446 4089 ﬁdes
1481 4050 1496 4088 :
1529 4033 1784 4089 catholici
1813 4034 1890 4090 ita
1927 4035 2186 4106 sapimus.
2224 4034 2352 4089 llaec

766 4126 990 4183 Patrum
1026 4123 1176 4182 fides.
1208 4141 1230 4179 ι

839 4235 986 4296 Idem
1009 4250 1224 4307 quoque
1249 4234 1626 4293 sanctissimus
1646 4251 1786 4307 papa
1823 4234 1934 4293 Leo
1958 4251 2196 4293 consona
2232 4251 2355 4294 ver-

770 4330 857 4389 bis
873 4330 1152 4388 canonica:
1177 4329 1452 4401 prazdictte
1491 4328 1734 4400 epistola:
1763 4330 1831 4383 de
1853 4328 2203 4399 processione
2231 4327 2356 4399 Spi-

2424 491 2542 546 sine
2588 499 2831 560 tempore
2877 490 3257 560 sempiternos,
3305 490 3424 546 sine
3476 485 3780 545 differentia
3821 486 4020 542 credat

2423 579 2660 649 aequales
2713 598 2726 633 :
2780 579 2908 649 quia
2956 579 3222 634 unitatem
3270 579 3326 633 in
3371 578 3640 634 Trinitate
3675 589 3784 633 non
3816 575 4013 632 eadem

2425 686 2651 744 persona
2673 712 2689 738 ,
2718 672 2814 728 sed
2842 673 3032 729 eadem
3061 672 3247 744 implet
3275 672 3532 730 essentia.
3570 688 3591 725 ο

2427 801 2712 925 ﬂuctu?“
2736 802 2803 857 dc
2829 802 3062 874 epistolis
3108 801 3297 858 Leonis
3329 818 3500 874 papae,
3526 811 3576 856 et
3600 800 3666 856 de
3699 803 4019 858 auctoritate

2498 873 2608 925 Cha
2633 874 2935 925 cedonensis
2960 873 3164 925 sunodi.
3193 889 3330 925 nunc
3353 873 3533 925 incinit
3556 873 3623 925 de
3643 870 4018 925 Constantino-

2498 870 2936 944 Chafcedonen'sis
2960 873 3164 944 synodi,
3193 870 3338 928 nunc
3353 870 3533 944 incipit
3556 873 3623 928 de
3643 870 4018 928 Constantino-

2420 950 2427 957 '
2495 944 2744 1015 politam
2771 942 2957 1015 synodi
2985 942 3402 1014 conﬁrmatione.

2499 1059 2698 1115 Sancta
2723 1072 2937 1130 quoque
2966 1059 3205 1129 synodus
3226 1058 3816 1131 Constantinopolitana
3842 1055 4022 1130 Spiri-

2427 1158 2543 1205 tum
2589 1161 2838 1207 sanctum
2867 1166 2897 1206 a
2926 1151 3090 1207 Patre
3129 1160 3185 1206 et
3225 1150 3366 1206 Filio
3399 1151 3692 1222 procedere
3732 1151 3907 1208 credit
3951 1163 4022 1207 ac

2425 1245 2732 1316 proﬁtetur,
2763 1247 2904 1302 sicut
2931 1261 2961 1301 a
2989 1244 3191 1317 Cyrillo
3217 1244 3272 1300 in
3293 1252 3584 1316 conspectu
3611 1243 3866 1316 Ephesini
3892 1244 4021 1301 uni-

2427 1333 2658 1390 versalis
2681 1334 2896 1391 concilii
2925 1335 3278 1390 constitutum
3309 1341 3473 1404 atque
3496 1332 3878 1390 conﬁrmatum
3909 1342 4020 1404 est,

2428 1425 2881 1496 quemadmodum
2915 1426 2968 1481 in
3003 1425 3096 1482 illo
3121 1426 3260 1482 libro
3283 1426 3527 1498 ejusdem
3568 1425 3841 1498 prmdicta:
3877 1425 4025 1483 Con-

2429 1517 2930 1588 stantinopolitana:
2954 1517 3145 1590 synodi
3184 1533 3424 1575 consona
3458 1533 3584 1576 cum
3623 1518 3806 1575 verbis
3841 1519 4022 1578 sancti

2430 1607 2616 1679 Cyrilli
2651 1607 2936 1664 collatione
2957 1608 3061 1664 hoc
3085 1607 3247 1665 modo
3274 1608 3612 1664 continetur:
3640 1627 3659 1661 ι
3686 1607 3820 1665 Cum
3847 1607 4025 1666 Filius

2433 1697 2564 1754 dicit
2591 1699 2659 1754 de
2688 1697 2895 1770 Spiritu
2918 1714 2934 1754 ε
2971 1697 3073 1753 Ille
3092 1716 3173 1753 me
3199 1687 3513 1770 gloriﬁcabit
3545 1697 3726 1772 (Joan.
3750 1716 3861 1764 ινι.
3894 1699 4019 1771 id);

2434 1789 2795 1863 intelligentes
2817 1799 2983 1856 recte,
3005 1806 3112 1846 non
3140 1800 3198 1846 ut
3226 1790 3395 1863 gloria
3420 1791 3747 1863 indigentem
3773 1791 4026 1861 alterius,

2432 1881 2665 1938 dicimus
2687 1896 2857 1938 unum
2881 1880 3158 1939 Christum
3180 1891 3238 1937 et
3269 1881 3464 1938 Filium
3507 1897 3539 1937 a
3578 1889 3769 1938 sancto
3811 1881 4024 1956 Spiritu

2431 1972 2659 2046 gloriam
2679 1971 2950 2044 accipere,
2971 1973 3100 2044 quia
3133 1988 3236 2029 nec
3267 1972 3447 2044 potior
3468 1988 3536 2030 eo
3573 1981 3676 2040 est,
3719 1989 3820 2030 nec
3857 1989 4023 2047 supra

2431 2080 2559 2121 eum
2588 2064 2826 2137 Spiritus
2847 2064 3038 2138 ipsius.
3067 2065 3335 2132 Quoniam
3361 2074 3544 2120 autem
3570 2066 3639 2122 ad
3675 2066 4029 2125 demonstra-

2433 2156 2637 2214 tionem
2678 2173 2792 2215 sua:
2819 2157 3121 2214 divinitatis
3152 2157 3405 2215 utebatur
3431 2173 3531 2214 suo
3564 2154 3794 2229 Spiritu,
3822 2173 4026 2232 magna

2431 2251 2752 2320 operatione
2776 2247 3137 2321 glorificatum
3161 2264 3222 2305 se
3247 2262 3369 2306 esse
3408 2250 3479 2305 ab
3512 2263 3582 2305 eo
3606 2248 3758 2316 dicit,
3782 2249 3944 2308 veluti
3973 2251 4027 2308 si

2432 2338 2650 2409 quidem
2681 2335 2888 2411 [Forte,
2925 2337 3175 2413 quidam]
3218 2339 3381 2396 homo
3425 2339 3573 2399 dicat
3602 2340 3670 2399 de
3715 2341 3878 2399 insita
3918 2340 4030 2400 sibi

2433 2428 2754 2488 fortitudine
2777 2428 2961 2487 forsan
2985 2430 3071 2487 vel
3095 2431 3380 2503 disciplina
3403 2431 3667 2503 qualibet,
3703 2434 3831 2504 quia
3859 2434 4033 2507 glori-

2435 2521 2674 2579 ﬁcabunt
2700 2536 2808 2577 me.
2837 2520 3096 2590 Quamvis
3132 2522 3278 2578 enim
3301 2530 3388 2580 est
3415 2523 3471 2579 in
3499 2522 3854 2579 subsistentia
3899 2538 4018 2595 spe-

2432 2613 2590 2671 cialis
2619 2613 2876 2686 Spiritus,
2914 2623 2973 2670 et
3013 2613 3331 2687 intelligitur
3372 2613 3690 2687 separatim,
3728 2615 4029 2672 secundum

2434 2706 2580 2778 quod
2604 2706 2841 2779 Spiritus
2861 2714 2946 2763 est
2966 2713 3022 2763 et
3053 2721 3164 2763 non
3191 2706 3361 2764 Filius
3379 2745 3398 2773 ,
3442 2706 3538 2763 sed
3584 2715 3768 2764 tamen
3809 2722 3918 2764 non
3943 2716 4036 2765 est

2435 2795 2646 2853 alienus
2675 2794 2746 2852 ab
2767 2809 2850 2852 eo.
2891 2794 3127 2868 Spiritus
3149 2796 3297 2853 enim
3324 2794 3572 2853 veritatis
3597 2796 3938 2865 nominatur,
3972 2803 4038 2854 et

2437 2896 2524 2947 est
2548 2887 2796 2945 Christus
2821 2887 3044 2953 veritas,
3073 2895 3131 2944 et
3152 2885 3446 2944 eminditur
3468 2888 3537 2942 ab
3555 2900 3644 2953 eo,
3671 2887 3812 2944 sicut
3827 2901 3896 2944 es
3916 2887 4034 2944 Deo

2438 2989 2495 3036 et
2520 2977 2703 3035 Patre.
2743 2998 2762 3032 ι
2799 2975 2998 3035 Sancta
3017 2992 3147 3049 ergo
3167 2977 3405 3051 synodus
3426 2973 4034 3048 Constantiuopolitana

2441 3070 2730 3129 confirmat
2749 3078 2806 3128 et
2831 3079 3082 3136 testatur,
3116 3068 3260 3141 quod
3289 3083 3353 3126 ea
3391 3083 3728 3140 quaecunque
3752 3068 4036 3128 sanctissi-

2441 3178 2563 3220 mus
2592 3177 2730 3236 papa
2754 3162 2867 3219 Leo
2891 3171 2948 3219 et
2977 3161 3324 3218 beatissimus
3354 3158 3586 3232 Cyrillns
3615 3159 3684 3217 de
3711 3159 3816 3217 ﬁde
3837 3163 4034 3219 catho-

2440 3256 2544 3313 lica
2570 3266 2625 3312 et
2648 3256 2716 3312 de
2743 3256 2953 3313 exteris
2981 3253 3367 3312 ecclesiasticis
3399 3253 3665 3313 institutis
3695 3253 4035 3311 tradiderunt

2441 3358 2497 3406 et
2519 3351 2895 3416 decreverunt,
2911 3347 3204 3406 convenire
3223 3354 3278 3403 et
3300 3347 3632 3403 concordem
3654 3361 3779 3401 cum
3799 3346 4035 3403 decretis

2441 3454 2499 3501 et
2538 3442 2922 3500 traditionibus
2959 3448 3194 3512 quatuor
3232 3438 3612 3511 principalium
3653 3438 4035 3506 conciliorum,

2436 3536 2549 3592 hoc
2572 3543 2677 3599 est,
2708 3532 2933 3598 Nicreni,
2956 3529 3232 3603 Ephesini,
3260 3528 3734 3594 Chalcedonensis,
3765 3526 4037 3586 Constan-

2445 3625 2782 3698 tin0politani
2824 3623 3060 3688 concilii,
3106 3620 3248 3678 sicut
3285 3620 3344 3677 in
3383 3619 3574 3676 eodem
3602 3619 3741 3677 libro
3764 3619 4039 3690 pradictz

2447 3717 2637 3790 synodi
2659 3717 2745 3773 liis
2770 3714 2951 3771 verbis
2969 3713 3315 3769 continetur:
3347 3723 3370 3753 ο
3403 3729 3424 3764 α
3457 3711 3820 3768 Paschasius
3844 3722 3902 3769 et
3925 3710 4036 3769 Lu-

2444 3811 2662 3868 censius
2704 3807 3140 3865 reverendissimi
3188 3804 3454 3877 episcopi.
3498 3814 3554 3862 et
3603 3803 3910 3863 Bonifacius
3950 3804 4040 3862 vir

2447 3900 2933 3958 reverendissimus
2959 3899 3278 3970 presbyter,
3302 3896 3491 3955 vicarii
3535 3895 3682 3952 sedis
3727 3895 4039 3968 apostolica:

2446 4006 2544 4063 per
2568 3988 2957 4045 Paschasinum
2992 3988 3243 4044 dixerunt
3267 4004 3282 4041 :
3320 3983 3661 4043 Manifestum
3687 3993 3788 4047 est.
3817 4001 3918 4041 nec
3941 4000 4039 4058 po-

2450 4090 2557 4138 test
2580 4079 2838 4146 dubitari,
2863 4093 3024 4136 unam
3049 4076 3208 4134 fidem
3229 4075 3528 4133 boatissimi
3551 4090 3722 4147 papas,
3746 4076 3893 4132 sedis
3909 4091 4039 4146 apo-

2450 4173 2655 4231 stolica:
2698 4170 2927 4227 rectoris
2965 4169 3164 4227 Leonis
3206 4183 3332 4224 cum
3378 4182 3610 4225 cccxvm
3636 4167 3860 4225 Patrum
3895 4168 4039 4239 apud

2449 4265 2685 4320 Nicmam
2713 4269 3159 4334 congregatarum
3181 4259 3512 4316 concordare
3538 4267 3703 4331 atque
3727 4258 4037 4316 convenire.

2455 4355 2562 4411 Sed
2632 4361 2689 4411 et
2748 4368 2813 4410 ει.
2882 4351 3024 4423 apud
3087 4348 3614 4420 Constantinopolim
3685 4358 4040 4423 congregato-

769 4419 1324 4533 ἷίξυῖηξῗῗῖἓιῗῗῖθ
1345 4421 1672 4533 ίῗξῗὲἷξῗ,
1685 4420 2137 4533 θνῖῗῖῗῖῗξέμῗὲ
2146 4419 2356 4533 Ῑῗῖδίίῖ
2381 4469 2434 4533 n
2457 4461 2580 4501 τυιη
2622 4419 2989 4506 “mmini
3036 4440 3127 4513 ειυί
3156 4441 3404 4533 “MF”!
3440 4419 3602 4497 idem
3637 4419 4038 4499 “ma—""5""

775 4512 946 4587 [ιδῃ.
1004 4509 1301 4584 Turribio]
1368 4509 1676 4567 Asturiensi
1749 4509 1968 4580 scripsit
2022 4509 2278 4580 episcopo
2337 4525 2352 4564 :

776 4628 797 4660 ι
829 4609 858 4650 ιι
873 4606 1058 4666 Primo
1069 4603 1306 4676 capitulo
1332 4603 1741 4661 demonstratur
1759 4617 1922 4674 quam
1944 4603 2107 4673 impie
2118 4603 2357 4659 sentiant

773 4704 842 4760 de
864 4701 1133 4759 Trinitate
1160 4699 1359 4765 divina,
1390 4699 1486 4772 qui
1513 4707 1570 4754 et
1597 4698 1800 4763 Patris,
1835 4704 1890 4753 et
1926 4694 2070 4764 Filii,
2096 4704 2152 4752 et
2193 4696 2359 4768 Spiri-

777 4804 865 4853 tus
889 4794 1062 4853 sancti
1084 4807 1252 4849 unam
1273 4801 1435 4865 atque
1469 4791 1717 4847 eamdem
1754 4799 2003 4846 asserunt
2026 4803 2147 4846 esse
2170 4805 2364 4862 perso-

777 4903 925 4953 nam,
965 4895 1223 4956 tanquam
1252 4883 1396 4941 idem
1424 4884 1568 4940 Deus
1607 4898 1752 4940 nunc
1777 4881 1956 4947 Pater,
1988 4896 2133 4938 nunc
2170 4880 2358 4947 Filius,

779 4993 925 5036 nunc
948 4976 1186 5050 Spiritus
1212 4983 1435 5034 sanctus
1467 4975 1778 5031 nominetur
1809 4990 1825 5028 :
1857 4988 1958 5030 nec
1983 4973 2119 5030 alius
2160 4973 2233 5030 sit
2267 4975 2360 5045 qui

779 5071 982 5147 genuit,
1011 5070 1148 5128 alius
1174 5068 1338 5142 759
1363 5069 1454 5140 qui
1484 5069 1697 5140 genitus
1723 5075 1828 5134 est,
1855 5067 1994 5123 alius
2011 5067 2104 5138 qui
2133 5067 2199 5124 de
2218 5076 2365 5122 utro-

786 5177 892 5234 que
929 5162 1283 5234 processit....
1338 5159 1500 5216 Fides
1539 5158 1688 5213 enim
1731 5156 1999 5213 catholica
2040 5155 2366 5212 Trinitatem

789 5261 1018 5318 Deitatis
1041 5259 1124 5317 sic
1149 5257 1468 5315 bomousion
1505 5256 1812 5323 conﬁtetur,
1855 5264 1917 5312 ut
1952 5256 2170 5313 Patrem
2196 5264 2252 5314 et
2277 5255 2377 5312 Fi-

788 5484 1006 5545 concilii
1053 5481 1499 5554 Carthaginensis
1545 5497 1620 5536 γι.
1675 5479 2156 5554 Commonitorium
2195 5479 2370 5536 Coele-

791 5554 965 5627 stini_l
986 5570 1137 5627 papa:
1155 5551 1357 5612 editum
1383 5553 1611 5627 habetur
1640 5551 1809 5608 tom.l
1838 5551 2364 5627 Epist._liom._pont.

793 5627 856 5684 D.
911 5621 1574 5750 Constant,hpag..1152,.
1607 5630 1665 5677 et
1709 5632 1838 5678 tom.
1884 5621 1961 5678 "IV
2006 5621 2368 5680 Conciliorum

800 5712 952 5751 ποτε
972 5695 1103 5751 edit.
1129 5696 1191 5751 D.
1267 5710 1406 5751 ausi.
1428 5708 1548 5751 nae.
1577 5691 1700 5748 556.

800 5712 952 5755 nova
972 5695 1103 5756 edit.
1129 5691 1191 5751 D.
1216 5691 1406 5763 Mansi,
1428 5708 1548 5765 pag.
1577 5691 1700 5748 556.

2458 4535 2556 4592 sed
2601 4542 2659 4592 et
2691 4533 2875 4606 Cyrilli
2906 4539 3104 4588 sanctae
3143 4532 3534 4588 recordationis
3558 4532 3662 4588 viri
3695 4533 3839 4604 apud
3865 4532 4048 4604 Ephe-

2457 4643 2602 4692 sum,
2629 4625 2847 4697 quando
2869 4622 3148 4679 Nestorius
3169 4638 3269 4695 pro
3293 4637 3392 4680 suo
3410 4638 3598 4680 errore
3625 4624 3913 4681 damnatus
3936 4633 4040 4692 est,

2458 4725 2659 4774 statuta
2700 4717 2754 4771 in
2800 4716 2946 4772 nullo
2980 4715 3197 4785 penitus
3234 4713 3566 4772 discordare.
3607 4715 3839 4789 Ideoque
3875 4718 4040 4775 etiam

2457 4807 2758 4867 beatissimi
2798 4823 2950 4879 papa:
2978 4806 3235 4877 epistola,
3264 4822 3386 4878 quae
3411 4809 3656 4865 eamdem
3697 4809 3853 4865 ﬁdem
3877 4826 4044 4884 expo-

2459 4902 2634 4960 suisse
2661 4915 2761 4974 pro
2787 4900 2991 4957 erroris
3031 4899 3293 4971 Eutycbis
3326 4915 3491 4956 causa
3519 4901 3889 4974 dignoscitur,
3934 4918 4046 4960 uno

2460 5005 2622 5049 sensu
2637 5003 2852 5062 unoque
2871 4990 3061 5060 spiritu
3076 4989 3288 5044 videtur
3305 4988 3379 5044 illi
3403 4988 3527 5046 fidei
3547 5005 3672 5047 esse
3689 4992 3995 5062 conjuncta.
4018 5010 4039 5048 ι

2461 5081 2663 5138 Eadem
2702 5093 2916 5150 quoque
2943 5077 3535 5150 Constantinqiolitana
3572 5081 3809 5153 synodus
3853 5081 4048 5153 praedi-

2459 5186 2674 5236 ctorum
2699 5177 2922 5234 Patrum
2947 5183 3006 5232 et
3031 5174 3260 5231 aliorum
3305 5175 3593 5232 illustrium
3642 5178 3924 5233 doctorum
3949 5192 4046 5232 au-

2463 5271 2777 5328 ctoritatem
2820 5280 2880 5328 et
2921 5267 3269 5324 traditionem
3290 5307 3307 5334 ,
3353 5268 3425 5324 ab
3467 5269 3760 5325 universali
3805 5267 4045 5327 Ecclesia

2469 5482 2566 5598 me
2607 5469 2717 5527 Leo
2745 5486 2883 5595 papa
2905 5470 2959 5526 in
2980 5470 3173 5530 concil.
3203 5469 3486 5538 Chalced.,
3509 5481 3654 5529 tomo
3675 5472 3741 5529 ill
3759 5473 3925 5531 Conc.
3949 5473 4045 5533 Ct)-

2545 5559 2585 5607 l,
2606 5558 2726 5612 pag.
2785 5542 2917 5612 225.7

2541 5613 2569 5652 δ
2608 5612 3455 5684 Leopapainepist.15,cap.l.
3829 5641 3885 5653 v-

2545 5694 2567 5722 ο
2613 5682 2765 5766 item
2793 5682 2848 5737 in
2867 5753 2877 5763 .
2896 5678 3126 5766 sxpordo“
3146 5683 3664 5766 coristaptipopolita
3728 5685 3910 5742 collat.
3971 5683 4006 5740 6
4026 5725 4044 5753 ,

2473 5765 2594 5825 pag.
2621 5753 2722 5809 168
2751 5753 2880 5810 tomi
2911 5752 2974 5809 Vl
3013 5752 3234 5811 Collect.
3273 5753 3462 5811 Coleti.
