  <div class='ocr_page' id='page_1' title='image "/cluster/home/n/w/nwhite01/storage/ocr_20150623/101/umn.31951002477394h/050.png"; bbox 0 0 4346 6690; ppageno 0'>
   <div class='ocr_carea' id='block_1_1' title="bbox 280 560 3561 631">
    <p class='ocr_par' dir='ltr' id='par_1_1' title="bbox 280 560 3561 631">
     <span class='ocr_line' id='line_1_1' title="bbox 280 560 3561 631; baseline -0.004 -2"><span class='ocrx_word' id='word_1_1' title='bbox 280 568 356 629; x_wconf 71' lang='grc' dir='ltr'>π</span> <span class='ocrx_word' id='word_1_2' title='bbox 1019 572 1437 631; x_wconf 76' lang='lat' dir='ltr'><strong>DOCMATICA.</strong></span> <span class='ocrx_word' id='word_1_3' title='bbox 1476 605 1546 615; x_wconf 80' lang='grc'><strong>--</strong></span> <span class='ocrx_word' id='word_1_4' title='bbox 1583 572 1712 629; x_wconf 75' lang='lat' dir='ltr'><strong>LlB.</strong></span> <span class='ocrx_word' id='word_1_5' title='bbox 1754 571 1843 628; x_wconf 86' lang='lat' dir='ltr'><strong>DE</strong></span> <span class='ocrx_word' id='word_1_6' title='bbox 1878 566 2352 627; x_wconf 76' lang='lat' dir='ltr'><strong>PBOCESSIONE</strong></span> <span class='ocrx_word' id='word_1_7' title='bbox 2388 567 2443 625; x_wconf 90' lang='lat' dir='ltr'><strong>S.</strong></span> <span class='ocrx_word' id='word_1_8' title='bbox 2490 568 2825 627; x_wconf 77' lang='lat' dir='ltr'><strong>SPlRlTUS.</strong></span> <span class='ocrx_word' id='word_1_9' title='bbox 3488 560 3561 616; x_wconf 69' lang='grc' dir='ltr'>ἠ</span> 
     </span>
    </p>
   </div>
   <div class='ocr_carea' id='block_1_2' title="bbox 277 675 3566 760">
    <p class='ocr_par' dir='ltr' id='par_1_2' title="bbox 277 675 3566 760">
     <span class='ocr_line' id='line_1_2' title="bbox 277 675 3566 760; baseline -0.003 -14"><span class='ocrx_word' id='word_1_10' title='bbox 277 700 405 746; x_wconf 74' lang='lat' dir='ltr'><strong>esse</strong></span> <span class='ocrx_word' id='word_1_11' title='bbox 430 685 852 760; x_wconf 76' lang='lat' dir='ltr'><strong>suscipiendam,</strong></span> <span class='ocrx_word' id='word_1_12' title='bbox 878 687 1166 744; x_wconf 87' lang='lat' dir='ltr'><strong>conﬁrmat</strong></span> <span class='ocrx_word' id='word_1_13' title='bbox 1192 689 1267 744; x_wconf 88' lang='lat' dir='ltr'><strong>ita</strong></span> <span class='ocrx_word' id='word_1_14' title='bbox 1293 680 1478 745; x_wconf 89' lang='lat' dir='ltr'><strong>dicens</strong></span> <span class='ocrx_word' id='word_1_15' title='bbox 1503 707 1514 742; x_wconf 91' lang='lat'><strong>:</strong></span> <span class='ocrx_word' id='word_1_16' title='bbox 1551 706 1572 741; x_wconf 80' lang='grc' dir='ltr'><strong>ι</strong></span> <span class='ocrx_word' id='word_1_17' title='bbox 1602 686 1757 743; x_wconf 88' lang='lat' dir='ltr'><strong>Scire</strong></span> <span class='ocrx_word' id='word_1_18' title='bbox 1776 699 1873 741; x_wconf 90' lang='lat' dir='ltr'><strong>vos</strong></span> <span class='ocrx_word' id='word_1_19' title='bbox 1900 691 1951 748; x_wconf 76' lang='grc' dir='ltr'><strong>Δ</strong></span> <span class='ocrx_word' id='word_1_20' title='bbox 1975 681 2101 739; x_wconf 90' lang='lat' dir='ltr'><strong>sita</strong></span> <span class='ocrx_word' id='word_1_21' title='bbox 2125 681 2265 738; x_wconf 87' lang='lat' dir='ltr'><strong>Filio</strong></span> <span class='ocrx_word' id='word_1_22' title='bbox 2292 683 2559 754; x_wconf 87' lang='lat' dir='ltr'><strong>accipere,</strong></span> <span class='ocrx_word' id='word_1_23' title='bbox 2595 684 2741 758; x_wconf 82' lang='lat' dir='ltr'><strong>quod</strong></span> <span class='ocrx_word' id='word_1_24' title='bbox 2767 699 2800 737; x_wconf 86' lang='lat' dir='ltr'><strong>a</strong></span> <span class='ocrx_word' id='word_1_25' title='bbox 2826 680 2985 737; x_wconf 80' lang='lat' dir='ltr'><strong>Patre</strong></span> <span class='ocrx_word' id='word_1_26' title='bbox 3021 679 3355 750; x_wconf 77' lang='lat' dir='ltr'><strong>procedere?</strong></span> <span class='ocrx_word' id='word_1_27' title='bbox 3384 675 3566 751; x_wconf 84' lang='lat' dir='ltr'><strong>[quod</strong></span> 
     </span>
    </p>
   </div>
   <div class='ocr_carea' id='block_1_3' title="bbox 277 776 1877 853">
    <p class='ocr_par' dir='ltr' id='par_1_3' title="bbox 277 776 1877 853">
     <span class='ocr_line' id='line_1_3' title="bbox 277 776 1877 853; baseline 0.001 -20"><span class='ocrx_word' id='word_1_28' title='bbox 277 776 549 845; x_wconf 85' lang='lat' dir='ltr'><strong>volumus,</strong></span> <span class='ocrx_word' id='word_1_29' title='bbox 580 780 727 852; x_wconf 88' lang='lat' dir='ltr'><strong>quod</strong></span> <span class='ocrx_word' id='word_1_30' title='bbox 754 795 855 838; x_wconf 90' lang='lat' dir='ltr'><strong>nos</strong></span> <span class='ocrx_word' id='word_1_31' title='bbox 880 796 968 847; x_wconf 83' lang='lat' dir='ltr'><strong>ea,</strong></span> <span class='ocrx_word' id='word_1_32' title='bbox 997 798 1119 853; x_wconf 70' lang='lat' dir='ltr'><strong>qua:</strong></span> <span class='ocrx_word' id='word_1_33' title='bbox 1144 798 1177 837; x_wconf 88' lang='lat' dir='ltr'><strong>a</strong></span> <span class='ocrx_word' id='word_1_34' title='bbox 1200 782 1407 838; x_wconf 75' lang='lat' dir='ltr'><strong>sanctis</strong></span> <span class='ocrx_word' id='word_1_35' title='bbox 1429 790 1663 851; x_wconf 91' lang='lat' dir='ltr'><strong>quatuor</strong></span> <span class='ocrx_word' id='word_1_36' title='bbox 1697 780 1877 836; x_wconf 89' lang='lat' dir='ltr'><strong>conci-</strong></span> 
     </span>
    </p>
   </div>
   <div class='ocr_carea' id='block_1_4' title="bbox 275 868 1879 944">
    <p class='ocr_par' dir='ltr' id='par_1_4' title="bbox 275 868 1879 944">
     <span class='ocr_line' id='line_1_4' title="bbox 275 868 1879 944; baseline 0.001 -20"><span class='ocrx_word' id='word_1_37' title='bbox 275 868 389 936; x_wconf 77' lang='lat' dir='ltr'><strong>liis,</strong></span> <span class='ocrx_word' id='word_1_38' title='bbox 413 868 651 936; x_wconf 60' lang='lat' dir='ltr'><strong>Niceno,</strong></span> <span class='ocrx_word' id='word_1_39' title='bbox 677 869 1302 943; x_wconf 72' lang='lat' dir='ltr'><strong>Constantinopolitano,</strong></span> <span class='ocrx_word' id='word_1_40' title='bbox 1324 872 1598 944; x_wconf 84' lang='lat' dir='ltr'><strong>Ephesino</strong></span> <span class='ocrx_word' id='word_1_41' title='bbox 1626 872 1803 943; x_wconf 89' lang='lat' dir='ltr'><strong>primo</strong></span> <span class='ocrx_word' id='word_1_42' title='bbox 1825 878 1879 925; x_wconf 91' lang='lat' dir='ltr'><strong>et</strong></span> 
     </span>
    </p>
   </div>
   <div class='ocr_carea' id='block_1_5' title="bbox 277 958 1879 1033">
    <p class='ocr_par' dir='ltr' id='par_1_5' title="bbox 277 958 1879 1033">
     <span class='ocr_line' id='line_1_5' title="bbox 277 958 1879 1033; baseline -0.001 -18"><span class='ocrx_word' id='word_1_43' title='bbox 277 958 708 1018; x_wconf 82' lang='lat' dir='ltr'><strong>Chalcedonensi</strong></span> <span class='ocrx_word' id='word_1_44' title='bbox 732 962 800 1018; x_wconf 91' lang='lat' dir='ltr'><strong>de</strong></span> <span class='ocrx_word' id='word_1_45' title='bbox 827 977 937 1017; x_wconf 89' lang='lat' dir='ltr'><strong>una</strong></span> <span class='ocrx_word' id='word_1_46' title='bbox 965 962 1267 1033; x_wconf 89' lang='lat' dir='ltr'><strong>eademque</strong></span> <span class='ocrx_word' id='word_1_47' title='bbox 1294 962 1401 1017; x_wconf 88' lang='lat' dir='ltr'><strong>ﬁde</strong></span> <span class='ocrx_word' id='word_1_48' title='bbox 1429 961 1676 1032; x_wconf 89' lang='lat' dir='ltr'><strong>exposita</strong></span> <span class='ocrx_word' id='word_1_49' title='bbox 1702 967 1758 1015; x_wconf 89' lang='lat' dir='ltr'><strong>et</strong></span> <span class='ocrx_word' id='word_1_50' title='bbox 1784 960 1879 1015; x_wconf 84' lang='lat' dir='ltr'><strong>de-</strong></span> 
     </span>
    </p>
   </div>
   <div class='ocr_carea' id='block_1_6' title="bbox 275 1048 1880 1124">
    <p class='ocr_par' dir='ltr' id='par_1_6' title="bbox 275 1048 1880 1124">
     <span class='ocr_line' id='line_1_6' title="bbox 275 1048 1880 1124; baseline 0 -19"><span class='ocrx_word' id='word_1_51' title='bbox 275 1048 434 1106; x_wconf 85' lang='lat' dir='ltr'><strong>ﬁnita</strong></span> <span class='ocrx_word' id='word_1_52' title='bbox 458 1057 607 1117; x_wconf 87' lang='lat' dir='ltr'><strong>sunt,</strong></span> <span class='ocrx_word' id='word_1_53' title='bbox 638 1061 695 1108; x_wconf 89' lang='lat' dir='ltr'><strong>et</strong></span> <span class='ocrx_word' id='word_1_54' title='bbox 739 1053 807 1108; x_wconf 89' lang='lat' dir='ltr'><strong>de</strong></span> <span class='ocrx_word' id='word_1_55' title='bbox 832 1052 1210 1110; x_wconf 76' lang='lat' dir='ltr'><strong>ecclesiastico</strong></span> <span class='ocrx_word' id='word_1_56' title='bbox 1237 1061 1385 1109; x_wconf 86' lang='lat' dir='ltr'><strong>statu</strong></span> <span class='ocrx_word' id='word_1_57' title='bbox 1421 1051 1743 1124; x_wconf 80' lang='lat' dir='ltr'><strong>regulariter</strong></span> <span class='ocrx_word' id='word_1_58' title='bbox 1767 1051 1880 1106; x_wconf 90' lang='lat' dir='ltr'><strong>dis-</strong></span> 
     </span>
    </p>
   </div>
   <div class='ocr_carea' id='block_1_7' title="bbox 277 1142 1881 1213">
    <p class='ocr_par' dir='ltr' id='par_1_7' title="bbox 277 1142 1881 1213">
     <span class='ocr_line' id='line_1_7' title="bbox 277 1142 1881 1213; baseline -0.002 -14"><span class='ocrx_word' id='word_1_59' title='bbox 277 1143 477 1211; x_wconf 78' lang='lat' dir='ltr'><strong>posita,</strong></span> <span class='ocrx_word' id='word_1_60' title='bbox 507 1142 848 1198; x_wconf 78' lang='lat' dir='ltr'><strong>servabimus</strong></span> <span class='ocrx_word' id='word_1_61' title='bbox 870 1150 928 1199; x_wconf 82' lang='lat' dir='ltr'><strong>et</strong></span> <span class='ocrx_word' id='word_1_62' title='bbox 952 1142 1312 1210; x_wconf 78' lang='lat' dir='ltr'><strong>defendimus,</strong></span> <span class='ocrx_word' id='word_1_63' title='bbox 1333 1150 1390 1199; x_wconf 90' lang='lat' dir='ltr'><strong>et</strong></span> <span class='ocrx_word' id='word_1_64' title='bbox 1413 1158 1479 1199; x_wconf 88' lang='lat' dir='ltr'><strong>ea</strong></span> <span class='ocrx_word' id='word_1_65' title='bbox 1501 1142 1801 1213; x_wconf 87' lang='lat' dir='ltr'><strong>sequimur,</strong></span> <span class='ocrx_word' id='word_1_66' title='bbox 1823 1150 1881 1197; x_wconf 90' lang='lat' dir='ltr'><strong>et</strong></span> 
     </span>
    </p>
   </div>
   <div class='ocr_carea' id='block_1_8' title="bbox 274 1231 1882 1306">
    <p class='ocr_par' dir='ltr' id='par_1_8' title="bbox 274 1231 1882 1306">
     <span class='ocr_line' id='line_1_8' title="bbox 274 1231 1882 1306; baseline -0.001 -17"><span class='ocrx_word' id='word_1_67' title='bbox 274 1233 462 1289; x_wconf 86' lang='lat' dir='ltr'><strong>omnia</strong></span> <span class='ocrx_word' id='word_1_68' title='bbox 488 1248 610 1304; x_wconf 69' lang='lat' dir='ltr'><strong>quze</strong></span> <span class='ocrx_word' id='word_1_69' title='bbox 636 1241 939 1290; x_wconf 79' lang='lat' dir='ltr'><strong>consonant</strong></span> <span class='ocrx_word' id='word_1_70' title='bbox 965 1235 1087 1291; x_wconf 81' lang='lat' dir='ltr'><strong>istis</strong></span> <span class='ocrx_word' id='word_1_71' title='bbox 1106 1274 1123 1302; x_wconf 97' lang='lat'><strong>,</strong></span> <span class='ocrx_word' id='word_1_72' title='bbox 1168 1235 1494 1306; x_wconf 90' lang='lat' dir='ltr'><strong>suscipimus</strong></span> <span class='ocrx_word' id='word_1_73' title='bbox 1518 1242 1576 1288; x_wconf 89' lang='lat' dir='ltr'><strong>et</strong></span> <span class='ocrx_word' id='word_1_74' title='bbox 1601 1231 1882 1303; x_wconf 82' lang='lat' dir='ltr'><strong>amplecti-</strong></span> 
     </span>
    </p>
   </div>
   <div class='ocr_carea' id='block_1_9' title="bbox 274 1325 1879 1397">
    <p class='ocr_par' dir='ltr' id='par_1_9' title="bbox 274 1325 1879 1397">
     <span class='ocr_line' id='line_1_9' title="bbox 274 1325 1879 1397; baseline -0.002 -14"><span class='ocrx_word' id='word_1_75' title='bbox 274 1341 424 1383; x_wconf 86' lang='lat' dir='ltr'><strong>mur.</strong></span> <span class='ocrx_word' id='word_1_76' title='bbox 456 1325 726 1397; x_wconf 83' lang='lat' dir='ltr'><strong>Quidquid</strong></span> <span class='ocrx_word' id='word_1_77' title='bbox 757 1335 939 1382; x_wconf 89' lang='lat' dir='ltr'><strong>autem</strong></span> <span class='ocrx_word' id='word_1_78' title='bbox 976 1342 1085 1383; x_wconf 90' lang='lat' dir='ltr'><strong>non</strong></span> <span class='ocrx_word' id='word_1_79' title='bbox 1118 1335 1385 1384; x_wconf 87' lang='lat' dir='ltr'><strong>consonat</strong></span> <span class='ocrx_word' id='word_1_80' title='bbox 1408 1327 1549 1392; x_wconf 86' lang='lat' dir='ltr'><strong>istis,</strong></span> <span class='ocrx_word' id='word_1_81' title='bbox 1574 1325 1718 1381; x_wconf 87' lang='lat' dir='ltr'><strong>vela</strong></span> <span class='ocrx_word' id='word_1_82' title='bbox 1745 1338 1879 1394; x_wconf 90' lang='lat' dir='ltr'><strong>qua-</strong></span> 
     </span>
    </p>
   </div>
   <div class='ocr_carea' id='block_1_10' title="bbox 276 1420 1881 1492">
    <p class='ocr_par' dir='ltr' id='par_1_10' title="bbox 276 1420 1881 1492">
     <span class='ocr_line' id='line_1_10' title="bbox 276 1420 1881 1492; baseline -0.002 -16"><span class='ocrx_word' id='word_1_83' title='bbox 276 1434 493 1491; x_wconf 83' lang='lat' dir='ltr'><strong>cunque</strong></span> <span class='ocrx_word' id='word_1_84' title='bbox 521 1433 758 1490; x_wconf 86' lang='lat' dir='ltr'><strong>persona</strong></span> <span class='ocrx_word' id='word_1_85' title='bbox 801 1421 1069 1492; x_wconf 83' lang='lat' dir='ltr'><strong>scriptum</strong></span> <span class='ocrx_word' id='word_1_86' title='bbox 1097 1420 1407 1476; x_wconf 82' lang='lat' dir='ltr'><strong>inveniatur</strong></span> <span class='ocrx_word' id='word_1_87' title='bbox 1448 1426 1639 1475; x_wconf 87' lang='lat' dir='ltr'><strong>contra</strong></span> <span class='ocrx_word' id='word_1_88' title='bbox 1667 1433 1732 1474; x_wconf 89' lang='lat' dir='ltr'><strong>ea</strong></span> <span class='ocrx_word' id='word_1_89' title='bbox 1760 1433 1881 1490; x_wconf 67' lang='lat' dir='ltr'><strong>qua:</strong></span> 
     </span>
    </p>
   </div>
   <div class='ocr_carea' id='block_1_11' title="bbox 272 1506 1881 1581">
    <p class='ocr_par' dir='ltr' id='par_1_11' title="bbox 272 1506 1881 1581">
     <span class='ocr_line' id='line_1_11' title="bbox 272 1506 1881 1581; baseline -0.001 -17"><span class='ocrx_word' id='word_1_90' title='bbox 272 1509 348 1565; x_wconf 85' lang='lat' dir='ltr'><strong>de</strong></span> <span class='ocrx_word' id='word_1_91' title='bbox 377 1524 491 1564; x_wconf 90' lang='lat' dir='ltr'><strong>una</strong></span> <span class='ocrx_word' id='word_1_92' title='bbox 515 1509 818 1579; x_wconf 87' lang='lat' dir='ltr'><strong>eademque</strong></span> <span class='ocrx_word' id='word_1_93' title='bbox 842 1509 948 1566; x_wconf 88' lang='lat' dir='ltr'><strong>ﬁde</strong></span> <span class='ocrx_word' id='word_1_94' title='bbox 975 1526 1006 1565; x_wconf 88' lang='lat' dir='ltr'><strong>a</strong></span> <span class='ocrx_word' id='word_1_95' title='bbox 1029 1510 1233 1566; x_wconf 88' lang='lat' dir='ltr'><strong>sanctis</strong></span> <span class='ocrx_word' id='word_1_96' title='bbox 1253 1518 1489 1581; x_wconf 86' lang='lat' dir='ltr'><strong>quatuor</strong></span> <span class='ocrx_word' id='word_1_97' title='bbox 1507 1508 1768 1573; x_wconf 87' lang='lat' dir='ltr'><strong>conciliis,</strong></span> <span class='ocrx_word' id='word_1_98' title='bbox 1793 1506 1881 1563; x_wconf 91' lang='lat' dir='ltr'><strong>vel</strong></span> 
     </span>
    </p>
   </div>
   <div class='ocr_carea' id='block_1_12' title="bbox 283 1600 1879 1671">
    <p class='ocr_par' dir='ltr' id='par_1_12' title="bbox 283 1600 1879 1671">
     <span class='ocr_line' id='line_1_12' title="bbox 283 1600 1879 1671; baseline -0.002 -14"><span class='ocrx_word' id='word_1_99' title='bbox 283 1617 395 1659; x_wconf 87' lang='lat' dir='ltr'><strong>uno</strong></span> <span class='ocrx_word' id='word_1_100' title='bbox 421 1617 491 1657; x_wconf 87' lang='lat' dir='ltr'><strong>ex</strong></span> <span class='ocrx_word' id='word_1_101' title='bbox 527 1601 615 1658; x_wconf 90' lang='lat' dir='ltr'><strong>his</strong></span> <span class='ocrx_word' id='word_1_102' title='bbox 642 1602 862 1658; x_wconf 91' lang='lat' dir='ltr'><strong>deﬁnita</strong></span> <span class='ocrx_word' id='word_1_103' title='bbox 897 1611 1047 1668; x_wconf 91' lang='lat' dir='ltr'><strong>sunt,</strong></span> <span class='ocrx_word' id='word_1_104' title='bbox 1077 1602 1181 1659; x_wconf 93' lang='lat' dir='ltr'><strong>hoc</strong></span> <span class='ocrx_word' id='word_1_105' title='bbox 1200 1613 1459 1671; x_wconf 81' lang='lat' dir='ltr'><strong>tanquam</strong></span> <span class='ocrx_word' id='word_1_106' title='bbox 1493 1600 1731 1656; x_wconf 86' lang='lat' dir='ltr'><strong>alienum</strong></span> <span class='ocrx_word' id='word_1_107' title='bbox 1762 1614 1879 1655; x_wconf 90' lang='lat' dir='ltr'><strong>om-</strong></span> 
     </span>
    </p>
   </div>
   <div class='ocr_carea' id='block_1_13' title="bbox 274 1693 1878 1765">
    <p class='ocr_par' dir='ltr' id='par_1_13' title="bbox 274 1693 1878 1765">
     <span class='ocr_line' id='line_1_13' title="bbox 274 1693 1878 1765; baseline 0.001 -18"><span class='ocrx_word' id='word_1_108' title='bbox 274 1693 413 1748; x_wconf 86' lang='lat' dir='ltr'><strong>nino</strong></span> <span class='ocrx_word' id='word_1_109' title='bbox 439 1694 662 1765; x_wconf 88' lang='lat' dir='ltr'><strong>pietatis</strong></span> <span class='ocrx_word' id='word_1_110' title='bbox 693 1708 1063 1750; x_wconf 80' lang='lat' dir='ltr'><strong>exsecramur.</strong></span> <span class='ocrx_word' id='word_1_111' title='bbox 1089 1694 1381 1765; x_wconf 84' lang='lat' dir='ltr'><strong>Sequimur</strong></span> <span class='ocrx_word' id='word_1_112' title='bbox 1402 1704 1586 1749; x_wconf 89' lang='lat' dir='ltr'><strong>autem</strong></span> <span class='ocrx_word' id='word_1_113' title='bbox 1623 1693 1677 1749; x_wconf 92' lang='lat' dir='ltr'><strong>in</strong></span> <span class='ocrx_word' id='word_1_114' title='bbox 1704 1693 1878 1749; x_wconf 90' lang='lat' dir='ltr'><strong>omni-</strong></span> 
     </span>
    </p>
   </div>
   <div class='ocr_carea' id='block_1_14' title="bbox 276 1782 1876 1850">
    <p class='ocr_par' dir='ltr' id='par_1_14' title="bbox 276 1782 1876 1850">
     <span class='ocr_line' id='line_1_14' title="bbox 276 1782 1876 1850; baseline -0.001 -10"><span class='ocrx_word' id='word_1_115' title='bbox 276 1784 386 1840; x_wconf 87' lang='lat' dir='ltr'><strong>bus</strong></span> <span class='ocrx_word' id='word_1_116' title='bbox 412 1793 635 1841; x_wconf 87' lang='lat' dir='ltr'><strong>sanctos</strong></span> <span class='ocrx_word' id='word_1_117' title='bbox 659 1785 853 1841; x_wconf 82' lang='lat' dir='ltr'><strong>Patres</strong></span> <span class='ocrx_word' id='word_1_118' title='bbox 876 1794 934 1841; x_wconf 88' lang='lat' dir='ltr'><strong>et</strong></span> <span class='ocrx_word' id='word_1_119' title='bbox 954 1785 1210 1841; x_wconf 89' lang='lat' dir='ltr'><strong>doctores</strong></span> <span class='ocrx_word' id='word_1_120' title='bbox 1232 1794 1433 1842; x_wconf 73' lang='lat' dir='ltr'><strong>sanctae</strong></span> <span class='ocrx_word' id='word_1_121' title='bbox 1469 1785 1566 1840; x_wconf 88' lang='lat' dir='ltr'><strong>Dei</strong></span> <span class='ocrx_word' id='word_1_122' title='bbox 1592 1782 1876 1850; x_wconf 64' lang='lat' dir='ltr'><strong>Ecclesiae,</strong></span> 
     </span>
    </p>
   </div>
   <div class='ocr_carea' id='block_1_15' title="bbox 274 1873 1878 1946">
    <p class='ocr_par' dir='ltr' id='par_1_15' title="bbox 274 1873 1878 1946">
     <span class='ocr_line' id='line_1_15' title="bbox 274 1873 1878 1946; baseline 0.001 -18"><span class='ocrx_word' id='word_1_123' title='bbox 274 1874 336 1929; x_wconf 86' lang='lat' dir='ltr'><strong>id</strong></span> <span class='ocrx_word' id='word_1_124' title='bbox 360 1882 470 1940; x_wconf 86' lang='lat' dir='ltr'><strong>est,</strong></span> <span class='ocrx_word' id='word_1_125' title='bbox 500 1874 881 1945; x_wconf 81' lang='lat' dir='ltr'><strong>Athanasium,</strong></span> <span class='ocrx_word' id='word_1_126' title='bbox 919 1876 1210 1943; x_wconf 85' lang='lat' dir='ltr'><strong>Hilarium,</strong></span> <span class='ocrx_word' id='word_1_127' title='bbox 1245 1876 1528 1941; x_wconf 79' lang='lat' dir='ltr'><strong>Basiliam,</strong></span> <span class='ocrx_word' id='word_1_128' title='bbox 1552 1873 1878 1946; x_wconf 79' lang='lat' dir='ltr'><strong>Gregorium</strong></span> 
     </span>
    </p>
   </div>
   <div class='ocr_carea' id='block_1_16' title="bbox 277 1964 1873 2039">
    <p class='ocr_par' dir='ltr' id='par_1_16' title="bbox 277 1964 1873 2039">
     <span class='ocr_line' id='line_1_16' title="bbox 277 1964 1873 2039; baseline 0 -19"><span class='ocrx_word' id='word_1_129' title='bbox 277 1964 614 2036; x_wconf 80' lang='lat' dir='ltr'><strong>Theologum</strong></span> <span class='ocrx_word' id='word_1_130' title='bbox 632 1977 694 2024; x_wconf 88' lang='lat' dir='ltr'><strong>et</strong></span> <span class='ocrx_word' id='word_1_131' title='bbox 718 1967 1042 2039; x_wconf 81' lang='lat' dir='ltr'><strong>Gregorium</strong></span> <span class='ocrx_word' id='word_1_132' title='bbox 1062 1967 1483 2033; x_wconf 82' lang='lat' dir='ltr'><strong>Nazianzenum,</strong></span> <span class='ocrx_word' id='word_1_133' title='bbox 1504 1966 1873 2032; x_wconf 82' lang='lat' dir='ltr'><strong>Ambrosium,</strong></span> 
     </span>
    </p>
   </div>
   <div class='ocr_carea' id='block_1_17' title="bbox 1981 767 3567 839">
    <p class='ocr_par' dir='ltr' id='par_1_17' title="bbox 1981 767 3567 839">
     <span class='ocr_line' id='line_1_17' title="bbox 1981 767 3567 839; baseline -0.003 -11"><span class='ocrx_word' id='word_1_134' title='bbox 1981 773 2029 828; x_wconf 87' lang='lat' dir='ltr'><strong>si</strong></span> <span class='ocrx_word' id='word_1_135' title='bbox 2054 770 2187 828; x_wconf 88' lang='lat' dir='ltr'><strong>nihil</strong></span> <span class='ocrx_word' id='word_1_136' title='bbox 2218 771 2433 828; x_wconf 76' lang='lat' dir='ltr'><strong>diﬁ‘erre</strong></span> <span class='ocrx_word' id='word_1_137' title='bbox 2459 773 2700 829; x_wconf 82' lang='lat' dir='ltr'><strong>creditur</strong></span> <span class='ocrx_word' id='word_1_138' title='bbox 2744 770 2887 825; x_wconf 90' lang='lat' dir='ltr'><strong>inter</strong></span> <span class='ocrx_word' id='word_1_139' title='bbox 2927 769 3174 839; x_wconf 90' lang='lat' dir='ltr'><strong>accipere</strong></span> <span class='ocrx_word' id='word_1_140' title='bbox 3215 784 3245 823; x_wconf 89' lang='lat' dir='ltr'><strong>a</strong></span> <span class='ocrx_word' id='word_1_141' title='bbox 3283 767 3420 824; x_wconf 82' lang='lat' dir='ltr'><strong>Filio</strong></span> <span class='ocrx_word' id='word_1_142' title='bbox 3452 777 3507 827; x_wconf 86' lang='lat' dir='ltr'><strong>et</strong></span> <span class='ocrx_word' id='word_1_143' title='bbox 3533 785 3567 824; x_wconf 75' lang='grc' dir='ltr'><strong>ιι</strong></span> 
     </span>
    </p>
   </div>
   <div class='ocr_carea' id='block_1_18' title="bbox 1980 863 3571 939">
    <p class='ocr_par' dir='ltr' id='par_1_18' title="bbox 1980 863 3571 939">
     <span class='ocr_line' id='line_1_18' title="bbox 1980 863 3571 939; baseline -0.001 -19"><span class='ocrx_word' id='word_1_144' title='bbox 1980 863 2142 921; x_wconf 90' lang='lat' dir='ltr'><strong>Patre</strong></span> <span class='ocrx_word' id='word_1_145' title='bbox 2179 863 2522 939; x_wconf 86' lang='lat' dir='ltr'><strong>procedere],</strong></span> <span class='ocrx_word' id='word_1_146' title='bbox 2569 876 2721 921; x_wconf 87' lang='lat' dir='ltr'><strong>certe</strong></span> <span class='ocrx_word' id='word_1_147' title='bbox 2762 865 2996 935; x_wconf 85' lang='lat' dir='ltr'><strong>idipsum</strong></span> <span class='ocrx_word' id='word_1_148' title='bbox 3035 872 3196 934; x_wconf 90' lang='lat' dir='ltr'><strong>atque</strong></span> <span class='ocrx_word' id='word_1_149' title='bbox 3236 878 3405 919; x_wconf 90' lang='lat' dir='ltr'><strong>unum</strong></span> <span class='ocrx_word' id='word_1_150' title='bbox 3449 878 3571 919; x_wconf 87' lang='lat' dir='ltr'><strong>esse</strong></span> 
     </span>
    </p>
   </div>
   <div class='ocr_carea' id='block_1_19' title="bbox 1979 954 3570 1025">
    <p class='ocr_par' dir='ltr' id='par_1_19' title="bbox 1979 954 3570 1025">
     <span class='ocr_line' id='line_1_19' title="bbox 1979 954 3570 1025; baseline -0.002 -13"><span class='ocrx_word' id='word_1_151' title='bbox 1979 955 2407 1022; x_wconf 79' lang='lat' dir='ltr'><strong>existimabitur,</strong></span> <span class='ocrx_word' id='word_1_152' title='bbox 2429 964 2486 1010; x_wconf 91' lang='lat' dir='ltr'><strong>et</strong></span> <span class='ocrx_word' id='word_1_153' title='bbox 2509 972 2540 1010; x_wconf 93' lang='lat' dir='ltr'><strong>a</strong></span> <span class='ocrx_word' id='word_1_154' title='bbox 2569 955 2707 1011; x_wconf 85' lang='lat' dir='ltr'><strong>Filio</strong></span> <span class='ocrx_word' id='word_1_155' title='bbox 2734 955 3000 1025; x_wconf 83' lang='lat' dir='ltr'><strong>accipere,</strong></span> <span class='ocrx_word' id='word_1_156' title='bbox 3032 954 3175 1023; x_wconf 89' lang='lat' dir='ltr'><strong>quod</strong></span> <span class='ocrx_word' id='word_1_157' title='bbox 3213 954 3285 1008; x_wconf 87' lang='lat' dir='ltr'><strong>sit</strong></span> <span class='ocrx_word' id='word_1_158' title='bbox 3324 954 3570 1022; x_wconf 77' lang='lat' dir='ltr'><strong>accipere</strong></span> 
     </span>
    </p>
   </div>
   <div class='ocr_carea' id='block_1_20' title="bbox 1979 1042 3570 1116">
    <p class='ocr_par' dir='ltr' id='par_1_20' title="bbox 1979 1042 3570 1116">
     <span class='ocr_line' id='line_1_20' title="bbox 1979 1042 3570 1116; baseline -0.003 -16"><span class='ocrx_word' id='word_1_159' title='bbox 1979 1061 2011 1100; x_wconf 92' lang='lat' dir='ltr'><strong>a</strong></span> <span class='ocrx_word' id='word_1_160' title='bbox 2034 1045 2234 1102; x_wconf 87' lang='lat' dir='ltr'><strong>Patre:</strong></span> <span class='ocrx_word' id='word_1_161' title='bbox 2275 1046 2391 1116; x_wconf 90' lang='lat' dir='ltr'><strong>ipse</strong></span> <span class='ocrx_word' id='word_1_162' title='bbox 2428 1046 2574 1101; x_wconf 90' lang='lat' dir='ltr'><strong>enim</strong></span> <span class='ocrx_word' id='word_1_163' title='bbox 2603 1045 2862 1100; x_wconf 87' lang='lat' dir='ltr'><strong>Dominus</strong></span> <span class='ocrx_word' id='word_1_164' title='bbox 2892 1045 3008 1098; x_wconf 89' lang='lat' dir='ltr'><strong>ait:</strong></span> <span class='ocrx_word' id='word_1_165' title='bbox 3051 1042 3316 1111; x_wconf 79' lang='lat' dir='ltr'><strong>Quoniam</strong></span> <span class='ocrx_word' id='word_1_166' title='bbox 3362 1044 3426 1098; x_wconf 84' lang='lat' dir='ltr'><strong>de</strong></span> <span class='ocrx_word' id='word_1_167' title='bbox 3455 1060 3570 1097; x_wconf 82' lang='lat' dir='ltr'><strong>meo</strong></span> 
     </span>
    </p>
   </div>
   <div class='ocr_carea' id='block_1_21' title="bbox 1960 1133 3573 1207">
    <p class='ocr_par' dir='ltr' id='par_1_21' title="bbox 1960 1133 3573 1207">
     <span class='ocr_line' id='line_1_21' title="bbox 1960 1133 3573 1207; baseline -0.001 -19"><span class='ocrx_word' id='word_1_168' title='bbox 1960 1137 2219 1207; x_wconf 77' lang='lat' dir='ltr'><strong>‘accipiet,</strong></span> <span class='ocrx_word' id='word_1_169' title='bbox 2237 1146 2287 1190; x_wconf 86' lang='lat' dir='ltr'><strong>et</strong></span> <span class='ocrx_word' id='word_1_170' title='bbox 2313 1135 2645 1190; x_wconf 83' lang='lat' dir='ltr'><strong>annuntiabit</strong></span> <span class='ocrx_word' id='word_1_171' title='bbox 2667 1135 2828 1189; x_wconf 70' lang='lat' dir='ltr'><strong>vobis.</strong></span> <span class='ocrx_word' id='word_1_172' title='bbox 2860 1133 3055 1190; x_wconf 83' lang='lat' dir='ltr'><strong>Omnia</strong></span> <span class='ocrx_word' id='word_1_173' title='bbox 3075 1150 3395 1204; x_wconf 69' lang='lat' dir='ltr'><strong>qua&#39;cunque</strong></span> <span class='ocrx_word' id='word_1_174' title='bbox 3416 1134 3573 1188; x_wconf 82' lang='lat' dir='ltr'><strong>habet</strong></span> 
     </span>
    </p>
   </div>
   <div class='ocr_carea' id='block_1_22' title="bbox 1982 1223 3571 1297">
    <p class='ocr_par' dir='ltr' id='par_1_22' title="bbox 1982 1223 3571 1297">
     <span class='ocr_line' id='line_1_22' title="bbox 1982 1223 3571 1297; baseline -0.001 -18"><span class='ocrx_word' id='word_1_175' title='bbox 1982 1223 2164 1293; x_wconf 84' lang='lat' dir='ltr'><strong>Pater,</strong></span> <span class='ocrx_word' id='word_1_176' title='bbox 2190 1244 2307 1281; x_wconf 86' lang='lat' dir='ltr'><strong>mea</strong></span> <span class='ocrx_word' id='word_1_177' title='bbox 2339 1235 2480 1282; x_wconf 83' lang='lat' dir='ltr'><strong>sunt.</strong></span> <span class='ocrx_word' id='word_1_178' title='bbox 2509 1224 2795 1297; x_wconf 81' lang='lat' dir='ltr'><strong>Propterea</strong></span> <span class='ocrx_word' id='word_1_179' title='bbox 2821 1224 2934 1280; x_wconf 73' lang='lat' dir='ltr'><strong>dixi</strong></span> <span class='ocrx_word' id='word_1_180' title='bbox 2956 1239 2972 1277; x_wconf 92' lang='lat'><strong>:</strong></span> <span class='ocrx_word' id='word_1_181' title='bbox 3016 1223 3090 1279; x_wconf 87' lang='lat' dir='ltr'><strong>De</strong></span> <span class='ocrx_word' id='word_1_182' title='bbox 3114 1240 3226 1278; x_wconf 86' lang='lat' dir='ltr'><strong>meo</strong></span> <span class='ocrx_word' id='word_1_183' title='bbox 3256 1224 3494 1294; x_wconf 75' lang='lat' dir='ltr'><strong>accipiet,</strong></span> <span class='ocrx_word' id='word_1_184' title='bbox 3522 1233 3571 1277; x_wconf 90' lang='lat' dir='ltr'><strong>et</strong></span> 
     </span>
    </p>
   </div>
   <div class='ocr_carea' id='block_1_23' title="bbox 1980 1314 3570 1387">
    <p class='ocr_par' dir='ltr' id='par_1_23' title="bbox 1980 1314 3570 1387">
     <span class='ocr_line' id='line_1_23' title="bbox 1980 1314 3570 1387; baseline -0.001 -17"><span class='ocrx_word' id='word_1_185' title='bbox 1980 1317 2314 1371; x_wconf 84' lang='lat' dir='ltr'><strong>annuntiabit</strong></span> <span class='ocrx_word' id='word_1_186' title='bbox 2354 1316 2493 1372; x_wconf 81' lang='lat' dir='ltr'><strong>vobis</strong></span> <span class='ocrx_word' id='word_1_187' title='bbox 2522 1315 2705 1387; x_wconf 85' lang='lat' dir='ltr'><strong>(Joan.</strong></span> <span class='ocrx_word' id='word_1_188' title='bbox 2736 1331 2859 1383; x_wconf 77' lang='lat' dir='ltr'><strong>xvi,</strong></span> <span class='ocrx_word' id='word_1_189' title='bbox 2888 1314 2999 1387; x_wconf 70' lang='grc'><strong>14).</strong></span> <span class='ocrx_word' id='word_1_190' title='bbox 3040 1315 3155 1371; x_wconf 82' lang='lat' dir='ltr'><strong>Hoc</strong></span> <span class='ocrx_word' id='word_1_191' title='bbox 3178 1316 3322 1386; x_wconf 90' lang='lat' dir='ltr'><strong>quod</strong></span> <span class='ocrx_word' id='word_1_192' title='bbox 3347 1314 3570 1384; x_wconf 87' lang='lat' dir='ltr'><strong>accipit,</strong></span> 
     </span>
    </p>
   </div>
   <div class='ocr_carea' id='block_1_24' title="bbox 1980 1407 3572 1483">
    <p class='ocr_par' dir='ltr' id='par_1_24' title="bbox 1980 1407 3572 1483">
     <span class='ocr_line' id='line_1_24' title="bbox 1980 1407 3572 1483; baseline -0.002 -16"><span class='ocrx_word' id='word_1_193' title='bbox 1980 1412 2097 1467; x_wconf 87' lang='lat' dir='ltr'><strong>sive</strong></span> <span class='ocrx_word' id='word_1_194' title='bbox 2115 1420 2359 1483; x_wconf 82' lang='lat' dir='ltr'><strong>potestas</strong></span> <span class='ocrx_word' id='word_1_195' title='bbox 2378 1420 2482 1477; x_wconf 91' lang='lat' dir='ltr'><strong>est,</strong></span> <span class='ocrx_word' id='word_1_196' title='bbox 2509 1412 2623 1467; x_wconf 83' lang='lat' dir='ltr'><strong>sive</strong></span> <span class='ocrx_word' id='word_1_197' title='bbox 2648 1411 2844 1475; x_wconf 87' lang='lat' dir='ltr'><strong>virtus,</strong></span> <span class='ocrx_word' id='word_1_198' title='bbox 2866 1410 2983 1464; x_wconf 85' lang='lat' dir='ltr'><strong>sive</strong></span> <span class='ocrx_word' id='word_1_199' title='bbox 3009 1408 3255 1466; x_wconf 88' lang='lat' dir='ltr'><strong>doctrina</strong></span> <span class='ocrx_word' id='word_1_200' title='bbox 3275 1413 3379 1475; x_wconf 89' lang='lat' dir='ltr'><strong>est,</strong></span> <span class='ocrx_word' id='word_1_201' title='bbox 3402 1407 3572 1464; x_wconf 82' lang='lat' dir='ltr'><strong>Filius</strong></span> 
     </span>
    </p>
   </div>
   <div class='ocr_carea' id='block_1_25' title="bbox 1981 1498 3574 1572">
    <p class='ocr_par' dir='ltr' id='par_1_25' title="bbox 1981 1498 3574 1572">
     <span class='ocr_line' id='line_1_25' title="bbox 1981 1498 3574 1572; baseline -0.001 -16"><span class='ocrx_word' id='word_1_202' title='bbox 1981 1517 2014 1556; x_wconf 90' lang='lat' dir='ltr'><strong>a</strong></span> <span class='ocrx_word' id='word_1_203' title='bbox 2043 1516 2104 1557; x_wconf 92' lang='lat' dir='ltr'><strong>se</strong></span> <span class='ocrx_word' id='word_1_204' title='bbox 2130 1501 2508 1572; x_wconf 88' lang='lat' dir='ltr'><strong>accipiendum</strong></span> <span class='ocrx_word' id='word_1_205' title='bbox 2530 1516 2649 1558; x_wconf 84' lang='lat' dir='ltr'><strong>esse</strong></span> <span class='ocrx_word' id='word_1_206' title='bbox 2674 1499 2843 1556; x_wconf 80' lang='lat' dir='ltr'><strong>dixit:</strong></span> <span class='ocrx_word' id='word_1_207' title='bbox 2876 1520 2895 1552; x_wconf 81' lang='grc' dir='ltr'><strong>ι</strong></span> <span class='ocrx_word' id='word_1_208' title='bbox 2933 1499 3078 1554; x_wconf 88' lang='lat' dir='ltr'><strong>ldem</strong></span> <span class='ocrx_word' id='word_1_209' title='bbox 3103 1499 3353 1570; x_wconf 85' lang='lat' dir='ltr'><strong>egregius</strong></span> <span class='ocrx_word' id='word_1_210' title='bbox 3384 1498 3574 1554; x_wconf 89' lang='lat' dir='ltr'><strong>doctor</strong></span> 
     </span>
    </p>
   </div>
   <div class='ocr_carea' id='block_1_26' title="bbox 1978 1589 3573 1663">
    <p class='ocr_par' dir='ltr' id='par_1_26' title="bbox 1978 1589 3573 1663">
     <span class='ocr_line' id='line_1_26' title="bbox 1978 1589 3573 1663; baseline -0.001 -16"><span class='ocrx_word' id='word_1_211' title='bbox 1978 1592 2035 1648; x_wconf 91' lang='lat' dir='ltr'><strong>in</strong></span> <span class='ocrx_word' id='word_1_212' title='bbox 2064 1609 2141 1649; x_wconf 85' lang='lat' dir='ltr'><strong>xu</strong></span> <span class='ocrx_word' id='word_1_213' title='bbox 2167 1593 2234 1650; x_wconf 88' lang='lat' dir='ltr'><strong>de</strong></span> <span class='ocrx_word' id='word_1_214' title='bbox 2259 1593 2522 1650; x_wconf 83' lang='lat' dir='ltr'><strong>Trinitate</strong></span> <span class='ocrx_word' id='word_1_215' title='bbox 2557 1593 2632 1647; x_wconf 87' lang='lat' dir='ltr'><strong>ait</strong></span> <span class='ocrx_word' id='word_1_216' title='bbox 2650 1592 2791 1647; x_wconf 89' lang='lat' dir='ltr'><strong>libro</strong></span> <span class='ocrx_word' id='word_1_217' title='bbox 2821 1590 2991 1663; x_wconf 78' lang='lat' dir='ltr'><strong>(Nam</strong></span> <span class='ocrx_word' id='word_1_218' title='bbox 3016 1589 3161 1663; x_wconf 56' lang='grc' dir='ltr'><strong>ιλιι),</strong></span> <span class='ocrx_word' id='word_1_219' title='bbox 3186 1591 3356 1646; x_wconf 90' lang='lat' dir='ltr'><strong>Deum</strong></span> <span class='ocrx_word' id='word_1_220' title='bbox 3383 1592 3573 1661; x_wconf 84' lang='lat' dir='ltr'><strong>depre-</strong></span> 
     </span>
    </p>
   </div>
   <div class='ocr_carea' id='block_1_27' title="bbox 1982 1683 3574 1750">
    <p class='ocr_par' dir='ltr' id='par_1_27' title="bbox 1982 1683 3574 1750">
     <span class='ocr_line' id='line_1_27' title="bbox 1982 1683 3574 1750; baseline -0.002 -10"><span class='ocrx_word' id='word_1_221' title='bbox 1982 1686 2198 1742; x_wconf 88' lang='lat' dir='ltr'><strong>cando:</strong></span> <span class='ocrx_word' id='word_1_222' title='bbox 2245 1703 2264 1738; x_wconf 78' lang='grc' dir='ltr'><strong>ι</strong></span> <span class='ocrx_word' id='word_1_223' title='bbox 2296 1683 2589 1749; x_wconf 76' lang='lat' dir='ltr'><strong>Conserva,</strong></span> <span class='ocrx_word' id='word_1_224' title='bbox 2621 1692 2747 1750; x_wconf 87' lang='lat' dir='ltr'><strong>oro,</strong></span> <span class='ocrx_word' id='word_1_225' title='bbox 2784 1683 2925 1739; x_wconf 88' lang='lat' dir='ltr'><strong>hanc</strong></span> <span class='ocrx_word' id='word_1_226' title='bbox 2950 1683 3076 1738; x_wconf 88' lang='lat' dir='ltr'><strong>ﬁdei</strong></span> <span class='ocrx_word' id='word_1_227' title='bbox 3097 1697 3232 1737; x_wconf 77' lang='lat' dir='ltr'><strong>meae</strong></span> <span class='ocrx_word' id='word_1_228' title='bbox 3255 1683 3574 1738; x_wconf 83' lang='lat' dir='ltr'><strong>incontami—</strong></span> 
     </span>
    </p>
   </div>
   <div class='ocr_carea' id='block_1_28' title="bbox 1980 1772 3574 1846">
    <p class='ocr_par' dir='ltr' id='par_1_28' title="bbox 1980 1772 3574 1846">
     <span class='ocr_line' id='line_1_28' title="bbox 1980 1772 3574 1846; baseline -0.001 -16"><span class='ocrx_word' id='word_1_229' title='bbox 1980 1782 2168 1830; x_wconf 87' lang='lat' dir='ltr'><strong>natam</strong></span> <span class='ocrx_word' id='word_1_230' title='bbox 2219 1775 2575 1846; x_wconf 83' lang='lat' dir='ltr'><strong>religionem,</strong></span> <span class='ocrx_word' id='word_1_231' title='bbox 2603 1782 2660 1829; x_wconf 89' lang='lat' dir='ltr'><strong>et</strong></span> <span class='ocrx_word' id='word_1_232' title='bbox 2701 1788 2872 1842; x_wconf 89' lang='lat' dir='ltr'><strong>usque</strong></span> <span class='ocrx_word' id='word_1_233' title='bbox 2917 1774 2986 1829; x_wconf 89' lang='lat' dir='ltr'><strong>ad</strong></span> <span class='ocrx_word' id='word_1_234' title='bbox 3028 1788 3311 1828; x_wconf 81' lang='lat' dir='ltr'><strong>excessum</strong></span> <span class='ocrx_word' id='word_1_235' title='bbox 3348 1772 3574 1842; x_wconf 79' lang='lat' dir='ltr'><strong>spiritus</strong></span> 
     </span>
    </p>
   </div>
   <div class='ocr_carea' id='block_1_29' title="bbox 1978 1863 3575 1933">
    <p class='ocr_par' dir='ltr' id='par_1_29' title="bbox 1978 1863 3575 1933">
     <span class='ocr_line' id='line_1_29' title="bbox 1978 1863 3575 1933; baseline -0.003 -10"><span class='ocrx_word' id='word_1_236' title='bbox 1978 1869 2087 1923; x_wconf 74' lang='lat' dir='ltr'><strong>uel</strong></span> <span class='ocrx_word' id='word_1_237' title='bbox 2108 1868 2246 1924; x_wconf 90' lang='lat' dir='ltr'><strong>dona</strong></span> <span class='ocrx_word' id='word_1_238' title='bbox 2267 1867 2401 1923; x_wconf 86' lang='lat' dir='ltr'><strong>mihi</strong></span> <span class='ocrx_word' id='word_1_239' title='bbox 2423 1867 2563 1923; x_wconf 87' lang='lat' dir='ltr'><strong>hanc</strong></span> <span class='ocrx_word' id='word_1_240' title='bbox 2582 1865 2925 1922; x_wconf 79' lang='lat' dir='ltr'><strong>conscientia:</strong></span> <span class='ocrx_word' id='word_1_241' title='bbox 2946 1880 3081 1921; x_wconf 79' lang='lat' dir='ltr'><strong>meae</strong></span> <span class='ocrx_word' id='word_1_242' title='bbox 3099 1879 3310 1931; x_wconf 89' lang='lat' dir='ltr'><strong>vocem,</strong></span> <span class='ocrx_word' id='word_1_243' title='bbox 3326 1872 3404 1929; x_wconf 89' lang='lat' dir='ltr'><strong>ut,</strong></span> <span class='ocrx_word' id='word_1_244' title='bbox 3428 1863 3575 1933; x_wconf 90' lang='lat' dir='ltr'><strong>quod</strong></span> 
     </span>
    </p>
   </div>
   <div class='ocr_carea' id='block_1_30' title="bbox 1982 1955 3576 2028">
    <p class='ocr_par' dir='ltr' id='par_1_30' title="bbox 1982 1955 3576 2028">
     <span class='ocr_line' id='line_1_30' title="bbox 1982 1955 3576 2028; baseline -0.001 -16"><span class='ocrx_word' id='word_1_245' title='bbox 1982 1959 2037 2012; x_wconf 91' lang='lat' dir='ltr'><strong>in</strong></span> <span class='ocrx_word' id='word_1_246' title='bbox 2082 1957 2512 2028; x_wconf 78' lang='lat' dir='ltr'><strong>regenerationis</strong></span> <span class='ocrx_word' id='word_1_247' title='bbox 2537 1971 2675 2013; x_wconf 72' lang='lat' dir='ltr'><strong>meae</strong></span> <span class='ocrx_word' id='word_1_248' title='bbox 2708 1956 2958 2028; x_wconf 83' lang='lat' dir='ltr'><strong>symbolo</strong></span> <span class='ocrx_word' id='word_1_249' title='bbox 2995 1955 3303 2025; x_wconf 83' lang='lat' dir='ltr'><strong>baptizatus</strong></span> <span class='ocrx_word' id='word_1_250' title='bbox 3329 1957 3381 2012; x_wconf 89' lang='lat' dir='ltr'><strong>in</strong></span> <span class='ocrx_word' id='word_1_251' title='bbox 3410 1955 3576 2011; x_wconf 85' lang='lat' dir='ltr'><strong>Patre</strong></span> 
     </span>
    </p>
   </div>
   <div class='ocr_carea' id='block_1_31' title="bbox 276 2045 3579 2130">
    <p class='ocr_par' dir='ltr' id='par_1_31' title="bbox 276 2045 3579 2130">
     <span class='ocr_line' id='line_1_31' title="bbox 276 2045 3579 2130; baseline -0.004 -15"><span class='ocrx_word' id='word_1_252' title='bbox 276 2055 664 2129; x_wconf 80' lang='lat' dir='ltr'><strong>Theophilum,</strong></span> <span class='ocrx_word' id='word_1_253' title='bbox 692 2058 957 2116; x_wconf 78' lang='lat' dir='ltr'><strong>Joannem</strong></span> <span class='ocrx_word' id='word_1_254' title='bbox 1001 2057 1680 2130; x_wconf 85' lang='lat' dir='ltr'><strong>Constantinopolitanum,</strong></span> <span class='ocrx_word' id='word_1_255' title='bbox 1708 2056 1882 2128; x_wconf 84' lang='lat' dir='ltr'><strong>Cyril-</strong></span> <span class='ocrx_word' id='word_1_256' title='bbox 1911 2057 1959 2117; x_wconf 81' lang='grc' dir='ltr'><strong>Β</strong></span> <span class='ocrx_word' id='word_1_257' title='bbox 1986 2057 2043 2104; x_wconf 86' lang='lat' dir='ltr'><strong>et</strong></span> <span class='ocrx_word' id='word_1_258' title='bbox 2060 2047 2201 2104; x_wconf 84' lang='lat' dir='ltr'><strong>Filio</strong></span> <span class='ocrx_word' id='word_1_259' title='bbox 2227 2056 2283 2103; x_wconf 89' lang='lat' dir='ltr'><strong>et</strong></span> <span class='ocrx_word' id='word_1_260' title='bbox 2305 2046 2515 2119; x_wconf 87' lang='lat' dir='ltr'><strong>Spiritu</strong></span> <span class='ocrx_word' id='word_1_261' title='bbox 2544 2055 2736 2103; x_wconf 80' lang='lat' dir='ltr'><strong>sancto</strong></span> <span class='ocrx_word' id='word_1_262' title='bbox 2756 2045 3034 2117; x_wconf 81' lang='lat' dir='ltr'><strong>professus</strong></span> <span class='ocrx_word' id='word_1_263' title='bbox 3063 2063 3204 2112; x_wconf 91' lang='lat' dir='ltr'><strong>sum,</strong></span> <span class='ocrx_word' id='word_1_264' title='bbox 3240 2061 3454 2117; x_wconf 86' lang='lat' dir='ltr'><strong>semper</strong></span> <span class='ocrx_word' id='word_1_265' title='bbox 3478 2045 3579 2102; x_wconf 78' lang='lat' dir='ltr'><strong>ob-</strong></span> 
     </span>
    </p>
   </div>
   <div class='ocr_carea' id='block_1_32' title="bbox 266 2147 1876 2221">
    <p class='ocr_par' dir='ltr' id='par_1_32' title="bbox 266 2147 1876 2221">
     <span class='ocr_line' id='line_1_32' title="bbox 266 2147 1876 2221; baseline -0.001 -17"><span class='ocrx_word' id='word_1_266' title='bbox 266 2147 409 2215; x_wconf 79' lang='lat' dir='ltr'><strong>ium,</strong></span> <span class='ocrx_word' id='word_1_267' title='bbox 451 2149 850 2221; x_wconf 71' lang='lat' dir='ltr'><strong>Augustinum,</strong></span> <span class='ocrx_word' id='word_1_268' title='bbox 882 2149 1207 2215; x_wconf 86' lang='lat' dir='ltr'><strong>Proculum,</strong></span> <span class='ocrx_word' id='word_1_269' title='bbox 1260 2148 1527 2216; x_wconf 83' lang='lat' dir='ltr'><strong>Leonem;</strong></span> <span class='ocrx_word' id='word_1_270' title='bbox 1565 2158 1622 2205; x_wconf 90' lang='lat' dir='ltr'><strong>et</strong></span> <span class='ocrx_word' id='word_1_271' title='bbox 1658 2147 1876 2215; x_wconf 86' lang='lat' dir='ltr'><strong>omnia,</strong></span> 
     </span>
    </p>
   </div>
   <div class='ocr_carea' id='block_1_33' title="bbox 265 2238 1882 2312">
    <p class='ocr_par' dir='ltr' id='par_1_33' title="bbox 265 2238 1882 2312">
     <span class='ocr_line' id='line_1_33' title="bbox 265 2238 1882 2312; baseline -0.002 -15"><span class='ocrx_word' id='word_1_272' title='bbox 265 2254 399 2312; x_wconf 65' lang='lat' dir='ltr'><strong>qua</strong></span> <span class='ocrx_word' id='word_1_273' title='bbox 422 2241 498 2297; x_wconf 84' lang='lat' dir='ltr'><strong>ab</strong></span> <span class='ocrx_word' id='word_1_274' title='bbox 523 2240 612 2297; x_wconf 86' lang='lat' dir='ltr'><strong>his</strong></span> <span class='ocrx_word' id='word_1_275' title='bbox 633 2242 700 2297; x_wconf 89' lang='lat' dir='ltr'><strong>de</strong></span> <span class='ocrx_word' id='word_1_276' title='bbox 728 2240 836 2298; x_wconf 87' lang='lat' dir='ltr'><strong>ﬁde</strong></span> <span class='ocrx_word' id='word_1_277' title='bbox 872 2250 1041 2307; x_wconf 87' lang='lat' dir='ltr'><strong>recta,</strong></span> <span class='ocrx_word' id='word_1_278' title='bbox 1066 2250 1127 2299; x_wconf 89' lang='lat' dir='ltr'><strong>et</strong></span> <span class='ocrx_word' id='word_1_279' title='bbox 1145 2239 1215 2296; x_wconf 87' lang='lat' dir='ltr'><strong>ad</strong></span> <span class='ocrx_word' id='word_1_280' title='bbox 1239 2239 1744 2298; x_wconf 87' lang='lat' dir='ltr'><strong>condemnationem</strong></span> <span class='ocrx_word' id='word_1_281' title='bbox 1769 2238 1882 2295; x_wconf 66' lang='lat' dir='ltr'><strong>hm-</strong></span> 
     </span>
    </p>
   </div>
   <div class='ocr_carea' id='block_1_34' title="bbox 268 2316 1880 2404">
    <p class='ocr_par' dir='ltr' id='par_1_34' title="bbox 268 2316 1880 2404">
     <span class='ocr_line' id='line_1_34' title="bbox 268 2316 1880 2404; baseline -0.002 -16"><span class='ocrx_word' id='word_1_282' title='bbox 268 2316 570 2388; x_wconf 76' lang='lat' dir='ltr'><strong>réticornm</strong></span> <span class='ocrx_word' id='word_1_283' title='bbox 594 2334 902 2403; x_wconf 87' lang='lat' dir='ltr'><strong>conscripta</strong></span> <span class='ocrx_word' id='word_1_284' title='bbox 924 2340 981 2389; x_wconf 91' lang='lat' dir='ltr'><strong>et</strong></span> <span class='ocrx_word' id='word_1_285' title='bbox 1007 2332 1255 2404; x_wconf 81' lang='lat' dir='ltr'><strong>exposita</strong></span> <span class='ocrx_word' id='word_1_286' title='bbox 1280 2339 1424 2397; x_wconf 89' lang='lat' dir='ltr'><strong>sunt,</strong></span> <span class='ocrx_word' id='word_1_287' title='bbox 1450 2330 1795 2401; x_wconf 84' lang='lat' dir='ltr'><strong>suscipimus.</strong></span> <span class='ocrx_word' id='word_1_288' title='bbox 1818 2328 1880 2385; x_wconf 80' lang='grc' dir='ltr'><strong>ιιι</strong></span> 
     </span>
    </p>
   </div>
   <div class='ocr_carea' id='block_1_35' title="bbox 265 2419 1883 2493">
    <p class='ocr_par' dir='ltr' id='par_1_35' title="bbox 265 2419 1883 2493">
     <span class='ocr_line' id='line_1_35' title="bbox 265 2419 1883 2493; baseline 0 -17"><span class='ocrx_word' id='word_1_289' title='bbox 265 2419 549 2493; x_wconf 68' lang='lat' dir='ltr'><strong>prcdictis</strong></span> <span class='ocrx_word' id='word_1_290' title='bbox 575 2421 743 2492; x_wconf 77' lang='lat' dir='ltr'><strong>igitur</strong></span> <span class='ocrx_word' id='word_1_291' title='bbox 768 2421 1020 2478; x_wconf 88' lang='lat' dir='ltr'><strong>omnibus</strong></span> <span class='ocrx_word' id='word_1_292' title='bbox 1048 2429 1435 2493; x_wconf 80' lang='lat' dir='ltr'><strong>permanentes</strong></span> <span class='ocrx_word' id='word_1_293' title='bbox 1460 2420 1583 2477; x_wconf 82' lang='lat' dir='ltr'><strong>illos</strong></span> <span class='ocrx_word' id='word_1_294' title='bbox 1606 2420 1802 2477; x_wconf 78' lang='lat' dir='ltr'><strong>Patres</strong></span> <span class='ocrx_word' id='word_1_295' title='bbox 1824 2427 1883 2476; x_wconf 90' lang='lat' dir='ltr'><strong>et</strong></span> 
     </span>
    </p>
   </div>
   <div class='ocr_carea' id='block_1_36' title="bbox 267 2496 1883 2583">
    <p class='ocr_par' dir='ltr' id='par_1_36' title="bbox 267 2496 1883 2583">
     <span class='ocr_line' id='line_1_36' title="bbox 267 2496 1883 2583; baseline 0.001 -17"><span class='ocrx_word' id='word_1_296' title='bbox 267 2512 588 2568; x_wconf 79' lang='lat' dir='ltr'><strong>sacerdotes</strong></span> <span class='ocrx_word' id='word_1_297' title='bbox 612 2513 961 2583; x_wconf 87' lang='lat' dir='ltr'><strong>suscipimus,</strong></span> <span class='ocrx_word' id='word_1_298' title='bbox 989 2496 1079 2583; x_wconf 84' lang='lat' dir='ltr'><strong>qui</strong></span> <span class='ocrx_word' id='word_1_299' title='bbox 1103 2527 1191 2579; x_wconf 90' lang='lat' dir='ltr'><strong>ea,</strong></span> <span class='ocrx_word' id='word_1_300' title='bbox 1215 2527 1338 2583; x_wconf 77' lang='lat' dir='ltr'><strong>qua:</strong></span> <span class='ocrx_word' id='word_1_301' title='bbox 1364 2528 1397 2569; x_wconf 90' lang='lat' dir='ltr'><strong>a</strong></span> <span class='ocrx_word' id='word_1_302' title='bbox 1424 2511 1627 2568; x_wconf 80' lang='lat' dir='ltr'><strong>sanctis</strong></span> <span class='ocrx_word' id='word_1_303' title='bbox 1644 2518 1883 2582; x_wconf 89' lang='lat' dir='ltr'><strong>quatuor</strong></span> 
     </span>
    </p>
   </div>
   <div class='ocr_carea' id='block_1_37' title="bbox 266 2601 1883 2674">
    <p class='ocr_par' dir='ltr' id='par_1_37' title="bbox 266 2601 1883 2674">
     <span class='ocr_line' id='line_1_37' title="bbox 266 2601 1883 2674; baseline 0.002 -16"><span class='ocrx_word' id='word_1_304' title='bbox 266 2601 521 2659; x_wconf 74' lang='lat' dir='ltr'><strong>wnciliis</strong></span> <span class='ocrx_word' id='word_1_305' title='bbox 543 2604 613 2660; x_wconf 89' lang='lat' dir='ltr'><strong>de</strong></span> <span class='ocrx_word' id='word_1_306' title='bbox 644 2602 751 2658; x_wconf 88' lang='lat' dir='ltr'><strong>ﬁde</strong></span> <span class='ocrx_word' id='word_1_307' title='bbox 781 2604 1031 2673; x_wconf 85' lang='lat' dir='ltr'><strong>exposita</strong></span> <span class='ocrx_word' id='word_1_308' title='bbox 1073 2610 1223 2669; x_wconf 88' lang='lat' dir='ltr'><strong>sunt,</strong></span> <span class='ocrx_word' id='word_1_309' title='bbox 1257 2610 1316 2659; x_wconf 92' lang='lat' dir='ltr'><strong>et</strong></span> <span class='ocrx_word' id='word_1_310' title='bbox 1358 2602 1633 2674; x_wconf 80' lang='lat' dir='ltr'><strong>praedictis</strong></span> <span class='ocrx_word' id='word_1_311' title='bbox 1676 2601 1883 2661; x_wconf 85' lang='lat' dir='ltr'><strong>sanctis</strong></span> 
     </span>
    </p>
   </div>
   <div class='ocr_carea' id='block_1_38' title="bbox 266 2690 1884 2766">
    <p class='ocr_par' dir='ltr' id='par_1_38' title="bbox 266 2690 1884 2766">
     <span class='ocr_line' id='line_1_38' title="bbox 266 2690 1884 2766; baseline 0.002 -19"><span class='ocrx_word' id='word_1_312' title='bbox 266 2690 533 2748; x_wconf 73' lang='lat' dir='ltr'><strong>Patribus</strong></span> <span class='ocrx_word' id='word_1_313' title='bbox 556 2692 853 2766; x_wconf 67' lang='lat' dir='ltr'><strong>praedicata</strong></span> <span class='ocrx_word' id='word_1_314' title='bbox 874 2702 1023 2761; x_wconf 86' lang='lat' dir='ltr'><strong>sunt,</strong></span> <span class='ocrx_word' id='word_1_315' title='bbox 1047 2701 1269 2750; x_wconf 84' lang='lat' dir='ltr'><strong>servant</strong></span> <span class='ocrx_word' id='word_1_316' title='bbox 1291 2701 1349 2750; x_wconf 85' lang='lat' dir='ltr'><strong>et</strong></span> <span class='ocrx_word' id='word_1_317' title='bbox 1365 2693 1665 2765; x_wconf 70' lang='lat' dir='ltr'><strong>praedicant</strong></span> <span class='ocrx_word' id='word_1_318' title='bbox 1682 2692 1742 2751; x_wconf 88' lang='lat' dir='ltr'><strong>in</strong></span> <span class='ocrx_word' id='word_1_319' title='bbox 1758 2706 1884 2750; x_wconf 85' lang='lat' dir='ltr'><strong>san-</strong></span> 
     </span>
    </p>
   </div>
   <div class='ocr_carea' id='block_1_39' title="bbox 270 2782 840 2840">
    <p class='ocr_par' dir='ltr' id='par_1_39' title="bbox 270 2782 840 2840">
     <span class='ocr_line' id='line_1_39' title="bbox 270 2782 840 2840; baseline -0.005 -1"><span class='ocrx_word' id='word_1_320' title='bbox 270 2792 363 2839; x_wconf 90' lang='lat' dir='ltr'><strong>cta</strong></span> <span class='ocrx_word' id='word_1_321' title='bbox 392 2783 489 2839; x_wconf 84' lang='lat' dir='ltr'><strong>Dei</strong></span> <span class='ocrx_word' id='word_1_322' title='bbox 514 2782 779 2840; x_wconf 76' lang='lat' dir='ltr'><strong>Ecclesia.</strong></span> <span class='ocrx_word' id='word_1_323' title='bbox 815 2801 840 2837; x_wconf 71' lang='grc' dir='ltr'><strong>ι</strong></span> 
     </span>
    </p>
   </div>
   <div class='ocr_carea' id='block_1_40' title="bbox 345 2873 1884 2947">
    <p class='ocr_par' dir='ltr' id='par_1_40' title="bbox 345 2873 1884 2947">
     <span class='ocr_line' id='line_1_40' title="bbox 345 2873 1884 2947; baseline 0.005 -19"><span class='ocrx_word' id='word_1_324' title='bbox 345 2874 514 2947; x_wconf 76' lang='lat'><strong>750</strong></span> <span class='ocrx_word' id='word_1_325' title='bbox 543 2873 899 2930; x_wconf 76' lang='lat' dir='ltr'><strong>Beatissimae</strong></span> <span class='ocrx_word' id='word_1_326' title='bbox 924 2887 1141 2946; x_wconf 88' lang='lat' dir='ltr'><strong>quoque</strong></span> <span class='ocrx_word' id='word_1_327' title='bbox 1164 2883 1220 2931; x_wconf 89' lang='lat' dir='ltr'><strong>et</strong></span> <span class='ocrx_word' id='word_1_328' title='bbox 1248 2875 1735 2933; x_wconf 88' lang='lat' dir='ltr'><strong>reverendissimus</strong></span> <span class='ocrx_word' id='word_1_329' title='bbox 1771 2875 1884 2935; x_wconf 77' lang='lat' dir='ltr'><strong>Ro-</strong></span> 
     </span>
    </p>
   </div>
   <div class='ocr_carea' id='block_1_41' title="bbox 270 2966 1883 3039">
    <p class='ocr_par' dir='ltr' id='par_1_41' title="bbox 270 2966 1883 3039">
     <span class='ocr_line' id='line_1_41' title="bbox 270 2966 1883 3039; baseline 0.001 -16"><span class='ocrx_word' id='word_1_330' title='bbox 270 2981 455 3023; x_wconf 74' lang='lat' dir='ltr'><strong>mana:</strong></span> <span class='ocrx_word' id='word_1_331' title='bbox 475 2966 627 3023; x_wconf 84' lang='lat' dir='ltr'><strong>urbis</strong></span> <span class='ocrx_word' id='word_1_332' title='bbox 654 2966 893 3039; x_wconf 78' lang='lat' dir='ltr'><strong>pontifex</strong></span> <span class='ocrx_word' id='word_1_333' title='bbox 931 2966 1203 3034; x_wconf 85' lang='lat' dir='ltr'><strong>Gelasius,</strong></span> <span class='ocrx_word' id='word_1_334' title='bbox 1227 2967 1475 3039; x_wconf 70' lang='lat' dir='ltr'><strong>praedicti</strong></span> <span class='ocrx_word' id='word_1_335' title='bbox 1495 2967 1883 3025; x_wconf 86' lang='lat' dir='ltr'><strong>Constantino-</strong></span> 
     </span>
    </p>
   </div>
   <div class='ocr_carea' id='block_1_42' title="bbox 265 3055 1879 3133">
    <p class='ocr_par' dir='ltr' id='par_1_42' title="bbox 265 3055 1879 3133">
     <span class='ocr_line' id='line_1_42' title="bbox 265 3055 1879 3133; baseline 0.002 -20"><span class='ocrx_word' id='word_1_336' title='bbox 265 3055 501 3131; x_wconf 69' lang='lat' dir='ltr'><strong>politani</strong></span> <span class='ocrx_word' id='word_1_337' title='bbox 527 3057 744 3113; x_wconf 88' lang='lat' dir='ltr'><strong>concilii</strong></span> <span class='ocrx_word' id='word_1_338' title='bbox 771 3057 1028 3123; x_wconf 82' lang='lat' dir='ltr'><strong>decretis,</strong></span> <span class='ocrx_word' id='word_1_339' title='bbox 1055 3058 1123 3114; x_wconf 87' lang='lat' dir='ltr'><strong>de</strong></span> <span class='ocrx_word' id='word_1_340' title='bbox 1152 3058 1477 3129; x_wconf 86' lang='lat' dir='ltr'><strong>recipiendis</strong></span> <span class='ocrx_word' id='word_1_341' title='bbox 1501 3071 1664 3130; x_wconf 87' lang='lat' dir='ltr'><strong>atque</strong></span> <span class='ocrx_word' id='word_1_342' title='bbox 1689 3060 1879 3133; x_wconf 82' lang='lat' dir='ltr'><strong>legen-</strong></span> 
     </span>
    </p>
   </div>
   <div class='ocr_carea' id='block_1_43' title="bbox 260 3145 1878 3223">
    <p class='ocr_par' dir='ltr' id='par_1_43' title="bbox 260 3145 1878 3223">
     <span class='ocr_line' id='line_1_43' title="bbox 260 3145 1878 3223; baseline 0.001 -20"><span class='ocrx_word' id='word_1_343' title='bbox 260 3145 358 3203; x_wconf 70' lang='lat' dir='ltr'><strong>dis</strong></span> <span class='ocrx_word' id='word_1_344' title='bbox 382 3148 628 3202; x_wconf 87' lang='lat' dir='ltr'><strong>omnium</strong></span> <span class='ocrx_word' id='word_1_345' title='bbox 666 3146 1097 3203; x_wconf 86' lang='lat' dir='ltr'><strong>orthodoxorum</strong></span> <span class='ocrx_word' id='word_1_346' title='bbox 1140 3148 1296 3205; x_wconf 85' lang='lat' dir='ltr'><strong>libris</strong></span> <span class='ocrx_word' id='word_1_347' title='bbox 1314 3188 1332 3215; x_wconf 92' lang='lat'><strong>,</strong></span> <span class='ocrx_word' id='word_1_348' title='bbox 1358 3149 1415 3205; x_wconf 90' lang='lat' dir='ltr'><strong>in</strong></span> <span class='ocrx_word' id='word_1_349' title='bbox 1453 3148 1721 3205; x_wconf 85' lang='lat' dir='ltr'><strong>Decretali</strong></span> <span class='ocrx_word' id='word_1_350' title='bbox 1758 3152 1878 3223; x_wconf 76' lang='lat' dir='ltr'><strong>epi-</strong></span> 
     </span>
    </p>
   </div>
   <div class='ocr_carea' id='block_1_44' title="bbox 268 3233 1880 3306">
    <p class='ocr_par' dir='ltr' id='par_1_44' title="bbox 268 3233 1880 3306">
     <span class='ocr_line' id='line_1_44' title="bbox 268 3233 1880 3306; baseline 0.003 -15"><span class='ocrx_word' id='word_1_351' title='bbox 268 3234 438 3301; x_wconf 80' lang='lat' dir='ltr'><strong>stola,</strong></span> <span class='ocrx_word' id='word_1_352' title='bbox 472 3249 639 3306; x_wconf 88' lang='lat' dir='ltr'><strong>quam</strong></span> <span class='ocrx_word' id='word_1_353' title='bbox 674 3233 744 3292; x_wconf 90' lang='lat' dir='ltr'><strong>de</strong></span> <span class='ocrx_word' id='word_1_354' title='bbox 772 3236 1098 3293; x_wconf 84' lang='lat' dir='ltr'><strong>auctoritate</strong></span> <span class='ocrx_word' id='word_1_355' title='bbox 1121 3238 1428 3295; x_wconf 85' lang='lat' dir='ltr'><strong>divinorum</strong></span> <span class='ocrx_word' id='word_1_356' title='bbox 1451 3238 1787 3295; x_wconf 80' lang='lat' dir='ltr'><strong>voluminum</strong></span> <span class='ocrx_word' id='word_1_357' title='bbox 1821 3246 1880 3296; x_wconf 88' lang='lat' dir='ltr'><strong>et</strong></span> 
     </span>
    </p>
   </div>
   <div class='ocr_carea' id='block_1_45' title="bbox 263 3326 1882 3405">
    <p class='ocr_par' dir='ltr' id='par_1_45' title="bbox 263 3326 1882 3405">
     <span class='ocr_line' id='line_1_45' title="bbox 263 3326 1882 3405; baseline 0.003 -20"><span class='ocrx_word' id='word_1_358' title='bbox 263 3326 342 3385; x_wconf 79' lang='lat' dir='ltr'><strong>de</strong></span> <span class='ocrx_word' id='word_1_359' title='bbox 368 3327 460 3386; x_wconf 85' lang='lat' dir='ltr'><strong>his</strong></span> <span class='ocrx_word' id='word_1_360' title='bbox 487 3328 643 3385; x_wconf 83' lang='lat' dir='ltr'><strong>libris</strong></span> <span class='ocrx_word' id='word_1_361' title='bbox 665 3330 758 3399; x_wconf 90' lang='lat' dir='ltr'><strong>qui</strong></span> <span class='ocrx_word' id='word_1_362' title='bbox 785 3345 894 3384; x_wconf 91' lang='lat' dir='ltr'><strong>non</strong></span> <span class='ocrx_word' id='word_1_363' title='bbox 925 3339 1051 3386; x_wconf 88' lang='lat' dir='ltr'><strong>sunt</strong></span> <span class='ocrx_word' id='word_1_364' title='bbox 1078 3331 1135 3387; x_wconf 92' lang='lat' dir='ltr'><strong>in</strong></span> <span class='ocrx_word' id='word_1_365' title='bbox 1152 3330 1396 3387; x_wconf 83' lang='lat' dir='ltr'><strong>Ecclesia</strong></span> <span class='ocrx_word' id='word_1_366' title='bbox 1421 3333 1719 3405; x_wconf 85' lang='lat' dir='ltr'><strong>recipiendi</strong></span> <span class='ocrx_word' id='word_1_367' title='bbox 1740 3332 1882 3390; x_wconf 79' lang='lat' dir='ltr'><strong>scri-</strong></span> 
     </span>
    </p>
   </div>
   <div class='ocr_carea' id='block_1_46' title="bbox 1983 2136 3577 2207">
    <p class='ocr_par' dir='ltr' id='par_1_46' title="bbox 1983 2136 3577 2207">
     <span class='ocr_line' id='line_1_46' title="bbox 1983 2136 3577 2207; baseline 0 -14"><span class='ocrx_word' id='word_1_368' title='bbox 1983 2140 2234 2207; x_wconf 88' lang='lat' dir='ltr'><strong>tineam;</strong></span> <span class='ocrx_word' id='word_1_369' title='bbox 2272 2138 2494 2195; x_wconf 82' lang='lat' dir='ltr'><strong>Patrem</strong></span> <span class='ocrx_word' id='word_1_370' title='bbox 2520 2137 2731 2195; x_wconf 87' lang='lat' dir='ltr'><strong>scilicet</strong></span> <span class='ocrx_word' id='word_1_371' title='bbox 2773 2145 2829 2193; x_wconf 88' lang='lat' dir='ltr'><strong>te</strong></span> <span class='ocrx_word' id='word_1_372' title='bbox 2860 2147 3108 2193; x_wconf 87' lang='lat' dir='ltr'><strong>nostrum</strong></span> <span class='ocrx_word' id='word_1_373' title='bbox 3128 2178 3144 2203; x_wconf 95' lang='lat'><strong>,</strong></span> <span class='ocrx_word' id='word_1_374' title='bbox 3185 2136 3381 2192; x_wconf 86' lang='lat' dir='ltr'><strong>Filium</strong></span> <span class='ocrx_word' id='word_1_375' title='bbox 3421 2145 3577 2193; x_wconf 88' lang='lat' dir='ltr'><strong>tuum</strong></span> 
     </span>
    </p>
   </div>
   <div class='ocr_carea' id='block_1_47' title="bbox 1979 2230 3579 2302">
    <p class='ocr_par' dir='ltr' id='par_1_47' title="bbox 1979 2230 3579 2302">
     <span class='ocr_line' id='line_1_47' title="bbox 1979 2230 3579 2302; baseline -0.003 -11"><span class='ocrx_word' id='word_1_376' title='bbox 1979 2249 2090 2291; x_wconf 77' lang='lat' dir='ltr'><strong>una</strong></span> <span class='ocrx_word' id='word_1_377' title='bbox 2118 2243 2300 2291; x_wconf 87' lang='lat' dir='ltr'><strong>tecum</strong></span> <span class='ocrx_word' id='word_1_378' title='bbox 2327 2234 2574 2298; x_wconf 87' lang='lat' dir='ltr'><strong>adorem,</strong></span> <span class='ocrx_word' id='word_1_379' title='bbox 2608 2239 2665 2287; x_wconf 87' lang='lat' dir='ltr'><strong>et</strong></span> <span class='ocrx_word' id='word_1_380' title='bbox 2694 2231 2960 2302; x_wconf 86' lang='lat' dir='ltr'><strong>Spiritum</strong></span> <span class='ocrx_word' id='word_1_381' title='bbox 3000 2238 3250 2288; x_wconf 87' lang='lat' dir='ltr'><strong>sanctum</strong></span> <span class='ocrx_word' id='word_1_382' title='bbox 3276 2239 3451 2297; x_wconf 89' lang='lat' dir='ltr'><strong>tuum,</strong></span> <span class='ocrx_word' id='word_1_383' title='bbox 3480 2230 3579 2302; x_wconf 87' lang='lat' dir='ltr'><strong>qui</strong></span> 
     </span>
    </p>
   </div>
   <div class='ocr_carea' id='block_1_48' title="bbox 1979 2320 3580 2397">
    <p class='ocr_par' dir='ltr' id='par_1_48' title="bbox 1979 2320 3580 2397">
     <span class='ocr_line' id='line_1_48' title="bbox 1979 2320 3580 2397; baseline -0.002 -14"><span class='ocrx_word' id='word_1_384' title='bbox 1979 2339 2049 2383; x_wconf 85' lang='lat' dir='ltr'><strong>ex</strong></span> <span class='ocrx_word' id='word_1_385' title='bbox 2071 2334 2130 2383; x_wconf 86' lang='lat' dir='ltr'><strong>te</strong></span> <span class='ocrx_word' id='word_1_386' title='bbox 2146 2340 2247 2397; x_wconf 88' lang='lat' dir='ltr'><strong>per</strong></span> <span class='ocrx_word' id='word_1_387' title='bbox 2267 2324 2606 2396; x_wconf 78' lang='lat' dir='ltr'><strong>unigenitum</strong></span> <span class='ocrx_word' id='word_1_388' title='bbox 2631 2332 2783 2380; x_wconf 87' lang='lat' dir='ltr'><strong>tuum</strong></span> <span class='ocrx_word' id='word_1_389' title='bbox 2807 2331 2915 2391; x_wconf 87' lang='lat' dir='ltr'><strong>est,</strong></span> <span class='ocrx_word' id='word_1_390' title='bbox 2935 2337 3273 2395; x_wconf 86' lang='lat' dir='ltr'><strong>promerear,</strong></span> <span class='ocrx_word' id='word_1_391' title='bbox 3295 2326 3419 2395; x_wconf 88' lang='lat' dir='ltr'><strong>quia</strong></span> <span class='ocrx_word' id='word_1_392' title='bbox 3439 2320 3580 2380; x_wconf 79' lang='lat' dir='ltr'><strong>mihi</strong></span> 
     </span>
    </p>
   </div>
   <div class='ocr_carea' id='block_1_49' title="bbox 1982 2414 3580 2483">
    <p class='ocr_par' dir='ltr' id='par_1_49' title="bbox 1982 2414 3580 2483">
     <span class='ocr_line' id='line_1_49' title="bbox 1982 2414 3580 2483; baseline 0 -11"><span class='ocrx_word' id='word_1_393' title='bbox 1982 2417 2210 2474; x_wconf 89' lang='lat' dir='ltr'><strong>idoneus</strong></span> <span class='ocrx_word' id='word_1_394' title='bbox 2245 2417 2317 2473; x_wconf 89' lang='lat' dir='ltr'><strong>ad</strong></span> <span class='ocrx_word' id='word_1_395' title='bbox 2352 2416 2517 2473; x_wconf 90' lang='lat' dir='ltr'><strong>ﬁdem</strong></span> <span class='ocrx_word' id='word_1_396' title='bbox 2558 2414 2722 2472; x_wconf 86' lang='lat' dir='ltr'><strong>testis</strong></span> <span class='ocrx_word' id='word_1_397' title='bbox 2760 2424 2865 2483; x_wconf 89' lang='lat' dir='ltr'><strong>est,</strong></span> <span class='ocrx_word' id='word_1_398' title='bbox 2897 2417 3123 2473; x_wconf 84' lang='lat' dir='ltr'><strong>dicens:</strong></span> <span class='ocrx_word' id='word_1_399' title='bbox 3160 2414 3355 2482; x_wconf 86' lang='lat' dir='ltr'><strong>Pater,</strong></span> <span class='ocrx_word' id='word_1_400' title='bbox 3397 2414 3580 2472; x_wconf 79' lang='lat' dir='ltr'><strong>omnia</strong></span> 
     </span>
    </p>
   </div>
   <div class='ocr_carea' id='block_1_50' title="bbox 1980 2504 3299 2580">
    <p class='ocr_par' dir='ltr' id='par_1_50' title="bbox 1980 2504 3299 2580">
     <span class='ocr_line' id='line_1_50' title="bbox 1980 2504 3299 2580; baseline -0.003 -15"><span class='ocrx_word' id='word_1_401' title='bbox 1980 2525 2098 2565; x_wconf 80' lang='lat' dir='ltr'><strong>mea</strong></span> <span class='ocrx_word' id='word_1_402' title='bbox 2125 2518 2219 2563; x_wconf 72' lang='lat' dir='ltr'><strong>tua</strong></span> <span class='ocrx_word' id='word_1_403' title='bbox 2244 2516 2391 2574; x_wconf 70' lang='lat' dir='ltr'><strong>sunt,</strong></span> <span class='ocrx_word' id='word_1_404' title='bbox 2423 2517 2471 2563; x_wconf 81' lang='lat' dir='ltr'><strong>et</strong></span> <span class='ocrx_word' id='word_1_405' title='bbox 2499 2518 2593 2563; x_wconf 83' lang='lat' dir='ltr'><strong>tua</strong></span> <span class='ocrx_word' id='word_1_406' title='bbox 2618 2524 2735 2563; x_wconf 82' lang='lat' dir='ltr'><strong>mea</strong></span> <span class='ocrx_word' id='word_1_407' title='bbox 2755 2527 2775 2562; x_wconf 81' lang='grc' dir='ltr'><strong>ι</strong></span> <span class='ocrx_word' id='word_1_408' title='bbox 2809 2507 2991 2577; x_wconf 79' lang='lat' dir='ltr'><strong>(Joan.</strong></span> <span class='ocrx_word' id='word_1_409' title='bbox 3020 2522 3158 2572; x_wconf 75' lang='lat' dir='ltr'><strong>xvrr,</strong></span> <span class='ocrx_word' id='word_1_410' title='bbox 3186 2504 3299 2580; x_wconf 74' lang='grc'><strong>10).</strong></span> 
     </span>
    </p>
   </div>
   <div class='ocr_carea' id='block_1_51' title="bbox 2053 2595 3578 2671">
    <p class='ocr_par' dir='ltr' id='par_1_51' title="bbox 2053 2595 3578 2671">
     <span class='ocr_line' id='line_1_51' title="bbox 2053 2595 3578 2671; baseline -0.001 -16"><span class='ocrx_word' id='word_1_411' title='bbox 2053 2598 2562 2656; x_wconf 78' lang='lat' dir='ltr'><strong>Reverendissimus</strong></span> <span class='ocrx_word' id='word_1_412' title='bbox 2575 2613 2791 2670; x_wconf 88' lang='lat' dir='ltr'><strong>quoque</strong></span> <span class='ocrx_word' id='word_1_413' title='bbox 2805 2596 3048 2671; x_wconf 80' lang='lat' dir='ltr'><strong>pontifex</strong></span> <span class='ocrx_word' id='word_1_414' title='bbox 3069 2595 3411 2663; x_wconf 79' lang='lat' dir='ltr'><strong>Ambrosius,</strong></span> <span class='ocrx_word' id='word_1_415' title='bbox 3421 2596 3578 2670; x_wconf 88' lang='lat' dir='ltr'><strong>cujus</strong></span> 
     </span>
    </p>
   </div>
   <div class='ocr_carea' id='block_1_52' title="bbox 1981 2689 3579 2763">
    <p class='ocr_par' dir='ltr' id='par_1_52' title="bbox 1981 2689 3579 2763">
     <span class='ocr_line' id='line_1_52' title="bbox 1981 2689 3579 2763; baseline -0.002 -13"><span class='ocrx_word' id='word_1_416' title='bbox 1981 2692 2235 2750; x_wconf 86' lang='lat' dir='ltr'><strong>similiter</strong></span> <span class='ocrx_word' id='word_1_417' title='bbox 2261 2690 2429 2750; x_wconf 89' lang='lat' dir='ltr'><strong>ﬁdem</strong></span> <span class='ocrx_word' id='word_1_418' title='bbox 2469 2699 2526 2747; x_wconf 91' lang='lat' dir='ltr'><strong>et</strong></span> <span class='ocrx_word' id='word_1_419' title='bbox 2549 2689 2889 2762; x_wconf 82' lang='lat' dir='ltr'><strong>probabilem</strong></span> <span class='ocrx_word' id='word_1_420' title='bbox 2933 2690 3281 2748; x_wconf 87' lang='lat' dir='ltr'><strong>traditionem</strong></span> <span class='ocrx_word' id='word_1_421' title='bbox 3317 2689 3579 2763; x_wconf 64' lang='lat' dir='ltr'><strong>prafatus</strong></span> 
     </span>
    </p>
   </div>
   <div class='ocr_carea' id='block_1_53' title="bbox 1979 2783 3579 2859">
    <p class='ocr_par' dir='ltr' id='par_1_53' title="bbox 1979 2783 3579 2859">
     <span class='ocr_line' id='line_1_53' title="bbox 1979 2783 3579 2859; baseline 0 -17"><span class='ocrx_word' id='word_1_422' title='bbox 1979 2799 2121 2857; x_wconf 82' lang='lat' dir='ltr'><strong>papa</strong></span> <span class='ocrx_word' id='word_1_423' title='bbox 2145 2784 2419 2852; x_wconf 81' lang='lat' dir='ltr'><strong>Gelasius,</strong></span> <span class='ocrx_word' id='word_1_424' title='bbox 2439 2792 2498 2841; x_wconf 86' lang='lat' dir='ltr'><strong>et</strong></span> <span class='ocrx_word' id='word_1_425' title='bbox 2518 2785 2776 2857; x_wconf 67' lang='lat' dir='ltr'><strong>praedicta</strong></span> <span class='ocrx_word' id='word_1_426' title='bbox 2796 2783 3392 2856; x_wconf 84' lang='lat' dir='ltr'><strong>Constantinopolitana</strong></span> <span class='ocrx_word' id='word_1_427' title='bbox 3415 2800 3579 2859; x_wconf 73' lang='lat' dir='ltr'><strong>syno-</strong></span> 
     </span>
    </p>
   </div>
   <div class='ocr_carea' id='block_1_54' title="bbox 1982 2875 3579 2947">
    <p class='ocr_par' dir='ltr' id='par_1_54' title="bbox 1982 2875 3579 2947">
     <span class='ocr_line' id='line_1_54' title="bbox 1982 2875 3579 2947; baseline 0 -13"><span class='ocrx_word' id='word_1_428' title='bbox 1982 2878 2084 2934; x_wconf 87' lang='lat' dir='ltr'><strong>dus</strong></span> <span class='ocrx_word' id='word_1_429' title='bbox 2115 2876 2184 2934; x_wconf 82' lang='lat' dir='ltr'><strong>ab</strong></span> <span class='ocrx_word' id='word_1_430' title='bbox 2210 2875 2507 2932; x_wconf 83' lang='lat' dir='ltr'><strong>universali</strong></span> <span class='ocrx_word' id='word_1_431' title='bbox 2544 2875 2789 2933; x_wconf 83' lang='lat' dir='ltr'><strong>Ecclesia</strong></span> <span class='ocrx_word' id='word_1_432' title='bbox 2818 2876 3217 2947; x_wconf 88' lang='lat' dir='ltr'><strong>suscipiendam</strong></span> <span class='ocrx_word' id='word_1_433' title='bbox 3247 2891 3369 2934; x_wconf 85' lang='lat' dir='ltr'><strong>esse</strong></span> <span class='ocrx_word' id='word_1_434' title='bbox 3389 2878 3579 2934; x_wconf 53' lang='lat' dir='ltr'><strong>decrev</strong></span> 
     </span>
    </p>
   </div>
   <div class='ocr_carea' id='block_1_55' title="bbox 1979 2965 3578 3040">
    <p class='ocr_par' dir='ltr' id='par_1_55' title="bbox 1979 2965 3578 3040">
     <span class='ocr_line' id='line_1_55' title="bbox 1979 2965 3578 3040; baseline 0.002 -19"><span class='ocrx_word' id='word_1_435' title='bbox 1979 2974 2196 3032; x_wconf 86' lang='lat' dir='ltr'><strong>verunt,</strong></span> <span class='ocrx_word' id='word_1_436' title='bbox 2222 2965 2280 3022; x_wconf 90' lang='lat' dir='ltr'><strong>in</strong></span> <span class='ocrx_word' id='word_1_437' title='bbox 2308 2966 2450 3023; x_wconf 91' lang='lat' dir='ltr'><strong>libro</strong></span> <span class='ocrx_word' id='word_1_438' title='bbox 2476 2974 2632 3024; x_wconf 87' lang='lat' dir='ltr'><strong>sexto</strong></span> <span class='ocrx_word' id='word_1_439' title='bbox 2651 2966 2709 3022; x_wconf 91' lang='lat' dir='ltr'><strong>in</strong></span> <span class='ocrx_word' id='word_1_440' title='bbox 2737 2966 2845 3034; x_wconf 87' lang='lat' dir='ltr'><strong>his,</strong></span> <span class='ocrx_word' id='word_1_441' title='bbox 2872 2982 3008 3040; x_wconf 89' lang='lat' dir='ltr'><strong>quos</strong></span> <span class='ocrx_word' id='word_1_442' title='bbox 3045 2968 3113 3023; x_wconf 90' lang='lat' dir='ltr'><strong>de</strong></span> <span class='ocrx_word' id='word_1_443' title='bbox 3143 2966 3250 3024; x_wconf 89' lang='lat' dir='ltr'><strong>ﬁde</strong></span> <span class='ocrx_word' id='word_1_444' title='bbox 3267 2968 3336 3024; x_wconf 89' lang='lat' dir='ltr'><strong>ad</strong></span> <span class='ocrx_word' id='word_1_445' title='bbox 3361 2966 3578 3025; x_wconf 85' lang='lat' dir='ltr'><strong>Gratia-</strong></span> 
     </span>
    </p>
   </div>
   <div class='ocr_carea' id='block_1_56' title="bbox 1980 3054 3576 3128">
    <p class='ocr_par' dir='ltr' id='par_1_56' title="bbox 1980 3054 3576 3128">
     <span class='ocr_line' id='line_1_56' title="bbox 1980 3054 3576 3128; baseline 0.002 -16"><span class='ocrx_word' id='word_1_446' title='bbox 1980 3068 2112 3112; x_wconf 84' lang='lat' dir='ltr'><strong>num</strong></span> <span class='ocrx_word' id='word_1_447' title='bbox 2137 3054 2525 3126; x_wconf 76' lang='lat' dir='ltr'><strong>imperatorem</strong></span> <span class='ocrx_word' id='word_1_448' title='bbox 2567 3058 2913 3128; x_wconf 83' lang='lat' dir='ltr'><strong>conscripsit,</strong></span> <span class='ocrx_word' id='word_1_449' title='bbox 2961 3055 3225 3128; x_wconf 88' lang='lat' dir='ltr'><strong>Spiritum</strong></span> <span class='ocrx_word' id='word_1_450' title='bbox 3265 3069 3513 3116; x_wconf 85' lang='lat' dir='ltr'><strong>sanctum</strong></span> <span class='ocrx_word' id='word_1_451' title='bbox 3542 3074 3576 3115; x_wconf 86' lang='lat' dir='ltr'><strong>a</strong></span> 
     </span>
    </p>
   </div>
   <div class='ocr_carea' id='block_1_57' title="bbox 1985 3141 3576 3222">
    <p class='ocr_par' dir='ltr' id='par_1_57' title="bbox 1985 3141 3576 3222">
     <span class='ocr_line' id='line_1_57' title="bbox 1985 3141 3576 3222; baseline 0.004 -24"><span class='ocrx_word' id='word_1_452' title='bbox 1985 3141 2120 3201; x_wconf 80' lang='lat' dir='ltr'><strong>Filio</strong></span> <span class='ocrx_word' id='word_1_453' title='bbox 2147 3144 2446 3215; x_wconf 86' lang='lat' dir='ltr'><strong>procedere</strong></span> <span class='ocrx_word' id='word_1_454' title='bbox 2471 3144 2758 3202; x_wconf 88' lang='lat' dir='ltr'><strong>conﬁrmat</strong></span> <span class='ocrx_word' id='word_1_455' title='bbox 2790 3147 2865 3202; x_wconf 91' lang='lat' dir='ltr'><strong>ita</strong></span> <span class='ocrx_word' id='word_1_456' title='bbox 2905 3147 3128 3203; x_wconf 88' lang='lat' dir='ltr'><strong>dicens:</strong></span> <span class='ocrx_word' id='word_1_457' title='bbox 3163 3159 3187 3189; x_wconf 76' lang='grc' dir='ltr'><strong><em>ο</em></strong></span> <span class='ocrx_word' id='word_1_458' title='bbox 3224 3166 3243 3201; x_wconf 73' lang='grc' dir='ltr'><strong>ι</strong></span> <span class='ocrx_word' id='word_1_459' title='bbox 3275 3146 3395 3205; x_wconf 83' lang='grc' dir='ltr'><strong>Νοιι</strong></span> <span class='ocrx_word' id='word_1_460' title='bbox 3420 3163 3576 3222; x_wconf 89' lang='lat' dir='ltr'><strong>ergo,</strong></span> 
     </span>
    </p>
   </div>
   <div class='ocr_carea' id='block_1_58' title="bbox 1982 3233 3574 3311">
    <p class='ocr_par' dir='ltr' id='par_1_58' title="bbox 1982 3233 3574 3311">
     <span class='ocr_line' id='line_1_58' title="bbox 1982 3233 3574 3311; baseline 0.004 -22"><span class='ocrx_word' id='word_1_461' title='bbox 1982 3233 2180 3305; x_wconf 89' lang='lat' dir='ltr'><strong>inquit,</strong></span> <span class='ocrx_word' id='word_1_462' title='bbox 2200 3235 2357 3305; x_wconf 89' lang='lat' dir='ltr'><strong>quasi</strong></span> <span class='ocrx_word' id='word_1_463' title='bbox 2390 3250 2461 3292; x_wconf 91' lang='lat' dir='ltr'><strong>ex</strong></span> <span class='ocrx_word' id='word_1_464' title='bbox 2486 3234 2606 3292; x_wconf 90' lang='lat' dir='ltr'><strong>loco</strong></span> <span class='ocrx_word' id='word_1_465' title='bbox 2629 3236 2868 3294; x_wconf 87' lang='lat' dir='ltr'><strong>mittitur</strong></span> <span class='ocrx_word' id='word_1_466' title='bbox 2896 3236 3152 3309; x_wconf 89' lang='lat' dir='ltr'><strong>Spiritus,</strong></span> <span class='ocrx_word' id='word_1_467' title='bbox 3189 3245 3285 3295; x_wconf 88' lang='lat' dir='ltr'><strong>aut</strong></span> <span class='ocrx_word' id='word_1_468' title='bbox 3321 3239 3477 3311; x_wconf 87' lang='lat' dir='ltr'><strong>quasi</strong></span> <span class='ocrx_word' id='word_1_469' title='bbox 3503 3256 3574 3297; x_wconf 89' lang='lat' dir='ltr'><strong>ex</strong></span> 
     </span>
    </p>
   </div>
   <div class='ocr_carea' id='block_1_59' title="bbox 1981 3322 3579 3405">
    <p class='ocr_par' dir='ltr' id='par_1_59' title="bbox 1981 3322 3579 3405">
     <span class='ocr_line' id='line_1_59' title="bbox 1981 3322 3579 3405; baseline 0.008 -28"><span class='ocrx_word' id='word_1_470' title='bbox 1981 3322 2101 3381; x_wconf 79' lang='lat' dir='ltr'><strong>loco</strong></span> <span class='ocrx_word' id='word_1_471' title='bbox 2118 3325 2384 3396; x_wconf 88' lang='lat' dir='ltr'><strong>procedit,</strong></span> <span class='ocrx_word' id='word_1_472' title='bbox 2422 3325 2642 3398; x_wconf 85' lang='lat' dir='ltr'><strong>quando</strong></span> <span class='ocrx_word' id='word_1_473' title='bbox 2685 3327 2933 3400; x_wconf 88' lang='lat' dir='ltr'><strong>procedit</strong></span> <span class='ocrx_word' id='word_1_474' title='bbox 2974 3344 3043 3384; x_wconf 88' lang='lat' dir='ltr'><strong>ex</strong></span> <span class='ocrx_word' id='word_1_475' title='bbox 3080 3329 3259 3388; x_wconf 82' lang='lat' dir='ltr'><strong>Filio:</strong></span> <span class='ocrx_word' id='word_1_476' title='bbox 3291 3331 3433 3388; x_wconf 85' lang='lat' dir='ltr'><strong>sicut</strong></span> <span class='ocrx_word' id='word_1_477' title='bbox 3457 3332 3579 3405; x_wconf 81' lang='lat' dir='ltr'><strong>ipso</strong></span> 
     </span>
    </p>
   </div>
   <div class='ocr_carea' id='block_1_60' title="bbox 262 3414 3571 3497">
    <p class='ocr_par' dir='ltr' id='par_1_60' title="bbox 262 3414 3571 3497">
     <span class='ocr_line' id='line_1_60' title="bbox 262 3414 3571 3497; baseline 0.005 -32"><span class='ocrx_word' id='word_1_478' title='bbox 262 3418 400 3493; x_wconf 65' lang='lat' dir='ltr'><strong>psit,</strong></span> <span class='ocrx_word' id='word_1_479' title='bbox 426 3434 666 3475; x_wconf 73' lang='lat' dir='ltr'><strong>consona</strong></span> <span class='ocrx_word' id='word_1_480' title='bbox 696 3420 930 3491; x_wconf 68' lang='lat' dir='ltr'><strong>protuli;</strong></span> <span class='ocrx_word' id='word_1_481' title='bbox 956 3420 1118 3477; x_wconf 63' lang='lat' dir='ltr'><strong>verba</strong></span> <span class='ocrx_word' id='word_1_482' title='bbox 1145 3422 1222 3477; x_wconf 64' lang='lat' dir='ltr'><strong>ita</strong></span> <span class='ocrx_word' id='word_1_483' title='bbox 1250 3422 1472 3479; x_wconf 67' lang='lat' dir='ltr'><strong>dicens;</strong></span> <span class='ocrx_word' id='word_1_484' title='bbox 1502 3435 1531 3466; x_wconf 78' lang='grc' dir='ltr'><strong>ι</strong></span> <span class='ocrx_word' id='word_1_485' title='bbox 1558 3443 1579 3477; x_wconf 70' lang='grc' dir='ltr'><strong>ι</strong></span> <span class='ocrx_word' id='word_1_486' title='bbox 1606 3423 1876 3497; x_wconf 63' lang='lat' dir='ltr'><strong>opuscula</strong></span> <span class='ocrx_word' id='word_1_487' title='bbox 1901 3421 1954 3488; x_wconf 73' lang='grc' dir='ltr'>ο</span> <span class='ocrx_word' id='word_1_488' title='bbox 1978 3414 2149 3471; x_wconf 82' lang='lat' dir='ltr'><strong>Filius</strong></span> <span class='ocrx_word' id='word_1_489' title='bbox 2181 3432 2305 3473; x_wconf 89' lang='lat' dir='ltr'><strong>cum</strong></span> <span class='ocrx_word' id='word_1_490' title='bbox 2347 3417 2518 3473; x_wconf 86' lang='lat' dir='ltr'><strong>dicit:</strong></span> <span class='ocrx_word' id='word_1_491' title='bbox 2559 3416 2638 3473; x_wconf 86' lang='lat' dir='ltr'><strong>De</strong></span> <span class='ocrx_word' id='word_1_492' title='bbox 2680 3416 2844 3475; x_wconf 77' lang='lat' dir='ltr'><strong>Patre</strong></span> <span class='ocrx_word' id='word_1_493' title='bbox 2880 3420 3109 3490; x_wconf 80' lang='lat' dir='ltr'><strong>processi</strong></span> <span class='ocrx_word' id='word_1_494' title='bbox 3142 3429 3195 3476; x_wconf 83' lang='lat' dir='ltr'><strong>et</strong></span> <span class='ocrx_word' id='word_1_495' title='bbox 3233 3422 3348 3477; x_wconf 76' lang='lat' dir='ltr'><strong>veni</strong></span> <span class='ocrx_word' id='word_1_496' title='bbox 3388 3420 3571 3495; x_wconf 76' lang='lat' dir='ltr'><strong>(Joau.</strong></span> 
     </span>
    </p>
   </div>
   <div class='ocr_carea' id='block_1_61' title="bbox 259 3514 1873 3590">
    <p class='ocr_par' dir='ltr' id='par_1_61' title="bbox 259 3514 1873 3590">
     <span class='ocr_line' id='line_1_61' title="bbox 259 3514 1873 3590; baseline 0.004 -20"><span class='ocrx_word' id='word_1_497' title='bbox 259 3521 436 3585; x_wconf 81' lang='lat' dir='ltr'><strong>atque</strong></span> <span class='ocrx_word' id='word_1_498' title='bbox 460 3521 727 3570; x_wconf 71' lang='lat' dir='ltr'><strong>tractatus</strong></span> <span class='ocrx_word' id='word_1_499' title='bbox 753 3515 995 3570; x_wconf 88' lang='lat' dir='ltr'><strong>omnium</strong></span> <span class='ocrx_word' id='word_1_500' title='bbox 1019 3514 1245 3571; x_wconf 86' lang='lat' dir='ltr'><strong>Patrum</strong></span> <span class='ocrx_word' id='word_1_501' title='bbox 1280 3516 1709 3574; x_wconf 78' lang='lat' dir='ltr'><strong>orthodoxorum</strong></span> <span class='ocrx_word' id='word_1_502' title='bbox 1724 3560 1741 3586; x_wconf 92' lang='lat'><strong>,</strong></span> <span class='ocrx_word' id='word_1_503' title='bbox 1777 3518 1873 3590; x_wconf 91' lang='lat' dir='ltr'><strong>qui</strong></span> 
     </span>
    </p>
   </div>
   <div class='ocr_carea' id='block_1_62' title="bbox 263 3603 1877 3666">
    <p class='ocr_par' dir='ltr' id='par_1_62' title="bbox 263 3603 1877 3666">
     <span class='ocr_line' id='line_1_62' title="bbox 263 3603 1877 3666; baseline 0.002 -4"><span class='ocrx_word' id='word_1_504' title='bbox 263 3605 329 3662; x_wconf 88' lang='lat' dir='ltr'><strong>in</strong></span> <span class='ocrx_word' id='word_1_505' title='bbox 356 3603 507 3660; x_wconf 90' lang='lat' dir='ltr'><strong>nullo</strong></span> <span class='ocrx_word' id='word_1_506' title='bbox 534 3619 564 3659; x_wconf 88' lang='lat' dir='ltr'><strong>a</strong></span> <span class='ocrx_word' id='word_1_507' title='bbox 589 3614 795 3660; x_wconf 74' lang='lat' dir='ltr'><strong>sancta:</strong></span> <span class='ocrx_word' id='word_1_508' title='bbox 822 3604 1080 3662; x_wconf 75' lang='lat' dir='ltr'><strong>Ecclesia:</strong></span> <span class='ocrx_word' id='word_1_509' title='bbox 1098 3606 1361 3664; x_wconf 75' lang='lat' dir='ltr'><strong>Romana:</strong></span> <span class='ocrx_word' id='word_1_510' title='bbox 1388 3610 1673 3666; x_wconf 83' lang='lat' dir='ltr'><strong>consortio</strong></span> <span class='ocrx_word' id='word_1_511' title='bbox 1690 3610 1877 3665; x_wconf 86' lang='lat' dir='ltr'><strong>devia-</strong></span> 
     </span>
    </p>
   </div>
   <div class='ocr_carea' id='block_1_63' title="bbox 264 3694 1875 3770">
    <p class='ocr_par' dir='ltr' id='par_1_63' title="bbox 264 3694 1875 3770">
     <span class='ocr_line' id='line_1_63' title="bbox 264 3694 1875 3770; baseline 0.002 -18"><span class='ocrx_word' id='word_1_512' title='bbox 264 3702 492 3763; x_wconf 62' lang='lat' dir='ltr'><strong>terunt,</strong></span> <span class='ocrx_word' id='word_1_513' title='bbox 526 3709 628 3752; x_wconf 90' lang='lat' dir='ltr'><strong>nec</strong></span> <span class='ocrx_word' id='word_1_514' title='bbox 668 3697 740 3753; x_wconf 88' lang='lat' dir='ltr'><strong>ab</strong></span> <span class='ocrx_word' id='word_1_515' title='bbox 765 3694 887 3765; x_wconf 87' lang='lat' dir='ltr'><strong>ejus</strong></span> <span class='ocrx_word' id='word_1_516' title='bbox 931 3698 1039 3753; x_wconf 88' lang='lat' dir='ltr'><strong>ﬁde</strong></span> <span class='ocrx_word' id='word_1_517' title='bbox 1077 3697 1163 3753; x_wconf 86' lang='lat' dir='ltr'><strong>vel</strong></span> <span class='ocrx_word' id='word_1_518' title='bbox 1202 3698 1590 3769; x_wconf 65' lang='lat' dir='ltr'><strong>pmdimﬁonc</strong></span> <span class='ocrx_word' id='word_1_519' title='bbox 1640 3699 1875 3770; x_wconf 89' lang='lat' dir='ltr'><strong>sejuncti</strong></span> 
     </span>
    </p>
   </div>
   <div class='ocr_carea' id='block_1_64' title="bbox 261 3787 1875 3863">
    <p class='ocr_par' dir='ltr' id='par_1_64' title="bbox 261 3787 1875 3863">
     <span class='ocr_line' id='line_1_64' title="bbox 261 3787 1875 3863; baseline 0.002 -18"><span class='ocrx_word' id='word_1_520' title='bbox 261 3796 436 3855; x_wconf 87' lang='lat' dir='ltr'><strong>sunt;</strong></span> <span class='ocrx_word' id='word_1_521' title='bbox 469 3787 566 3845; x_wconf 88' lang='lat' dir='ltr'><strong>sed</strong></span> <span class='ocrx_word' id='word_1_522' title='bbox 590 3787 761 3858; x_wconf 86' lang='lat' dir='ltr'><strong>ipsius</strong></span> <span class='ocrx_word' id='word_1_523' title='bbox 798 3787 1246 3863; x_wconf 77' lang='lat' dir='ltr'><strong>[communionis]</strong></span> <span class='ocrx_word' id='word_1_524' title='bbox 1279 3804 1379 3861; x_wconf 86' lang='lat' dir='ltr'><strong>per</strong></span> <span class='ocrx_word' id='word_1_525' title='bbox 1405 3789 1502 3846; x_wconf 91' lang='lat' dir='ltr'><strong>Dei</strong></span> <span class='ocrx_word' id='word_1_526' title='bbox 1527 3791 1757 3863; x_wconf 84' lang='lat' dir='ltr'><strong>gratiam</strong></span> <span class='ocrx_word' id='word_1_527' title='bbox 1783 3807 1875 3848; x_wconf 87' lang='lat' dir='ltr'><strong>us-</strong></span> 
     </span>
    </p>
   </div>
   <div class='ocr_carea' id='block_1_65' title="bbox 258 3877 1875 3954">
    <p class='ocr_par' dir='ltr' id='par_1_65' title="bbox 258 3877 1875 3954">
     <span class='ocr_line' id='line_1_65' title="bbox 258 3877 1875 3954; baseline 0.002 -21"><span class='ocrx_word' id='word_1_528' title='bbox 258 3892 377 3949; x_wconf 83' lang='lat' dir='ltr'><strong>que</strong></span> <span class='ocrx_word' id='word_1_529' title='bbox 404 3877 461 3933; x_wconf 91' lang='lat' dir='ltr'><strong>in</strong></span> <span class='ocrx_word' id='word_1_530' title='bbox 491 3877 743 3934; x_wconf 86' lang='lat' dir='ltr'><strong>ultimum</strong></span> <span class='ocrx_word' id='word_1_531' title='bbox 772 3878 918 3935; x_wconf 86' lang='lat' dir='ltr'><strong>diem</strong></span> <span class='ocrx_word' id='word_1_532' title='bbox 946 3879 1074 3936; x_wconf 80' lang='lat' dir='ltr'><strong>vitae</strong></span> <span class='ocrx_word' id='word_1_533' title='bbox 1096 3879 1249 3937; x_wconf 79' lang='lat' dir='ltr'><strong>fuere</strong></span> <span class='ocrx_word' id='word_1_534' title='bbox 1274 3880 1589 3952; x_wconf 84' lang='lat' dir='ltr'><strong>participes,</strong></span> <span class='ocrx_word' id='word_1_535' title='bbox 1617 3880 1875 3954; x_wconf 86' lang='lat' dir='ltr'><strong>legendos</strong></span> 
     </span>
    </p>
   </div>
   <div class='ocr_carea' id='block_1_66' title="bbox 265 3970 703 4026">
    <p class='ocr_par' dir='ltr' id='par_1_66' title="bbox 265 3970 703 4026">
     <span class='ocr_line' id='line_1_66' title="bbox 265 3970 703 4026; baseline -0.007 0"><span class='ocrx_word' id='word_1_536' title='bbox 265 3970 641 4026; x_wconf 87' lang='lat' dir='ltr'><strong>decernimus.</strong></span> <span class='ocrx_word' id='word_1_537' title='bbox 682 3990 703 4023; x_wconf 73' lang='grc' dir='ltr'><strong>ι</strong></span> 
     </span>
    </p>
   </div>
   <div class='ocr_carea' id='block_1_67' title="bbox 336 4061 1872 4132">
    <p class='ocr_par' dir='ltr' id='par_1_67' title="bbox 336 4061 1872 4132">
     <span class='ocr_line' id='line_1_67' title="bbox 336 4061 1872 4132; baseline 0 -14"><span class='ocrx_word' id='word_1_538' title='bbox 336 4061 546 4118; x_wconf 87' lang='lat' dir='ltr'><strong>Beatus</strong></span> <span class='ocrx_word' id='word_1_539' title='bbox 576 4062 739 4132; x_wconf 88' lang='lat' dir='ltr'><strong>igitur</strong></span> <span class='ocrx_word' id='word_1_540' title='bbox 764 4062 1100 4119; x_wconf 81' lang='lat' dir='ltr'><strong>Athanasius</strong></span> <span class='ocrx_word' id='word_1_541' title='bbox 1128 4063 1615 4120; x_wconf 86' lang='lat' dir='ltr'><strong>reverendissimus</strong></span> <span class='ocrx_word' id='word_1_542' title='bbox 1636 4062 1872 4119; x_wconf 79' lang='lat' dir='ltr'><strong>Alexan-</strong></span> 
     </span>
    </p>
   </div>
   <div class='ocr_carea' id='block_1_68' title="bbox 265 4150 1874 4224">
    <p class='ocr_par' dir='ltr' id='par_1_68' title="bbox 265 4150 1874 4224">
     <span class='ocr_line' id='line_1_68' title="bbox 265 4150 1874 4224; baseline 0.001 -18"><span class='ocrx_word' id='word_1_543' title='bbox 265 4150 407 4206; x_wconf 74' lang='lat' dir='ltr'><strong>drite</strong></span> <span class='ocrx_word' id='word_1_544' title='bbox 444 4150 598 4206; x_wconf 88' lang='lat' dir='ltr'><strong>urbis</strong></span> <span class='ocrx_word' id='word_1_545' title='bbox 617 4152 928 4221; x_wconf 76' lang='lat' dir='ltr'><strong>episcopus,</strong></span> <span class='ocrx_word' id='word_1_546' title='bbox 953 4151 1047 4222; x_wconf 91' lang='lat' dir='ltr'><strong>qui</strong></span> <span class='ocrx_word' id='word_1_547' title='bbox 1068 4166 1280 4207; x_wconf 89' lang='lat' dir='ltr'><strong>summo</strong></span> <span class='ocrx_word' id='word_1_548' title='bbox 1303 4152 1546 4222; x_wconf 81' lang='lat' dir='ltr'><strong>ejusdem</strong></span> <span class='ocrx_word' id='word_1_549' title='bbox 1568 4151 1720 4208; x_wconf 88' lang='lat' dir='ltr'><strong>urbis</strong></span> <span class='ocrx_word' id='word_1_550' title='bbox 1741 4168 1874 4224; x_wconf 82' lang='lat' dir='ltr'><strong>pon-</strong></span> 
     </span>
    </p>
   </div>
   <div class='ocr_carea' id='block_1_69' title="bbox 263 4240 1872 4312">
    <p class='ocr_par' dir='ltr' id='par_1_69' title="bbox 263 4240 1872 4312">
     <span class='ocr_line' id='line_1_69' title="bbox 263 4240 1872 4312; baseline 0.001 -16"><span class='ocrx_word' id='word_1_551' title='bbox 263 4240 405 4296; x_wconf 77' lang='lat' dir='ltr'><strong>tiﬁci</strong></span> <span class='ocrx_word' id='word_1_552' title='bbox 428 4240 763 4308; x_wconf 85' lang='lat' dir='ltr'><strong>Alexandro,</strong></span> <span class='ocrx_word' id='word_1_553' title='bbox 801 4258 901 4298; x_wconf 91' lang='lat' dir='ltr'><strong>suo</strong></span> <span class='ocrx_word' id='word_1_554' title='bbox 930 4245 1096 4297; x_wconf 87' lang='lat' dir='ltr'><strong>etiam</strong></span> <span class='ocrx_word' id='word_1_555' title='bbox 1124 4245 1444 4312; x_wconf 75' lang='lat' dir='ltr'><strong>praeceptori</strong></span> <span class='ocrx_word' id='word_1_556' title='bbox 1470 4244 1694 4300; x_wconf 88' lang='lat' dir='ltr'><strong>devotus</strong></span> <span class='ocrx_word' id='word_1_557' title='bbox 1720 4241 1872 4311; x_wconf 90' lang='lat' dir='ltr'><strong>adju-</strong></span> 
     </span>
    </p>
   </div>
   <div class='ocr_carea' id='block_1_70' title="bbox 267 4334 1872 4408">
    <p class='ocr_par' dir='ltr' id='par_1_70' title="bbox 267 4334 1872 4408">
     <span class='ocr_line' id='line_1_70' title="bbox 267 4334 1872 4408; baseline 0.001 -16"><span class='ocrx_word' id='word_1_558' title='bbox 267 4344 362 4392; x_wconf 87' lang='lat' dir='ltr'><strong>tor</strong></span> <span class='ocrx_word' id='word_1_559' title='bbox 385 4337 443 4391; x_wconf 87' lang='lat' dir='ltr'><strong>in</strong></span> <span class='ocrx_word' id='word_1_560' title='bbox 472 4334 693 4393; x_wconf 73' lang='lat' dir='ltr'><strong>Nicaeus</strong></span> <span class='ocrx_word' id='word_1_561' title='bbox 715 4335 822 4391; x_wconf 77' lang='lat' dir='ltr'><strong>fuit</strong></span> <span class='ocrx_word' id='word_1_562' title='bbox 848 4336 1103 4403; x_wconf 88' lang='lat' dir='ltr'><strong>concilio,</strong></span> <span class='ocrx_word' id='word_1_563' title='bbox 1143 4336 1199 4391; x_wconf 91' lang='lat' dir='ltr'><strong>in</strong></span> <span class='ocrx_word' id='word_1_564' title='bbox 1232 4337 1574 4408; x_wconf 65' lang='lat' dir='ltr'><strong>Expositione</strong></span> <span class='ocrx_word' id='word_1_565' title='bbox 1600 4337 1872 4394; x_wconf 76' lang='lat' dir='ltr'><strong>catholica:</strong></span> 
     </span>
    </p>
   </div>
   <div class='ocr_carea' id='block_1_71' title="bbox 263 4427 1871 4500">
    <p class='ocr_par' dir='ltr' id='par_1_71' title="bbox 263 4427 1871 4500">
     <span class='ocr_line' id='line_1_71' title="bbox 263 4427 1871 4500; baseline 0.001 -17"><span class='ocrx_word' id='word_1_566' title='bbox 263 4428 420 4499; x_wconf 66' lang='lat' dir='ltr'><strong>ﬁdei,</strong></span> <span class='ocrx_word' id='word_1_567' title='bbox 445 4441 608 4499; x_wconf 88' lang='lat' dir='ltr'><strong>quam</strong></span> <span class='ocrx_word' id='word_1_568' title='bbox 632 4427 747 4499; x_wconf 86' lang='lat' dir='ltr'><strong>ipse</strong></span> <span class='ocrx_word' id='word_1_569' title='bbox 775 4428 1025 4499; x_wconf 85' lang='lat' dir='ltr'><strong>egregius</strong></span> <span class='ocrx_word' id='word_1_570' title='bbox 1051 4428 1245 4484; x_wconf 88' lang='lat' dir='ltr'><strong>doctor</strong></span> <span class='ocrx_word' id='word_1_571' title='bbox 1264 4430 1612 4500; x_wconf 83' lang='lat' dir='ltr'><strong>conscripsit,</strong></span> <span class='ocrx_word' id='word_1_572' title='bbox 1632 4436 1688 4485; x_wconf 89' lang='lat' dir='ltr'><strong>et</strong></span> <span class='ocrx_word' id='word_1_573' title='bbox 1706 4444 1871 4499; x_wconf 86' lang='lat' dir='ltr'><strong>quam</strong></span> 
     </span>
    </p>
   </div>
   <div class='ocr_carea' id='block_1_72' title="bbox 264 4517 1872 4591">
    <p class='ocr_par' dir='ltr' id='par_1_72' title="bbox 264 4517 1872 4591">
     <span class='ocr_line' id='line_1_72' title="bbox 264 4517 1872 4591; baseline 0.002 -17"><span class='ocrx_word' id='word_1_574' title='bbox 264 4517 596 4575; x_wconf 86' lang='lat' dir='ltr'><strong>universalis</strong></span> <span class='ocrx_word' id='word_1_575' title='bbox 614 4518 905 4576; x_wconf 88' lang='lat' dir='ltr'><strong>conﬁtetur</strong></span> <span class='ocrx_word' id='word_1_576' title='bbox 922 4518 1187 4585; x_wconf 85' lang='lat' dir='ltr'><strong>Ecclesia,</strong></span> <span class='ocrx_word' id='word_1_577' title='bbox 1211 4520 1613 4590; x_wconf 80' lang='lat' dir='ltr'><strong>processionem</strong></span> <span class='ocrx_word' id='word_1_578' title='bbox 1637 4519 1872 4591; x_wconf 89' lang='lat' dir='ltr'><strong>Spiritus</strong></span> 
     </span>
    </p>
   </div>
   <div class='ocr_carea' id='block_1_73' title="bbox 261 4606 1873 4674">
    <p class='ocr_par' dir='ltr' id='par_1_73' title="bbox 261 4606 1873 4674">
     <span class='ocr_line' id='line_1_73' title="bbox 261 4606 1873 4674; baseline 0 -9"><span class='ocrx_word' id='word_1_579' title='bbox 261 4608 445 4665; x_wconf 86' lang='lat' dir='ltr'><strong>sancti</strong></span> <span class='ocrx_word' id='word_1_580' title='bbox 474 4623 507 4662; x_wconf 88' lang='lat' dir='ltr'><strong>a</strong></span> <span class='ocrx_word' id='word_1_581' title='bbox 532 4606 694 4664; x_wconf 89' lang='lat' dir='ltr'><strong>Patre</strong></span> <span class='ocrx_word' id='word_1_582' title='bbox 731 4615 788 4664; x_wconf 88' lang='lat' dir='ltr'><strong>et</strong></span> <span class='ocrx_word' id='word_1_583' title='bbox 831 4607 971 4664; x_wconf 83' lang='lat' dir='ltr'><strong>Filio</strong></span> <span class='ocrx_word' id='word_1_584' title='bbox 1003 4608 1266 4674; x_wconf 89' lang='lat' dir='ltr'><strong>declarat,</strong></span> <span class='ocrx_word' id='word_1_585' title='bbox 1292 4609 1369 4664; x_wconf 92' lang='lat' dir='ltr'><strong>ita</strong></span> <span class='ocrx_word' id='word_1_586' title='bbox 1395 4609 1619 4665; x_wconf 89' lang='lat' dir='ltr'><strong>dicens:</strong></span> <span class='ocrx_word' id='word_1_587' title='bbox 1653 4626 1673 4659; x_wconf 77' lang='grc' dir='ltr'><strong>ι</strong></span> <span class='ocrx_word' id='word_1_588' title='bbox 1707 4608 1873 4665; x_wconf 88' lang='lat' dir='ltr'><strong>Pater</strong></span> 
     </span>
    </p>
   </div>
   <div class='ocr_carea' id='block_1_74' title="bbox 266 4697 1870 4771">
    <p class='ocr_par' dir='ltr' id='par_1_74' title="bbox 266 4697 1870 4771">
     <span class='ocr_line' id='line_1_74' title="bbox 266 4697 1870 4771; baseline 0.001 -18"><span class='ocrx_word' id='word_1_589' title='bbox 266 4714 301 4753; x_wconf 89' lang='lat' dir='ltr'><strong>a</strong></span> <span class='ocrx_word' id='word_1_590' title='bbox 330 4697 483 4752; x_wconf 89' lang='lat' dir='ltr'><strong>nullo</strong></span> <span class='ocrx_word' id='word_1_591' title='bbox 511 4707 597 4754; x_wconf 89' lang='lat' dir='ltr'><strong>est</strong></span> <span class='ocrx_word' id='word_1_592' title='bbox 621 4697 822 4765; x_wconf 80' lang='lat' dir='ltr'><strong>facms,</strong></span> <span class='ocrx_word' id='word_1_593' title='bbox 853 4713 956 4755; x_wconf 89' lang='lat' dir='ltr'><strong>nec</strong></span> <span class='ocrx_word' id='word_1_594' title='bbox 982 4708 1220 4764; x_wconf 89' lang='lat' dir='ltr'><strong>creatus,</strong></span> <span class='ocrx_word' id='word_1_595' title='bbox 1249 4715 1353 4755; x_wconf 91' lang='lat' dir='ltr'><strong>nec</strong></span> <span class='ocrx_word' id='word_1_596' title='bbox 1378 4701 1612 4771; x_wconf 88' lang='lat' dir='ltr'><strong>genitus.</strong></span> <span class='ocrx_word' id='word_1_597' title='bbox 1639 4698 1810 4755; x_wconf 83' lang='lat' dir='ltr'><strong>Filius</strong></span> <span class='ocrx_word' id='word_1_598' title='bbox 1836 4716 1870 4755; x_wconf 88' lang='lat' dir='ltr'><strong>a</strong></span> 
     </span>
    </p>
   </div>
   <div class='ocr_carea' id='block_1_75' title="bbox 1976 3505 3576 3583">
    <p class='ocr_par' dir='ltr' id='par_1_75' title="bbox 1976 3505 3576 3583">
     <span class='ocr_line' id='line_1_75' title="bbox 1976 3505 3576 3583; baseline 0.006 -21"><span class='ocrx_word' id='word_1_599' title='bbox 1976 3521 2063 3573; x_wconf 85' lang='lat' dir='ltr'><strong>ut,</strong></span> <span class='ocrx_word' id='word_1_600' title='bbox 2082 3505 2201 3579; x_wconf 77' lang='lat'><strong>28),</strong></span> <span class='ocrx_word' id='word_1_601' title='bbox 2242 3522 2434 3564; x_wconf 88' lang='lat' dir='ltr'><strong>omnes</strong></span> <span class='ocrx_word' id='word_1_602' title='bbox 2460 3506 2734 3565; x_wconf 81' lang='lat' dir='ltr'><strong>interfecit</strong></span> <span class='ocrx_word' id='word_1_603' title='bbox 2767 3509 3085 3580; x_wconf 86' lang='lat' dir='ltr'><strong>opiniones,</strong></span> <span class='ocrx_word' id='word_1_604' title='bbox 3125 3527 3249 3583; x_wconf 74' lang='lat' dir='ltr'><strong>quae</strong></span> <span class='ocrx_word' id='word_1_605' title='bbox 3270 3527 3336 3568; x_wconf 82' lang='lat' dir='ltr'><strong>ex</strong></span> <span class='ocrx_word' id='word_1_606' title='bbox 3358 3511 3480 3570; x_wconf 87' lang='lat' dir='ltr'><strong>loco</strong></span> <span class='ocrx_word' id='word_1_607' title='bbox 3504 3515 3576 3571; x_wconf 91' lang='lat' dir='ltr'><strong>ad</strong></span> 
     </span>
    </p>
   </div>
   <div class='ocr_carea' id='block_1_76' title="bbox 1971 3597 3576 3675">
    <p class='ocr_par' dir='ltr' id='par_1_76' title="bbox 1971 3597 3576 3675">
     <span class='ocr_line' id='line_1_76' title="bbox 1971 3597 3576 3675; baseline 0.004 -20"><span class='ocrx_word' id='word_1_608' title='bbox 1971 3597 2151 3655; x_wconf 85' lang='lat' dir='ltr'><strong>locum</strong></span> <span class='ocrx_word' id='word_1_609' title='bbox 2186 3607 2436 3669; x_wconf 84' lang='lat' dir='ltr'><strong>possunt,</strong></span> <span class='ocrx_word' id='word_1_610' title='bbox 2467 3600 2607 3655; x_wconf 90' lang='lat' dir='ltr'><strong>sicut</strong></span> <span class='ocrx_word' id='word_1_611' title='bbox 2644 3600 2701 3656; x_wconf 88' lang='lat' dir='ltr'><strong>in</strong></span> <span class='ocrx_word' id='word_1_612' title='bbox 2739 3599 3009 3671; x_wconf 86' lang='lat' dir='ltr'><strong>aliquibus</strong></span> <span class='ocrx_word' id='word_1_613' title='bbox 3044 3604 3389 3675; x_wconf 87' lang='lat' dir='ltr'><strong>corporibus,</strong></span> <span class='ocrx_word' id='word_1_614' title='bbox 3427 3607 3576 3662; x_wconf 77' lang='lat' dir='ltr'><strong>testi-</strong></span> 
     </span>
    </p>
   </div>
   <div class='ocr_carea' id='block_1_77' title="bbox 1973 3690 3572 3768">
    <p class='ocr_par' dir='ltr' id='par_1_77' title="bbox 1973 3690 3572 3768">
     <span class='ocr_line' id='line_1_77' title="bbox 1973 3690 3572 3768; baseline 0.004 -21"><span class='ocrx_word' id='word_1_615' title='bbox 1973 3691 2134 3747; x_wconf 87' lang='lat' dir='ltr'><strong>mari.</strong></span> <span class='ocrx_word' id='word_1_616' title='bbox 2178 3690 2444 3748; x_wconf 89' lang='lat' dir='ltr'><strong>Similiter</strong></span> <span class='ocrx_word' id='word_1_617' title='bbox 2480 3707 2604 3748; x_wconf 90' lang='lat' dir='ltr'><strong>cum</strong></span> <span class='ocrx_word' id='word_1_618' title='bbox 2641 3693 2789 3748; x_wconf 91' lang='lat' dir='ltr'><strong>intus</strong></span> <span class='ocrx_word' id='word_1_619' title='bbox 2835 3693 2922 3750; x_wconf 88' lang='lat' dir='ltr'><strong>vel</strong></span> <span class='ocrx_word' id='word_1_620' title='bbox 2964 3693 3099 3752; x_wconf 82' lang='lat' dir='ltr'><strong>foris</strong></span> <span class='ocrx_word' id='word_1_621' title='bbox 3141 3696 3372 3768; x_wconf 87' lang='lat' dir='ltr'><strong>legimus</strong></span> <span class='ocrx_word' id='word_1_622' title='bbox 3396 3697 3572 3753; x_wconf 85' lang='lat' dir='ltr'><strong>Deum</strong></span> 
     </span>
    </p>
   </div>
   <div class='ocr_carea' id='block_1_78' title="bbox 1974 3782 3575 3858">
    <p class='ocr_par' dir='ltr' id='par_1_78' title="bbox 1974 3782 3575 3858">
     <span class='ocr_line' id='line_1_78' title="bbox 1974 3782 3575 3858; baseline 0.004 -20"><span class='ocrx_word' id='word_1_623' title='bbox 1974 3796 2118 3847; x_wconf 91' lang='lat' dir='ltr'><strong>esse,</strong></span> <span class='ocrx_word' id='word_1_624' title='bbox 2149 3796 2257 3837; x_wconf 91' lang='lat' dir='ltr'><strong>non</strong></span> <span class='ocrx_word' id='word_1_625' title='bbox 2282 3783 2472 3853; x_wconf 91' lang='lat' dir='ltr'><strong>utique</strong></span> <span class='ocrx_word' id='word_1_626' title='bbox 2501 3782 2671 3838; x_wconf 89' lang='lat' dir='ltr'><strong>Deum</strong></span> <span class='ocrx_word' id='word_1_627' title='bbox 2699 3792 2795 3838; x_wconf 91' lang='lat' dir='ltr'><strong>aut</strong></span> <span class='ocrx_word' id='word_1_628' title='bbox 2829 3784 2975 3840; x_wconf 88' lang='lat' dir='ltr'><strong>intra</strong></span> <span class='ocrx_word' id='word_1_629' title='bbox 3005 3785 3227 3856; x_wconf 87' lang='lat' dir='ltr'><strong>aliquod</strong></span> <span class='ocrx_word' id='word_1_630' title='bbox 3255 3801 3453 3858; x_wconf 86' lang='lat' dir='ltr'><strong>corpus</strong></span> <span class='ocrx_word' id='word_1_631' title='bbox 3489 3788 3575 3844; x_wconf 81' lang='lat' dir='ltr'><strong>in-</strong></span> 
     </span>
    </p>
   </div>
   <div class='ocr_carea' id='block_1_79' title="bbox 1970 3872 3572 3948">
    <p class='ocr_par' dir='ltr' id='par_1_79' title="bbox 1970 3872 3572 3948">
     <span class='ocr_line' id='line_1_79' title="bbox 1970 3872 3572 3948; baseline 0.004 -19"><span class='ocrx_word' id='word_1_632' title='bbox 1970 3872 2259 3939; x_wconf 88' lang='lat' dir='ltr'><strong>cludimus,</strong></span> <span class='ocrx_word' id='word_1_633' title='bbox 2288 3882 2384 3929; x_wconf 89' lang='lat' dir='ltr'><strong>aut</strong></span> <span class='ocrx_word' id='word_1_634' title='bbox 2405 3872 2475 3930; x_wconf 85' lang='lat' dir='ltr'><strong>ab</strong></span> <span class='ocrx_word' id='word_1_635' title='bbox 2506 3873 2689 3945; x_wconf 87' lang='lat' dir='ltr'><strong>aliquo</strong></span> <span class='ocrx_word' id='word_1_636' title='bbox 2715 3888 2943 3946; x_wconf 90' lang='lat' dir='ltr'><strong>corpore</strong></span> <span class='ocrx_word' id='word_1_637' title='bbox 2966 3889 3319 3948; x_wconf 75' lang='lat' dir='ltr'><strong>separamus;</strong></span> <span class='ocrx_word' id='word_1_638' title='bbox 3342 3879 3437 3935; x_wconf 89' lang='lat' dir='ltr'><strong>sed</strong></span> <span class='ocrx_word' id='word_1_639' title='bbox 3458 3879 3572 3938; x_wconf 89' lang='lat' dir='ltr'><strong>alta</strong></span> 
     </span>
    </p>
   </div>
   <div class='ocr_carea' id='block_1_80' title="bbox 1972 3967 3572 4040">
    <p class='ocr_par' dir='ltr' id='par_1_80' title="bbox 1972 3967 3572 4040">
     <span class='ocr_line' id='line_1_80' title="bbox 1972 3967 3572 4040; baseline 0.004 -17"><span class='ocrx_word' id='word_1_640' title='bbox 1972 3976 2029 4023; x_wconf 89' lang='lat' dir='ltr'><strong>et</strong></span> <span class='ocrx_word' id='word_1_641' title='bbox 2057 3967 2405 4024; x_wconf 86' lang='lat' dir='ltr'><strong>inenarrabili</strong></span> <span class='ocrx_word' id='word_1_642' title='bbox 2427 3968 2788 4025; x_wconf 64' lang='lat' dir='ltr'><strong>mstimatione</strong></span> <span class='ocrx_word' id='word_1_643' title='bbox 2807 3976 3124 4040; x_wconf 89' lang='lat' dir='ltr'><strong>pensantes,</strong></span> <span class='ocrx_word' id='word_1_644' title='bbox 3146 3971 3342 4027; x_wconf 77' lang='lat' dir='ltr'><strong>divina:</strong></span> <span class='ocrx_word' id='word_1_645' title='bbox 3360 3979 3572 4029; x_wconf 64' lang='lat' dir='ltr'><strong>natura:</strong></span> 
     </span>
    </p>
   </div>
   <div class='ocr_carea' id='block_1_81' title="bbox 1972 4058 3572 4131">
    <p class='ocr_par' dir='ltr' id='par_1_81' title="bbox 1972 4058 3572 4131">
     <span class='ocr_line' id='line_1_81' title="bbox 1972 4058 3572 4131; baseline 0.004 -17"><span class='ocrx_word' id='word_1_646' title='bbox 1972 4058 2327 4131; x_wconf 86' lang='lat' dir='ltr'><strong>intelligimus</strong></span> <span class='ocrx_word' id='word_1_647' title='bbox 2354 4073 2636 4115; x_wconf 84' lang='lat' dir='ltr'><strong>arcanum.</strong></span> <span class='ocrx_word' id='word_1_648' title='bbox 2669 4059 2913 4129; x_wconf 85' lang='lat' dir='ltr'><strong>Denique</strong></span> <span class='ocrx_word' id='word_1_649' title='bbox 2948 4061 3026 4115; x_wconf 90' lang='lat' dir='ltr'><strong>ita</strong></span> <span class='ocrx_word' id='word_1_650' title='bbox 3054 4062 3322 4131; x_wconf 85' lang='lat' dir='ltr'><strong>sapientia</strong></span> <span class='ocrx_word' id='word_1_651' title='bbox 3366 4078 3434 4118; x_wconf 82' lang='lat' dir='ltr'><strong>ex</strong></span> <span class='ocrx_word' id='word_1_652' title='bbox 3476 4079 3572 4120; x_wconf 85' lang='lat' dir='ltr'><strong>ore</strong></span> 
     </span>
    </p>
   </div>
   <div class='ocr_carea' id='block_1_82' title="bbox 1973 4149 3570 4226">
    <p class='ocr_par' dir='ltr' id='par_1_82' title="bbox 1973 4149 3570 4226">
     <span class='ocr_line' id='line_1_82' title="bbox 1973 4149 3570 4226; baseline 0.006 -22"><span class='ocrx_word' id='word_1_653' title='bbox 1973 4150 2237 4207; x_wconf 84' lang='lat' dir='ltr'><strong>Altissimi</strong></span> <span class='ocrx_word' id='word_1_654' title='bbox 2266 4150 2533 4221; x_wconf 88' lang='lat' dir='ltr'><strong>prodiisse</strong></span> <span class='ocrx_word' id='word_1_655' title='bbox 2561 4166 2620 4206; x_wconf 89' lang='lat' dir='ltr'><strong>se</strong></span> <span class='ocrx_word' id='word_1_656' title='bbox 2656 4151 2788 4207; x_wconf 89' lang='lat' dir='ltr'><strong>dicit</strong></span> <span class='ocrx_word' id='word_1_657' title='bbox 2834 4149 3006 4223; x_wconf 82' lang='lat' dir='ltr'><strong>(Eccl.</strong></span> <span class='ocrx_word' id='word_1_658' title='bbox 3036 4169 3190 4219; x_wconf 74' lang='lat' dir='ltr'><strong>xxiv,</strong></span> <span class='ocrx_word' id='word_1_659' title='bbox 3234 4153 3312 4226; x_wconf 84' lang='lat'><strong>5),</strong></span> <span class='ocrx_word' id='word_1_660' title='bbox 3355 4163 3416 4209; x_wconf 91' lang='lat' dir='ltr'><strong>ut</strong></span> <span class='ocrx_word' id='word_1_661' title='bbox 3460 4170 3570 4213; x_wconf 92' lang='lat' dir='ltr'><strong>non</strong></span> 
     </span>
    </p>
   </div>
   <div class='ocr_carea' id='block_1_83' title="bbox 1971 4240 3571 4312">
    <p class='ocr_par' dir='ltr' id='par_1_83' title="bbox 1971 4240 3571 4312">
     <span class='ocr_line' id='line_1_83' title="bbox 1971 4240 3571 4312; baseline 0.003 -15"><span class='ocrx_word' id='word_1_662' title='bbox 1971 4252 2127 4297; x_wconf 85' lang='lat' dir='ltr'><strong>extra</strong></span> <span class='ocrx_word' id='word_1_663' title='bbox 2154 4240 2369 4297; x_wconf 85' lang='lat' dir='ltr'><strong>Patrem</strong></span> <span class='ocrx_word' id='word_1_664' title='bbox 2400 4241 2491 4307; x_wconf 88' lang='lat' dir='ltr'><strong>sit,</strong></span> <span class='ocrx_word' id='word_1_665' title='bbox 2517 4242 2612 4297; x_wconf 87' lang='lat' dir='ltr'><strong>sed</strong></span> <span class='ocrx_word' id='word_1_666' title='bbox 2639 4242 2782 4312; x_wconf 90' lang='lat' dir='ltr'><strong>apud</strong></span> <span class='ocrx_word' id='word_1_667' title='bbox 2809 4241 3047 4308; x_wconf 88' lang='lat' dir='ltr'><strong>Patrem,</strong></span> <span class='ocrx_word' id='word_1_668' title='bbox 3073 4243 3201 4312; x_wconf 89' lang='lat' dir='ltr'><strong>quia</strong></span> <span class='ocrx_word' id='word_1_669' title='bbox 3225 4244 3436 4299; x_wconf 70' lang='lat' dir='ltr'><strong>verbum</strong></span> <span class='ocrx_word' id='word_1_670' title='bbox 3455 4256 3571 4301; x_wconf 82' lang='lat' dir='ltr'><strong>erat</strong></span> 
     </span>
    </p>
   </div>
   <div class='ocr_carea' id='block_1_84' title="bbox 1973 4331 3567 4405">
    <p class='ocr_par' dir='ltr' id='par_1_84' title="bbox 1973 4331 3567 4405">
     <span class='ocr_line' id='line_1_84' title="bbox 1973 4331 3567 4405; baseline 0.004 -18"><span class='ocrx_word' id='word_1_671' title='bbox 1973 4333 2116 4403; x_wconf 87' lang='lat' dir='ltr'><strong>apud</strong></span> <span class='ocrx_word' id='word_1_672' title='bbox 2152 4333 2320 4388; x_wconf 87' lang='lat' dir='ltr'><strong>Deum</strong></span> <span class='ocrx_word' id='word_1_673' title='bbox 2363 4331 2544 4405; x_wconf 83' lang='lat' dir='ltr'><strong>(Joan.</strong></span> <span class='ocrx_word' id='word_1_674' title='bbox 2591 4349 2631 4399; x_wconf 85' lang='grc' dir='ltr'><strong>ι,</strong></span> <span class='ocrx_word' id='word_1_675' title='bbox 2676 4332 2767 4404; x_wconf 87' lang='lat' dir='ltr'><strong>l):</strong></span> <span class='ocrx_word' id='word_1_676' title='bbox 2811 4349 2911 4389; x_wconf 90' lang='lat' dir='ltr'><strong>nec</strong></span> <span class='ocrx_word' id='word_1_677' title='bbox 2943 4333 3117 4389; x_wconf 89' lang='lat' dir='ltr'><strong>solum</strong></span> <span class='ocrx_word' id='word_1_678' title='bbox 3144 4335 3287 4405; x_wconf 90' lang='lat' dir='ltr'><strong>apud</strong></span> <span class='ocrx_word' id='word_1_679' title='bbox 3323 4335 3567 4405; x_wconf 87' lang='lat' dir='ltr'><strong>Patrem,</strong></span> 
     </span>
    </p>
   </div>
   <div class='ocr_carea' id='block_1_85' title="bbox 1973 4422 3570 4496">
    <p class='ocr_par' dir='ltr' id='par_1_85' title="bbox 1973 4422 3570 4496">
     <span class='ocr_line' id='line_1_85' title="bbox 1973 4422 3570 4496; baseline 0.003 -16"><span class='ocrx_word' id='word_1_680' title='bbox 1973 4424 2069 4480; x_wconf 91' lang='lat' dir='ltr'><strong>sed</strong></span> <span class='ocrx_word' id='word_1_681' title='bbox 2117 4424 2283 4478; x_wconf 88' lang='lat' dir='ltr'><strong>etiam</strong></span> <span class='ocrx_word' id='word_1_682' title='bbox 2329 4423 2383 4478; x_wconf 88' lang='lat' dir='ltr'><strong>in</strong></span> <span class='ocrx_word' id='word_1_683' title='bbox 2429 4422 2630 4491; x_wconf 86' lang='lat' dir='ltr'><strong>Patre;</strong></span> <span class='ocrx_word' id='word_1_684' title='bbox 2670 4423 2805 4480; x_wconf 88' lang='lat' dir='ltr'><strong>dicit</strong></span> <span class='ocrx_word' id='word_1_685' title='bbox 2851 4423 3037 4479; x_wconf 88' lang='lat' dir='ltr'><strong>enim:</strong></span> <span class='ocrx_word' id='word_1_686' title='bbox 3079 4423 3193 4496; x_wconf 84' lang='lat' dir='ltr'><strong>Ego</strong></span> <span class='ocrx_word' id='word_1_687' title='bbox 3227 4427 3282 4481; x_wconf 83' lang='lat' dir='ltr'><strong>in</strong></span> <span class='ocrx_word' id='word_1_688' title='bbox 3320 4426 3486 4483; x_wconf 83' lang='lat' dir='ltr'><strong>Patre</strong></span> <span class='ocrx_word' id='word_1_689' title='bbox 3519 4438 3570 4485; x_wconf 81' lang='lat' dir='ltr'><strong>st</strong></span> 
     </span>
    </p>
   </div>
   <div class='ocr_carea' id='block_1_86' title="bbox 1975 4512 3570 4589">
    <p class='ocr_par' dir='ltr' id='par_1_86' title="bbox 1975 4512 3570 4589">
     <span class='ocr_line' id='line_1_86' title="bbox 1975 4512 3570 4589; baseline 0.004 -20"><span class='ocrx_word' id='word_1_690' title='bbox 1975 4513 2141 4570; x_wconf 73' lang='lat' dir='ltr'><strong>Pater</strong></span> <span class='ocrx_word' id='word_1_691' title='bbox 2163 4517 2219 4569; x_wconf 76' lang='lat' dir='ltr'><strong>in</strong></span> <span class='ocrx_word' id='word_1_692' title='bbox 2247 4531 2330 4569; x_wconf 87' lang='lat' dir='ltr'><strong>me</strong></span> <span class='ocrx_word' id='word_1_693' title='bbox 2359 4512 2525 4587; x_wconf 85' lang='lat' dir='ltr'><strong>(Ibid.</strong></span> <span class='ocrx_word' id='word_1_694' title='bbox 2556 4530 2674 4581; x_wconf 77' lang='lat' dir='ltr'><strong>xiv,</strong></span> <span class='ocrx_word' id='word_1_695' title='bbox 2706 4513 2817 4589; x_wconf 84' lang='lat' dir='ltr'><strong>l0).</strong></span> <span class='ocrx_word' id='word_1_696' title='bbox 2845 4513 2951 4571; x_wconf 91' lang='lat' dir='ltr'><strong>Sed</strong></span> <span class='ocrx_word' id='word_1_697' title='bbox 2972 4532 3147 4588; x_wconf 87' lang='lat' dir='ltr'><strong>neque</strong></span> <span class='ocrx_word' id='word_1_698' title='bbox 3173 4532 3297 4573; x_wconf 90' lang='lat' dir='ltr'><strong>cum</strong></span> <span class='ocrx_word' id='word_1_699' title='bbox 3320 4518 3387 4574; x_wconf 89' lang='lat' dir='ltr'><strong>de</strong></span> <span class='ocrx_word' id='word_1_700' title='bbox 3405 4518 3570 4577; x_wconf 84' lang='lat' dir='ltr'><strong>Patre</strong></span> 
     </span>
    </p>
   </div>
   <div class='ocr_carea' id='block_1_87' title="bbox 1970 4606 3570 4682">
    <p class='ocr_par' dir='ltr' id='par_1_87' title="bbox 1970 4606 3570 4682">
     <span class='ocr_line' id='line_1_87' title="bbox 1970 4606 3570 4682; baseline 0.003 -18"><span class='ocrx_word' id='word_1_701' title='bbox 1970 4608 2107 4673; x_wconf 86' lang='lat' dir='ltr'><strong>exit,</strong></span> <span class='ocrx_word' id='word_1_702' title='bbox 2138 4607 2204 4663; x_wconf 88' lang='lat' dir='ltr'><strong>de</strong></span> <span class='ocrx_word' id='word_1_703' title='bbox 2225 4606 2345 4662; x_wconf 90' lang='lat' dir='ltr'><strong>loco</strong></span> <span class='ocrx_word' id='word_1_704' title='bbox 2368 4606 2591 4673; x_wconf 86' lang='lat' dir='ltr'><strong>recedit,</strong></span> <span class='ocrx_word' id='word_1_705' title='bbox 2613 4613 2671 4662; x_wconf 90' lang='lat' dir='ltr'><strong>et</strong></span> <span class='ocrx_word' id='word_1_706' title='bbox 2695 4606 2851 4678; x_wconf 87' lang='lat' dir='ltr'><strong>quasi</strong></span> <span class='ocrx_word' id='word_1_707' title='bbox 2881 4622 3077 4679; x_wconf 90' lang='lat' dir='ltr'><strong>corpus</strong></span> <span class='ocrx_word' id='word_1_708' title='bbox 3109 4624 3141 4665; x_wconf 86' lang='lat' dir='ltr'><strong>a</strong></span> <span class='ocrx_word' id='word_1_709' title='bbox 3162 4622 3393 4680; x_wconf 86' lang='lat' dir='ltr'><strong>corpore</strong></span> <span class='ocrx_word' id='word_1_710' title='bbox 3412 4626 3570 4682; x_wconf 84' lang='lat' dir='ltr'><strong>sepa-</strong></span> 
     </span>
    </p>
   </div>
   <div class='ocr_carea' id='block_1_88' title="bbox 1974 4697 3569 4773">
    <p class='ocr_par' dir='ltr' id='par_1_88' title="bbox 1974 4697 3569 4773">
     <span class='ocr_line' id='line_1_88' title="bbox 1974 4697 3569 4773; baseline 0.004 -20"><span class='ocrx_word' id='word_1_711' title='bbox 1974 4706 2158 4754; x_wconf 90' lang='lat' dir='ltr'><strong>ratur:</strong></span> <span class='ocrx_word' id='word_1_712' title='bbox 2185 4713 2363 4770; x_wconf 89' lang='lat' dir='ltr'><strong>neque</strong></span> <span class='ocrx_word' id='word_1_713' title='bbox 2383 4713 2508 4753; x_wconf 91' lang='lat' dir='ltr'><strong>cum</strong></span> <span class='ocrx_word' id='word_1_714' title='bbox 2540 4699 2592 4753; x_wconf 91' lang='lat' dir='ltr'><strong>in</strong></span> <span class='ocrx_word' id='word_1_715' title='bbox 2629 4697 2793 4755; x_wconf 90' lang='lat' dir='ltr'><strong>Patre</strong></span> <span class='ocrx_word' id='word_1_716' title='bbox 2816 4707 2920 4766; x_wconf 89' lang='lat' dir='ltr'><strong>est,</strong></span> <span class='ocrx_word' id='word_1_717' title='bbox 2945 4702 3101 4771; x_wconf 89' lang='lat' dir='ltr'><strong>quasi</strong></span> <span class='ocrx_word' id='word_1_718' title='bbox 3126 4702 3178 4756; x_wconf 91' lang='lat' dir='ltr'><strong>in</strong></span> <span class='ocrx_word' id='word_1_719' title='bbox 3201 4717 3428 4773; x_wconf 89' lang='lat' dir='ltr'><strong>corpore</strong></span> <span class='ocrx_word' id='word_1_720' title='bbox 3448 4712 3569 4758; x_wconf 87' lang='lat' dir='ltr'><strong>tan-</strong></span> 
     </span>
    </p>
   </div>
   <div class='ocr_carea' id='block_1_89' title="bbox 266 4782 3570 4863">
    <p class='ocr_par' dir='ltr' id='par_1_89' title="bbox 266 4782 3570 4863">
     <span class='ocr_line' id='line_1_89' title="bbox 266 4782 3570 4863; baseline 0.003 -22"><span class='ocrx_word' id='word_1_721' title='bbox 266 4787 435 4843; x_wconf 88' lang='lat' dir='ltr'><strong>Patre</strong></span> <span class='ocrx_word' id='word_1_722' title='bbox 458 4788 577 4845; x_wconf 85' lang='lat' dir='ltr'><strong>solo</strong></span> <span class='ocrx_word' id='word_1_723' title='bbox 606 4797 715 4855; x_wconf 87' lang='lat' dir='ltr'><strong>est,</strong></span> <span class='ocrx_word' id='word_1_724' title='bbox 741 4804 851 4845; x_wconf 89' lang='lat' dir='ltr'><strong>non</strong></span> <span class='ocrx_word' id='word_1_725' title='bbox 874 4788 1076 4856; x_wconf 81' lang='lat' dir='ltr'><strong>factus,</strong></span> <span class='ocrx_word' id='word_1_726' title='bbox 1118 4804 1219 4846; x_wconf 89' lang='lat' dir='ltr'><strong>nec</strong></span> <span class='ocrx_word' id='word_1_727' title='bbox 1241 4799 1475 4856; x_wconf 89' lang='lat' dir='ltr'><strong>creatus,</strong></span> <span class='ocrx_word' id='word_1_728' title='bbox 1509 4791 1605 4846; x_wconf 90' lang='lat' dir='ltr'><strong>sed</strong></span> <span class='ocrx_word' id='word_1_729' title='bbox 1632 4792 1867 4861; x_wconf 89' lang='lat' dir='ltr'><strong>genitus.</strong></span> <span class='ocrx_word' id='word_1_730' title='bbox 1897 4782 1948 4844; x_wconf 86' lang='grc' dir='ltr'><strong>ι)</strong></span> <span class='ocrx_word' id='word_1_731' title='bbox 1974 4802 2138 4858; x_wconf 87' lang='lat' dir='ltr'><strong>quam</strong></span> <span class='ocrx_word' id='word_1_732' title='bbox 2186 4804 2386 4860; x_wconf 90' lang='lat' dir='ltr'><strong>corpus</strong></span> <span class='ocrx_word' id='word_1_733' title='bbox 2431 4787 2742 4845; x_wconf 87' lang='lat' dir='ltr'><strong>includitur.</strong></span> <span class='ocrx_word' id='word_1_734' title='bbox 2794 4789 3033 4861; x_wconf 87' lang='lat' dir='ltr'><strong>Spiritus</strong></span> <span class='ocrx_word' id='word_1_735' title='bbox 3082 4807 3298 4863; x_wconf 89' lang='lat' dir='ltr'><strong>quoque</strong></span> <span class='ocrx_word' id='word_1_736' title='bbox 3348 4802 3570 4854; x_wconf 84' lang='lat' dir='ltr'><strong>sanctus</strong></span> 
     </span>
    </p>
   </div>
   <div class='ocr_carea' id='block_1_90' title="bbox 269 4879 1872 4954">
    <p class='ocr_par' dir='ltr' id='par_1_90' title="bbox 269 4879 1872 4954">
     <span class='ocr_line' id='line_1_90' title="bbox 269 4879 1872 4954; baseline 0.002 -18"><span class='ocrx_word' id='word_1_737' title='bbox 269 4879 511 4954; x_wconf 86' lang='lat' dir='ltr'><strong>Spiritus</strong></span> <span class='ocrx_word' id='word_1_738' title='bbox 537 4890 764 4938; x_wconf 88' lang='lat' dir='ltr'><strong>sanctus</strong></span> <span class='ocrx_word' id='word_1_739' title='bbox 802 4897 832 4936; x_wconf 94' lang='lat' dir='ltr'><strong>a</strong></span> <span class='ocrx_word' id='word_1_740' title='bbox 870 4880 1034 4938; x_wconf 87' lang='lat' dir='ltr'><strong>Patre</strong></span> <span class='ocrx_word' id='word_1_741' title='bbox 1062 4892 1117 4938; x_wconf 91' lang='lat' dir='ltr'><strong>et</strong></span> <span class='ocrx_word' id='word_1_742' title='bbox 1153 4881 1315 4949; x_wconf 90' lang='lat' dir='ltr'><strong>Filio,</strong></span> <span class='ocrx_word' id='word_1_743' title='bbox 1362 4897 1472 4939; x_wconf 91' lang='lat' dir='ltr'><strong>non</strong></span> <span class='ocrx_word' id='word_1_744' title='bbox 1514 4882 1723 4949; x_wconf 82' lang='lat' dir='ltr'><strong>factus,</strong></span> <span class='ocrx_word' id='word_1_745' title='bbox 1769 4898 1872 4940; x_wconf 85' lang='lat' dir='ltr'><strong>nec</strong></span> 
     </span>
    </p>
   </div>
   <div class='ocr_carea' id='block_1_91' title="bbox 265 4974 1507 5047">
    <p class='ocr_par' dir='ltr' id='par_1_91' title="bbox 265 4974 1507 5047">
     <span class='ocr_line' id='line_1_91' title="bbox 265 4974 1507 5047; baseline -0.001 -15"><span class='ocrx_word' id='word_1_746' title='bbox 265 4984 510 5041; x_wconf 87' lang='lat' dir='ltr'><strong>creatus,</strong></span> <span class='ocrx_word' id='word_1_747' title='bbox 543 4990 645 5032; x_wconf 87' lang='lat' dir='ltr'><strong>nec</strong></span> <span class='ocrx_word' id='word_1_748' title='bbox 666 4976 901 5047; x_wconf 85' lang='lat' dir='ltr'><strong>genitus,</strong></span> <span class='ocrx_word' id='word_1_749' title='bbox 941 4976 1035 5032; x_wconf 88' lang='lat' dir='ltr'><strong>sed</strong></span> <span class='ocrx_word' id='word_1_750' title='bbox 1059 4976 1362 5047; x_wconf 87' lang='lat' dir='ltr'><strong>procedens</strong></span> <span class='ocrx_word' id='word_1_751' title='bbox 1394 4974 1445 5031; x_wconf 67' lang='grc' dir='ltr'><strong>δ.</strong></span> <span class='ocrx_word' id='word_1_752' title='bbox 1486 4995 1507 5031; x_wconf 80' lang='grc' dir='ltr'><strong>ι</strong></span> 
     </span>
    </p>
   </div>
   <div class='ocr_carea' id='block_1_92' title="bbox 342 5066 1871 5138">
    <p class='ocr_par' dir='ltr' id='par_1_92' title="bbox 342 5066 1871 5138">
     <span class='ocr_line' id='line_1_92' title="bbox 342 5066 1871 5138; baseline 0.003 -16"><span class='ocrx_word' id='word_1_753' title='bbox 342 5067 581 5124; x_wconf 87' lang='lat' dir='ltr'><strong>Sanctus</strong></span> <span class='ocrx_word' id='word_1_754' title='bbox 618 5082 835 5138; x_wconf 84' lang='lat' dir='ltr'><strong>quoque</strong></span> <span class='ocrx_word' id='word_1_755' title='bbox 863 5066 1099 5123; x_wconf 78' lang='lat' dir='ltr'><strong>Hilarius</strong></span> <span class='ocrx_word' id='word_1_756' title='bbox 1142 5068 1428 5138; x_wconf 87' lang='lat' dir='ltr'><strong>episcopus</strong></span> <span class='ocrx_word' id='word_1_757' title='bbox 1447 5110 1462 5135; x_wconf 92' lang='lat'><strong>,</strong></span> <span class='ocrx_word' id='word_1_758' title='bbox 1491 5068 1578 5125; x_wconf 87' lang='lat' dir='ltr'><strong>vir</strong></span> <span class='ocrx_word' id='word_1_759' title='bbox 1604 5069 1658 5125; x_wconf 84' lang='lat' dir='ltr'><strong>in</strong></span> <span class='ocrx_word' id='word_1_760' title='bbox 1689 5069 1871 5126; x_wconf 88' lang='lat' dir='ltr'><strong>divino</strong></span> 
     </span>
    </p>
   </div>
   <div class='ocr_carea' id='block_1_93' title="bbox 266 5157 1872 5231">
    <p class='ocr_par' dir='ltr' id='par_1_93' title="bbox 266 5157 1872 5231">
     <span class='ocr_line' id='line_1_93' title="bbox 266 5157 1872 5231; baseline 0.001 -17"><span class='ocrx_word' id='word_1_761' title='bbox 266 5158 421 5214; x_wconf 87' lang='lat' dir='ltr'><strong>cultu</strong></span> <span class='ocrx_word' id='word_1_762' title='bbox 445 5158 764 5229; x_wconf 57' lang='lat' dir='ltr'><strong>praeclarus,</strong></span> <span class='ocrx_word' id='word_1_763' title='bbox 786 5158 942 5229; x_wconf 82' lang='lat' dir='ltr'><strong>cujus</strong></span> <span class='ocrx_word' id='word_1_764' title='bbox 970 5159 1348 5215; x_wconf 84' lang='lat' dir='ltr'><strong>auctoritatem</strong></span> <span class='ocrx_word' id='word_1_765' title='bbox 1374 5173 1512 5231; x_wconf 88' lang='lat' dir='ltr'><strong>papa</strong></span> <span class='ocrx_word' id='word_1_766' title='bbox 1541 5157 1789 5216; x_wconf 84' lang='lat' dir='ltr'><strong>Gelasius</strong></span> <span class='ocrx_word' id='word_1_767' title='bbox 1814 5161 1872 5217; x_wconf 86' lang='lat' dir='ltr'><strong>in</strong></span> 
     </span>
    </p>
   </div>
   <div class='ocr_carea' id='block_1_94' title="bbox 267 5247 1870 5324">
    <p class='ocr_par' dir='ltr' id='par_1_94' title="bbox 267 5247 1870 5324">
     <span class='ocr_line' id='line_1_94' title="bbox 267 5247 1870 5324; baseline 0 -18"><span class='ocrx_word' id='word_1_768' title='bbox 267 5250 534 5324; x_wconf 68' lang='lat' dir='ltr'><strong>przedicta</strong></span> <span class='ocrx_word' id='word_1_769' title='bbox 571 5247 833 5306; x_wconf 86' lang='lat' dir='ltr'><strong>decretali</strong></span> <span class='ocrx_word' id='word_1_770' title='bbox 871 5248 1127 5319; x_wconf 86' lang='lat' dir='ltr'><strong>epistola,</strong></span> <span class='ocrx_word' id='word_1_771' title='bbox 1171 5257 1229 5305; x_wconf 89' lang='lat' dir='ltr'><strong>et</strong></span> <span class='ocrx_word' id='word_1_772' title='bbox 1271 5248 1870 5321; x_wconf 86' lang='lat' dir='ltr'><strong>Constantinopolitana</strong></span> 
     </span>
    </p>
   </div>
   <div class='ocr_carea' id='block_1_95' title="bbox 270 5339 1868 5414">
    <p class='ocr_par' dir='ltr' id='par_1_95' title="bbox 270 5339 1868 5414">
     <span class='ocr_line' id='line_1_95' title="bbox 270 5339 1868 5414; baseline -0.001 -15"><span class='ocrx_word' id='word_1_773' title='bbox 270 5341 514 5414; x_wconf 80' lang='lat' dir='ltr'><strong>synodus</strong></span> <span class='ocrx_word' id='word_1_774' title='bbox 542 5356 574 5397; x_wconf 87' lang='lat' dir='ltr'><strong>a</strong></span> <span class='ocrx_word' id='word_1_775' title='bbox 603 5339 871 5397; x_wconf 89' lang='lat' dir='ltr'><strong>catholica</strong></span> <span class='ocrx_word' id='word_1_776' title='bbox 895 5340 1137 5398; x_wconf 86' lang='lat' dir='ltr'><strong>Ecclesia</strong></span> <span class='ocrx_word' id='word_1_777' title='bbox 1164 5340 1563 5411; x_wconf 85' lang='lat' dir='ltr'><strong>suscipiendam</strong></span> <span class='ocrx_word' id='word_1_778' title='bbox 1590 5356 1714 5398; x_wconf 86' lang='lat' dir='ltr'><strong>esse</strong></span> <span class='ocrx_word' id='word_1_779' title='bbox 1735 5357 1868 5399; x_wconf 89' lang='lat' dir='ltr'><strong>con-</strong></span> 
     </span>
    </p>
   </div>
   <div class='ocr_carea' id='block_1_96' title="bbox 274 5432 1871 5504">
    <p class='ocr_par' dir='ltr' id='par_1_96' title="bbox 274 5432 1871 5504">
     <span class='ocr_line' id='line_1_96' title="bbox 274 5432 1871 5504; baseline 0.001 -12"><span class='ocrx_word' id='word_1_780' title='bbox 274 5437 481 5498; x_wconf 86' lang='lat' dir='ltr'><strong>ﬁrmat,</strong></span> <span class='ocrx_word' id='word_1_781' title='bbox 504 5432 770 5504; x_wconf 87' lang='lat' dir='ltr'><strong>Spiritum</strong></span> <span class='ocrx_word' id='word_1_782' title='bbox 796 5442 1043 5490; x_wconf 88' lang='lat' dir='ltr'><strong>sanctum</strong></span> <span class='ocrx_word' id='word_1_783' title='bbox 1071 5448 1103 5487; x_wconf 90' lang='lat' dir='ltr'><strong>a</strong></span> <span class='ocrx_word' id='word_1_784' title='bbox 1130 5432 1269 5488; x_wconf 85' lang='lat' dir='ltr'><strong>Filio</strong></span> <span class='ocrx_word' id='word_1_785' title='bbox 1294 5435 1618 5504; x_wconf 90' lang='lat' dir='ltr'><strong>procedere,</strong></span> <span class='ocrx_word' id='word_1_786' title='bbox 1650 5434 1705 5491; x_wconf 91' lang='lat' dir='ltr'><strong>in</strong></span> <span class='ocrx_word' id='word_1_787' title='bbox 1730 5434 1871 5493; x_wconf 89' lang='lat' dir='ltr'><strong>libro</strong></span> 
     </span>
    </p>
   </div>
   <div class='ocr_carea' id='block_1_97' title="bbox 272 5523 1865 5600">
    <p class='ocr_par' dir='ltr' id='par_1_97' title="bbox 272 5523 1865 5600">
     <span class='ocr_line' id='line_1_97' title="bbox 272 5523 1865 5600; baseline 0.004 -22"><span class='ocrx_word' id='word_1_788' title='bbox 272 5536 377 5581; x_wconf 79' lang='lat' dir='ltr'><strong>vm</strong></span> <span class='ocrx_word' id='word_1_789' title='bbox 419 5524 488 5580; x_wconf 90' lang='lat' dir='ltr'><strong>de</strong></span> <span class='ocrx_word' id='word_1_790' title='bbox 530 5523 1077 5589; x_wconf 79' lang='lat' dir='ltr'><strong>Trinitale,testatur</strong></span> <span class='ocrx_word' id='word_1_791' title='bbox 1122 5524 1206 5581; x_wconf 89' lang='lat' dir='ltr'><strong>his</strong></span> <span class='ocrx_word' id='word_1_792' title='bbox 1249 5524 1430 5582; x_wconf 81' lang='lat' dir='ltr'><strong>verbis</strong></span> <span class='ocrx_word' id='word_1_793' title='bbox 1477 5525 1676 5597; x_wconf 82' lang='lat' dir='ltr'><strong>(Nam.</strong></span> <span class='ocrx_word' id='word_1_794' title='bbox 1724 5528 1865 5600; x_wconf 75' lang='lat'><strong>20):</strong></span> 
     </span>
    </p>
   </div>
   <div class='ocr_carea' id='block_1_98' title="bbox 284 5616 1872 5689">
    <p class='ocr_par' dir='ltr' id='par_1_98' title="bbox 284 5616 1872 5689">
     <span class='ocr_line' id='line_1_98' title="bbox 284 5616 1872 5689; baseline 0.004 -19"><span class='ocrx_word' id='word_1_795' title='bbox 284 5636 305 5670; x_wconf 79' lang='grc' dir='ltr'><strong>ι</strong></span> <span class='ocrx_word' id='word_1_796' title='bbox 336 5616 572 5686; x_wconf 83' lang='lat' dir='ltr'><strong>Spiritus</strong></span> <span class='ocrx_word' id='word_1_797' title='bbox 601 5627 819 5673; x_wconf 84' lang='lat' dir='ltr'><strong>sanctus</strong></span> <span class='ocrx_word' id='word_1_798' title='bbox 847 5631 877 5671; x_wconf 86' lang='lat' dir='ltr'><strong>a</strong></span> <span class='ocrx_word' id='word_1_799' title='bbox 903 5616 1040 5671; x_wconf 85' lang='lat' dir='ltr'><strong>Filio</strong></span> <span class='ocrx_word' id='word_1_800' title='bbox 1072 5617 1290 5686; x_wconf 68' lang='lat' dir='ltr'><strong>accipit,</strong></span> <span class='ocrx_word' id='word_1_801' title='bbox 1316 5619 1407 5689; x_wconf 86' lang='lat' dir='ltr'><strong>qui</strong></span> <span class='ocrx_word' id='word_1_802' title='bbox 1448 5620 1588 5672; x_wconf 89' lang='lat' dir='ltr'><strong>etab</strong></span> <span class='ocrx_word' id='word_1_803' title='bbox 1610 5634 1677 5674; x_wconf 89' lang='lat' dir='ltr'><strong>eo</strong></span> <span class='ocrx_word' id='word_1_804' title='bbox 1705 5621 1872 5677; x_wconf 90' lang='lat' dir='ltr'><strong>mitti-</strong></span> 
     </span>
    </p>
   </div>
   <div class='ocr_carea' id='block_1_99' title="bbox 279 5709 1874 5783">
    <p class='ocr_par' dir='ltr' id='par_1_99' title="bbox 279 5709 1874 5783">
     <span class='ocr_line' id='line_1_99' title="bbox 279 5709 1874 5783; baseline 0.001 -18"><span class='ocrx_word' id='word_1_805' title='bbox 279 5719 393 5774; x_wconf 88' lang='lat' dir='ltr'><strong>tur,</strong></span> <span class='ocrx_word' id='word_1_806' title='bbox 423 5718 479 5764; x_wconf 88' lang='lat' dir='ltr'><strong>et</strong></span> <span class='ocrx_word' id='word_1_807' title='bbox 499 5725 527 5763; x_wconf 88' lang='lat' dir='ltr'><strong>a</strong></span> <span class='ocrx_word' id='word_1_808' title='bbox 557 5710 715 5764; x_wconf 88' lang='lat' dir='ltr'><strong>Patre</strong></span> <span class='ocrx_word' id='word_1_809' title='bbox 740 5710 1002 5779; x_wconf 83' lang='lat' dir='ltr'><strong>procedit.</strong></span> <span class='ocrx_word' id='word_1_810' title='bbox 1030 5709 1096 5764; x_wconf 84' lang='lat' dir='ltr'><strong>Et</strong></span> <span class='ocrx_word' id='word_1_811' title='bbox 1120 5709 1395 5783; x_wconf 86' lang='lat' dir='ltr'><strong>interrogo</strong></span> <span class='ocrx_word' id='word_1_812' title='bbox 1439 5720 1617 5766; x_wconf 90' lang='lat' dir='ltr'><strong>utrum</strong></span> <span class='ocrx_word' id='word_1_813' title='bbox 1639 5712 1874 5783; x_wconf 87' lang='lat' dir='ltr'><strong>idipsum</strong></span> 
     </span>
    </p>
   </div>
   <div class='ocr_carea' id='block_1_100' title="bbox 411 5816 1659 5894">
    <p class='ocr_par' dir='ltr' id='par_1_100' title="bbox 411 5816 1659 5894">
     <span class='ocr_line' id='line_1_100' title="bbox 411 5816 1659 5894; baseline 0.003 -21"><span class='ocrx_word' id='word_1_814' title='bbox 411 5820 661 5894; x_wconf 66' lang='lat' dir='ltr'><strong>(lclasitts</strong></span> <span class='ocrx_word' id='word_1_815' title='bbox 691 5835 855 5891; x_wconf 87' lang='lat' dir='ltr'><strong>papa,</strong></span> <span class='ocrx_word' id='word_1_816' title='bbox 885 5828 1014 5874; x_wconf 87' lang='lat' dir='ltr'><strong>tom.</strong></span> <span class='ocrx_word' id='word_1_817' title='bbox 1045 5819 1089 5894; x_wconf 62' lang='grc' dir='ltr'><strong><em>Υ</em></strong></span> <span class='ocrx_word' id='word_1_818' title='bbox 1118 5816 1502 5894; x_wconf 88' lang='lat' dir='ltr'><strong>_Concil.,_pag.</strong></span> <span class='ocrx_word' id='word_1_819' title='bbox 1534 5822 1659 5879; x_wconf 79' lang='lat'><strong>387.</strong></span> 
     </span>
    </p>
   </div>
   <div class='ocr_carea' id='block_1_101' title="bbox 356 5889 1875 5960">
    <p class='ocr_par' dir='ltr' id='par_1_101' title="bbox 356 5889 1875 5960">
     <span class='ocr_line' id='line_1_101' title="bbox 356 5889 1875 5960; baseline 0.003 -16"><span class='ocrx_word' id='word_1_820' title='bbox 356 5890 388 5929; x_wconf 70' lang='grc' dir='ltr'>δ</span> <span class='ocrx_word' id='word_1_821' title='bbox 417 5889 730 5960; x_wconf 80' lang='lat' dir='ltr'><strong>Symbolum</strong></span> <span class='ocrx_word' id='word_1_822' title='bbox 768 5903 921 5957; x_wconf 82' lang='lat' dir='ltr'><strong>ergo,</strong></span> <span class='ocrx_word' id='word_1_823' title='bbox 954 5889 1094 5945; x_wconf 85' lang='lat' dir='ltr'><strong>unde</strong></span> <span class='ocrx_word' id='word_1_824' title='bbox 1124 5891 1240 5947; x_wconf 55' lang='lat' dir='ltr'><strong>haec</strong></span> <span class='ocrx_word' id='word_1_825' title='bbox 1266 5889 1428 5948; x_wconf 77' lang='lat' dir='ltr'><strong>verba</strong></span> <span class='ocrx_word' id='word_1_826' title='bbox 1456 5889 1725 5959; x_wconf 82' lang='lat' dir='ltr'><strong>citantur,</strong></span> <span class='ocrx_word' id='word_1_827' title='bbox 1750 5908 1875 5949; x_wconf 84' lang='lat' dir='ltr'><strong>san-</strong></span> 
     </span>
    </p>
   </div>
   <div class='ocr_carea' id='block_1_102' title="bbox 281 5959 1871 6026">
    <p class='ocr_par' dir='ltr' id='par_1_102' title="bbox 281 5959 1871 6026">
     <span class='ocr_line' id='line_1_102' title="bbox 281 5959 1871 6026; baseline 0.002 -10"><span class='ocrx_word' id='word_1_828' title='bbox 281 5968 431 6016; x_wconf 81' lang='lat' dir='ltr'><strong>ctum</strong></span> <span class='ocrx_word' id='word_1_829' title='bbox 451 5959 807 6022; x_wconf 77' lang='lat' dir='ltr'><strong>Athanasium</strong></span> <span class='ocrx_word' id='word_1_830' title='bbox 829 5961 1029 6015; x_wconf 73' lang='lat' dir='ltr'><strong>habere</strong></span> <span class='ocrx_word' id='word_1_831' title='bbox 1049 5968 1326 6019; x_wconf 80' lang='lat' dir='ltr'><strong>auctorem</strong></span> <span class='ocrx_word' id='word_1_832' title='bbox 1348 5961 1607 6026; x_wconf 57' lang='lat' dir='ltr'><strong>“minus</strong></span> <span class='ocrx_word' id='word_1_833' title='bbox 1624 5963 1871 6026; x_wconf 77' lang='lat' dir='ltr'><strong>credidit,</strong></span> 
     </span>
    </p>
   </div>
   <div class='ocr_carea' id='block_1_103' title="bbox 285 6030 1274 6093">
    <p class='ocr_par' dir='ltr' id='par_1_103' title="bbox 285 6030 1274 6093">
     <span class='ocr_line' id='line_1_103' title="bbox 285 6030 1274 6093; baseline 0.001 -7"><span class='ocrx_word' id='word_1_834' title='bbox 285 6031 562 6088; x_wconf 71' lang='lat' dir='ltr'><strong>nuxlernis</strong></span> <span class='ocrx_word' id='word_1_835' title='bbox 586 6030 795 6087; x_wconf 77' lang='lat' dir='ltr'><strong>criticis</strong></span> <span class='ocrx_word' id='word_1_836' title='bbox 814 6030 1274 6093; x_wconf 77' lang='lat' dir='ltr'><strong>dissentientibus.</strong></span> 
     </span>
    </p>
   </div>
   <div class='ocr_carea' id='block_1_104' title="bbox 648 6121 1066 6188">
    <p class='ocr_par' dir='ltr' id='par_1_104' title="bbox 648 6121 1066 6188">
     <span class='ocr_line' id='line_1_104' title="bbox 648 6121 1066 6188; baseline 0.002 -3"><span class='ocrx_word' id='word_1_837' title='bbox 648 6124 902 6188; x_wconf 68' lang='grc' dir='ltr'><strong>Ριτιιοι</strong></span> <span class='ocrx_word' id='word_1_838' title='bbox 965 6121 1066 6187; x_wconf 85' lang='lat' dir='ltr'><strong>Cl.</strong></span> 
     </span>
    </p>
   </div>
   <div class='ocr_carea' id='block_1_105' title="bbox 1973 4880 3566 4958">
    <p class='ocr_par' dir='ltr' id='par_1_105' title="bbox 1973 4880 3566 4958">
     <span class='ocr_line' id='line_1_105' title="bbox 1973 4880 3566 4958; baseline 0.006 -22"><span class='ocrx_word' id='word_1_839' title='bbox 1973 4897 2099 4936; x_wconf 91' lang='lat' dir='ltr'><strong>cum</strong></span> <span class='ocrx_word' id='word_1_840' title='bbox 2119 4881 2363 4951; x_wconf 85' lang='lat' dir='ltr'><strong>procedit</strong></span> <span class='ocrx_word' id='word_1_841' title='bbox 2385 4896 2415 4936; x_wconf 88' lang='lat' dir='ltr'><strong>a</strong></span> <span class='ocrx_word' id='word_1_842' title='bbox 2442 4880 2605 4937; x_wconf 87' lang='lat' dir='ltr'><strong>Patre</strong></span> <span class='ocrx_word' id='word_1_843' title='bbox 2630 4890 2683 4938; x_wconf 92' lang='lat' dir='ltr'><strong>et</strong></span> <span class='ocrx_word' id='word_1_844' title='bbox 2712 4881 2871 4951; x_wconf 86' lang='lat' dir='ltr'><strong>Filio,</strong></span> <span class='ocrx_word' id='word_1_845' title='bbox 2893 4900 3000 4939; x_wconf 93' lang='lat' dir='ltr'><strong>non</strong></span> <span class='ocrx_word' id='word_1_846' title='bbox 3021 4895 3307 4954; x_wconf 84' lang='lat' dir='ltr'><strong>separatur</strong></span> <span class='ocrx_word' id='word_1_847' title='bbox 3326 4901 3355 4941; x_wconf 92' lang='lat' dir='ltr'><strong>a</strong></span> <span class='ocrx_word' id='word_1_848' title='bbox 3380 4886 3566 4958; x_wconf 83' lang='lat' dir='ltr'><strong>Patre,</strong></span> 
     </span>
    </p>
   </div>
   <div class='ocr_carea' id='block_1_106' title="bbox 1972 4958 3566 5044">
    <p class='ocr_par' dir='ltr' id='par_1_106' title="bbox 1972 4958 3566 5044">
     <span class='ocr_line' id='line_1_106' title="bbox 1972 4958 3566 5044; baseline 0.008 -19"><span class='ocrx_word' id='word_1_849' title='bbox 1972 4985 2081 5027; x_wconf 90' lang='lat' dir='ltr'><strong>non</strong></span> <span class='ocrx_word' id='word_1_850' title='bbox 2120 4980 2407 5042; x_wconf 88' lang='lat' dir='ltr'><strong>separatur</strong></span> <span class='ocrx_word' id='word_1_851' title='bbox 2427 4958 2598 5044; x_wconf 67' lang='lat'><strong>‘75],</strong></span> <span class='ocrx_word' id='word_1_852' title='bbox 2643 4988 2675 5028; x_wconf 88' lang='lat' dir='ltr'><strong>a</strong></span> <span class='ocrx_word' id='word_1_853' title='bbox 2714 4973 2872 5030; x_wconf 84' lang='lat' dir='ltr'><strong>Filio.</strong></span> <span class='ocrx_word' id='word_1_854' title='bbox 2916 4974 3382 5042; x_wconf 86' lang='lat' dir='ltr'><strong>Quemadmodum</strong></span> <span class='ocrx_word' id='word_1_855' title='bbox 3421 4981 3566 5037; x_wconf 88' lang='lat' dir='ltr'><strong>enim</strong></span> 
     </span>
    </p>
   </div>
   <div class='ocr_carea' id='block_1_107' title="bbox 1971 5065 3568 5142">
    <p class='ocr_par' dir='ltr' id='par_1_107' title="bbox 1971 5065 3568 5142">
     <span class='ocr_line' id='line_1_107' title="bbox 1971 5065 3568 5142; baseline 0.006 -22"><span class='ocrx_word' id='word_1_856' title='bbox 1971 5066 2216 5136; x_wconf 89' lang='lat' dir='ltr'><strong>separari</strong></span> <span class='ocrx_word' id='word_1_857' title='bbox 2250 5072 2430 5135; x_wconf 89' lang='lat' dir='ltr'><strong>potest</strong></span> <span class='ocrx_word' id='word_1_858' title='bbox 2465 5080 2496 5120; x_wconf 89' lang='lat' dir='ltr'><strong>a</strong></span> <span class='ocrx_word' id='word_1_859' title='bbox 2536 5065 2730 5130; x_wconf 88' lang='lat' dir='ltr'><strong>Patre,</strong></span> <span class='ocrx_word' id='word_1_860' title='bbox 2776 5066 2871 5136; x_wconf 90' lang='lat' dir='ltr'><strong>qui</strong></span> <span class='ocrx_word' id='word_1_861' title='bbox 2914 5067 3136 5137; x_wconf 88' lang='lat' dir='ltr'><strong>spiritus</strong></span> <span class='ocrx_word' id='word_1_862' title='bbox 3172 5070 3286 5125; x_wconf 89' lang='lat' dir='ltr'><strong>oris</strong></span> <span class='ocrx_word' id='word_1_863' title='bbox 3323 5070 3441 5142; x_wconf 80' lang='lat' dir='ltr'><strong>ejus</strong></span> <span class='ocrx_word' id='word_1_864' title='bbox 3482 5080 3568 5130; x_wconf 87' lang='lat' dir='ltr'><strong>est</strong></span> 
     </span>
    </p>
   </div>
   <div class='ocr_carea' id='block_1_108' title="bbox 1973 5155 3565 5232">
    <p class='ocr_par' dir='ltr' id='par_1_108' title="bbox 1973 5155 3565 5232">
     <span class='ocr_line' id='line_1_108' title="bbox 1973 5155 3565 5232; baseline 0.005 -21"><span class='ocrx_word' id='word_1_865' title='bbox 1973 5155 2146 5230; x_wconf 78' lang='lat' dir='ltr'><strong>(Psat.</strong></span> <span class='ocrx_word' id='word_1_866' title='bbox 2177 5174 2331 5214; x_wconf 82' lang='lat' dir='ltr'><strong>xxxu</strong></span> <span class='ocrx_word' id='word_1_867' title='bbox 2353 5198 2368 5225; x_wconf 94' lang='lat'><strong>,</strong></span> <span class='ocrx_word' id='word_1_868' title='bbox 2398 5156 2478 5230; x_wconf 85' lang='lat'><strong>6),</strong></span> <span class='ocrx_word' id='word_1_869' title='bbox 2521 5160 2666 5230; x_wconf 91' lang='lat' dir='ltr'><strong>quod</strong></span> <span class='ocrx_word' id='word_1_870' title='bbox 2713 5160 2902 5232; x_wconf 89' lang='lat' dir='ltr'><strong>utique</strong></span> <span class='ocrx_word' id='word_1_871' title='bbox 2954 5161 3277 5216; x_wconf 66' lang='lat' dir='ltr'><strong>aeternitatis</strong></span> <span class='ocrx_word' id='word_1_872' title='bbox 3307 5161 3565 5220; x_wconf 88' lang='lat' dir='ltr'><strong>indicium</strong></span> 
     </span>
    </p>
   </div>
   <div class='ocr_carea' id='block_1_109' title="bbox 1975 5248 3567 5323">
    <p class='ocr_par' dir='ltr' id='par_1_109' title="bbox 1975 5248 3567 5323">
     <span class='ocr_line' id='line_1_109' title="bbox 1975 5248 3567 5323; baseline 0.004 -18"><span class='ocrx_word' id='word_1_873' title='bbox 1975 5257 2032 5305; x_wconf 88' lang='lat' dir='ltr'><strong>et</strong></span> <span class='ocrx_word' id='word_1_874' title='bbox 2061 5248 2359 5305; x_wconf 87' lang='lat' dir='ltr'><strong>divinitatis</strong></span> <span class='ocrx_word' id='word_1_875' title='bbox 2386 5250 2645 5320; x_wconf 79' lang='lat' dir='ltr'><strong>exprimit</strong></span> <span class='ocrx_word' id='word_1_876' title='bbox 2671 5252 2971 5307; x_wconf 83' lang='lat' dir='ltr'><strong>unitatem?</strong></span> <span class='ocrx_word' id='word_1_877' title='bbox 3014 5251 3111 5307; x_wconf 88' lang='lat' dir='ltr'><strong>Est</strong></span> <span class='ocrx_word' id='word_1_878' title='bbox 3138 5267 3270 5323; x_wconf 88' lang='lat' dir='ltr'><strong>ergo</strong></span> <span class='ocrx_word' id='word_1_879' title='bbox 3292 5262 3349 5310; x_wconf 89' lang='lat' dir='ltr'><strong>et</strong></span> <span class='ocrx_word' id='word_1_880' title='bbox 3382 5262 3567 5311; x_wconf 76' lang='lat' dir='ltr'><strong>titanet</strong></span> 
     </span>
    </p>
   </div>
   <div class='ocr_carea' id='block_1_110' title="bbox 1977 5341 3631 5429">
    <p class='ocr_par' dir='ltr' id='par_1_110' title="bbox 1977 5341 3631 5429">
     <span class='ocr_line' id='line_1_110' title="bbox 1977 5341 3631 5429; baseline 0.004 -32"><span class='ocrx_word' id='word_1_881' title='bbox 1977 5356 2225 5411; x_wconf 87' lang='lat' dir='ltr'><strong>semper,</strong></span> <span class='ocrx_word' id='word_1_882' title='bbox 2253 5342 2347 5414; x_wconf 89' lang='lat' dir='ltr'><strong>qui</strong></span> <span class='ocrx_word' id='word_1_883' title='bbox 2378 5341 2599 5412; x_wconf 87' lang='lat' dir='ltr'><strong>spiritus</strong></span> <span class='ocrx_word' id='word_1_884' title='bbox 2626 5343 2739 5399; x_wconf 88' lang='lat' dir='ltr'><strong>oris</strong></span> <span class='ocrx_word' id='word_1_885' title='bbox 2780 5341 2898 5411; x_wconf 87' lang='lat' dir='ltr'><strong>ejus</strong></span> <span class='ocrx_word' id='word_1_886' title='bbox 2940 5352 3060 5409; x_wconf 87' lang='lat' dir='ltr'><strong>est;</strong></span> <span class='ocrx_word' id='word_1_887' title='bbox 3100 5344 3195 5399; x_wconf 85' lang='lat' dir='ltr'><strong>sed</strong></span> <span class='ocrx_word' id='word_1_888' title='bbox 3238 5345 3567 5403; x_wconf 78' lang='lat' dir='ltr'><strong>descendere</strong></span> <span class='ocrx_word' id='word_1_889' title='bbox 3622 5420 3631 5429; x_wconf 38' lang='lat'>&#39;</span> 
     </span>
    </p>
   </div>
   <div class='ocr_carea' id='block_1_111' title="bbox 1978 5432 3563 5504">
    <p class='ocr_par' dir='ltr' id='par_1_111' title="bbox 1978 5432 3563 5504">
     <span class='ocr_line' id='line_1_111' title="bbox 1978 5432 3563 5504; baseline 0.006 -18"><span class='ocrx_word' id='word_1_890' title='bbox 1978 5433 2212 5499; x_wconf 90' lang='lat' dir='ltr'><strong>videtur,</strong></span> <span class='ocrx_word' id='word_1_891' title='bbox 2244 5449 2369 5489; x_wconf 90' lang='lat' dir='ltr'><strong>cum</strong></span> <span class='ocrx_word' id='word_1_892' title='bbox 2398 5432 2550 5489; x_wconf 91' lang='lat' dir='ltr'><strong>illum</strong></span> <span class='ocrx_word' id='word_1_893' title='bbox 2573 5436 2884 5504; x_wconf 87' lang='lat' dir='ltr'><strong>recipimus,</strong></span> <span class='ocrx_word' id='word_1_894' title='bbox 2932 5444 2992 5491; x_wconf 91' lang='lat' dir='ltr'><strong>ut</strong></span> <span class='ocrx_word' id='word_1_895' title='bbox 3033 5435 3242 5492; x_wconf 89' lang='lat' dir='ltr'><strong>habitet</strong></span> <span class='ocrx_word' id='word_1_896' title='bbox 3281 5438 3337 5492; x_wconf 90' lang='lat' dir='ltr'><strong>in</strong></span> <span class='ocrx_word' id='word_1_897' title='bbox 3375 5438 3563 5504; x_wconf 88' lang='lat' dir='ltr'><strong>nobis,</strong></span> 
     </span>
    </p>
   </div>
   <div class='ocr_carea' id='block_1_112' title="bbox 1976 5524 3571 5597">
    <p class='ocr_par' dir='ltr' id='par_1_112' title="bbox 1976 5524 3571 5597">
     <span class='ocr_line' id='line_1_112' title="bbox 1976 5524 3571 5597; baseline 0.005 -17"><span class='ocrx_word' id='word_1_898' title='bbox 1976 5538 2046 5580; x_wconf 95' lang='lat' dir='ltr'><strong>ne</strong></span> <span class='ocrx_word' id='word_1_899' title='bbox 2073 5539 2174 5581; x_wconf 89' lang='lat' dir='ltr'><strong>nos</strong></span> <span class='ocrx_word' id='word_1_900' title='bbox 2206 5524 2376 5582; x_wconf 90' lang='lat' dir='ltr'><strong>simus</strong></span> <span class='ocrx_word' id='word_1_901' title='bbox 2411 5540 2443 5579; x_wconf 80' lang='grc' dir='ltr'><strong>ιι</strong></span> <span class='ocrx_word' id='word_1_902' title='bbox 2481 5526 2653 5597; x_wconf 88' lang='lat' dir='ltr'><strong>gratia</strong></span> <span class='ocrx_word' id='word_1_903' title='bbox 2679 5525 2795 5596; x_wconf 89' lang='lat' dir='ltr'><strong>ejus</strong></span> <span class='ocrx_word' id='word_1_904' title='bbox 2823 5527 3001 5581; x_wconf 87' lang='lat' dir='ltr'><strong>alieni.</strong></span> <span class='ocrx_word' id='word_1_905' title='bbox 3046 5525 3210 5583; x_wconf 84' lang='lat' dir='ltr'><strong>Nobis</strong></span> <span class='ocrx_word' id='word_1_906' title='bbox 3238 5528 3571 5589; x_wconf 73' lang='lat' dir='ltr'><strong>descendere</strong></span> 
     </span>
    </p>
   </div>
   <div class='ocr_carea' id='block_1_113' title="bbox 1976 5616 3565 5691">
    <p class='ocr_par' dir='ltr' id='par_1_113' title="bbox 1976 5616 3565 5691">
     <span class='ocr_line' id='line_1_113' title="bbox 1976 5616 3565 5691; baseline 0.006 -22"><span class='ocrx_word' id='word_1_907' title='bbox 1976 5617 2210 5681; x_wconf 88' lang='lat' dir='ltr'><strong>videtur,</strong></span> <span class='ocrx_word' id='word_1_908' title='bbox 2238 5632 2346 5672; x_wconf 93' lang='lat' dir='ltr'><strong>non</strong></span> <span class='ocrx_word' id='word_1_909' title='bbox 2374 5630 2483 5687; x_wconf 87' lang='lat' dir='ltr'><strong>quo</strong></span> <span class='ocrx_word' id='word_1_910' title='bbox 2508 5616 2596 5673; x_wconf 89' lang='lat' dir='ltr'><strong>ille</strong></span> <span class='ocrx_word' id='word_1_911' title='bbox 2618 5618 2897 5685; x_wconf 85' lang='lat' dir='ltr'><strong>ascendat,</strong></span> <span class='ocrx_word' id='word_1_912' title='bbox 2930 5622 3024 5675; x_wconf 90' lang='lat' dir='ltr'><strong>sed</strong></span> <span class='ocrx_word' id='word_1_913' title='bbox 3050 5636 3158 5691; x_wconf 87' lang='lat' dir='ltr'><strong>quo</strong></span> <span class='ocrx_word' id='word_1_914' title='bbox 3178 5623 3245 5677; x_wconf 86' lang='lat' dir='ltr'><strong>ad</strong></span> <span class='ocrx_word' id='word_1_915' title='bbox 3267 5622 3417 5678; x_wconf 90' lang='lat' dir='ltr'><strong>illum</strong></span> <span class='ocrx_word' id='word_1_916' title='bbox 3443 5624 3565 5680; x_wconf 79' lang='lat' dir='ltr'><strong>ani-</strong></span> 
     </span>
    </p>
   </div>
   <div class='ocr_carea' id='block_1_114' title="bbox 1979 5710 2713 5765">
    <p class='ocr_par' dir='ltr' id='par_1_114' title="bbox 1979 5710 2713 5765">
     <span class='ocr_line' id='line_1_114' title="bbox 1979 5710 2713 5765; baseline -0.003 -1"><span class='ocrx_word' id='word_1_917' title='bbox 1979 5725 2100 5765; x_wconf 91' lang='lat' dir='ltr'><strong>mus</strong></span> <span class='ocrx_word' id='word_1_918' title='bbox 2128 5718 2316 5765; x_wconf 87' lang='lat' dir='ltr'><strong>noster</strong></span> <span class='ocrx_word' id='word_1_919' title='bbox 2341 5710 2662 5765; x_wconf 76' lang='lat' dir='ltr'><strong>ascendatd.</strong></span> <span class='ocrx_word' id='word_1_920' title='bbox 2695 5729 2713 5762; x_wconf 78' lang='grc' dir='ltr'><strong>ι</strong></span> 
     </span>
    </p>
   </div>
   <div class='ocr_carea' id='block_1_115' title="bbox 2053 5820 3560 5898">
    <p class='ocr_par' dir='ltr' id='par_1_115' title="bbox 2053 5820 3560 5898">
     <span class='ocr_line' id='line_1_115' title="bbox 2053 5820 3560 5898; baseline 0.005 -20"><span class='ocrx_word' id='word_1_921' title='bbox 2053 5834 2076 5862; x_wconf 78' lang='grc' dir='ltr'><strong>ο</strong></span> <span class='ocrx_word' id='word_1_922' title='bbox 2128 5820 2359 5898; x_wconf 81' lang='lat' dir='ltr'><strong>Sanctus</strong></span> <span class='ocrx_word' id='word_1_923' title='bbox 2404 5822 2746 5890; x_wconf 78' lang='lat' dir='ltr'><strong>Ambrosius,</strong></span> <span class='ocrx_word' id='word_1_924' title='bbox 2793 5823 2861 5879; x_wconf 91' lang='lat' dir='ltr'><strong>de</strong></span> <span class='ocrx_word' id='word_1_925' title='bbox 2906 5821 3111 5898; x_wconf 89' lang='lat' dir='ltr'><strong>Spiritu</strong></span> <span class='ocrx_word' id='word_1_926' title='bbox 3155 5834 3367 5893; x_wconf 90' lang='lat' dir='ltr'><strong>sancto,</strong></span> <span class='ocrx_word' id='word_1_927' title='bbox 3394 5823 3488 5883; x_wconf 82' lang='lat' dir='ltr'><strong>lib.</strong></span> <span class='ocrx_word' id='word_1_928' title='bbox 3520 5842 3560 5885; x_wconf 81' lang='grc' dir='ltr'><strong>ι.</strong></span> 
     </span>
    </p>
   </div>
   <div class='ocr_carea' id='block_1_116' title="bbox 2048 5893 3566 6038">
    <p class='ocr_par' dir='ltr' id='par_1_116' title="bbox 2048 5893 3566 6038">
     <span class='ocr_line' id='line_1_116' title="bbox 2048 5893 3566 6038; baseline 0.009 -22"><span class='ocrx_word' id='word_1_929' title='bbox 2048 5893 2346 6038; x_wconf 55' lang='grc' dir='ltr'><strong>θ’έριιειβ.</strong></span> <span class='ocrx_word' id='word_1_930' title='bbox 2377 5961 2566 6038; x_wconf 79' lang='lat' dir='ltr'><strong>Ambr.</strong></span> <span class='ocrx_word' id='word_1_931' title='bbox 2596 5982 2611 6019; x_wconf 73' lang='grc' dir='ltr'>ε</span> <span class='ocrx_word' id='word_1_932' title='bbox 2641 5982 2664 6015; x_wconf 72' lang='lat'><strong>.</strong></span> <span class='ocrx_word' id='word_1_933' title='bbox 2702 5962 2823 6023; x_wconf 87' lang='lat' dir='ltr'><strong>Non</strong></span> <span class='ocrx_word' id='word_1_934' title='bbox 2848 5964 2990 6038; x_wconf 90' lang='lat' dir='ltr'><strong>quod</strong></span> <span class='ocrx_word' id='word_1_935' title='bbox 3016 5963 3107 6038; x_wconf 85' lang='lat' dir='ltr'><strong>ille</strong></span> <span class='ocrx_word' id='word_1_936' title='bbox 3134 5964 3442 6033; x_wconf 82' lang='lat' dir='ltr'><strong>descendat.</strong></span> <span class='ocrx_word' id='word_1_937' title='bbox 3470 5965 3566 6031; x_wconf 72' lang='lat' dir='ltr'><strong>sed</strong></span> 
     </span>
    </p>
   </div>
   <div class='ocr_carea' id='block_1_117' title="bbox 1980 6033 3192 6105">
    <p class='ocr_par' dir='ltr' id='par_1_117' title="bbox 1980 6033 3192 6105">
     <span class='ocr_line' id='line_1_117' title="bbox 1980 6033 3192 6105; baseline 0.001 -13"><span class='ocrx_word' id='word_1_938' title='bbox 1980 6035 2127 6105; x_wconf 83' lang='lat' dir='ltr'><strong>quod</strong></span> <span class='ocrx_word' id='word_1_939' title='bbox 2146 6033 2213 6091; x_wconf 85' lang='lat' dir='ltr'><strong>ad</strong></span> <span class='ocrx_word' id='word_1_940' title='bbox 2238 6033 2386 6092; x_wconf 83' lang='lat' dir='ltr'><strong>illum</strong></span> <span class='ocrx_word' id='word_1_941' title='bbox 2417 6034 2633 6093; x_wconf 81' lang='lat' dir='ltr'><strong>animus</strong></span> <span class='ocrx_word' id='word_1_942' title='bbox 2652 6044 2837 6095; x_wconf 83' lang='lat' dir='ltr'><strong>noster</strong></span> <span class='ocrx_word' id='word_1_943' title='bbox 2858 6033 3131 6097; x_wconf 78' lang='lat' dir='ltr'><strong>ascendat.</strong></span> <span class='ocrx_word' id='word_1_944' title='bbox 3169 6055 3192 6088; x_wconf 68' lang='grc' dir='ltr'><strong>ι</strong></span> 
     </span>
    </p>
   </div>
   <div class='ocr_carea' id='block_1_118' title="bbox 3165 6125 3204 6185">
    <p class='ocr_par' dir='ltr' id='par_1_118' title="bbox 3165 6125 3204 6185">
     <span class='ocr_line' id='line_1_118' title="bbox 3165 6125 3204 6185; baseline 0 0"><span class='ocrx_word' id='word_1_945' title='bbox 3165 6125 3204 6185; x_wconf 82' lang='grc'><strong>3</strong></span> 
     </span>
    </p>
   </div>
   <div class='ocr_carea' id='block_1_119' title="bbox 1980 5907 2041 5949">
    <p class='ocr_par' dir='ltr' id='par_1_119' title="bbox 1980 5907 2041 5949">
     <span class='ocr_line' id='line_1_119' title="bbox 1980 5907 2041 5949; baseline 0 -3"><span class='ocrx_word' id='word_1_946' title='bbox 1980 5907 2041 5949; x_wconf 87' lang='lat' dir='ltr'><strong>ca</strong></span> 
     </span>
    </p>
   </div>
   <div class='ocr_carea' id='block_1_120' title="bbox 4052 362 4283 2303">
    <p class='ocr_par' dir='ltr' id='par_1_120' title="bbox 4058 362 4281 2301">
     <span class='ocr_line' id='line_1_120' title="bbox 4082 362 4225 399; baseline -0.007 0"><span class='ocrx_word' id='word_1_947' title='bbox 4082 392 4085 399; x_wconf 89' lang='lat'><strong>.</strong></span> <span class='ocrx_word' id='word_1_948' title='bbox 4134 362 4149 399; x_wconf 58' lang='grc' dir='ltr'><strong>ιε</strong></span> <span class='ocrx_word' id='word_1_949' title='bbox 4212 362 4225 385; x_wconf 67' lang='grc'>³</span> 
     </span>
     <span class='ocr_line' id='line_1_121' title="bbox 4058 362 4265 453; baseline 0 0"><span class='ocrx_word' id='word_1_950' title='bbox 4058 362 4087 453; x_wconf 60' lang='grc' dir='ltr'><strong>ιί</strong></span> <span class='ocrx_word' id='word_1_951' title='bbox 4136 410 4147 445; x_wconf 41' lang='grc' dir='ltr'><strong><em>ξ</em></strong></span> <span class='ocrx_word' id='word_1_952' title='bbox 4212 422 4265 441; x_wconf 35' lang='grc' dir='ltr'><strong>ργ</strong></span> 
     </span>
     <span class='ocr_line' id='line_1_122' title="bbox 4084 456 4223 483; baseline 0 -4"><span class='ocrx_word' id='word_1_953' title='bbox 4084 478 4089 483; x_wconf 88' lang='grc'><strong>,</strong></span> <span class='ocrx_word' id='word_1_954' title='bbox 4148 462 4151 463; x_wconf 68' lang='grc'><strong><em>⁷</em></strong></span> <span class='ocrx_word' id='word_1_955' title='bbox 4214 456 4223 479; x_wconf 63' lang='grc' dir='ltr'><strong><em>ἐ</em></strong></span> 
     </span>
     <span class='ocr_line' id='line_1_123' title="bbox 4082 484 4265 537; baseline -0.011 -18"><span class='ocrx_word' id='word_1_956' title='bbox 4082 492 4083 495; x_wconf 66' lang='grc'><em>“</em></span> <span class='ocrx_word' id='word_1_957' title='bbox 4134 484 4265 537; x_wconf 46' lang='grc' dir='ltr'><strong>ιτξψ</strong></span> 
     </span>
     <span class='ocr_line' id='line_1_124' title="bbox 4084 548 4269 697; baseline 0.022 -34"><span class='ocrx_word' id='word_1_958' title='bbox 4084 600 4091 663; x_wconf 53' lang='grc' dir='ltr'><strong>ξ</strong></span> 
     </span>
     <span class='ocr_line' id='line_1_125' title="bbox 4084 672 4269 729; baseline 0 -14"><span class='ocrx_word' id='word_1_959' title='bbox 4084 674 4091 729; x_wconf 68' lang='grc' dir='ltr'><strong><em>ς</em></strong></span> 
     </span>
     <span class='ocr_line' id='line_1_126' title="bbox 4086 740 4235 803; baseline 0.04 -26"><span class='ocrx_word' id='word_1_960' title='bbox 4086 742 4091 803; x_wconf 32' lang='grc' dir='ltr'>ᾗ</span> <span class='ocrx_word' id='word_1_961' title='bbox 4164 740 4235 783; x_wconf 41' lang='grc' dir='ltr'><em>Α</em></span> 
     </span>
     <span class='ocr_line' id='line_1_127' title="bbox 4086 872 4231 897; baseline -0.014 0"><span class='ocrx_word' id='word_1_962' title='bbox 4086 872 4091 897; x_wconf 77' lang='lat' dir='ltr'><strong>l</strong></span> <span class='ocrx_word' id='word_1_963' title='bbox 4176 872 4231 895; x_wconf 54' lang='lat'><strong>~13</strong></span> 
     </span>
     <span class='ocr_line' id='line_1_128' title="bbox 4086 898 4239 985; baseline 0.026 -38"><span class='ocrx_word' id='word_1_964' title='bbox 4086 914 4095 985; x_wconf 54' lang='grc' dir='ltr'><strong>ἰ</strong></span> <span class='ocrx_word' id='word_1_965' title='bbox 4180 898 4239 951; x_wconf 67' lang='lat' dir='ltr'><strong>fi:</strong></span> 
     </span>
     <span class='ocr_line' id='line_1_129' title="bbox 4092 956 4269 1061; baseline 0.023 -38"><span class='ocrx_word' id='word_1_966' title='bbox 4092 992 4095 997; x_wconf 76' lang='grc'><em>’</em></span> <span class='ocrx_word' id='word_1_967' title='bbox 4182 956 4269 1061; x_wconf 41' lang='lat' dir='ltr'><strong>it:</strong></span> 
     </span>
     <span class='ocr_line' id='line_1_130' title="bbox 4088 1028 4203 1053; baseline 0 0"><span class='ocrx_word' id='word_1_968' title='bbox 4088 1034 4093 1049; x_wconf 73' lang='grc' dir='ltr'><strong>ι</strong></span> <span class='ocrx_word' id='word_1_969' title='bbox 4182 1028 4203 1053; x_wconf 71' lang='lat'><em>3</em></span> 
     </span>
     <span class='ocr_line' id='line_1_131' title="bbox 4086 1062 4243 1155; baseline -0.013 -1"><span class='ocrx_word' id='word_1_970' title='bbox 4086 1104 4095 1155; x_wconf 70' lang='grc' dir='ltr'>ἑ</span> <span class='ocrx_word' id='word_1_971' title='bbox 4186 1062 4243 1155; x_wconf 58' lang='grc' dir='ltr'><em>ἕ</em></span> 
     </span>
     <span class='ocr_line' id='line_1_132' title="bbox 4084 1230 4275 1397; baseline -0.01 -86"><span class='ocrx_word' id='word_1_972' title='bbox 4084 1248 4097 1325; x_wconf 67' lang='grc' dir='ltr'><em>ξ</em></span> <span class='ocrx_word' id='word_1_973' title='bbox 4144 1230 4275 1397; x_wconf 47' lang='lat' dir='ltr'><strong>Elii</strong></span> 
     </span>
     <span class='ocr_line' id='line_1_133' title="bbox 4088 1320 4281 1385; baseline -0.01 0"><span class='ocrx_word' id='word_1_974' title='bbox 4088 1328 4099 1377; x_wconf 64' lang='grc' dir='ltr'><em>ἑ</em></span> <span class='ocrx_word' id='word_1_975' title='bbox 4172 1320 4281 1385; x_wconf 40' lang='lat' dir='ltr'><strong>iis?</strong></span> 
     </span>
     <span class='ocr_line' id='line_1_134' title="bbox 4090 1364 4275 1471; baseline -0.022 -14"><span class='ocrx_word' id='word_1_976' title='bbox 4090 1402 4101 1457; x_wconf 58' lang='grc' dir='ltr'>ἓ</span> <span class='ocrx_word' id='word_1_977' title='bbox 4182 1364 4275 1467; x_wconf 48' lang='lat' dir='ltr'><strong>is&quot;</strong></span> 
     </span>
     <span class='ocr_line' id='line_1_135' title="bbox 4094 1472 4275 1517; baseline -0.011 -14"><span class='ocrx_word' id='word_1_978' title='bbox 4094 1472 4101 1517; x_wconf 56' lang='grc' dir='ltr'>ξ</span> <span class='ocrx_word' id='word_1_979' title='bbox 4188 1476 4275 1515; x_wconf 54' lang='grc' dir='ltr'><strong>μιᾳ</strong></span> 
     </span>
     <span class='ocr_line' id='line_1_136' title="bbox 4094 1694 4279 1745; baseline 0 0"><span class='ocrx_word' id='word_1_980' title='bbox 4094 1730 4105 1745; x_wconf 74' lang='grc' dir='ltr'><strong>ι</strong></span> <span class='ocrx_word' id='word_1_981' title='bbox 4196 1704 4217 1733; x_wconf 54' lang='grc' dir='ltr'><strong><em>ὲ</em></strong></span> <span class='ocrx_word' id='word_1_982' title='bbox 4266 1694 4279 1739; x_wconf 59' lang='grc' dir='ltr'><em>ἓ</em></span> 
     </span>
     <span class='ocr_line' id='line_1_137' title="bbox 4096 1748 4273 1811; baseline 0 -2"><span class='ocrx_word' id='word_1_983' title='bbox 4096 1752 4105 1809; x_wconf 68' lang='grc' dir='ltr'><strong>ξ</strong></span> 
     </span>
     <span class='ocr_line' id='line_1_138' title="bbox 4100 1842 4279 1893; baseline 0.011 -8"><span class='ocrx_word' id='word_1_984' title='bbox 4100 1842 4107 1885; x_wconf 71' lang='grc' dir='ltr'>Ξ</span> <span class='ocrx_word' id='word_1_985' title='bbox 4178 1844 4189 1887; x_wconf 62' lang='grc' dir='ltr'>ἦ</span> <span class='ocrx_word' id='word_1_986' title='bbox 4264 1858 4279 1893; x_wconf 68' lang='grc' dir='ltr'><strong>ι</strong></span> 
     </span>
     <span class='ocr_line' id='line_1_139' title="bbox 4100 1906 4277 1921; baseline 0.006 -2"><span class='ocrx_word' id='word_1_987' title='bbox 4100 1918 4103 1919; x_wconf 65' lang='lat'>,</span> <span class='ocrx_word' id='word_1_988' title='bbox 4198 1906 4229 1921; x_wconf 56' lang='lat'><strong>4&#39;1&quot;</strong></span> <span class='ocrx_word' id='word_1_989' title='bbox 4272 1914 4277 1919; x_wconf 71' lang='grc' dir='ltr'><strong>ι</strong></span> 
     </span>
     <span class='ocr_line' id='line_1_140' title="bbox 4100 1934 4277 1979; baseline 0 -22"><span class='ocrx_word' id='word_1_990' title='bbox 4100 1934 4107 1957; x_wconf 76' lang='grc' dir='ltr'><strong>ι</strong></span> <span class='ocrx_word' id='word_1_991' title='bbox 4192 1938 4277 1979; x_wconf 16' lang='grc' dir='ltr'><em>ᾗ,</em></span> 
     </span>
     <span class='ocr_line' id='line_1_141' title="bbox 4190 1988 4247 2005; baseline 0.035 -2"><span class='ocrx_word' id='word_1_992' title='bbox 4190 1988 4247 2005; x_wconf 56' lang='lat' dir='ltr'><strong>,‘t</strong></span> 
     </span>
     <span class='ocr_line' id='line_1_142' title="bbox 4074 2002 4249 2085; baseline -0.046 0"><span class='ocrx_word' id='word_1_993' title='bbox 4074 2010 4119 2085; x_wconf 56' lang='grc' dir='ltr'><strong>ι</strong></span> 
     </span>
     <span class='ocr_line' id='line_1_143' title="bbox 4076 2084 4279 2107; baseline 0.01 -4"><span class='ocrx_word' id='word_1_994' title='bbox 4076 2086 4089 2107; x_wconf 61' lang='grc' dir='ltr'><strong>ρ</strong></span> <span class='ocrx_word' id='word_1_995' title='bbox 4190 2084 4279 2105; x_wconf 53' lang='grc' dir='ltr'><strong>θ-ξ.</strong></span> 
     </span>
     <span class='ocr_line' id='line_1_144' title="bbox 4074 2116 4279 2213; baseline 0 0"><span class='ocrx_word' id='word_1_996' title='bbox 4074 2116 4089 2213; x_wconf 80' lang='grc' dir='ltr'><strong>ι</strong></span> 
     </span>
     <span class='ocr_line' id='line_1_145' title="bbox 4076 2190 4277 2247; baseline 0.02 -20"><span class='ocrx_word' id='word_1_997' title='bbox 4076 2190 4109 2247; x_wconf 51' lang='grc' dir='ltr'><strong>εξ</strong></span> 
     </span>
     <span class='ocr_line' id='line_1_146' title="bbox 4076 2228 4245 2301; baseline 0.024 -26"><span class='ocrx_word' id='word_1_998' title='bbox 4076 2250 4089 2299; x_wconf 14' lang='grc' dir='ltr'><strong>εν</strong></span> <span class='ocrx_word' id='word_1_999' title='bbox 4160 2228 4245 2301; x_wconf 48' lang='grc' dir='ltr'><strong>εἰξη</strong></span> 
     </span>
    </p>
   </div>
  </div>
