4346 6626
710 265 778 324 ’ῑες
1581 260 1643 314 Β.
1682 257 1745 313 F.
1785 254 2012 312 ALBINI
2050 250 2183 310 εει]
2220 246 2426 306 ALCUI

2286 244 2502 306 LCUINI
2539 242 2826 302 OPEBUM
2862 243 3044 302 PARS
3079 242 3166 299 Ill.
3927 236 4002 292 76

782 378 980 433 Beatus
1019 374 1268 431 similiter
1315 374 1668 445 Augustinus,
1718 372 1871 443 cujus
1917 370 2295 427 auctoritatem
2324 363 2373 425 Α
2403 359 2509 416 Sed
2539 357 2655 429 ejus
2680 358 2867 415 missio
2897 359 3013 429 ipsa
3036 354 3312 430 processio
3326 363 3434 445 est,
3462 369 3568 427 qua
3596 353 3665 412 de
3690 354 3851 411 Patre
3870 372 4006 422 pro-

711 479 877 539 atque
920 465 1223 523 doctrinam
1261 479 1401 535 papa
1438 462 1688 520 Gelasius
1729 460 2026 533 apostolica
2064 457 2301 515 auctori-

712 570 848 626 tate,
875 566 931 616 et
956 556 1182 629 praefata
1208 555 1449 627 synodus
1474 553 2067 631 Constantinopolitana
2088 552 2158 605 ab
2183 549 2303 605 uni-

711 652 910 709 versali
938 648 1175 707 Ecclesia
1205 647 1608 718 suscipiendam
1635 661 1757 703 esse
1782 654 1945 715 atque
1969 643 2302 715 sequendam

715 742 977 806 decrevit,
1005 738 1254 795 eumdem
1280 738 1542 808 Spiritum
1576 745 1827 793 sanetum
1849 751 1880 789 a
1908 734 2071 790 Patre
2092 740 2150 789 et
2166 732 2305 789 Filio

716 830 1035 906 procedam,
1058 831 1115 887 in
1143 829 1283 885 libro
1313 843 1382 882 xv
1405 828 1472 882 de
1493 834 1681 883 saneta
1704 825 1989 886 Trinitate,
2010 839 2134 878 xxv:
2160 822 2307 892 capi-

716 924 831 983 tulo
856 930 1106 987 testatur,
1138 920 1214 976 ita
1243 919 1432 975 dicens
1454 916 1643 990 (Num.
1670 915 1760 987 47)
1785 934 1795 969 :
1836 933 1855 966 ι
1885 913 1986 982 Qui
2015 920 2187 983 potest
2218 913 2306 966 in-

720 1017 963 1088 telligere
982 1015 1101 1072 sine
1127 1021 1371 1082 tempore
1409 1008 1809 1081 generationem
1846 1005 1968 1059 Filii
1998 1004 2065 1060 de
2106 1002 2307 1068 Patre,

720 1110 986 1182 intelligat
1016 1108 1133 1164 sine
1158 1113 1401 1174 tempore
1426 1100 1829 1174 processionem
1868 1097 2105 1170 Spiritus
2134 1094 2312 1151 sancti

719 1202 790 1262 de
811 1208 1082 1269 utroque;
1123 1204 1178 1252 et
1202 1195 1295 1266 qui
1337 1200 1517 1265 potest
1557 1190 1859 1261 intelligere
1880 1189 1935 1244 in
1963 1202 2027 1244 eo
2056 1186 2200 1257 quod
2234 1186 2312 1241 ait

722 1292 920 1348 Filius:
946 1288 1096 1345 Stcut
1120 1286 1272 1341 habet
1306 1282 1471 1339 Pater
1497 1283 1655 1337 vitam
1674 1282 1730 1335 in
1753 1281 2048 1351 semetipso,
2075 1279 2150 1333 sic
2171 1276 2315 1331 dedit

723 1381 866 1438 Filio
910 1383 1070 1438 vitam
1114 1378 1304 1434 habere
1348 1376 1404 1430 in
1448 1376 1722 1442 semetipso
1761 1371 1943 1444 (Joan.
1975 1385 2032 1436 v,
2061 1368 2176 1442 26),
2206 1381 2315 1421 non

722 1474 843 1530 sine
868 1472 981 1528 vita
1006 1468 1261 1527 existenti
1278 1467 1392 1537 jam
1430 1464 1567 1520 Filio
1593 1461 1807 1537 [vitam]
1834 1461 2051 1517 Patrem
2078 1459 2314 1524 dedisse,

726 1564 824 1621 sed
846 1565 920 1621 ita
943 1578 1069 1620 eum
1096 1561 1213 1618 sine
1241 1568 1484 1630 tempore
1509 1555 1783 1629 genuisse,
1812 1561 1873 1608 ut
1899 1553 2011 1609 vita
2036 1565 2200 1622 quam
2224 1550 2319 1604 Pa.

2403 451 2546 507 cedit
2590 459 2645 506 et
2685 449 2866 516 Filio;
2907 451 3048 506 sicut
3093 449 3277 517 itaque
3315 444 3553 517 Spiritus
3593 445 3733 501 mitti
3779 446 4006 515 dicitur,

2403 541 2533 610 quia
2558 540 2843 612 procedit;
2883 541 2958 594 ita
2997 547 3054 595 et
3087 538 3257 594 Filius
3285 551 3395 591 non
3421 535 3717 607 incongrue
3750 535 3891 592 mitti
3920 537 4009 594 di—

2405 632 2571 698 citur,
2598 631 2725 700 quia
2754 638 3066 702 generatur.
3102 650 3123 684 ι

2477 720 2792 779 Gennadius
2839 738 3055 795 quoque
3106 721 3459 778 Massiliensis
3499 720 3787 790 episcopus
3831 720 3887 775 in
3935 719 4009 775 li-

2404 811 2568 878 bello,
2615 826 2779 882 quem
2817 813 2894 869 De
2936 813 3320 869 Ecclesiastico
3358 812 3683 881 conscripsit
3719 811 4010 884 Dogmate,

2407 905 2641 962 formam
2663 907 2893 977 symboli
2913 909 2967 962 in
2984 908 3163 977 primo
3183 920 3512 978 componens
3534 905 3789 975 capitulo,
3806 907 3873 960 de
3886 920 4018 976 pro-

2410 999 2658 1054 cessione
2683 997 2922 1068 Spiritus
2945 998 3124 1054 sancti
3151 1013 3182 1051 a
3201 997 3368 1052 Patre
3385 1004 3441 1052 et
3461 996 3600 1052 Filio
3621 995 3855 1051 similem
3876 1009 4018 1065 prte—

2409 1087 2539 1143 fatis
2568 1089 2887 1145 doctoribus
2906 1090 3230 1146 sententiam
3250 1089 3474 1162 protulit
3494 1088 3570 1143 ita
3589 1088 3804 1144 dicens:
3835 1106 3854 1138 ι
3882 1086 4018 1143 Cre-

2411 1182 2592 1239 dimus
2611 1198 2777 1239 unum
2802 1184 2973 1239 Deum
2992 1199 3113 1241 esse
3134 1183 3351 1239 Patrem
3375 1193 3431 1240 et
3454 1183 3649 1239 Filium
3669 1192 3726 1239 et
3749 1181 4021 1253 Spiritum

2413 1283 2683 1329 sanctum.
2716 1273 2960 1341 Patrem,
2991 1290 3059 1331 eo
3087 1275 3233 1346 quod
3278 1276 3476 1331 habeat
3501 1273 3739 1341 Filium;
3778 1273 4015 1338 Filium,

2414 1381 2483 1423 eo
2515 1368 2658 1439 quod
2686 1368 2886 1425 habeat
2910 1367 3166 1435 Patrem;
3196 1366 3459 1438 Spiritum
3488 1375 3761 1435 sanctum,
3782 1382 3847 1423 eo
3868 1368 4023 1439 quod

2416 1460 2490 1516 sit
2518 1474 2588 1518 ex
2617 1458 2782 1516 Patre
2806 1461 3127 1531 procedens,
3167 1469 3223 1516 et
3255 1460 3414 1517 Filio.
3456 1460 3619 1516 Pater
3653 1476 3783 1531 ergo
3808 1461 4023 1532 princi-

2418 1556 2569 1629 pium
2587 1554 2749 1627 752
2771 1555 3014 1622 Deitatis,
3034 1555 3283 1626 quisicut
3303 1569 3578 1625 nunquam
3603 1554 3704 1610 fuit
3726 1555 3832 1608 nisi
3849 1554 4021 1619 Deus,

727 1666 813 1712 ter
839 1655 977 1711 Filio
997 1651 1265 1726 gignendo
1286 1649 1459 1714 dedit,
1487 1656 1758 1703 coaeterna
1784 1645 1857 1703 sit
1875 1645 1999 1700 vitae
2024 1642 2203 1698 Patris
2225 1639 2319 1713 qui
2348 1717 2392 1726 _
2423 1650 2498 1703 ira
2522 1664 2763 1719 unquam
2784 1664 2891 1704 non
2915 1647 3018 1703 fuit
3043 1648 3147 1703 nisi
3172 1647 3359 1713 pater,
3389 1662 3422 1700 ε
3445 1661 3553 1717 quo
3581 1645 3751 1702 Filius
3776 1653 3960 1710 natus,
3990 1661 4026 1700 ει

730 1748 914 1804 dedit:
956 1717 1243 1813 intelligat,
1262 1741 1406 1798 sicut
1430 1740 1595 1796 habet
1622 1737 1784 1793 Pater
1811 1738 1865 1791 in
1895 1734 2219 1805 semetipso,
2257 1742 2318 1787 ut
2348 1717 2398 1778 Β
2427 1752 2535 1809 quo
2558 1717 2793 1808 Spiritus
2820 1747 3042 1795 sanctus
3065 1754 3171 1793 non
3198 1746 3377 1803 natus,
3401 1739 3529 1807 quia
3556 1752 3663 1792 non
3700 1746 3785 1792 est
3808 1736 4023 1803 Filius;

732 1840 799 1895 de
822 1838 913 1893 illo
948 1834 1186 1907 Spiritus
1212 1840 1457 1897 sanctus,
1488 1830 1567 1886 sic
1596 1828 1809 1884 dedisse
1851 1825 2007 1893 Filio,
2037 1833 2096 1880 nt
2124 1824 2192 1880 de
2230 1822 2323 1879 illo

725 1926 992 2002 procedat
1020 1925 1162 1981 idem
1198 1922 1430 1995 Spiritus
1469 1927 1722 1984 sanctus;
1772 1929 1829 1974 et
1872 1926 2162 1987 utrumque
2207 1917 2327 1973 sine

735 2030 977 2090 tempore
1002 2031 1016 2071 :
1044 2024 1209 2087 atque
1238 2015 1313 2069 ita
1338 2012 1540 2070 dictum
1567 2009 1828 2081 Spiritum
1865 2017 2111 2064 sanctum
2138 2008 2204 2063 de
2227 2008 2329 2062 Pa-

736 2096 825 2166 tre,
848 2107 1169 2183 procedere,
1204 2112 1266 2159 ut
1302 2102 1661 2174 intelligatur,
1710 2099 1855 2168 quod
1893 2100 2057 2154 etiam
2085 2097 2330 2169 procedit

737 2188 806 2257 de
830 2198 992 2263 Filio,
1013 2197 1081 2253 de
1105 2195 1270 2251 Patre
1293 2208 1412 2251 esse
1435 2192 1590 2248 Filio.
1619 2192 1675 2246 Si
1711 2192 1854 2246 enim
1883 2190 2144 2261 quidquid
2168 2187 2331 2244 habet

738 2292 807 2348 de
834 2290 1016 2357 Patre,
1049 2288 1213 2343 habet
1236 2285 1426 2351 Filius,
1456 2284 1521 2340 de
1546 2282 1706 2338 Patre
1736 2282 1899 2340 habet
1933 2282 2120 2352 utique
2139 2323 2155 2348 ,
2190 2290 2250 2335 ut
2276 2288 2334 2336 et

739 2381 809 2440 de
835 2380 924 2438 illo
948 2378 1210 2453 procedat
1236 2376 1471 2448 Spiritus
1505 2382 1745 2430 sanctus.
1780 2373 1886 2430 Sed
1914 2372 2060 2429 nulla
2090 2374 2162 2428 ibi
2200 2382 2332 2428 tem-

739 2488 872 2545 pora
894 2471 1221 2544 cogitentur,
1252 2483 1372 2539 qua:
1404 2467 1607 2523 habent
1629 2465 1780 2536 prius
1802 2474 1857 2519 et
1882 2464 2172 2536 posterius,
2205 2464 2333 2533 quia

740 2563 816 2620 ibi
841 2561 1063 2619 omnino
1086 2559 1230 2616 nulla
1265 2567 1411 2613 sunt.
1444 2556 1595 2612 Sicut
1630 2558 1776 2611 enim
1816 2555 1953 2610 Filio
1997 2562 2223 2626 praestat
2248 2569 2336 2610 es-

742 2655 973 2714 sentiam
997 2653 1116 2709 sine
1141 2650 1249 2707 ullo
1276 2650 1429 2704 initio
1464 2649 1744 2718 temporis,
1773 2647 1891 2702 sine
1921 2646 2026 2700 ulla
2058 2646 2335 2701 mutabili-

744 2755 858 2805 tate
875 2754 1104 2811 uaturte,
1133 2744 1202 2799 de
1230 2739 1393 2797 Patre
1430 2740 1707 2813 generatio
1731 2755 1746 2805 ;
1783 2738 1857 2794 ita
1894 2737 2119 2808 Spiritui
2149 2748 2339 2792 sancto

744 2848 969 2914 praestat
988 2836 1277 2895 essentiam
1303 2836 1420 2891 sine
1448 2834 1556 2889 ullo
1583 2834 1736 2888 initio
1762 2832 2041 2901 temporis,
2086 2831 2204 2886 sine
2233 2831 2340 2886 ulla

746 2932 1108 2992 mutabilitate
1129 2938 1358 2997 naturae,
1385 2930 1451 2985 de
1478 2936 1708 2998 utroque
1731 2928 2027 2998 processio.
2054 2925 2177 2979 Ideo
2197 2925 2340 2977 enim

749 3038 875 3087 cum
905 3025 1166 3096 Spiritum
1191 3030 1438 3087 sanctum
1466 3020 1707 3092 genitum
1731 3033 1839 3073 non
1869 3019 2132 3083 dicamus,
2162 3017 2343 3074 dicere

749 3123 931 3180 tamen
960 3130 1074 3175 non
1111 3113 1370 3172 audemus
1400 3111 1717 3184 ingenitum,
1748 3125 1816 3165 ne
1854 3109 1909 3165 in
1953 3110 2057 3165 hoc
2080 3108 2342 3163 vocabulo

751 3208 839 3266 vel
862 3208 994 3266 duos
1013 3206 1206 3263 Patres
1226 3206 1281 3261 in
1300 3205 1391 3259 illa
1415 3203 1704 3267 Trinitate,
1722 3200 1808 3256 vel
1824 3201 1960 3255 duos
1980 3201 2071 3271 qui
2091 3214 2199 3254 non
2220 3208 2349 3253 sunt

756 3301 823 3357 de
852 3298 981 3364 alio,
1019 3296 1286 3369 quispiam
1326 3295 1649 3365 suspicetur.
1696 3292 1859 3348 Pater
1882 3293 2026 3347 enim
2064 3292 2212 3348 solus
2241 3308 2348 3347 non

756 3400 845 3447 est
865 3389 933 3447 de
959 3388 1096 3453 alio;
1130 3388 1251 3443 ideo
1283 3385 1430 3444 solus
1456 3386 1757 3459 appellatur
1779 3387 2076 3458 ingenitus;
2100 3402 2207 3443 non
2231 3387 2350 3457 qui-

760 3482 885 3541 dem
910 3482 964 3537 in
988 3478 1309 3550 Scripturis,
1334 3479 1431 3536 sed
1453 3479 1506 3533 in
1530 3481 1917 3536 consuetudine
1938 3481 2348 3552 disputantium,

758 3584 818 3632 ct
846 3575 910 3631 de
948 3589 1006 3629 re
1035 3580 1188 3627 tanta
1219 3586 1558 3635 sermonem,
1586 3572 1802 3640 qualem
1844 3574 2116 3629 voluerint
2152 3572 2350 3646 [Aug.,

760 3664 1072 3739 valuerint],
1104 3662 1530 3736 proferentium;
1568 3663 1741 3720 Filius
1770 3672 1951 3720 autem
1979 3666 2044 3720 de
2069 3663 2231 3720 Patre
2256 3680 2351 3719 na-

762 3768 852 3814 tus
874 3766 979 3823 est,
1009 3764 1065 3813 et
1089 3755 1324 3826 Spiritus
1346 3762 1567 3810 sanctus
1586 3753 1654 3809 de
1680 3753 1845 3811 Patre
1872 3756 2266 3828 principaliter,
2298 3764 2356 3811 et

764 3851 885 3923 ipso
905 3849 1022 3905 sine
1045 3846 1155 3903 ullo
1175 3845 1460 3903 intervallo
1487 3848 1747 3916 temporis
1785 3848 1970 3911 dante,
1993 3850 2357 3904 communiter

768 3942 838 4000 de
858 3948 1086 4013 utroque
1108 3938 1374 4010 procedit.
1412 3957 1432 3991 ι
1463 3937 1531 3993 Et
1550 3937 1747 3994 iterum
1774 3939 1828 3994 in
1864 3940 2052 3994 eodem
2079 3940 2153 3994 ait
2179 3940 2315 3994 libro
2339 3956 2353 3993 :

772 4049 794 4085 ι
824 4031 999 4101 Aquo
1028 4031 1191 4087 habet
1223 4027 1393 4083 Filius
1419 4036 1479 4082 ut
1512 4028 1583 4082 sit
1622 4026 1767 4083 Deus
1805 4029 1911 4101 (est
1950 4031 2094 4085 enim
2136 4030 2204 4085 de
2250 4031 2358 4085 Deo

767 4119 960 4197 Deus),
975 4121 1047 4176 ab
1065 4120 1158 4177 illo
1181 4117 1345 4178 habet
1364 4127 1423 4176 ut
1442 4120 1606 4175 etiam
1626 4119 1695 4175 de
1719 4119 1810 4175 illo
1834 4121 2094 4190 procedat
2124 4120 2361 4192 Spiritus

771 4221 1023 4280 sanctus;
1073 4227 1137 4267 ac
1163 4226 1261 4282 per
1290 4210 1396 4265 hoc
1437 4207 1672 4282 Spiritus
1699 4219 1937 4278 sanctus,
1982 4219 2043 4266 ut
2088 4214 2255 4268 etiam
2291 4212 2361 4266 de

770 4306 909 4366 Filio
932 4305 1208 4378 procedat,
1232 4304 1374 4362 sicut
1396 4303 1642 4376 procedit
1663 4304 1730 4361 de
1753 4302 1939 4371 Patre,
1966 4304 2034 4360 ab
2057 4305 2174 4376 ipso
2197 4306 2363 4364 habet

778 4399 963 4459 Patre.
998 4422 1019 4455 ι

847 4492 1043 4549 Beatus
1070 4505 1281 4562 quoque
1304 4504 1446 4562 papa
1473 4489 1769 4562 Gregorius
1804 4490 1861 4545 in
1887 4490 2119 4547 homclia
2138 4532 2152 4556 ,
2198 4505 2362 4560 quam

776 4583 1100 4650 conscripsit
1126 4582 1191 4636 de
1219 4580 1531 4653 evangelica
1556 4581 1809 4645 lectione,
1841 4578 1994 4649 cujus
2019 4580 2233 4635 initium
2261 4589 2362 4645 est,

779 4669 914 4731 Cum
940 4689 1055 4730 sero
1094 4674 1294 4743 [actum
1332 4680 1502 4738 esset;
1545 4670 1807 4741 Spiritum
1855 4680 2099 4726 sanetum
2135 4686 2167 4725 a
2205 4670 2366 4726 Patre

777 4774 839 4827 et
874 4765 1015 4824 Filio
1057 4765 1346 4837 procedere
1393 4772 1624 4821 testatur
1660 4766 1737 4820 ita
1784 4764 2006 4820 dicens:
2051 4778 2075 4805 ει
2120 4782 2137 4815 ‹
2184 4765 2367 4821 Missio

780 4859 949 4918 etiam
974 4857 1097 4914 Filii
1120 4857 1274 4926 juxta
1311 4865 1562 4912 naturam
1586 4856 1887 4912 divinitatis
1920 4864 2097 4925 potest
2120 4858 2364 4930 intelligi.

785 4947 863 5004 E0
888 4947 1033 5009 enim
1058 4947 1173 5018 ipso
1201 4962 1231 4999 a
1258 4946 1420 5001 Patre
1446 4945 1615 5001 Filius
1638 4946 1778 5003 mitti
1804 4948 2004 5001 dicitur
2022 4987 2037 5011 ,
2078 4963 2184 5018 quo
2210 4965 2241 5002 a
2274 4950 2368 5007 Pa-

784 5045 869 5094 tre
894 5046 1199 5113 generatur.
1233 5035 1365 5091 Nam
1405 5048 1653 5093 sanctum
1697 5054 1911 5109 quoque
1954 5038 2248 5110 Spiritum,
2279 5044 2369 5110 qui

786 5148 910 5191 cum
933 5134 1005 5189 sit
1030 5132 1319 5204 coaequalis
1341 5132 1486 5187 Patri
1513 5143 1567 5188 et
1593 5134 1745 5197 Filio,
1787 5149 1891 5188 non
1924 5142 2100 5190 tamen
2126 5136 2371 5191 incarna—

791 5236 881 5285 tus
901 5234 1014 5289 est;
1040 5224 1179 5278 idem
1209 5238 1267 5279 se
1293 5222 1463 5279 Filius
1482 5226 1695 5279 mittere
1716 5226 1963 5295 perhibet
1986 5226 2201 5283 dicens:
2239 5225 2371 5281 Cum

788 5320 983 5378 uenerit
1024 5314 1366 5384 Paracletus,
1412 5333 1566 5389 quem
1606 5336 1699 5388 ego
1748 5321 1896 5374 mitto
1946 5322 2087 5375 vobis
2133 5340 2165 5373 a
2211 5318 2372 5374 Patre

790 5409 975 5485 (Joan.
1005 5427 1093 5474 ιτ.
1120 5408 1248 5483 26);
1298 5412 1341 5465 si
1384 5410 1527 5464 enim
1565 5411 1703 5465 mitti
1739 5403 2073 5468 solummodo
2100 5413 2371 5467 incarnari

791 5501 1013 5559 deberet
1040 5501 1280 5571 intelligi,
1305 5509 1525 5559 sanctus
1547 5502 1734 5571 procul
1770 5503 1929 5558 dubio
1970 5502 2203 5574 Spiritus
2228 5503 2372 5557 nullo

797 5591 958 5648 tundo
978 5593 1246 5647 diceretur
1273 5590 1431 5653 mitti,
1457 5592 1553 5665 qui
1576 5605 1911 5666 nequaquam
1932 5596 2242 5653 incarnatus
2268 5608 2370 5653 cat.

867 5718 894 5745 ⁸
926 5706 1217 5777 Gregorius
1243 5718 1381 5777 papa
1398 5703 1457 5761 ln
1478 5704 1625 5763 hom.
1647 5704 1737 5774 26,
1764 5723 1911 5763 num.
1939 5707 1997 5765 2.

2368 3066 2416 3128 C

2428 1844 2605 1901 neque
2630 1832 2922 1901 ingenitus,
2961 1831 3087 1901 quia
3118 1847 3224 1885 non
3251 1838 3335 1886 est
3354 1828 3547 1894 Pater;
3576 1844 3676 1884 nec
3697 1826 3874 1884 factus
3899 1828 4029 1899 Spi-

2426 1922 2567 1978 ritus
2595 1930 2835 1991 sanctus,
2866 1938 2993 1999 quia
3016 1936 3123 1977 non
3148 1929 3233 1977 est
3257 1936 3324 1975 ex
3359 1919 3550 1988 nihilo,
3577 1918 3673 1975 sed
3701 1934 3768 1975 ex
3791 1918 3902 1974 Deo
3920 1919 4030 1975 Pa-

2428 2023 2515 2072 tre
2541 2026 2599 2073 et
2626 2016 2737 2073 Deo
2759 2016 2898 2071 Filio
2920 2016 3064 2072 Deus
3092 2014 3414 2085 procedens.
3454 2033 3472 2065 ι

2500 2106 2740 2162 Isidorus
2782 2120 2999 2176 quoque
3043 2105 3109 2160 de
3146 2103 3499 2176 processione
3526 2101 3764 2170 Spiritus
3790 2102 3967 2157 sancti
3997 2118 4031 2156 ιι

2431 2198 2594 2255 Patre
2621 2206 2677 2253 et
2704 2197 2842 2253 Filio
2870 2199 2927 2253 in
2956 2198 3188 2269 septimo
3221 2194 3689 2267 Etymologiarum
3721 2179 3859 2251 libro
3885 2210 4030 2264 pne-

2432 2290 2609 2347 dictos
2638 2289 2914 2359 sequendo
2941 2288 3135 2343 Patres
3160 2288 3215 2344 in
3243 2287 3405 2342 tertio
3431 2287 3507 2340 ait
3529 2286 3764 2356 capitulo
3789 2304 3800 2339 :
3846 2305 3863 2336 ι
3901 2285 4033 2355 Spi-

2434 2384 2573 2437 ritus
2617 2390 2836 2436 sanctus
2866 2381 2989 2435 ideo
3029 2380 3356 2450 praedicatur
3398 2377 3562 2443 Deus,
3606 2380 3733 2449 quia
3776 2392 3838 2431 ex
3870 2378 4039 2435 Patre

2436 2471 2681 2541 Filioque
2710 2470 2974 2541 procedit,
2999 2478 3055 2525 et
3078 2468 3441 2524 substantiam
3468 2482 3586 2538 ejus
3631 2468 3812 2523 habet.
3845 2467 4041 2539 Neque

2437 2565 2582 2619 enim
2606 2564 2672 2619 de
2697 2562 2860 2618 Patre
2894 2563 3192 2634 procedere
3216 2562 3415 2634 potuit,
3437 2576 3599 2632 quam
3636 2563 3779 2632 quod
3810 2565 3925 2631 ipse
3952 2570 4044 2621 est

2442 2656 2625 2712 Pater.
2659 2676 2680 2709 ι
3260 2680 3263 2683 λ

2514 2752 2769 2807 Boethius
2797 2765 3013 2821 quoque
3033 2750 3117 2803 vir
3140 2748 3197 2803 in
3222 2746 3441 2815 divinis,
3486 2763 3588 2803 nec
3613 2763 3719 2803 non
3757 2757 3813 2802 et
3838 2748 3893 2802 in
3916 2747 4045 2817 phi-

2442 2843 2735 2914 losophieis
2777 2840 3144 2903 voluminibus
3170 2841 3439 2907 eruditus,
3481 2839 3535 2894 in
3584 2839 3724 2895 libro
3770 2854 3931 2909 quem
3975 2841 4045 2894 de

2445 2939 2653 3000 unitate
2680 2936 2996 2993 substantia:
3023 2932 3200 2989 Patris
3222 2940 3279 2988 et
3304 2931 3432 2988 Filii
3456 2942 3622 3003 atque
3656 2932 3888 3004 Spiritus
3916 2947 4045 2986 san-

2444 3028 2520 3083 eti
2541 3027 2883 3095 conscripsit,
2914 3022 3168 3093 praefatos
3188 3021 3243 3075 in
3266 3022 3547 3078 catholicae
3567 3021 3692 3077 ﬁdei
3715 3023 3897 3092 regula
3919 3023 4049 3078 imi-

2449 3118 2612 3171 tando
2638 3118 2781 3171 viros
2807 3126 3063 3182 testatur,
3109 3116 3255 3187 quod
3296 3114 3534 3188 Spiritus
3576 3124 3798 3172 sanctus
3822 3130 3855 3169 a
3883 3113 4048 3169 Patro

2447 3207 2768 3278 proceditet
2794 3207 2933 3262 Filio
2961 3209 3037 3262 ita
3079 3208 3303 3263 dicens:
3349 3226 3367 3259 ι
3406 3208 3593 3278 Neque
3621 3207 3917 3263 accessisse
3939 3207 4049 3262 dici

2448 3308 2627 3368 potest
2648 3299 2848 3369 aliquid
2879 3300 3012 3366 Deo,
3057 3310 3117 3354 ut
3144 3300 3308 3354 Pater
3341 3299 3534 3366 ﬁeret;
3576 3315 3684 3355 non
3709 3300 3853 3354 enim
3882 3298 4051 3369 coupit

2450 3402 2573 3447 esse
2604 3407 2839 3461 unquam
2866 3390 3132 3455 Pater,eo
3148 3392 3292 3461 quod
3326 3390 3809 3446 consubstantialis
3833 3390 4052 3458 quidem

2451 3484 2503 3541 ci
2525 3494 2606 3539 est
2626 3485 2911 3556 productio
2933 3484 3080 3549 Filii,
3103 3484 3332 3539 relativa
3352 3500 3480 3542 vero
3500 3485 3818 3556 prmdicatio
3838 3484 4049 3539 Patris:

2454 3593 2519 3633 ac
2546 3578 2593 3633 si
2624 3577 3035 3632 meminerimus
3057 3576 3297 3631 omnium
3323 3576 3377 3629 in
3399 3576 3677 3645 prioribus
3700 3576 3766 3630 de
3788 3575 3901 3630 Deo
3929 3589 4053 3630 sen-

2455 3670 2773 3733 tentiarum,
2803 3669 2880 3722 ita
2910 3669 3207 3738 cogitemus
3234 3668 3568 3738 processisse
3590 3668 3808 3736 quidem
3844 3682 3913 3723 ex
3944 3668 4055 3722 Deo

2456 3762 2619 3817 Patre
2639 3760 2834 3815 Filium
2856 3759 3046 3824 Deum,
3066 3768 3119 3814 et
3135 3774 3202 3813 ex
3224 3760 3470 3830 utrisque
3486 3759 3749 3829 Spiritum
3771 3768 4053 3825 sanctum;

2458 3853 2558 3909 hos
2586 3853 2845 3924 quoniam
2867 3850 3235 3923 incmporaks
3258 3851 3386 3915 sint,
3422 3852 3647 3905 minime
3669 3850 3803 3905 locis
3828 3850 4055 3906 distare.

2459 3944 2724 4010 Quoniam
2755 3957 2883 3997 vero
2922 3942 3085 3997 Pater
3126 3940 3301 4007 Deus,
3330 3952 3386 3996 et
3417 3930 3587 3996 Filius
3630 3942 3793 4006 Deus,
3837 3942 3980 3996 Deus
4004 3950 4061 3996 et

2463 4036 2699 4106 Spiritus
2735 4043 2999 4100 sanctus;
3041 4033 3186 4088 Deus
3224 4049 3354 4090 vero
3385 4032 3563 4088 nullas
3594 4033 3759 4089 habet
3804 4032 4058 4088 dideren-

2465 4130 2588 4194 tias,
2619 4127 2817 4195 quibus
2842 4124 3059 4182 diderat
3099 4126 3168 4180 ab
3196 4124 3329 4192 Deo,
3372 4141 3404 4180 a
3450 4125 3595 4180 nullo
3622 4139 3810 4180 eorum
3841 4124 4058 4190 dill'ert;

2462 4216 2783 4273 dilferentize
2827 4231 2957 4273 vero
2993 4217 3084 4273 ubi
3129 4216 3363 4281 absunt,
3413 4216 3567 4271 abest
3613 4216 3928 4285 pluralitas;
3966 4215 4061 4273 ubi

2465 4310 2621 4365 abest
2644 4307 2947 4379 piuralitas,
2977 4309 3131 4364 adest
3157 4309 3368 4374 unitas;
3392 4308 3526 4363 nihil
3544 4318 3728 4365 autem
3748 4309 3894 4365 aliud
3916 4309 4063 4383 gigni

2395 4443 2444 4505 υ
2465 4402 2641 4473 potuit
2667 4416 2734 4456 ex
2764 4402 2900 4467 Deo,
2936 4402 3039 4455 nisi
3066 4400 3231 4457 Deus.
3272 4422 3291 4454 ο

2538 4500 2821 4555 Pascusius
2852 4514 3071 4570 quoque
3093 4502 3151 4553 in
3176 4498 3375 4562 libello,
3406 4514 3565 4569 quem
3598 4498 3674 4554 De
3714 4497 3918 4567 Spiritu
3942 4516 4063 4554 san-

2466 4601 2555 4648 cto
2578 4594 2931 4662 conscripsit,
2966 4600 3197 4646 testatur
3223 4592 3249 4632 ιι
3277 4592 3421 4661 quod
3454 4592 3521 4645 ab
3548 4592 3825 4657 unigenito
3855 4591 3948 4645 Dei
3976 4592 4060 4645 lii-

2468 4686 2561 4751 lio,
2593 4688 2682 4756 qui
2715 4695 2798 4740 est
2825 4686 3061 4739 Verbum
3100 4684 3301 4747 Patris,
3337 4683 3572 4751 Spiritus
3600 4694 3821 4737 sanctus
3848 4698 4066 4755 pregre.

2470 4780 2638 4833 ditur.
2670 4779 2733 4832 Hi
2775 4779 2941 4848 igitur
2966 4777 3058 4847 qui
3084 4776 3346 4844 Spiritum
3378 4783 3623 4831 sanctum
3652 4792 3683 4827 a
3713 4774 3851 4827 Filio
3880 4791 4067 4845 proce-

2472 4871 2600 4925 dere
2626 4869 2829 4924 idcirco
2856 4884 3057 4938 negare
3089 4876 3377 4931 conantur,
3416 4867 3541 4934 quia
3587 4866 3837 4921 Sah'ator
3864 4879 4064 4930 noster,

2470 4962 2600 5017 utin
2614 4959 2907 5031 Evangelio
2930 4961 3226 5013 secundum
3247 4957 3510 5012 Joannem
3540 4959 3751 5027 legitur,
3776 4960 3843 5013 de
3866 4958 4067 5028 Spiritu

2472 5063 2662 5109 sancto
2681 5053 2998 5122 pronuntiat
3023 5052 3250 5107 dicendo
3278 5072 3291 5104 :
3336 5051 3565 5120 Spiritus
3588 5052 3677 5120 qui
3707 5069 3736 5104 a
3763 5048 3924 5105 Patre
3950 5070 4068 5120 pro-

2473 5148 2629 5212 cedit,
2653 5146 2742 5201 ille
2763 5147 3115 5199 testimonium
3142 5145 3423 5214 perhibebit
3443 5147 3508 5199 de
3535 5162 3613 5197 me
3637 5146 3821 5217 (Joan.
3846 5161 3934 5209 xv,
3955 5146 4068 5214 26),

2474 5238 2697 5291 audiant
2718 5237 2850 5304 quid
2872 5237 3065 5291 beatus
3082 5236 3416 5303 Augustinus
3436 5238 3749 5305 prmscripta
3775 5238 3939 5290 etiam
3956 5250 4072 5289 san-

2476 5329 2548 5382 cti
2580 5327 2855 5398 Evangelii
2884 5329 3051 5381 verba
3078 5328 3133 5379 in
3158 5326 3297 5381 libro
3326 5343 3392 5379 xv
3418 5329 3485 5381 de
3512 5327 3776 5380 Trinitate
3798 5341 4072 5396 exponens

2475 5436 2602 5476 xxvx
2629 5421 2867 5491 capitulo
2889 5421 3043 5483 dicit,
3069 5421 3143 5474 ait
3172 5422 3317 5474 enim
3337 5422 3421 5475 sic
3456 5420 3646 5491 (Nam.
3672 5421 3794 5492 38).:
3829 5440 3846 5470 ‹
3876 5421 4071 5474 Verum

2474 5516 2599 5583 quia
2629 5513 2683 5566 in
2714 5512 2799 5565 illa
2822 5521 3096 5567 comterna
3122 5522 3177 5565 et
3203 5511 3397 5582 aequali
3431 5523 3485 5567 et
3510 5511 3833 5581 incorporali
3864 5522 3919 5565 et
3941 5513 4071 5566 incf,

2477 5605 2714 5661 fabiliter
2742 5605 3066 5659 immutabili
3098 5616 3261 5675 atque
3300 5606 3649 5677 inseparabili
3679 5604 3940 5661 Trinitate
3969 5606 4069 5661 dif-

2548 5717 2577 5757 ιι
2604 5711 2960 5782 Paschasius,
2987 5711 3085 5772 lib.
3114 5733 3154 5785 ι,
3189 5732 3308 5787 cap.
3344 5718 3428 5772 to.
