4346 6686
175 500 243 557 ’Π
930 494 1349 555 DOGMATICA.
1390 526 1460 537 -—-
1496 494 1622 550 LIB.
1669 493 1755 547 DE
1796 487 2272 547 PROCESSIONE
2316 489 2372 545 S.
2415 478 2757 543 SPIRITUS.
3396 472 3465 540 18

174 613 476 671 llcillimum
515 618 627 677 est,
672 608 1078 682 generationem
1123 627 1155 666 a
1194 609 1546 683 processione
1585 609 1774 664 distin—
1805 611 1850 669 Α
1881 606 1960 661 sic
1989 620 2019 661 a
2049 607 2227 677 seipso
2268 614 2489 677 propter
2532 601 3009 660 demonstrandam
3052 600 3213 656 unius
3260 608 3471 657 natura:

172 720 361 778 suere,
397 702 631 763 sufﬁciat
671 702 892 760 interim
934 703 1016 759 eis
1063 704 1155 774 qui
1213 703 1434 759 extendi
1462 718 1570 758 non
1597 700 1781 756 valent

173 797 430 871 amplius,
466 796 525 851 id
544 796 688 867 quod
713 797 781 851 de
807 794 913 852 hac
933 810 995 851 re
1024 794 1081 851 in
1110 794 1621 865 sermonequodam
1646 807 1779 864 pro-

170 887 400 945 ferendo
425 889 494 944 ad
515 902 677 944 aures
701 886 883 959 populi
921 885 1217 942 Christiani
1248 888 1485 942 diximus
1506 926 1520 951 ,
1547 885 1781 940 dictum-

168 996 282 1056 que
309 979 755 1052 conscripsimus.
774 976 926 1033 lnter
945 984 1144 1032 caztera
1169 978 1339 1041 enim,
1368 992 1490 1034 cum
1512 990 1612 1046 per
1633 973 1780 1030 Scri-

171 1080 464 1144 pturarum
492 1075 806 1125 sanctarum
845 1066 1156 1123 testimonia
1179 1067 1509 1129 docuissem,
1537 1066 1603 1121 de
1625 1073 1780 1121 utro-

171 1176 283 1234 que
325 1160 625 1233 procedere
664 1157 928 1229 Spiritum
965 1166 1235 1223 sanctum,
1263 1159 1308 1212 si
1340 1172 1493 1229 ergo,
1533 1157 1776 1227 inquam,

169 1260 228 1309 et
252 1252 323 1309 de
348 1251 511 1308 Patre
550 1258 609 1307 et
647 1248 790 1306 Filio
830 1249 1079 1322 procedit
1114 1246 1352 1319 Spiritus
1396 1256 1651 1315 sanctus,
1682 1252 1781 1304 our

167 1343 348 1401 Filius
394 1342 567 1411 dicit:
610 1340 689 1397 De
734 1338 901 1396 Patre
939 1340 1226 1413 procedit!
1273 1339 1386 1396 Cur
1434 1350 1627 1411 putas,
1674 1341 1778 1396 nisi

168 1436 636 1510 quemadmodum
666 1434 805 1493 solet
830 1435 897 1490 ad
920 1449 1048 1491 eum
1079 1433 1308 1502 referre,
1335 1442 1391 1491 et
1426 1436 1573 1507 quod
1609 1436 1782 1507 ipsius

167 1535 279 1594 est,
303 1526 372 1584 de
395 1542 507 1598 quo
530 1534 589 1582 et
611 1526 725 1596 ipse
748 1526 872 1581 est?
900 1526 1053 1583 Unde
1073 1526 1204 1582 illud
1228 1534 1332 1594 est,
1354 1530 1502 1597 quod
1523 1529 1597 1583 ait
1615 1566 1634 1591 ,
1658 1527 1786 1584 Mea

164 1619 420 1677 doctrina
455 1635 563 1673 non
591 1626 667 1673 est
692 1634 840 1684 mea,
878 1617 969 1671 sed
1002 1618 1122 1687 ejus
1148 1620 1239 1689 qui
1268 1634 1350 1672 me
1376 1618 1519 1673 misit
1572 1618 1777 1689 (Joan.

168 1726 272 1778 vn,
300 1702 421 1783 16);
460 1711 506 1765 si
532 1710 697 1782 igitur
721 1708 811 1764 hic
833 1707 1158 1781 intelligitur
1174 1708 1295 1779 ejus
1322 1709 1593 1775 doctrina,
1616 1724 1780 1780 quam

164 1811 358 1862 tamen
384 1801 525 1859 dixit
549 1816 659 1856 nou
684 1816 861 1865 suam,
881 1800 977 1856 sed
1000 1800 1214 1867 Patris;
1238 1809 1446 1872 quanto
1476 1800 1651 1873 magis
1673 1800 1781 1859 illic

1881 695 2151 754 Deitatem
2181 712 2287 753 non
2332 696 2588 766 loquitur,
2621 704 2683 750 ut
2724 702 2902 750 tamen
2931 708 3051 762 qua:
3092 691 3332 764 loquitur
3353 688 3473 763 eius

1878 803 2021 853 esse,
2066 796 2121 844 ct
2154 803 2260 844 non
2292 788 2468 843 aliena
2514 788 2825 853 credantur,
2870 786 3045 842 Lucas
3091 784 3359 857 loquendo
3404 784 3473 841 dc

1880 881 2138 951 apostolis
2190 888 2425 935 testatur
2473 880 2694 935 dicens:
2736 878 3012 949 Coeperunt
3057 878 3277 949 apostoli
3330 877 3473 950 loqui

1880 973 2001 1029 aliis
2024 974 2235 1044 linguis,
2253 985 2409 1045 prout
2426 971 2655 1044 Spiritus
2676 973 2833 1027 dabat
2851 971 2958 1025 illis
2973 971 3142 1043 eloqui
3159 969 3295 1043 (κίτι.
3310 987 3371 1035 ιι,
3390 970 3469 1040 4).

1882 1066 1947 1120 Et
1992 1066 2046 1120 in
2088 1064 2417 1136 Evangelio:
2462 1063 2587 1118 Non
2615 1065 2752 1117 enim
2796 1080 2883 1118 tros
2916 1065 3036 1117 estis
3062 1063 3151 1134 qui
3177 1062 3474 1134 loquimini,

1880 1158 1971 1212 sed
1999 1156 2230 1229 Spiritus
2260 1156 2434 1211 Patris
2462 1157 2615 1211 vestri
2640 1157 2729 1228 qui
2754 1155 3057 1228 loquiturin
3087 1157 3227 1210 vobis
3255 1153 3473 1225 (Matth.

1882 1265 1937 1310 x,
1960 1247 2072 1319 2‘2).
2103 1246 2277 1303 Habet
2306 1262 2439 1319 ergo
2465 1248 2578 1317 ipse
2601 1246 2879 1319 propriam
2899 1246 3044 1301 fandi
3070 1244 3472 1307 auctoritatem.

1882 1340 1975 1408 qui
2014 1337 2243 1395 liberam
2280 1339 2493 1394 caeteris
2512 1338 2768 1409 loquendi
2795 1338 2984 1393 tribuit
3012 1337 3365 1393 facultatem:
3407 1335 3478 1389 ab

1881 1429 2199 1501 operatione
2225 1438 2405 1485 autem
2427 1438 2485 1487 et
2512 1431 2750 1502 potentia
2774 1440 2938 1501 atque
2957 1431 3200 1486 bonitate
3226 1428 3404 1484 Patris
3424 1436 3478 1483 et

1880 1520 2152 1576 Filii'esse
2174 1535 2284 1576 non
2309 1529 2488 1592 potest
2515 1521 2758 1587 alienus,
2789 1522 2879 1592 qui
2912 1536 3034 1575 eum
3063 1518 3227 1575 Patre
3262 1528 3317 1575 et
3339 1518 3479 1575 Filio

1883 1612 2312 1670 substantialiter
2343 1613 2605 1669 unitatem
2633 1614 2875 1684 possidet
2914 1613 3175 1679 Deitatis,
3204 1612 3334 1668 licet
3370 1611 3478 1667 dis-

1884 1708 2111 1763 tinctam
2131 1704 2331 1761 habeat
2355 1705 2409 1760 in
2432 1706 2765 1776 proprietate
2792 1720 3101 1777 personam.

2522 1818 2753 1875 CAPUT
2790 1817 2855 1874 Il.

165 1895 559 1967 intelligendas
592 1902 700 1960 (τείν
727 1900 782 1986 βε
820 1894 888 1986 ἀς
916 1893 1034 1964 ipso
1053 1893 1350 1986 Procede”
1389 1891 1627 1986 δΡίτίιξξε
1655 1908 1782 1947 sm"
1813 1978 1855 1986 _
1890 1913 1964 1968 De
1991 1931 2051 1968 eo
2077 1913 2217 1986 quod
2241 1912 2474 1986 Spiritus
2494 1922 2707 1986 sanctus
2725 1912 2910 1986 Patris
2938 1923 2987 1969 et
3010 1910 3142 1986 ilii
3173 1909 3401 1985 Spintus
3425 1914 3481 1967 in

160 1999 317 2057 ctus,
345 1988 439 2045 ubi
467 1987 549 2044 sic
574 1986 691 2042 ait:
730 1985 808 2041 De
844 1983 1007 2041 Patre
1034 1985 1293 2057 procedit,
1323 1992 1385 2038 ut
1411 1998 1519 2038 non
1548 1983 1778 2050 diceret,
1813 1978 1861 2039 Β

120 2085 125 2090 ’
163 2083 238 2138 de
269 2095 357 2136 me
392 2095 501 2134 non
526 2076 819 2149 procedit?
856 2093 888 2131 a
936 2090 1045 2146 quo
1088 2075 1261 2141 enim,
1304 2081 1367 2129 ut
1404 2074 1779 2147 praediximus,

162 2173 341 2230 habet
364 2171 560 2235 Filius,
589 2178 649 2227 ut
683 2169 756 2225 sit
792 2168 938 2224 Deus
964 2165 1072 2239 (est
1096 2166 1243 2222 enim
1269 2164 1338 2221 de
1356 2165 1469 2221 Deo
1493 2163 1682 2235 Deus),
1713 2163 1784 2221 ab

164 2265 265 2321 illo
294 2263 460 2321 habet
481 2263 693 2334 utique,
718 2270 779 2316 ut
814 2261 981 2317 etiam
1020 2259 1086 2315 de
1128 2258 1220 2314 illo
1245 2256 1510 2329 procedat
1544 2255 1783 2327 Spiritus

165 2365 432 2414 sanctus:
473 2370 540 2410 ac
576 2369 675 2425 per
713 2354 819 2408 hoc
866 2352 1101 2422 Spiritus
1127 2357 1371 2415 sanctus,
1411 2355 1474 2404 ut
1517 2348 1683 2405 etiam
1714 2349 1783 2405 de

168 2446 313 2502 Filio
337 2444 623 2517 procedat.
649 2443 792 2500 sicut
817 2441 1066 2514 procedit
1086 2440 1155 2496 de
1181 2438 1363 2505 Patre,
1386 2438 1459 2493 ab
1480 2438 1598 2509 ipso
1617 2439 1783 2494 habet

171 2538 367 2596 Patre.
393 2558 415 2593 ι

242 2628 397 2687 Idem
442 2643 571 2686 vero
612 2627 848 2698 Spiritus
891 2636 1142 2692 sanctus,
1187 2626 1279 2696 qui
1326 2626 1488 2682 unius
1514 2626 1783 2698 ejusdem—

168 2741 282 2798 que
307 2732 394 2780 est
423 2737 549 2779 cum
582 2721 746 2777 Patre
775 2730 832 2777 et
863 2719 1003 2777 Filio
1032 2720 1373 2787 substantiae,
1400 2720 1559 2785 licet,
1602 2725 1665 2775 ut
1698 2734 1784 2775 se-

168 2816 415 2874 cundum
439 2814 635 2870 divinat
657 2813 954 2886 Scriptura:
967 2813 1347 2869 auctoritatem
1369 2821 1426 2867 et
1446 2812 1782 2867 eruditorum

172 2909 233 2967 in
253 2910 435 2968 sacris
458 2908 825 2965 voluminibus
854 2906 1203 2962 traditionem
1232 2906 1473 2961 virorum
1506 2912 1784 2960 monstra-

174 3003 384 3069 vimus,
430 3010 657 3073 propter
693 2999 955 3054 unitatem
1008 2997 1177 3068 ipsius
1217 3013 1342 3052 cum
1371 2995 1533 3051 Patre
1564 3009 1620 3051 et
1646 2996 1786 3051 Filio

174 3093 522 3160 substantiae,
552 3100 608 3147 et
647 3100 870 3163 propter
914 3088 1337 3159 inseparabilem
1375 3092 1579 3142 sancta:
1606 3085 1785 3141 Trini—

176 3187 309 3246 tatis
330 3194 609 3250 naturam,
640 3183 993 3245 voluntatem,
1028 3181 1303 3245 virtutem,
1333 3179 1706 3251 operationem
1728 3179 1786 3234 in

177 3279 291 3337 alio
310 3286 473 3350 atque
498 3276 605 3332 alio
635 3276 755 3330 loco
776 3274 1013 3344 Spiritus
1036 3272 1129 3327 Dei
1158 3272 1336 3327 Patris
1364 3280 1419 3327 et
1438 3271 1642 3347 Christi
1665 3270 1784 3342 Spi-

2265 1979 2456 2039 dim'nis
2485 1984 2835 2039 voluminibus
2861 1979 3096 2038 vocatur.

1956 2076 2194 2149 Spiritus
2224 2086 2449 2131 sanctus
2468 2117 2483 2142 ,
2512 2077 2606 2146 qui
2632 2075 2783 2131 Patri
2824 2083 2883 2130 et
2917 2075 3056 2132 Filio
3083 2075 3373 2147 coaequalis
3399 2083 3481 2133 est

1883 2174 1941 2223 et
1964 2173 2300 2232 comternus,
2333 2167 2387 2221 in
2422 2166 2692 2237 aliquibus
2735 2165 3030 2238 Scriptura:
3073 2166 3207 2224 locis
3247 2165 3483 2239 Spiritus

1884 2260 2090 2326 Patris;
2117 2261 2171 2315 in
2194 2260 2465 2330 aliquibus
2483 2274 2616 2315 vero
2634 2268 2858 2330 propter
2876 2262 3139 2317 unitatem
3162 2262 3483 2329 voluntatis,

1882 2352 2190 2424 potestatis,
2217 2353 2563 2418 aeternitatis,
2593 2351 2912 2408 substantiae
2940 2361 3142 2409 sanctae
3172 2353 3483 2418 Trinitatis,

1885 2443 2125 2516 Spiritus
2152 2442 2357 2500 Christi
2384 2452 2636 2499 vocatur.
2730 2460 2733 2465 '

1955 2537 2155 2595 Beatus
2181 2538 2328 2594 enim
2355 2536 2571 2604 Petrus,
2597 2545 2660 2593 ut
2678 2537 2931 2593 eumdem
2951 2536 3217 2608 Spiritum
3236 2545 3485 2594 sanctum

1884 2629 2089 2685 Christi
2109 2644 2232 2686 esse
2253 2636 2606 2696 monstraret,
2631 2630 2685 2684 in
2712 2629 2888 2699 prima
2914 2627 3178 2700 Epistola,
3204 2643 3367 2699 quam
3394 2630 3483 2685 his

1887 2722 1980 2793 qui
2008 2737 2074 2776 ex
2106 2720 2524 2776 circumcisione
2561 2721 2948 2786 crediderant,
2980 2720 3231 2793 scripsit,
3260 2723 3327 2777 de
3353 2736 3486 2794 pro-

1887 2816 2067 2885 phetis
2096 2814 2344 2887 loquens,
2373 2816 2445 2871 ita
2472 2817 2788 2887 pronuntiat
2818 2835 2829 2869 :
2857 2815 3135 2871 Exsultate
3162 2816 3343 2871 la'titia
3368 2817 3486 2871 ine-

1889 2908 2146 2962 narrabili
2173 2919 2219 2962 et
2247 2909 2600 2977 honoriﬁcam
2631 2908 2931 2979 recipientes
2966 2908 3125 2977 ﬁnem
3152 2907 3277 2979 ﬁdei
3304 2918 3486 2963 restria

1888 3002 2113 3056 salutem
2161 3002 2459 3055 animarum
2482 3042 2496 3066 ,
2526 3001 2591 3055 de
2617 3016 2720 3073 qua
2747 2999 2917 3055 salute
2944 3000 3302 3072 exquisierunt
3334 3008 3486 3072 atque

1888 3097 2110 3151 scrutati
2136 3103 2259 3149 sunt
2282 3095 2572 3165 prophetia,
2617 3093 2708 3166 qui
2747 3093 2812 3147 de
2853 3092 3035 3164 futura
3062 3093 3118 3147 in
3143 3094 3282 3147 vobis
3310 3094 3485 3164 gratia

1889 3186 1990 3240 Dei
2016 3183 2475 3257 prophetauerunt,
2506 3195 2798 3239 scrutantes
2825 3185 2879 3238 in
2900 3188 3040 3255 quod
3060 3183 3137 3239 rel
3162 3184 3317 3257 quale
3355 3174 3486 3239 tem;

1890 3294 1987 3349 pus
2032 3276 2387 3350 signiﬁcaret,
2434 3278 2524 3348 qui
2565 3277 2619 3330 in
2670 3278 2744 3331 eis
2799 3286 2913 3331 erat
2942 3317 2956 3343 ,
3010 3273 3238 3347 Spiritus
3290 3274 3490 3331 Christi

176 3373 324 3429 ritus
347 3368 674 3442 appellatur,
704 3374 761 3423 et
789 3367 858 3423 ab
900 3365 1145 3435 utrisque
1174 3365 1472 3434 procedere
1510 3366 1707 3421 dicitur
1731 3374 1787 3419 et
1814 3355 1861 3417 C
1894 3371 1948 3441 (1
1982 3372 2125 3427 Petr.
2158 3388 2194 3435 ι,
2233 3370 2342 3441 lli).

174 3465 406 3523 missus.
447 3463 548 3519 Est
590 3473 774 3517 tamen
816 3474 980 3514 verus
1030 3457 1172 3512 Deus
1215 3456 1440 3526 aequalis
1476 3472 1574 3527 per
1602 3457 1786 3512 omnia

176 3557 334 3615 Patri
365 3564 424 3611 et
456 3554 596 3611 Filio
624 3554 925 3618 voluntate,
968 3558 1260 3622 potestate,
1305 3550 1629 3617 aeternitate,
1662 3552 1787 3605 sub-

1960 3462 2161 3518 Beatus
2209 3462 2460 3517 similiter
2498 3460 2698 3517 Paulus
2739 3477 2793 3515 in
2842 3461 3067 3531 epistola
3107 3462 3173 3516 ad
3215 3460 3489 3519 Romanos

1890 3571 2023 3611 xvru
2055 3554 2290 3626 capitulo
2318 3555 2493 3625 inquit
2524 3574 2536 3608 :
2566 3552 2624 3610 Si
2652 3554 2769 3626 quis
2811 3564 2984 3609 autem
3012 3552 3265 3624 Spiritum
3293 3551 3491 3609 Christi

176 3649 408 3707 stantia.
436 3647 512 3703 De
559 3660 667 3717 quo
707 3644 1004 3716 Gregorius
1045 3642 1422 3698 Nazianzenus
1467 3643 1523 3697 in
1565 3642 1787 3712 praefata
1891 3666 1997 3703 non
2018 3648 2189 3712 habet,
2219 3647 2303 3702 hic
2332 3663 2437 3703 non
2464 3656 2540 3702 est
2562 3648 2676 3718 ejus
2708 3644 2886 3717 (Rom.
2918 3661 3014 3700 vm
3037 3686 3052 3711 ,
3085 3644 3161 3707 9).
3191 3643 3259 3700 Et
3288 3647 3486 3702 iterum

180 3740 318 3797 dicit
339 3737 562 3794 homilia
588 3754 601 3791 :
646 3750 670 3777 ο
704 3755 725 3789 ‹
762 3736 999 3807 Spiritus
1036 3743 1258 3790 sanctus
1285 3736 1396 3789 vita
1422 3743 1507 3791 est
1533 3744 1589 3791 et
1616 3734 1791 3789 viviﬁ-
1892 3741 2036 3797 idem
2064 3741 2314 3812 egregius
2341 3738 2596 3795 Gentium
2621 3737 2824 3795 Doctor
2860 3738 2915 3793 in
2946 3736 3172 3809 cpistola
3219 3739 3284 3792 ad
3316 3736 3481 3793 Gala-

178 3849 341 3901 caus,
367 3831 460 3887 lux
480 3841 537 3887 et
564 3830 899 3895 illuminans,
923 3829 1100 3885 bonus
1122 3838 1179 3884 et
1204 3827 1366 3900 753
1392 3829 1607 3885 bonitas
1632 3848 1645 3883 :
1670 3828 1793 3900 Spi-
1894 3842 1980 3889 tas
2007 3847 2138 3887 xvm
2163 3830 2400 3901 capitulo
2425 3830 2675 3886 eumdem
2705 3828 2970 3900 Spiritum
3010 3826 3263 3883 sanctun’i
3287 3828 3479 3898 unigeo

180 3928 328 3984 ritus
357 3930 564 3989 rectus,
609 3922 848 3993 Spiritus
893 3921 1229 3994 principalis,
1274 3921 1367 3992 qui
1403 3932 1488 3977 est
1531 3922 1793 3977 Dominus
1891 3926 1995 3979 niti
2040 3923 2163 3980 Filii
2214 3925 2309 3979 Dei
2362 3922 2625 3994 Spiritum
2682 3937 2803 3979 esse
2854 3928 3111 3991 testatur,
3143 3922 3217 3975 ita
3258 3920 3486 3977 dicens:

182 4016 459 4081 omnium,
483 4015 705 4069 mittens
736 4011 1031 4083 apostolos,
1058 4027 1319 4082 separans
1347 4012 1453 4068 sibi
1480 4013 1789 4076 ministros,
1897 4017 2042 4072 Misit
2074 4017 2213 4073 Deus
2240 4016 2493 4089 Spiritum
2528 4016 2660 4071 Filii
2687 4018 2770 4073 sui
2799 4019 2855 4072 in
2888 4017 3050 4072 corda
3078 4026 3280 4073 nostra.
3305 4018 3360 4073 in
3391 4035 3493 4089 quo

182 4108 399 4179 templa
426 4104 531 4162 sibi
562 4105 680 4175 ipse
710 4104 1046 4161 constituens
1072 4119 1087 4168 ;
1128 4102 1404 4173 inspirans
1433 4102 1526 4158 ubi
1555 4102 1688 4169 vult,
1714 4104 1795 4158 di-
1895 4146 1898 4164 ,

1212 4103 1404 4173 ιρὶνᾶηε
1433 4102 1526 4158 ubi
1555 4102 1688 4169 Vult,
1714 4104 1795 4158 ἀί·
1895 4112 2184 4167 clamamus
2212 4111 2357 4167 Abba
2382 4106 2548 4167 Pater
2570 4110 2715 4185 (Gal.
2750 4127 2824 4177 ιν,
2853 4108 2928 4183 6).

184 4201 384 4260 videns
408 4196 738 4260 donationis,
769 4196 996 4267 spiritus
1023 4195 1292 4260 veritatis,
1330 4195 1554 4265 spiritus
1579 4195 1797 4265 sapien-
1966 4203 2078 4259 Leo
2102 4203 2351 4260 similiter
2375 4218 2512 4274 papa
2544 4203 2598 4257 in
2628 4200 2850 4257 hemina
2871 4242 2886 4267 ,
2932 4215 3098 4271 quam
3140 4201 3205 4255 de,
3256 4199 3492 4255 adventu

184 4292 282 4349 tite
309 4298 367 4348 et
393 4287 726 4353 intellectus,
752 4295 808 4343 et
832 4286 1097 4353 scientiis,
1132 4294 1189 4341 et
1223 4284 1465 4357 pietatis,
1504 4293 1558 4341 et
1586 4286 1797 4342 consilii
1898 4308 1900 4318 ι

1780 4286 1797 4341 ἱ
1898 4295 2135 4368 Spiritus
2172 4298 2342 4353 sancti
2384 4311 2548 4367 super
2589 4294 2864 4367 apostolos
2892 4294 3147 4365 scripsit,
3196 4309 3490 4350 consonam

184 4396 247 4441 et
275 4383 520 4448 virtutis,
542 4388 599 4437 et
629 4381 838 4437 timoris
868 4380 996 4447 Dei,
1034 4394 1135 4451 per
1176 4395 1339 4452 quem
1366 4378 1529 4435 Pater
1552 4380 1799 4451 agnosci-
1899 4392 1900 4398 ‘

1779 4409 1799 4420 ·
1899 4391 2041 4446 beati
2073 4389 2218 4444 Petri
2250 4389 2590 4445 sermonibus
2610 4388 2679 4444 de
2703 4388 2894 4444 eodem
2921 4395 3112 4445 sancto
3139 4386 3341 4458 Spiritu
3370 4403 3495 4459 pro—

190 4487 307 4542 tur,
335 4482 395 4531 et
416 4472 586 4531 Filius
610 4473 967 4546 gloriﬁcatur,
995 4480 1052 4528 et
1090 4487 1121 4527 a
1161 4472 1359 4542 quibus
1394 4472 1527 4528 solis
1566 4474 1680 4544 ipse
1708 4489 1802 4528 co—
1900 4494 1906 4531 1

1777 4503 1802 4513 -
1900 4481 2023 4536 tulit
2050 4480 2392 4545 sententiam,
2419 4480 2492 4535 ita
2522 4480 2710 4535 dicens
2735 4479 2794 4533 εδ
2825 4497 2843 4531 ‹
2864 4478 2961 4535 Est
2992 4478 3211 4548 quidem
3234 4480 3300 4533 de
3331 4476 3493 4533 Patre

186 4567 515 4642 enascitur;
556 4580 696 4622 unus
739 4566 894 4631 ordo,
926 4580 1067 4621 unus
1092 4565 1305 4630 cultus.
1336 4580 1445 4619 una
1484 4566 1797 4631 veneratio.
1900 4571 2072 4627 Filius
2092 4571 2437 4643 unigenitus,
2463 4580 2517 4626 et
2549 4570 2786 4640 Spiritus
2811 4580 3034 4627 sanctus
3060 4569 3238 4626 Patris
3265 4569 3497 4641 Filiique

190 4674 305 4716 una
334 4657 533 4723 virtus,
577 4672 686 4712 una
731 4656 993 4728 perfectio
1049 4664 1107 4712 et
1140 4655 1517 4712 sanctiﬁcatio.
1560 4656 1629 4710 Et
1670 4658 1800 4727 quid
1828 4724 1870 4735 _
1901 4673 1986 4720 est
2020 4663 2276 4735 Spiritus.
2312 4685 2328 4713 ι
2356 4662 2499 4719 Idem
2526 4678 2739 4734 quoque
2768 4663 2822 4717 in
2851 4663 3089 4719 secunda
3120 4663 3195 4719 ita
3218 4664 3295 4717 ait
3326 4664 3495 4718 hami-

189 4765 335 4823 opus
356 4758 442 4803 est
466 4748 715 4819 pluribus
739 4748 960 4804 verbis?
997 4746 1193 4803 Omnia
1222 4762 1341 4818 quae
1364 4745 1526 4801 Pater
1551 4755 1653 4812 est,
1684 4724 1800 4805 lucc
1828 4724 1875 4783 θ
1905 4757 1973 4810 lia
1998 4771 2013 4809 :
2045 4724 2497 4826 iSempitcrnum
2528 4724 2610 4810 est
2640 4724 2797 4820 Pilio,
2822 4754 3250 4825 intemporaliter
3279 4771 3310 4809 a
3333 4753 3498 4809 Patre

190 4846 288 4896 est
312 4836 502 4903 Filius,
537 4847 765 4909 excepto
793 4853 858 4894 eo
896 4840 1040 4908 quod
1074 4840 1295 4894 innatus
1322 4847 1406 4893 est
1444 4837 1645 4904 Pater;
1687 4839 1803 4895 hinc
1906 4863 2026 4903 esse
2050 4847 2426 4919 progenitum;
2457 4848 2848 4917 sempiternum
2880 4863 3094 4917 quoque
3137 4856 3221 4902 est
3267 4845 3495 4917 Spiritui

191 4940 289 4988 est
318 4928 553 5000 Spiritus
585 4938 827 4995 sanctus,
860 4938 1059 5001 printer
1085 4931 1190 4985 hoc
1224 4931 1366 5000 quod
1410 4938 1570 4985 natus
1599 4938 1683 4985 est
1715 4930 1804 4984 Fi-

1781 4961 1804 4971 -
1907 4947 2116 5005 sancto,
2150 4937 2411 5009 Spiritum
2439 4953 2557 4994 esse
2585 4937 2762 4992 Patris
2787 4947 2842 4992 et
2868 4938 3012 4992 Filii.
3052 4958 3070 4991 ι
3104 4937 3251 4992 Idem
3282 4952 3497 5007 quoque

192 5022 326 5080 lius.
378 5020 486 5077 Sed
523 5021 641 5077 haec
677 5037 785 5077 non
812 5023 1171 5078 substantiam
1220 5031 1494 5093 separant,
1542 5023 1638 5077 sed
1674 5038 1803 5094 erga
1907 5052 1908 5056 η

1780 5038 1803 5077 ἢ
1907 5033 2232 5090 venerabilis
2263 5046 2399 5102 papa
2431 5030 2541 5087 Leo
2574 5032 2627 5086 in
2656 5031 2910 5086 decretali
2950 5030 3205 5102 epistola,
3238 5046 3399 5100 quam
3430 5031 3496 5085 de

196 5115 570 5173 substantiam
606 5116 1008 5172 discernuntur.
1047 5135 1065 5166 ι
1100 5115 1255 5181 Quod
1284 5130 1414 5171 vero
1440 5116 1584 5171 idem
1614 5115 1804 5171 Salva-
1908 5126 1912 5178 ῖ

1777 5146 1804 5158 ο
1908 5125 2251 5196 baptismatis
2273 5126 2531 5193 mysterio
2559 5123 2911 5194 conscripsit,
2943 5122 3203 5192 Spiritum
3226 5129 3493 5189 sanctum,

199 5214 293 5262 tor
334 5212 524 5261 uoster
553 5204 619 5260 de
664 5204 854 5261 eodem
891 5213 1078 5260 sancto
1123 5204 1361 5275 Spiritu,
1406 5215 1467 5262 ut
1513 5207 1568 5262 in
1614 5208 1806 5263 eodem
1911 5223 1915 5269 :

1781 5222 1806 5261 ﬂ
1911 5218 2174 5289 Spiritum
2208 5218 2484 5280 veritatis,
2517 5217 2569 5271 id
2614 5224 2697 5271 cst
2718 5257 2732 5279 ,
2762 5214 2963 5270 Christi
2998 5230 3119 5271 esse
3154 5222 3385 5269 testatur
3413 5214 3497 5269 di—'

202 5297 497 5368 Evangelia
526 5298 824 5355 secundum
852 5296 1115 5354 Joannem
1143 5298 1361 5367 legitur.
1391 5301 1706 5369 pronuntiat
1728 5299 1809 5354 di-
1909 5324 2077 5363 cens:
2113 5327 2132 5359 ι
2159 5308 2293 5364 Cum
2317 5311 2526 5364 venerit
2560 5307 2649 5363 ille
2686 5306 2922 5377 Spiritus
2950 5306 3229 5371 veritatis,
3257 5306 3346 5361 ille
3369 5305 3499 5359 diri-

205 5406 375 5448 ccus:
416 5390 541 5445 Non
569 5390 813 5462 loquetur
836 5408 869 5445 a
895 5390 1169 5461 semetipso
1189 5430 1203 5453 ,
1228 5390 1319 5444 sed
1354 5406 1678 5462 quiscunque
1707 5409 1809 5445 au-
1910 5418 1921 5473 ι

1782 5423 1809 5433 ·-
1910 5409 2001 5474 get
2026 5417 2122 5456 vos
2152 5401 2204 5455 in
2248 5415 2464 5455 omnem
2494 5401 2775 5457 veritatem
2816 5399 2998 5471 (Joan.
3044 5415 3169 5464 xvi,
3218 5398 3323 5469 1'5).
3363 5394 3497 5453 Cum

204 5487 339 5551 diet,
371 5482 636 5557 loquetur,
660 5495 708 5539 et
732 5485 857 5557 quia
884 5486 948 5539 de
973 5501 1086 5539 meo
1114 5486 1330 5554 accipiet
1352 5484 1534 5555 (Joan.
1559 5502 1674 5551 xvr,
1697 5486 1807 5559 l5),
1914 5493 2097 5561 itaque
2128 5492 2332 5546 veritas
2356 5490 2605 5545 Christus
2634 5490 2703 5544 sit
2726 5531 2738 5554 ,
2772 5500 2826 5544 et
2854 5488 3090 5559 Spiritus
3119 5498 3339 5543 sanctus
3378 5486 3503 5557 Spi-

208 5574 280 5633 ad
309 5576 827 5632 deutonstratiOnem
852 5578 1012 5631 unius
1038 5576 1355 5631 substantiae
1384 5576 1611 5631 Deitatis
1644 5586 1699 5631 et
1720 5592 1810 5632 νο·
1917 5602 1924 5638 ι

1783 5609 1810 5619 -
1917 5585 2052 5639 ritus
2082 5587 2326 5639 veritatis
2350 5596 2598 5649 vocatur,
2647 5599 2951 5654 nomenque
2989 5583 3240 5639 Paracliti
3286 5584 3499 5653 utrique

211 5669 441 5727 luntatis
468 5669 649 5727 Patris
672 5678 730 5726 et
754 5670 878 5726 Filii
916 5679 973 5725 et
1013 5670 1248 5742 Spiritus
1274 5672 1448 5727 sancti
1476 5672 1579 5727 hoc
1605 5672 1807 5727 dictum
1920 5679 1992 5733 sit
2021 5680 2315 5749 proprium,
2347 5694 2452 5734 non
2482 5676 2744 5736 dissimile
2766 5686 2849 5734 est
2876 5677 3092 5745 festum,
3116 5678 3207 5735 ubi
3230 5694 3394 5737 unum
3421 5686 3504 5737 est

210 5774 339 5820 esse
359 5760 666 5818 certissime
689 5760 983 5817 credimus.
1009 5760 1245 5831 Spiritus
1276 5762 1420 5817 enim
1449 5770 1672 5819 sanctus
1717 5764 1813 5819 oui
1917 5780 2338 5826 sacramentum.
2374 5789 2394 5821 ι

290 5913 314 5973 ξ
350 5899 646 5973 Gregorius
664 5900 1063 5969 Nazianzenus,
1087 5909 1223 5959 orat.
1248 5903 1338 5968 45,
1367 5918 1517 5960 num.
1544 5902 1610 5958 15
1632 5908 1687 5956 et
1711 5902 1791 5956 li.

294 5970 325 6013 ι
353 5965 553 6029 Leonis
580 5986 736 6043 papae
758 5987 922 6029 serm.
947 5965 1180 6048 75.'cap.
1205 5978 1268 6041 5;
1294 5965 1458 6032 serm.
1487 5973 1577 6040 76,
1605 5990 1723 6046 cap.
1749 5974 1815 6037 2;
1858 5970 2015 6042 epist.
2056 5965 2138 6034 ili,
2166 5981 2286 6037 cap.
2314 5966 2348 6024 3
2376 5967 2431 6024 in
2462 5965 2586 6023 line.
