4346 6630
776 291 853 348 ἠ

1638 285 1700 340 Β.
1741 284 1803 341 ιτ.
1843 282 2070 341 ALBINI
2110 279 2242 338 SEU
2283 275 2560 334 ALCL‘INI
2600 273 2886 334 OPERUM
2927 271 3105 329 PARS
3144 269 3228 328 Ill.

3991 263 4072 325 ω

850 398 1016 477 πε,
1036 398 1235 457 Beatus
1273 409 1488 468 quoque
1517 397 1853 466 Augustinus
1881 399 1935 452 in
1972 395 2206 468 quadam
2240 409 2362 450 sen-
2391 392 2440 450 Α
2466 395 2644 457 ptura,
2677 400 2839 455 quam
2863 398 2926 439 ex
2962 382 3255 438 traditione
3282 385 3600 477 sanctorum
3641 377 3862 433 Patrum
3898 392 4078 449 expo-

780 491 971 558 teutia,
1001 506 1168 562 quam
1194 490 1481 544 adversum
1511 488 1803 545 Eusebium
1833 488 1901 544 de
1929 486 2136 558 Spiritu
2184 494 2372 542 sancto

779 582 1103 654 disputando
1127 578 1387 652 protulit,
1420 577 1499 633 ait
1527 577 1600 633 ita
1628 594 1641 632 :
1680 596 1700 630 ι
1735 576 1853 634 Non
1881 578 2040 634 aliter
2077 576 2226 632 novit
2253 573 2375 646 Spi-

781 677 918 732 ritus
943 683 1163 732 sanctus
1205 671 1467 746 mysteria
1512 672 1637 738 Dei,
1685 671 1790 727 nisi
1836 685 1934 744 per
1978 670 2370 732 substantiam;

779 783 886 823 una
915 767 1060 823 enim
1089 765 1408 827 substantia,
1434 780 1599 819 unum
1624 764 1788 819 habet
1811 777 2026 820 sensum
2050 768 2105 815 et
2130 759 2378 815 volunta-

781 868 910 922 tem,
938 859 1001 914 de
1033 859 1143 913 Deo
1171 857 1433 926 loquitur,
1466 857 1557 926 qui
1589 870 1805 926 semper
1831 869 1972 910 unus
1993 861 2048 910 et
2067 851 2375 908 immutabi-

781 950 869 1014 lis,
899 950 1012 1004 sive
1041 949 1094 1005 in
1125 947 1295 1013 Filio,
1342 948 1456 1002 sive
1487 949 1539 1002 in
1570 945 1775 1016 Spiritu
1803 953 2023 1006 sancto:
2059 944 2202 1015 quod
2230 945 2374 1000 enim

779 1040 895 1095 vult
921 1041 1104 1105 Pater,
1135 1039 1240 1094 hoc
1268 1038 1382 1095 vult
1410 1037 1598 1106 Filius,
1622 1039 1846 1110 etquod
1874 1039 1990 1094 vult
2019 1038 2207 1105 Filius,
2231 1039 2375 1093 idem

783 1132 900 1186 vult
924 1131 1161 1201 Spiritus
1191 1139 1431 1186 sanctus.
1457 1130 1631 1197 Quam
1671 1131 1742 1186 ob
1768 1144 1887 1186 rem
1916 1128 2204 1200 aliquando
2243 1128 2376 1185 dici-

783 1233 873 1280 tur
903 1222 1140 1292 Spiritus
1169 1222 1284 1283 Dei,
1334 1220 1628 1292 aliquando
1676 1219 1914 1290 Spiritus
1953 1219 2174 1284 Christi,
2204 1220 2298 1292 qui
2345 1235 2376 1273 a

782 1315 918 1380 Deo,
950 1314 1158 1383 inquit,
1183 1313 1466 1382 procedit,
1495 1321 1543 1365 et
1572 1312 1636 1366 de
1669 1329 1784 1365 meo
1814 1313 2030 1381 accipiet
2056 1311 2235 1382 (Joan.
2264 1326 2377 1377 xvr,

787 1407 900 1477 £5).
923 1425 940 1457 ι
971 1405 1117 1460 idem
1140 1418 1356 1475 quoque
1374 1403 1625 1474 egregius
1639 1404 1828 1458 doctor
1842 1401 2172 1473 Augustinus
2195 1403 2247 1456 in
2274 1401 2380 1456 Ex-

785 1497 1054 1566 positione
1099 1493 1378 1563 Evangelii
1431 1493 1728 1548 secundum
1775 1490 2037 1546 Joannem
2067 1533 2079 1556 ,
2130 1491 2379 1546 eumdem

786 1586 1048 1655 Spiritum
1081 1595 1328 1642 sanctum
1352 1599 1382 1638 a
1403 1583 1566 1638 Patre
1592 1593 1646 1638 et
1668 1583 1808 1639 Filio
1834 1582 2150 1652 procedere,
2178 1588 2235 1636 et
2259 1578 2381 1635 Filii

787 1677 1051 1748 Spiritum
1083 1691 1203 1732 esse
1245 1682 1476 1730 testatur
1500 1716 1512 1739 ,
1565 1677 1638 1728 ita
1682 1674 1868 1730 dicens
1894 1690 1909 1727 :
1935 1685 1962 1714 ι
1994 1691 2011 1723 ι
2043 1672 2208 1727 Multa
2255 1679 2382 1726 sunt

2477 477 2616 540 sita,
2665 489 2809 531 nunc
2851 476 2917 530 de
2965 474 3221 529 missione
3266 470 3388 526 Filii
3434 485 3466 524 a
3511 467 3709 533 Patre,
3747 475 3804 523 et
3830 469 4076 539 Spiritus

2476 569 2653 625 sancti
2685 568 2756 622 ab
2779 576 3032 637 utroque,
3063 581 3094 622 a
3118 565 3278 620 Patre
3304 561 3555 619 videlicet
3577 569 3631 617 et
3657 577 3687 616 a
3713 560 3871 627 Filio,
3891 576 4075 634 pauca

2479 661 2708 717 dicenda
2747 668 2894 716 sunt.

3101 751 3332 809 CAPUT
3369 750 3458 808 Ill.

2476 865 2556 922 De
2591 865 2851 922 'missione
2897 862 3029 920 Filii
3072 883 3105 920 a
3152 864 3352 933 Patre,
3401 874 3451 921 et
3502 864 3730 938 Spiritus
3778 867 3950 921 sancti
4008 865 4082 922 ab

3151 945 3390 1006 utroque.

2552 1047 2875 1118 Unigenitus
2896 1047 2993 1104 Dei
3017 1045 3190 1104 Filius
3215 1088 3228 1114 ,
3261 1048 3354 1117 qui
3394 1046 3546 1102 Patri
3585 1048 3877 1118 coaequalis
3911 1057 3999 1104 est
4024 1055 4088 1103 et

2477 1148 2801 1205 coaeternus,
2841 1140 2910 1195 ab
2944 1139 3135 1196 eodem
3177 1139 3339 1194 Patre
3381 1139 3526 1195 mitti
3560 1141 3897 1210 perhibetur.
3938 1138 4088 1196 Hinc

2477 1234 2622 1290 idem
2647 1235 2762 1304 ipse
2786 1230 3039 1288 Salvator
3068 1239 3281 1298 noster,
3327 1233 3470 1288 utin
3519 1233 3623 1288 line
3667 1231 3948 1304 Evangelii
3987 1247 4086 1289 se—

2479 1328 2715 1384 cundum
2749 1325 3015 1384 Joannem
3044 1343 3204 1385 ccxxv
3229 1326 3467 1399 capitulo
3493 1327 3711 1400 legitur,
3743 1328 3813 1383 ad
3849 1342 3980 1384 suos
4005 1327 4092 1383 ait

2480 1419 2807 1490 discipulos:
2835 1418 2985 1475 Sicut
3034 1419 3178 1474 misit
3229 1435 3313 1473 me
3356 1418 3535 1484 Pater,
3577 1428 3627 1474 et
3677 1435 3770 1490 ego
3795 1420 3946 1473 mitto
3994 1432 4091 1474 vos

2481 1507 2665 1582 (Joan.
2694 1525 2789 1574 xx,
2811 1509 2926 1580 21).
2953 1509 3099 1564 Idem
3127 1524 3344 1581 quoque
3373 1509 3625 1564 Salvator
3646 1519 3854 1576 noster,
3878 1509 3975 1582 qui
3998 1519 4094 1566 est

2483 1604 2720 1660 Verbum
2741 1603 2943 1669 Patris,
2970 1612 3202 1659 testatur
3225 1604 3369 1674 quod
3393 1603 3660 1674 Spiritum
3681 1612 3927 1659 sanctum
3953 1604 4094 1658 mit-

2483 1696 2571 1764 tit,
2599 1705 2657 1752 et
2682 1696 2740 1751 in
2775 1697 2995 1753 nomine
3017 1699 3189 1768 ipsius
3217 1714 3246 1753 ιι
3275 1698 3438 1754 Patre
3462 1698 3717 1754 mittitur.
3747 1698 3864 1769 Ipse
3901 1699 4046 1754 enim
4069 1739 4089 1764 ,

788 1767 1094 1825 testimonia
1129 1768 1327 1836 quibus
1355 1767 1632 1820 evidenter
1675 1765 1980 1820 ostenditur
2024 1771 2082 1818 et
2105 1762 2286 1817 Patris
2319 1769 2376 1816 et
2409 1748 2451 1806 Β
2640 1748 3301 1858 Εξξη-Βξῇξηεᾶὦξᾶυἶη“

788 1861 909 1915 Fu“
936 1874 1056 1914 esse
1079 1857 1344 1951 smmum
1363 1898 1378 1922 ν
1407 1856 1498 1926 qui
1528 1859 1581 1910 in
1599 1855 1878 1951 _Trinime
1912 1854 2110 1951 (Ξίοίξυτ
2143 1851 2379 1951 ξνίῇξίξδ
2478 1879 2701 1951 legitur,
2724 1851 2946 1936 ad'suos
2973 1880 3052 1935 ait
3074 1878 3370 1949 discipulos
3399 1897 3413 1934 :
3442 1877 3574 1935 Cum
3609 1879 3807 1935 venerit
3837 1851 4095 1933 Paracli-

788 1960 1030 2006 sanctus.
1061 1949 1173 2006 Cur
1196 1964 1327 2021 ergo
1351 1964 1459 2003 non
1488 1947 1777 2003 credamus
1798 1945 1940 2016 quod
1962 1946 2126 2001 etiam
2150 1945 2216 2000 de
2242 1944 2381 1998 Filio

788 2042 1050 2114 procedat
1081 2041 1320 2111 Spiritus
1344 2048 1588 2104 sanctus,
1619 2054 1742 2093 cum
1766 2036 1886 2092 Filii
1917 2052 2134 2109 quoque
2162 2037 2278 2107 ipse
2311 2035 2382 2091 sit

793 2134 1064 2205 Spiritus?
1088 2132 1230 2200 Quid
1261 2132 1406 2187 enim
1439 2131 1584 2186 aliud
1613 2129 1886 2199 signiﬁcat
1925 2128 2018 2183 illa
2049 2127 2342 2183 insulilatio
2365 2167 2379 2193 ,

792 2239 846 2283 et
870 2226 1002 2285 illud
1028 2226 1171 2297 quod
1192 2225 1270 2279 ait
1298 2224 1508 2280 mulieri
1537 2243 1548 2276 :
1577 2221 1765 2292 Tetigit
1787 2237 1870 2276 me
1895 2221 2106 2293 aliquis,
2126 2235 2220 2290 ego
2243 2218 2383 2273 enim

792 2321 931 2375 sensi
957 2321 1196 2374 uirtutem
1226 2317 1291 2372 de
1322 2335 1402 2372 me
1431 2318 1599 2372 exisse
1635 2315 1786 2388 (Luc.
1809 2331 1930 2379 vni,
1959 2312 2073 2385 46).
2107 2312 2243 2367 Nam
2270 2311 2383 2366 vir-

793 2413 926 2469 tutis
971 2413 1189 2467 nomine
1225 2411 1526 2482 appellatur
1556 2409 1792 2480 Spiritus
1840 2415 2103 2471 sanctus,
2152 2413 2213 2459 ut
2258 2412 2382 2458 est:

797 2508 1028 2580 Spiritus
1066 2517 1280 2562 sanctus
1309 2505 1630 2575 superveniet
1672 2504 1728 2555 in
1758 2512 1834 2563 te,
1867 2509 1915 2553 et
1942 2501 2105 2554 virtus
2132 2497 2388 2552 Altissimi

797 2600 1126 2655 obumbrabit
1151 2609 1197 2652 te
1225 2596 1376 2671 (Luc.
1407 2612 1448 2660 r,
1481 2595 1594 2665 55),
1623 2594 1730 2649 nisi
1758 2593 1947 2662 utique
1967 2589 2111 2661 quod
2131 2589 2391 2661 procedat

797 2690 1036 2762 Spiritus
1063 2697 1286 2745 sanctus
1317 2689 1383 2742 de
1416 2687 1568 2756 ipso?
1599 2708 1616 2738 ι

871 2782 1065 2837 Beatus
1088 2795 1304 2851 quoque
1323 2778 1646 2833 Ambrosius
1666 2777 1741 2831 ait
1767 2791 1780 2828 :
1813 2794 1832 2827 ι
1862 2775 2168 2831 lnsuﬂlatur
2188 2790 2220 2828 a
2240 2772 2394 2829 Chri-

797 2882 908 2937 sto,
930 2882 993 2926 ut
1018 2873 1208 2928 credas
1234 2870 1498 2940 Spiritum
1514 2867 1726 2924 Christi
1751 2881 1872 2924 esse
1895 2907 1908 2933 ,
1938 2874 1993 2922 et
2017 2873 2077 2922 ut
2106 2867 2297 2922 credas
2327 2865 2394 2921 de

801 2971 911 3021 Dee
956 2967 1237 3037 Spiritum.
1292 2966 1434 3021 Deus
1481 2965 1624 3018 enim
1658 2963 1804 3017 solus
1833 2972 2058 3032 peccata
2086 2960 2327 3016 dimittit.
2369 2977 2388 3009 ι

2481 1979 2585 2034 tus,
2617 1985 2770 2040 quem
2799 1985 2893 2040 ego
2919 1970 3124 2024 mittam
3153 1969 3295 2024 vobis
3323 1985 3356 2022 a
3386 1967 3573 2036 Patre,
3607 1965 3866 2039 Spiritum
3897 1969 4098 2022 verita—

2482 2063 2569 2126 tis,
2595 2061 2684 2132 qui
2707 2078 2740 2114 a
2766 2059 2930 2116 Patre
2948 2060 3204 2133 procedit,
3230 2058 3322 2116 ille
3337 2059 3692 2115 testimonium
3719 2058 4006 2130 perhibebit
4023 2057 4100 2112 de

2482 2171 2565 2208 me
2591 2153 2771 2226 (Joan.
2801 2169 2905 2220 xv,
2943 2151 3060 2226 26).
3104 2151 3174 2210 Et
3221 2154 3421 2210 iterum
3463 2153 3519 2208 in
3567 2154 3756 2208 eodem
3794 2152 4102 2222 Evangelia

2483 2261 2665 2301 cxcvn
2695 2244 2935 2316 capitulo
2978 2244 3122 2302 idem
3168 2243 3418 2301 Salvator
3451 2244 3569 2299 ait:
3599 2242 3713 2315 Ego
3744 2243 3886 2297 vobis
3923 2240 4100 2314 755

2487 2339 2756 2392 veritatem
2778 2338 2917 2404 dico,
2943 2338 3151 2410 expedit
3180 2338 3345 2404 vobis,
3375 2345 3435 2391 ut
3471 2352 3566 2408 ego
3613 2337 3823 2392 cadam.
3854 2334 3915 2389 Si
3948 2336 4104 2388 enim

2487 2445 2582 2500 ego
2605 2446 2709 2483 non
2738 2430 2936 2497 abiero,
2963 2428 3266 2484 Paraclitus
3290 2445 3397 2484 non
3416 2429 3579 2484 veniet
3601 2427 3671 2481 ad
3694 2445 3806 2484 vos.
3833 2425 3895 2482 Si
3915 2436 4106 2480 autem

2490 2521 2698 2588 abiero,
2729 2521 2932 2575 mittam
2964 2536 3084 2576 eum
3112 2519 3182 2574 ad
3210 2537 3301 2574 vos
3343 2517 3528 2592 (Joan.
3561 2535 3650 2574 xvr
3670 2560 3684 2584 ,
3715 2518 3793 2590 7).
3824 2517 3894 2572 Et
3930 2517 4108 2588 paulo

2489 2625 2613 2685 post
2644 2615 2698 2670 in
2729 2616 2924 2671 eodem
2951 2614 3228 2686 sulljungit
3275 2613 3416 2670 libro
3442 2628 3456 2668 :
3483 2614 3668 2668 Adhuc
3711 2613 3880 2668 multa
3927 2613 4107 2667 habeo

2493 2704 2634 2758 vobis
2661 2703 2834 2759 dicere
2852 2745 2868 2766 .
2897 2703 2988 2758 sed
3021 2721 3125 2758 non
3151 2705 3365 2774 potestis
3395 2704 3550 2757 modo
3585 2713 3816 2773 portare.
3842 2702 3974 2757 Cum
4001 2720 4112 2756 au-

2494 2805 2596 2851 tem
2637 2797 2830 2849 venerit
2870 2794 2960 2849 ille
2998 2793 3231 2865 Spiritus
3257 2795 3508 2858 veritatis,
3542 2795 3747 2849 docebit
3776 2810 3866 2848 vos
3893 2810 4114 2849 omnem

2495 2888 2787 2942 veritatem.
2814 2884 2938 2940 Non
2970 2887 3108 2940 enim
3139 2885 3382 2957 loquetur
3423 2903 3457 2940 a
3497 2889 3770 2958 semetipso
3790 2927 3804 2953 ,
3836 2885 3927 2941 sed
3953 2902 4115 2956 qua:-

2498 2993 2701 3048 cunque
2727 2976 2927 3041 audiet,
2960 2977 3223 3048 loquetur,
3257 2987 3306 3032 et
3330 2994 3448 3048 qua:
3470 2986 3688 3032 ventura
3714 2987 3856 3042 sunt,
3889 2992 4117 3030 annuas-

798 3059 1038 3168 ιείξὶοξξιε
1066 3071 1280 3129 quoque
1309 3058 1362 3111 in
1391 3055 1754 3168 libfoquffrfl
1792 3053 1868 3108 De
1910 3052 2116 3168 ξθῖιξξιι
2155 3051 2394 3107 οοιιεετὶ-
2422 3105 2470 3168 c
2499 3070 2650 3124 tiabit
2675 3069 2840 3125 vobis.
2871 3068 2972 3124 Ille
3000 3086 3081 3122 me
3103 3068 3438 3138 clariﬁcabit,
3468 3069 3592 3141 quia
3623 3069 3689 3122 de
3715 3085 3830 3122 meo
3859 3067 4115 3137 accipiet.

801 3153 909 3222 psit
948 3150 1174 3215 Natura,
1200 3163 1270 3202 xv
1297 3147 1531 3216 capitulo
1555 3146 1583 3186 δ
1617 3147 1692 3199 ait
1721 3147 1795 3200 ita
1823 3160 1836 3199 :
1867 3163 1885 3195 ι
1911 3143 2150 3215 Spiritus
2170 3153 2394 3199 sanctus

803 3249 1017 3298 creator
1041 3248 1126 3296 est
1149 3241 1288 3296 sicut
1316 3241 1477 3294 Pater
1508 3247 1563 3292 et
1596 3239 1856 3302 Verbum,
1886 3247 1945 3292 ut
1971 3238 2026 3292 in
2069 3236 2209 3291 libro
2249 3235 2393 3291 beati

802 3334 904 3390 Job
930 3333 1127 3403 legitur
1151 3352 1164 3386 :
1199 3329 1428 3402 Spiritus
1455 3327 1549 3384 Dei
1577 3329 1698 3398 fecit
1732 3346 1830 3391 me,
1857 3338 1904 3382 et
1935 3326 2258 3398 spiraculum
2284 3343 2398 3380 om-

805 3429 1081 3498 nipotentis
1104 3426 1380 3494 uisiﬁcavit
1409 3442 1490 3478 me
1512 3423 1632 3492 (Job
1683 3438 1879 3486 xxxiii,
1905 3421 1984 3493 ι).
2012 3419 2250 3490 Spiritus
2273 3434 2398 3474 san-

808 3531 928 3574 ctus
967 3518 1147 3574 Patris
1170 3526 1227 3574 et
1258 3517 1378 3572 Filii
1405 3523 1527 3584 est,
1556 3525 1609 3570 et
1636 3516 1761 3570 inde
1786 3531 1956 3569 unum
1981 3521 2111 3569 sunt
2149 3513 2311 3569 Pater
2345 3520 2401 3568 et

807 3609 997 3673 Filius,
1029 3608 1157 3679 quia
1184 3607 1317 3662 nihil
1349 3607 1515 3662 habet
1545 3606 1732 3671 Pater,
1760 3605 1906 3675 quod
1937 3618 2044 3658 non
2083 3603 2282 3658 habeat
2311 3602 2397 3658 Fi-

809 3701 931 3755 lius.
963 3698 1078 3756 Non
1108 3701 1255 3754 enim
1284 3713 1372 3753 res
1395 3714 1499 3752 una
1524 3739 1537 3762 ,
1570 3705 1628 3751 et
1652 3698 1882 3752 duorum
1924 3696 2404 3752 consubstantialis

809 3792 1011 3860 poterit
1056 3789 1221 3846 semel
1268 3787 1486 3861 [Forte,
1533 3788 1716 3860 simul]
1759 3788 1826 3843 ab
1867 3789 1947 3843 eis
1991 3789 2318 3858 procedere,
2348 3797 2404 3842 et

812 3881 973 3936 simul
1017 3881 1222 3943 inesse,
1257 3878 1360 3935 nisi
1396 3893 1563 3936 unum
1607 3878 1841 3946 fuerint,
1891 3893 1921 3933 a
1965 3878 2164 3950 quibus
2205 3893 2399 3950 proce-

819 3973 918 4028 dit.
960 3993 980 4027 ι

888 4063 1119 4122 Sanctus
1169 4078 1383 4136 quoque
1427 4060 1745 4136 Fulgentius
1795 4061 2081 4134 episcopus
2124 4061 2176 4118 in
2221 4060 2405 4118 libello

815 4171 976 4227 quem
1008 4157 1074 4212 de
1108 4155 1316 4228 Spiritu
1346 4163 1534 4212 sancto
1565 4154 1904 4227 wascripsit,
1939 4155 2191 4210 eumdem
2227 4152 2402 4224 Spiri-

816 4256 934 4300 tum
960 4253 1202 4300 sanctum
1233 4244 1411 4300 Patris
1440 4256 1495 4300 et
1532 4244 1654 4300 Filii
1697 4258 1816 4299 esse
1848 4253 2080 4298 testatur
2123 4243 2309 4298 dicens
2337 4249 2360 4278 ε
2390 4262 2400 4293 :

825 4356 842 4387 ι
867 4336 1001 4391 Cum
1023 4337 1303 4407 quaeritur,
1325 4352 1487 4406 quem
1511 4335 1773 4406 Spiritum
1798 4346 2046 4391 sanetum
2076 4334 2282 4404 Virgini
2313 4352 2406 4389 an»

2497 3170 2546 3213 et
2574 3159 2907 3214 annuntiabit
2936 3160 3100 3214 vobis.
3137 3158 3330 3214 Omnia
3359 3173 3690 3230 qua’cunque
3724 3157 3877 3211 habet
3917 3157 4118 3222 Pater,

2499 3268 2614 3307 mea
2635 3263 2777 3316 sunt,
2799 3261 3074 3323 propterea
3098 3252 3214 3305 dici
3228 3251 3370 3306 vobis
3401 3251 3527 3322 quia
3557 3250 3622 3304 de
3649 3266 3763 3304 meo
3787 3250 4033 3320 accipiet,
4060 3261 4120 3304 et

2500 3345 2835 3399 annuntiabit
2863 3343 3005 3400 vobis
3028 3342 3212 3414 (Joan.
3242 3358 3391 3408 xxxv,
3420 3343 3486 3396 14
3506 3341 3696 3414 seqq.)
3724 3341 3870 3396 Idem
3892 3356 4123 3410 quoque

2501 3436 2754 3493 Salvator
2796 3446 2986 3492 uoster
3033 3445 3158 3507 post
3213 3436 3674 3490 resurrectionem
3709 3449 3896 3496 suam,
3948 3441 4009 3487 ut
4055 3434 4122 3488 in

2501 3529 2797 3601 Evangelia
2821 3529 3118 3584 secundum
3149 3528 3350 3583 Lucam
3378 3543 3590 3582 cccxur
3619 3525 3858 3595 capitulo
3888 3524 4121 3593 legitur,

2503 3637 2741 3678 consona
2776 3621 3050 3692 praedictis
3076 3622 3243 3676 verba
3265 3619 3492 3690 protulit
3523 3620 3708 3674 dicens
3733 3635 3746 3672 :
3773 3618 3884 3688 Ego
3905 3619 4125 3671 mittam

2502 3714 2901 3785 promissionem
2943 3710 3122 3766 Patris
3166 3714 3267 3765 mei
3296 3713 3348 3765 in
3379 3727 3496 3772 vos,
3533 3728 3618 3765 cos
3650 3721 3824 3763 autem
3854 3709 4025 3763 sedete
4058 3710 4127 3762 in

2504 3807 2734 3870 civitate,
2762 3804 3103 3877 quoadusque
3127 3805 3424 3858 induamini
3456 3805 3699 3858 uirtutem
3733 3821 3796 3856 ex
3825 3802 3931 3856 alto
3954 3800 4124 3870 (Litt.

2505 3913 2654 3964 xxiv,
2686 3897 2801 3966 49).
2832 3897 2899 3952 Et
2921 3895 3078 3964 juxta
3110 3896 3358 3951 eumdem
3389 3898 3443 3952 in
3476 3895 3857 3966 Apostolorum
3885 3893 4132 3948 Actibus

2504 4000 2590 4046 est
2624 3990 2875 4046 lucratus:
2911 3988 3169 4058 Praecepit
3193 3991 3267 4044 eis
3305 4005 3368 4042 ne
3403 3990 3466 4041 ab
3503 3986 3849 4056 Jerosolymis
3872 3985 4127 4038 discedev

2507 4091 2643 4146 rent,
2668 4080 2759 4134 sed
2785 4090 3143 4152 exspectarent
3172 4080 3569 4150 promissionem
3605 4076 3803 4139 Patris.
3831 4091 3989 4147 quam
4017 4091 4131 4128 au-

2509 4173 2660 4227 distis
2684 4213 2698 4235 ,
2731 4172 2901 4242 inquit
2929 4212 2944 4236 ,
2982 4188 3075 4240 per
3126 4187 3181 4224 os
3229 4186 3420 4224 meum.
3455 4169 3594 4235 Quia
3639 4166 3876 4221 Joannes
3903 4164 4131 4236 quidem

2512 4266 2790 4334 baptizavit
2818 4281 2978 4330 aqua,
3004 4281 3093 4318 vos
3121 4271 3296 4316 autem
3327 4258 3727 4331 baptizabimini
3757 4257 3959 4327 Spiritu
3987 4275 4128 4312 sart-

2513 4367 2594 4410 cto
2628 4373 2731 4409 non
2757 4367 2869 4425 post
2899 4357 3095 4409 multos
3143 4355 3237 4407 hos
3282 4355 3393 4408 dies
3439 4353 3577 4423 (Act.
3608 4369 3657 4416 ι,
3684 4349 3761 4419 4).
3798 4349 4036 4403 Rursum
4063 4351 4131 4406 in

818 4428 969 4500 ϐειυε
996 4429 1366 4521 alimmum?
1391 4428 1572 4521 ipsum
1619 4430 1805 4498 “lique
1840 4429 2092 4521 ἀίοίωιιβν
2115 4429 2207 4521 qui
2234 4426 2405 4498 δΡίΓί·
2435 4460 2487 4521 ι)
2513 4447 2620 4502 line
2645 4447 2921 4515 Evangelii
2949 4446 3244 4501 secundum
3269 4443 3550 4507 Joannem,
3580 4459 3645 4498 eo
3675 4443 3763 4499 die
3795 4456 3903 4511 quo
3930 4456 4130 4498 resur~

820 4530 906 4579 tus
928 4529 1012 4574 est
1039 4519 1217 4575 Patris
1240 4529 1294 4574 et
1323 4520 1468 4584 Filii,
1508 4522 1624 4573 sine
1658 4536 1767 4590 quo
1815 4535 1922 4575 non
1973 4519 2148 4575 solum
2181 4519 2404 4573 formari

817 4628 947 4667 caro
992 4610 1194 4667 Christi
1243 4627 1351 4666 non
1393 4613 1584 4681 potuit,
1613 4612 1697 4666 vel
1723 4612 2008 4681 baptizari,
2040 4611 2133 4667 sed
2167 4625 2343 4680 neque
2376 4627 2403 4664 a

815 4706 1047 4762 mortuis
1077 4704 1348 4758 suscitari.
1384 4724 1401 4756 ι
1436 4704 1503 4758 Et
1532 4705 1730 4758 iterum
1771 4705 1826 4758 iu
1868 4705 2058 4759 eodem
2105 4706 2181 4759 ait
2227 4688 2401 4761 libro;

822 4815 848 4850 ι
882 4797 1016 4853 Cum
1039 4799 1318 4868 qumritur,
1347 4798 1438 4865 qui
1469 4796 1704 4867 Spiritus
1729 4805 1814 4851 est
1848 4798 1941 4866 qui
1971 4798 2288 4868 loquebatur
2310 4814 2407 4868 per

817 4888 1109 4957 prophetas
1131 4928 1146 4951 ,
1177 4902 1287 4942 non
1331 4887 1518 4955 utique
1555 4885 1693 4941 alius
1739 4886 2120 4958 intelligendus
2158 4897 2270 4953 est,
2302 4889 2404 4943 nisi

821 4978 1058 5050 Spiritus
1084 4987 1322 5043 sanctus,
1346 4979 1440 5051 qui
1467 4986 1551 5034 est
1581 4976 1816 5048 Spiritus
1835 4977 2056 5034 Christi.
2092 4999 2110 5033 ι

893 5069 972 5124 De
985 5071 1328 5139 processione
1341 5070 1507 5140 igitur
1514 5069 1749 5139 Spiritus
1767 5071 1943 5125 sancti
1964 5086 1994 5124 ο
2009 5071 2170 5126 Patre
2184 5081 2238 5127 et
2252 5072 2407 5136 Filio,

824 5173 882 5217 et
898 5167 1044 5218 deeo
1064 5163 1205 5231 quod
1234 5163 1377 5218 idem
1407 5161 1645 5234 Spiritus
1664 5176 1887 5221 sanctus
1908 5165 2086 5221 Patris
2108 5176 2163 5222 et
2185 5166 2306 5222 Filii
2327 5168 2410 5222 di-

825 5254 967 5311 citur
993 5252 1250 5323 Spiritus,
1277 5255 1485 5308 ratione
1522 5255 1758 5309 breviter
1785 5263 1892 5310 tam
1938 5272 2002 5310 ex
2050 5257 2228 5312 divina
2268 5259 2414 5312 Scri-

903 5445 928 5474 ι
955 5428 1014 5488 S.
1047 5435 1209 5499 Aug,
1237 5444 1397 5491 tract.
1430 5451 1552 5490 xclx
1581 5437 1637 5490 in
1658 5433 1814 5490 Joan.
1841 5452 1989 5492 num.
2022 5437 2072 5490 7.

904 5505 931 5544 δ
968 5505 1121 5575 Apud
1142 5505 1423 5559 Petavium
1453 5516 1580 5561 tom.
1613 5505 1654 5560 ll
1677 5505 1864 5562 Theol.
1891 5508 2138 5574 Dogmat.
2172 5509 2292 5564 libr.
2320 5525 2416 5574 vn,

833 5591 950 5641 oap.
994 5575 1080 5638 li,
1103 5592 1254 5630 num.
1285 5576 1368 5640 16,
1397 5577 1485 5629 hic
1518 5578 1666 5633 locus
1697 5577 1886 5634 [sideri
1916 5579 2114 5633 citatur
2150 5593 2215 5634 ex
2241 5581 2364 5635 libr.
2408 5598 2423 5635 ι

838 5649 1083 5726 Sentent.
1113 5662 1231 5726 cap.

911 5730 931 5754 ι
976 5715 1129 5772 nunc
1155 5715 1392 5772 libellum
1415 5727 1542 5788 puto
1567 5732 1686 5774 esse
1713 5720 2190 5776 commonitorium
2213 5723 2423 5793 parvis-

2514 4547 2747 4604 reuerat,
2779 4539 2833 4594 id
2861 4546 2964 4602 est,
2991 4537 3076 4591 die
3107 4537 3387 4591 Dominica
3421 4535 3619 4590 clausis
3644 4533 3830 4602 januis
3857 4533 3925 4587 ad
3971 4547 4120 4603 apo-

2507 4629 2964 4685 stolosintroiisse
2992 4634 3245 4682 narratur
3269 4635 3325 4681 et
3348 4626 3554 4681 dixisse
3576 4625 3655 4679 eis
3676 4624 3919 4680 secundo
3945 4641 3956 4674 :
3989 4622 4120 4679 Paa:

2510 4724 2677 4788 vobis,
2703 4731 2757 4778 et
2782 4721 3030 4776 intulisse
3055 4736 3067 4773 :
3098 4716 3246 4772 Sicut
3273 4717 3415 4771 misit
3443 4733 3523 4769 me
3553 4713 3737 4780 Pater,
3759 4722 3811 4770 et
3838 4730 3934 4784 ego
3963 4714 4130 4768 mitto

2513 4830 2621 4868 vos.
2652 4811 2769 4865 Hoc
2796 4826 2914 4864 cum
2938 4810 3179 4873 dixisset,
3200 4808 3478 4878 insufﬂauit
3503 4815 3551 4859 et
3582 4807 3717 4860 dixit
3738 4805 3813 4859 eis
3837 4819 3854 4856 :
3883 4804 4127 4872 Accipite

2515 4904 2772 4975 Spiritum
2797 4910 3060 4967 sanctum,
3091 4915 3311 4972 quorum
3338 4896 3643 4953 remiseritis
3664 4907 3878 4967 peccata
3897 4937 3910 4960 ,
3936 4899 4126 4949 remit-

2520 5003 2700 5052 tuntur
2712 4995 2870 5060 eis,et
2896 5007 3120 5062 quorum
3148 4989 3486 5054 minueritis,
3517 4998 3718 5042 retenta
3741 4998 3894 5041 erunt
3925 4984 4120 5057 (Joau.

2517 5101 2613 5152 xx,
2639 5085 2712 5141 22
2731 5083 2887 5156 πᾳ).
2919 5083 3075 5151 Quod
3110 5083 3277 5151 igitur
3298 5081 3569 5152 promisit,
3601 5080 3874 5150 expletum
3889 5093 4033 5142 esse,
4063 5089 4127 5134 ut

2523 5181 2579 5235 in
2604 5179 2831 5235 Actibus
2855 5176 3168 5235 declaratur
3190 5174 3594 5246 Apostolorum,
3617 5174 3884 5244 legimus:
3920 5170 4127 5242 Βιριᾱὶ
4195 5160 4197 5168 ’

2523 5283 2644 5327 sunt
2674 5274 2813 5326 enim
2843 5287 3021 5326 omnes
3051 5270 3281 5340 apostoli
3309 5269 3508 5338 Spiritu
3536 5279 3716 5321 sancto
3740 5308 3753 5332 ,
3781 5277 3828 5320 et
3859 5279 4125 5334 ceperunt

2521 5452 2721 5506 simum
2749 5449 2817 5502 de
2846 5446 3056 5516 Spiritu
3081 5453 3272 5500 sancto
3301 5444 3540 5516 nondum
3565 5444 3856 5516 detectum,
3881 5453 3910 5492 a
3928 5448 4125 5516 saneto

2523 5519 2810 5592 Fulgentio
2854 5511 2928 5592 ad
2987 5511 3765 5592 interrogationes-Abragilzn
3814 5511 4124 5592 presbyteri

2525 5581 2830 5646 exai-atum.
2854 5588 2931 5642 De
2958 5602 3064 5654 quo
3086 5581 3418 5644 mentionem
3448 5584 3577 5641 fecit
3601 5581 3791 5639 auctor
3827 5581 3961 5638 Vitae
3994 5594 4123 5638 saa-

2529 5663 2603 5716 cti
2624 5659 2898 5730 Fulgentii
2925 5674 3046 5729 cap.
3081 5657 3172 5711 24.
