4346 6676
228 506 297 563 8i
995 497 1413 559 DOGMATICA.
1451 527 1525 540 ——
1556 494 1687 556 ΗΒ.
1728 495 1819 553 DE
1853 492 2329 556 PBOCESSIONE
2362 492 2425 558 S.
2466 490 2805 557 SPIBH‘US.
3462 492 3537 547 εἰ

228 620 385 689 loqui
421 617 545 673 aliis
567 615 781 688 linguis,
807 624 961 687 prout
985 616 1220 688 Spiritus
1248 623 1462 671 sanctus
1492 612 1654 669 dabat
1677 610 1848 683 eloqui
1878 613 1924 675 Α
1952 618 2194 675 sanctus,
2224 609 2352 666 licet
2381 624 2414 664 a
2439 607 2602 664 Patre
2646 613 2869 678 propter
2914 606 3178 661 unitatem
3226 608 3539 665 substantiae

228 711 313 765 eis
354 709 499 779 (Act.
524 724 588 770 tt,
616 706 697 779 ι).

307 727 313 760 ς
378 710 423 761 Α
484 748 499 762 .
550 724 588 770 ι,
616 710 652 761 ι
681 745 697 760 .

307 710 713 869 Βὲδῖῖιειίεἰιῖιι*
730 794 1029 868 Gregorius
1049 795 1429 852 Nazianzenus
1452 795 1508 850 in
1531 793 1724 850 eadem
1747 793 1846 849 ho-

232 890 419 955 milia,
451 905 617 960 quam
650 888 720 944 de
756 889 992 944 adventu
1033 887 1273 960 Spiritus
1308 888 1484 944 sancti
1522 902 1690 957 super
1715 901 1845 957 apo-

234 984 420 1040 stolos
465 981 833 1052 conscripsit,
887 982 954 1037 de.
1010 982 1269 1036 missione
1318 978 1560 1047 ejusdem
1609 977 1847 1048 Spiritus

234 1075 422 1131 sancti
454 1075 535 1130 ait
556 1075 632 1129 ita
658 1115 671 1130 .
704 1093 725 1126 ι
757 1073 993 1144 Spiritus
1019 1083 1241 1129 sanctus
1253 1072 1405 1127 venit
1427 1079 1490 1125 ut
1510 1071 1771 1125 Dominus
1789 1071 1845 1126 in

235 1174 542 1237 potestate,
574 1163 811 1221 mittitur
838 1172 1021 1219 autem
1061 1171 1320 1232 tanquam
1354 1159 1446 1231 qui
1483 1175 1591 1214 non
1620 1159 1691 1214 sit
1717 1173 1847 1213 con-

236 1258 457 1313 trarius
481 1256 615 1313 Deo.
645 1255 741 1312 Isti
768 1255 914 1312 enim
943 1270 1225 1311 sermones
1261 1269 1370 1309 non
1413 1260 1661 1307 naturam
1691 1267 1845 1321 sepa—

238 1355 396 1415 rant,
421 1348 520 1404 sed
546 1347 900 1404 concordiam
922 1347 1140 1402 docent.
1174 1345 1473 1417 Propterea
1508 1352 1692 1401 autem
1722 1353 1846 1414 post

235 1439 629 1495 ascensionem
665 1436 871 1494 Christi
900 1444 960 1491 ut
987 1452 1129 1493 unus
1172 1435 1329 1492 nobis
1369 1434 1674 1492 Paraclitus
1702 1434 1844 1490 mitti

232 1532 469 1599 dicitur,
498 1538 560 1586 ut
583 1529 954 1601 aequalitatem
985 1535 1195 1584 natura:
1237 1544 1303 1585 ac
1351 1526 1640 1598 potestatis
1676 1541 1845 1599 agno-

234 1638 391 1680 scas.
431 1640 452 1676 ι

310 1715 559 1772 Sanctus
585 1725 805 1785 quoque
824 1712 1158 1784 Augustinus
1181 1710 1235 1767 in
1262 1711 1402 1768 libro
1420 1718 1616 1782 quarto
1634 1708 1702 1766 de
1722 1709 1847 1765 Tri-

232 1807 417 1863 nitate
434 1820 529 1861 xxi
551 1804 790 1875 capitulo
813 1802 1013 1859 Filium
1033 1812 1089 1859 et
1110 1802 1373 1875 Spiritum
1392 1810 1645 1859 sanctum
1664 1817 1845 1872 aequa-

232 1899 320 1958 les
348 1912 475 1955 esse
502 1896 654 1952 Patri
682 1895 985 1953 secundum
1013 1896 1281 1951 unitatem
1314 1894 1636 1951 substantiae
1654 1936 1672 1961 ,
1717 1896 1848 1951 licet

1949 710 2155 756 sanctas
2182 701 2468 757 Trinitatis
2497 701 2663 765 mitti,
2687 706 2747 753 ut
2767 696 2976 767 przefati
3004 714 3211 766 sumus,
3256 700 3535 768 dicuntur;

1948 792 2097 847 I‘atri
2130 801 2311 849 tamen
2338 808 2438 864 per
2465 792 2650 848 omnia
2677 790 2979 857 voluntate,
3004 800 3296 863 potestate,
3319 796 3541 851 aeterni-

1946 890 2082 949 tate,
2106 882 2410 938 substantia
2440 882 2681 951 mquales
2710 888 2856 937 sunt.
2890 880 3006 937 Non
3030 890 3114 938 est
3137 884 3303 949 enim,
3331 893 3390 938 ut
3414 901 3543 939 san-

1947 982 2068 1030 ctus
2110 972 2473 1045 Hieronymus
2513 974 2570 1027 in
2600 971 2894 1042 Symbolo,
2942 973 3086 1041 quod
3132 974 3248 1045 ipse
3291 976 3543 1047 egregius

1947 1069 2252 1138 composuit
2273 1069 2478 1133 doctor,
2515 1075 2771 1135 testatur,
2804 1068 3001 1138 aliquis
3028 1069 3081 1125 in
3112 1071 3216 1126 hac
3248 1087 3460 1128 summa
3486 1081 3545 1128 et

1948 1158 2203 1216 ineliabili
2230 1159 2498 1215 Trinitate
2526 1160 2725 1231 gradus
2748 1201 2763 1225 ,
2796 1160 2931 1216 nihil
2960 1162 3105 1229 quod
3133 1161 3358 1218 inferius
3384 1179 3545 1235 supe—

1946 1249 2130 1305 riusve
2161 1249 2271 1305 dici
2304 1250 2504 1319 possit,
2539 1251 2635 1305 sed
2684 1257 2796 1306 tota
2842 1251 3027 1307 Deitas
3078 1251 3165 1309 sui
3209 1253 3544 1326 perfectione

1945 1339 2168 1410 aequalis
2191 1348 2298 1406 est,
2322 1348 2383 1395 ut
2407 1342 2652 1411 exceptis
2677 1342 2980 1409 vocabulis,
3007 1358 3126 1412 qua:
3149 1345 3557 1416 proprietatem

1945 1447 2303 1501 personarum
2330 1433 2593 1498 indicant,
2622 1433 2884 1503 quidquid
2911 1435 2979 1490 de
3010 1450 3118 1489 una
3149 1449 3383 1506 persona
3410 1436 3550 1493 dici-

1947 1532 2059 1590 tur,
2086 1523 2155 1580 de
2187 1526 2362 1581 tribus
2397 1526 2712 1596 dignissime
2737 1527 2909 1597 possit
2947 1527 3196 1600 intelligi.
3228 1530 3259 1572 ὶ
3292 1549 3311 1583 ι
3357 1530 3549 1600 Qualis

1945 1615 2091 1670 enim
2120 1614 2306 1682 Pater,
2336 1624 2396 1670 ut
2418 1616 2612 1672 beatus
2636 1617 2970 1676 Athanasius
3012 1619 3355 1679 Alexandriae
3390 1623 3549 1681 urbis

1946 1706 2235 1778 episcopus
2287 1716 2543 1775 testatur,
2592 1709 2718 1765 talis
2760 1720 2817 1766 et
2854 1711 3051 1779 Filius,
3076 1712 3202 1769 talis
3225 1721 3282 1769 et
3309 1711 3559 1784 Spiritus-

1946 1809 2202 1867 sanctus;
2236 1802 2290 1855 in
2320 1801 2423 1857 hac
2448 1802 2593 1857 enim
2625 1802 2896 1860 Trinitate
2914 1804 3050 1861 nihil
3072 1802 3227 1877 prius
3251 1816 3345 1862 aut
3363 1816 3546 1880 poste-

1946 1893 2087 1957 rius,
2110 1893 2244 1947 nihil
2268 1894 2442 1962 majus
2470 1905 2563 1949 aut
2590 1897 2803 1963 minus,
2832 1898 2928 1954 sed
2975 1906 3104 1954 tota:
3151 1908 3266 1956 tres
3295 1916 3545 1971 persona

232 1993 310 2048 ab
339 2006 410 2046 eo
441 1990 585 2046 mitti
622 1991 897 2055 dicuntur,
940 1997 1196 2055 testatur,
1246 1989 1321 2043 ita
1367 1988 1553 2044 dicens
1581 2003 1596 2041 :
1632 2006 1652 2039 ι
1689 1988 1841 2044 Sicut
1870 1982 1920 2045 Β
1944 1989 2229 2039 οοεειεισιιιε
2253 1985 2355 2039 sibi
2386 1994 2512 2039 sunt
2539 1993 2595 2039 et
2620 1987 2922 2056 comquales
2947 2006 2960 2053 ;
2994 1989 3092 2054 ita,
3116 1998 3177 2045 ut
3202 2005 3302 2061 per
3323 1992 3505 2046 omnia
3526 2033 3555 2057 ,ν

234 2082 405 2137 Pater
432 2081 641 2151 genuit,
665 2079 839 2135 Filius
865 2080 1082 2149 genitus
1105 2088 1191 2136 est
1218 2096 1233 2137 :
1266 2080 1343 2134 ita
1370 2079 1533 2135 Pater
1556 2079 1721 2144 misit,
1755 2078 1850 2134 Fi—

232 2170 345 2225 lius
369 2171 575 2225 missus
596 2177 681 2224 est
706 2188 719 2224 :
751 2168 848 2225 sed
874 2170 1327 2239 quemadmodum
1352 2170 1445 2239 qui
1465 2169 1655 2241 genuit
1669 2178 1727 2224 et
1751 2170 1843 2240 qui

231 2260 462 2331 genitus
484 2270 592 2326 est,
617 2259 692 2314 ita
722 2266 777 2314 et
800 2260 893 2329 qui
921 2259 1070 2315 misit
1103 2268 1161 2314 et
1190 2260 1282 2330 qui
1312 2261 1509 2316 missus
1532 2268 1652 2325 est,
1677 2276 1844 2315 unum

231 2361 403 2416 sunt;
435 2351 565 2422 quia
609 2350 772 2407 Pater
797 2360 851 2406 et
880 2350 1057 2406 Filius
1099 2365 1266 2406 unum
1306 2359 1452 2407 sunt.
1489 2350 1568 2406 Ita
1597 2353 1759 2406 etiam
1790 2360 1845 2408 et

231 2441 486 2513 Spiritus
530 2449 754 2497 sanctus
797 2456 966 2497 unum
1013 2456 1138 2497 cum
1188 2442 1270 2498 eis
1309 2451 1423 2506 est,
1469 2442 1597 2512 quia
1640 2443 1696 2498 hi
1735 2451 1847 2500 tres

232 2548 411 2586 unum
450 2539 601 2587 sunt.
639 2552 658 2586 ι
692 2533 762 2589 Et
795 2533 994 2589 iterum
1038 2534 1096 2589 in
1142 2535 1384 2591 secundo
1425 2535 1567 2592 libro
1607 2536 1846 2607 capitulo

233 2624 409 2678 tertio
436 2624 559 2680 ait:
592 2642 612 2675 ι
646 2623 800 2679 Sicut
822 2640 931 2681 non
958 2641 1027 2681 ex
1067 2640 1135 2682 eo
1161 2625 1241 2690 lit,
1273 2635 1333 2681 ut
1356 2626 1536 2681 minor
1556 2626 1629 2682 sit
1653 2626 1844 2693 Filius,

230 2718 366 2785 quia
393 2716 536 2771 dixit
567 2734 580 2770 :
619 2717 745 2773 Non
771 2727 937 2788 potest
968 2736 1001 2772 a
1027 2735 1082 2772 se
1112 2716 1286 2773 Filius
1327 2718 1501 2788 facere
1534 2719 1843 2791 quidquam,

228 2806 327 2861 sed
352 2806 499 2877 quod
524 2807 713 2862 viderit
736 2805 955 2863 Patrem
975 2808 1256 2878 facientem
1281 2808 1534 2881 (Joan.v,
1556 2810 1677 2883 l9);
1703 2810 1844 2883 (Non

226 2897 384 2953 enim
416 2899 522 2954 hoc
550 2914 618 2953 ex
648 2897 824 2955 forma
849 2900 992 2954 servi
1032 2900 1203 2965 dixit,
1235 2901 1335 2955 sed
1377 2916 1445 2957 ex
1483 2901 1656 2957 forma
1711 2902 1845 2967 Dei,

231 2990 386 3045 sicut
404 2987 521 3057 jam
545 2990 906 3046 ostendimus.
931 2990 1059 3047 ﬂare
1079 2999 1258 3047 autem
1283 2992 1450 3048 verba
1477 3008 1582 3047 non
1605 2993 1850 3048 indicant

231 3079 387 3149 quod
419 3078 603 3135 minor
622 3081 727 3148 sit,
760 3082 858 3138 sed
883 3083 1027 3152 quod
1067 3083 1134 3138 de
1172 3084 1334 3165 Patre
1362 3084 1454 3156 sit)
1487 3082 1561 3139 ita
1588 3100 1694 3140 non
1724 3086 1848 3143 hinc

231 3174 498 3241 dﬁcitur,
524 3183 587 3233 ut
610 3177 792 3242 minor
822 3178 895 3232 sit
937 3176 1176 3248 Spiritus
1198 3185 1422 3233 sanctus
1442 3218 1460 3244 ,
1490 3179 1617 3249 quia
1642 3179 1851 3237 dictum

230 3275 320 3323 cst
346 3268 419 3323 de
445 3267 538 3324 illo
564 3286 578 3322 :
605 3264 732 3323 Non
760 3269 897 3323 enim
928 3267 1171 3340 loquetur
1192 3286 1225 3323 a
1254 3270 1548 3341 semetipso,
1591 3271 1681 3324 sed
1706 3288 1850 3342 qua:-

231 3377 445 3432 cunque
466 3362 646 3416 audiet
665 3401 682 3427 ,
708 3360 952 3434 loquetur
982 3361 1167 3433 (Joan.
1188 3379 1301 3429 xvr,
1325 3363 1436 3435 l3).

304 3450 450 3508 Hinc
477 3460 703 3508 sanctus
731 3468 797 3507 ac
825 3453 1158 3509 venerabilis
1186 3455 1351 3510 Pater
1370 3454 1709 3512 Athanasius
1739 3468 1763 3497 α
1790 3457 1847 3511 ἱιι

239 3539 621 3605 altercatione,
652 3555 814 3610 quam
844 3556 967 3596 cum
997 3542 1131 3597 Ario
1167 3543 1356 3599 habuit
1390 3544 1649 3601 haeretica
1671 3586 1688 3612 ,
1717 3546 1861 3601 dicit.

236 3632 380 3703 quod
400 3631 647 3703 Spiritus
678 3642 923 3701 sanctus,
947 3636 1041 3704 qui
1063 3636 1225 3692 unius
1245 3636 1595 3711 ejusdemque
1613 3648 1698 3697 est
1724 3656 1850 3696 cum

238 3726 405 3783 Patre
451 3726 702 3799 Filioque
748 3728 1106 3796 substantiae,
1149 3747 1215 3787 ea
1260 3748 1381 3803 qua:
1423 3733 1601 3791 Patris
1632 3744 1689 3791 et
1725 3736 1845 3791 Filii

1947 2073 2090 2127 sicut
2108 2071 2222 2141 jam
2250 2090 2414 2146 supra
2441 2076 2645 2130 dictum
2675 2085 2785 2141 εει,
2811 2086 2867 2132 et
2891 2080 3073 2135 unitas
3094 2081 3148 2135 in
3174 2081 3460 2148 Trinitate,
3489 2094 3545 2141 et

1948 2162 2187 2219 Trinitas
2210 2164 2266 2219 in
2295 2166 2505 2221 unitate
2525 2169 2833 2223 veneranda
2868 2170 2958 2224 sit.
2987 2168 3092 2238 Qui
3122 2170 3238 2226 vult
3270 2186 3402 2245 ergo
3435 2173 3553 2228 salo-

1946 2269 2049 2309 vus
2077 2269 2220 2320 esse,
2248 2256 2324 2310 ita
2347 2256 2416 2311 de
2434 2256 2704 2313 Trinitate
2734 2262 2956 2315 sentiat.
2990 2281 3011 2314 ι

2015 2347 2130 2403 Hac
2153 2347 2317 2417 igitur
2340 2348 2662 2404 credulitate
2689 2365 2791 2406 nec
2817 2352 3057 2408 Trinitas
3086 2371 3116 2409 a
3147 2355 3304 2411 nobis
3324 2356 3547 2413 confuta-

1946 2436 2117 2505 ditur,
2147 2453 2249 2493 nec
2282 2440 2658 2496 substantialis
2679 2443 2861 2497 unitas
2891 2454 3197 2513 separatur,
3223 2446 3316 2501 sed
3336 2455 3544 2502 certam

1946 2538 2004 2585 et
2029 2529 2427 2586 immutabilem
2474 2532 2760 2588 catholicae
2786 2533 2907 2589 lidei
2937 2536 3262 2594 conﬁtemur
3286 2548 3341 2593 et
3371 2539 3547 2609 sequi-

1946 2636 2071 2675 mur
2102 2620 2364 2689 regulam,
2398 2637 2498 2693 per
2522 2638 2687 2693 quam
2720 2624 2865 2679 beati
2895 2626 3125 2695 apostoli
3152 2635 3209 2683 et
3241 2640 3541 2699 martyres,

1946 2718 2005 2766 et
2035 2724 2225 2765 omnes
2252 2710 2365 2764 viri.
2391 2709 2625 2781 religiosi
2654 2721 2715 2768 et
2751 2714 3043 2770 sanctitate
3065 2717 3276 2787 praediti
3313 2718 3544 2788 gratiam

1948 2809 2269 2855 meruerunt
2297 2801 2500 2857 habe.e
2528 2803 2788 2869 divinam,
2814 2813 2870 2859 et
2892 2821 3044 2876 spem
3073 2808 3329 2877 perennis
3364 2808 3547 2879 adepti

1948 2905 2078 2952 sunt
2103 2898 2256 2963 vita,
2268 2906 2326 2953 et
2353 2897 2595 2955 caelestis
2622 2901 2770 2971 regni
2801 2901 3192 2959 beatitudinem
3214 2903 3392 2958 sortiti
3419 2909 3547 2958 sunt

1949 2991 2358 3060 sempiternam.

2391 3104 2628 3163 DOMlNl
2671 3120 2693 3148 ο
2735 3108 3115 3166 AUGUSTINI

2181 3214 2524 3254 ειΡιΑΝΑτιο
2560 3214 2812 3255 MYSTERH
2851 3217 2925 3258 SS.
2969 3218 3301 3259 τιιιΝιτΑτιε.

2022 3310 2182 3366 Certe
2210 3311 2321 3365 vita
2346 3318 2432 3364 est
2454 3310 2720 3367 Christus.
2765 3311 2831 3366 Et
2870 3313 2915 3367 si
2942 3322 3089 3367 certa
3115 3312 3238 3368 vita
3261 3320 3346 3369 est
3370 3310 3535 3369 Chri-

1873 3350 1924 3415 c
1956 3387 2091 3445 stus,
2118 3396 2287 3450 quare
2312 3392 2529 3435 mortua
2559 3389 2644 3437 est
2685 3382 2829 3437 vita?
2865 3383 3009 3438 ldem
3054 3384 3313 3439 Dominus
3359 3394 3548 3441 noster

1953 3451 2112 3524 .lesus
2138 3452 2387 3524 Christus
2427 3462 2482 3506 et
2521 3453 2659 3507 mori
2687 3455 2858 3524 potuit
2883 3455 2934 3524 in
2962 3469 3127 3508 unum
3145 3494 3160 3519 ,
3192 3465 3246 3509 et
3269 3470 3376 3509 non
3404 3456 3544 3511 mori

1950 3538 2016 3578 ex
2044 3523 2255 3595 altero:
2288 3522 2480 3589 Quaere
2506 3522 2737 3578 mortem
2763 3539 2777 3577 :
2803 3526 2863 3581 in
2902 3523 3080 3581 Verbo
3119 3540 3390 3595 nunquam
3422 3540 3546 3583 esse

1949 3594 2159 3665 potuit?
2179 3593 2621 3679 Quazre‘mortcm
2636 3609 2666 3679 Δτ
2697 3595 2751 3648 in
2774 3593 3394 3679 animaliunqnam‘fuit,
3417 3598 3544 3679 quia

1949 3662 2079 3736 vera
2107 3680 2255 3718 mors
2286 3662 2415 3729 fuit;
2439 3680 2579 3736 unus
2599 3672 2761 3735 atque
2788 3667 2930 3722 idem
2955 3662 3204 3720 Christus
3226 3675 3335 3732 est,
3361 3662 3541 3736 quiet

1953 3735 2203 3809 injuriam
2226 3741 2372 3809 totus
2397 3735 2639 3809 pertulit,
2671 3736 2818 3795 salva
2848 3737 3088 3805 potentia
3119 3735 3453 3805 divinitatis;
3485 3746 3543 3795 et

234 3818 553 3873 communia
584 3826 744 3884 sunt,
772 3820 851 3874 ait
888 3827 945 3875 et
988 3819 1229 3891 loquitur
1284 3824 1358 3878 ita
1401 3826 1627 3882 dicens:
1677 3828 1849 3885 Multo
1943 3860 1950 3875 ι

1284 3824 1358 3878 ita
1401 3826 1627 3882 dicens:
1677 3828 1849 3885 Multo
1943 3805 2127 3891 iaci"?
2157 3806 2213 3860 ίη
2239 3804 2699 3891 Ρτοῖμῖτάυηιρρκη
2726 3804 2965 3891 meri"?-

234 3909 415 3979 magis
440 3924 509 3963 ex
540 3908 647 3965 hoc
694 3919 918 3980 apparet
946 3908 1215 3981 Spiritum
1242 3923 1493 3971 sanctum
1516 3931 1549 3971 a
1580 3916 1763 3975 Patris
1793 3927 1853 3975 et

236 4000 368 4055 Filii
395 4001 705 4057 substantia
734 4018 840 4058 non
867 4018 988 4057 esse
1011 4003 1270 4071 alienum,
1302 4006 1431 4061 dum
1462 4023 1570 4063 non
1607 4026 1639 4065 a
1668 4012 1849 4082 seipso

236 4101 503 4163 tauquam
516 4093 727 4150 alienus
748 4103 803 4150 et
823 4104 1141 4160 extraneus,
1171 4098 1266 4153 sed
1288 4107 1348 4154 ut
1368 4107 1499 4169 puta
1519 4103 1680 4158 unius
1701 4105 1849 4175 ejus-

235 4186 478 4256 demque
513 4194 724 4243 natura:
750 4188 951 4251 socius,
978 4202 1098 4258 qua:
1120 4188 1298 4246 Patris
1321 4198 1377 4249 et
1396 4191 1519 4247 Filii
1542 4198 1847 4252 communia

238 4284 391 4342 sunt,
418 4278 498 4332 ait
517 4286 571 4331 et
602 4279 861 4348 loquitur.
892 4279 1029 4335 Nam
1053 4282 1098 4335 si
1126 4284 1363 4352 prepriis
1382 4283 1716 4354 loqueretur,
1738 4304 1847 4345 non

236 4374 420 4423 solum
454 4384 481 4423 a
509 4369 674 4426 Patre
702 4371 933 4440 alienus,
963 4373 1059 4429 sed
1083 4381 1139 4428 et
1170 4374 1331 4431 fallax
1356 4387 1414 4432 et
1438 4378 1696 4450 deceptor
1722 4396 1848 4451 pro-

233 4462 328 4518 cul
350 4461 516 4517 dubio
540 4463 857 4532 haberetur,
891 4468 1168 4535 quoniam,
1202 4478 1263 4525 ut
1288 4470 1367 4525 ait
1404 4470 1603 4537 Filius,
1661 4473 1847 4531 Omnis

230 4558 329 4627 qui
355 4555 590 4627 loquitur
627 4559 959 4614 mendacium
979 4602 993 4625 ,
1022 4563 1085 4616 de
1107 4565 1333 4636 propriis
1380 4564 1615 4637 loquitur
1659 4567 1842 4637 (Joan.

232 4663 361 4713 vm,
394 4646 511 4719 44),
542 4656 598 4703 ει
628 4649 751 4705 ideo
792 4651 881 4705 hic
907 4668 1096 4707 verum
1142 4655 1401 4724 loquitur,
1452 4657 1579 4728 quia
1629 4674 1735 4714 non
1774 4658 1843 4713 de

233 4739 466 4812 proprio
492 4779 508 4805 ,
533 4739 586 4795 id
613 4748 726 4807 est,
754 4758 862 4797 non
911 4758 940 4797 a
982 4746 1274 4815 semetipso
1293 4789 1306 4811 ,
1338 4748 1434 4804 sed
1465 4748 1532 4803 de
1561 4747 1759 4813 Patris,
1790 4758 1844 4803 ct

232 4828 384 4892 Filii,
421 4842 550 4898 quas
570 4828 835 4900 loquenda
868 4842 1011 4898 sunt,
1045 4832 1304 4904 loquitur.
1338 4835 1414 4890 De
1440 4853 1589 4901 meo,
1637 4838 1843 4909 inquit,

232 4919 494 4989 accipiet,
526 4929 575 4973 et
603 4922 935 4976 annuutiabit
966 4924 1105 4978 vobis
1149 4924 1331 4988 (J'oan.
1359 4941 1469 4991 χιιι,
1514 4928 1622 4995 Ν).
1673 4929 1742 4983 Et
1787 4941 1848 4983 ut

233 5010 560 5065 ostenderet
585 5011 691 5067 hoc
714 5027 835 5068 esse
864 5029 893 5067 a
926 5029 984 5069 se
1012 5017 1277 5085 accipere,
1304 5020 1447 5087 quod
1474 5027 1559 5073 est
1589 5020 1752 5075 etiam
1779 5021 1847 5076 de

234 5101 405 5156 Patre
433 5104 730 5183 sumpsisse
761 5121 841 5173 se,
887 5107 982 5161 ait.
1015 5107 1140 5163 ldeo
1177 5109 1286 5163 dixi
1319 5110 1385 5164 de
1416 5125 1536 5166 meo
1581 5113 1840 5183 accipiet,

232 5196 365 5268 quia
411 5166 591 5253 oinnia
639 5215 755 5271 qua:
798 5200 950 5254 habet
992 5197 1177 5266 Pater,
1206 5219 1324 5256 mea
1352 5213 1493 5256 sunt.
1522 5166 1846 5277 Videsrergo

236 5286 512 5360 Spiritum
556 5300 806 5347 sanctum
849 5308 877 5347 a
910 5291 1073 5349 Patre
1100 5301 1155 5349 et
1182 5292 1322 5349 Filio
1351 5308 1459 5348 non
1490 5310 1612 5350 esse
1638 5296 1844 5352 discre-

237 5389 381 5446 tum,
411 5381 540 5436 dum
564 5397 628 5437 ea
650 5383 894 5453 loquitur
917 5398 1038 5453 quze
1062 5383 1241 5440 Patris
1260 5394 1318 5440 et
1334 5383 1459 5440 Filii
1484 5388 1704 5458 propria
1726 5402 1847 5446 esse

238 5487 416 5527 IIOSCU
426 5482 517 5527 ntu
526 5491 570 5527 l'.
608 5495 626 5528 )

315 5560 484 5634 756
519 5563 844 5637 Unigenitus
874 5566 1040 5637 igitur
1066 5566 1162 5622 Dei
1191 5566 1394 5631 Filius,
1443 5569 1558 5625 sive
1604 5567 1843 5640 Spiritus

313 5728 341 5755 ι
374 5716 537 5773 Hunc
558 5734 775 5789 quoque
802 5720 999 5775 librant
1024 5730 1238 5791 partum
1266 5735 1387 5776 esse
1410 5724 1842 5778 sanctoAthana-

238 5787 325 5861 sio
365 5787 701 5859 suppositum
747 5794 1004 5861 gravibus
1025 5787 1340 5847 rationibus
1364 5793 1622 5846 evincunt
1643 5795 1838 5850 eruditi

238 5857 484 5931 φρει-ιιιιὶ
537 5857 775 5917 editores
828 5872 957 5916 tom.
1009 5861 1085 5925 ll,
1117 5878 1239 5931 pag.
1273 5862 1399 5918 205.
1439 5864 1558 5917 Viri.
1600 5864 1838 5929 Ceillier,

303 5931 390 5983 ist.
422 5934 537 5999 ge‘n.
566 5933 656 5989 des
686 5933 911 5987 Λατίνην-δ
941 5938 1135 5990 surrr’s.
1165 5943 1293 5988 tom.
1328 5934 1386 5999 ιτ,
1422 5951 1543 6005 pag.
1585 5935 1711 5992 285.

2022 3876 2320 3946 Interrogo.
2362 3876 2480 3946 ipse
2520 3886 2603 3932 est
2640 3877 2806 3933 Pater
2849 3880 2939 3946 qui
2974 3878 3175 3935 Filius?
3204 3877 3494 3946 Respondit
3519 3895 3540 3930 :

1947 3946 2104 4003 Absit
2128 3966 2140 4001 :
2168 3963 2274 4021 non
2297 3957 2381 4003 est
2404 3949 2519 4021 ipse
2551 3948 2709 4004 Pater
2736 3949 2829 4019 qui
2856 3946 3023 4005 Filius
3050 3968 3063 4005 :
3091 3965 3262 4021 neque
3307 3946 3542 4021 Spiritus

1949 4026 2170 4074 sanctus
2195 4018 2310 4087 ipse
2332 4019 2421 4088 qui
2444 4018 2628 4074 Pater.

2021 4089 2185 4144 Inter.
2216 4088 2495 4155 Quomodo
2525 4091 2650 4158 quia
2673 4090 2728 4144 in
2757 4092 3007 4159 personis
3029 4092 3169 4147 alius
3191 4090 3374 4156 Pater,
3404 4091 3544 4148 alius

1947 4158 2139 4243 Filius3
2168 4160 2306 4215 alius
2329 4158 2565 4230 Spiritus
2590 4158 2850 4216 sanctus?
2873 4164 2939 4216 Et
2967 4179 3076 4218 non
3106 4164 3323 4235 quidem
3357 4162 3503 4219 aliud
3524 4202 3549 4229 ,,

1950 4231 2412 4374 ῗᾟίιιὲῗῗῖρειιιη
2454 4301 2609 4374 illis,
2639 4302 2784 4357 istud
2818 4306 3045 4374 srrpius,
3074 4306 3160 4358 hic
3188 4314 3239 4358 et
3260 4302 3431 4374 infral
3456 4313 3547 4361 est

1948 4371 2133 4439 Pater,
2169 4371 2313 4444 quod
2342 4371 2543 4427 Filius?
2566 4372 2723 4442 Resp.
2758 4371 2955 4444 ipsum.

2019 4443 2185 4516 inter.
2217 4442 2338 4516 μοι)
2361 4452 2443 4499 εει
2464 4444 2651 4516 Pater,
2678 4442 2823 4516 quod
2854 4445 3060 4516 Filius?
3096 4444 3257 4516 Resp.
3292 4445 3404 4501 Hoc
3431 4453 3544 4502 est.

2019 4512 2184 4586 Inter.
2201 4514 2334 4586 ipse
2355 4524 2440 4569 est
2463 4514 2644 4586 Pater,
2670 4512 2761 4584 qui
2787 4514 2990 4570 Filius?
3014 4515 3170 4586 Resp.
3200 4512 3359 4586 'Absit
3387 4534 3399 4569 :
3430 4532 3539 4586 non

1947 4584 2169 4665 estipse
2195 4585 2376 4652 Pater,
2402 4585 2495 4657 qui
2523 4585 2721 4650 Filius,
2759 4588 2853 4641 sed
2880 4587 3058 4656 ipsum
3082 4584 3167 4642 εει
3202 4584 3364 4641 Pater
3392 4585 3540 4658 quod

1948 4654 2182 4779 “iiiis.
2224 4724 2369 4781 Deus
2390 4724 2576 4790 Pater,
2602 4726 2692 4796 qui
2720 4735 2805 4782 est
2831 4735 2955 4782 ante
2984 4726 3178 4785 saecula
3210 4735 3265 4781 et
3286 4728 3339 4781 in
3371 4726 3534 4784 tinem

1950 4797 2150 4880 iaculi,
2191 4797 2307 4879 ipse
2339 4804 2497 4880 natus
2521 4806 2603 4851 est
2631 4799 2697 4880 de
2721 4798 2975 4880 Virgine?
2994 4797 3151 4868 Resp.
3174 4798 3329 4880 Absit
3354 4817 3367 4851 :
3393 4798 3539 4855 Deus

1947 4865 2129 4932 Pater,
2160 4868 2250 4936 qui
2273 4876 2357 4921 est
2382 4876 2506 4922 ante
2533 4868 2728 4922 macula
2750 4865 2879 4923 etin
2906 4869 3067 4921 tinem
3088 4865 3299 4932 saeculi,
3324 4884 3429 4923 non
3453 4880 3537 4926 est

1950 4937 2254 5026 ipsevnatus
2277 4938 2343 4993 de
2368 4938 2620 5006 Virgine;
2650 4938 2909 4995 Dominus
2933 4939 3100 4993 Filius
3123 4940 3237 5009 ipse
3265 4947 3423 4995 natus
3451 4951 3536 4996 est

1952 5008 2393 5201 ieriiii'ngiilbet
2433 5078 2596 5133 Pater
2640 5080 2842 5149 aliquid
2876 5095 3161 5136 commune
3208 5096 3331 5136 cum
3362 5079 3533 5137 Filio?

2003 5164 2105 5201 εει),
2186 5165 2215 5201 3
2256 5162 2286 5201 ϐ
2317 5188 2329 5201 .

2003 5150 2354 5287 εἲξξεξῗὸῗίά
2402 5220 2597 5276 habet?
2627 5219 3188 5291 RespJEterniIatem
3236 5230 3293 5277 et
3339 5222 3533 5277 divini~

1952 5296 2190 5435 ulmis.
2229 5360 2402 5435 Habet
2424 5361 2591 5435 Pater
2612 5360 2814 5431 aliquid
2843 5365 3144 5435 proprium,
3186 5363 3331 5434 quod
3360 5361 3531 5419 Filius

1953 5446 2057 5502 non
2090 5430 2290 5502 habet?
2317 5430 2470 5502 Resp.
2502 5432 2693 5502 liabet.

2028 5499 2191 5555 Inter.
2224 5501 2362 5570 Quid
2389 5499 2765 5574 habet'iliesp.
2808 5501 3190 5561 Eternitatem
3222 5504 3340 5559 sine
3376 5504 3523 5561 nati-

1951 5570 2137 5633 vitate,
2169 5587 2234 5627 eo
2257 5572 2399 5643 quod
2426 5573 2697 5644 ingenitus
2713 5570 2821 5629 'est.

1950 5727 2054 5853 ΠΒ
2074 5726 2306 5870 ξέῗὲιιιε
2335 5742 2466 5787 ιοιιι.
2502 5730 2543 5786 ll
2573 5727 2807 5804 Operum
2847 5730 3328 5807 sancti‘Athauasii
3351 5772 3367 5799 ,
3396 5746 3525 5805 pag.

2023 5880 2040 5908 ε
2078 5870 2155 5926 lta
2187 5886 2285 5925 ms.
