4346 6632
643 281 722 341 ετ
1502 279 1564 336 Β.
1603 278 1664 336 F.
1704 276 1927 333 ALBINI
1966 275 2098 335 SEU
2136 275 2289 333 ALCl

2246 274 2416 335 IUFNI
2446 274 2729 334 OPERUM
2765 277 2945 336 PARS
2980 279 3066 337 ιιι.
3833 281 3904 340 18

641 396 902 451 adversus
927 391 1244 465 Elipandurn
1257 391 1450 465 edidit.
1483 391 1642 465 Hisce
1669 393 1724 448 in
1745 390 1882 465 locis
1907 391 1973 448 de
1993 390 2216 465 epistola
2247 395 2295 454 Α
2323 389 2562 457 debebit,
2612 404 2779 462 quam
2814 391 3051 462 antiquis
3097 390 3151 445 in
3194 388 3424 446 scientia
3468 405 3566 447 sua
3604 391 3903 465 corporalis

640 461 1030 529 cohortatoria,
1064 471 1118 518 et
1141 463 1354 532 quidem
1377 472 1437 517 ut
1454 463 1688 533 videtur,
1717 462 1954 533 privata,
1980 465 2050 533 ad
2073 461 2217 517 Feli-

641 551 760 592 cem
789 536 950 590 missa
981 547 1006 575 ι
1037 531 1215 588 sermo
1240 544 1342 597 est,
1390 535 1442 588 in
1470 532 1667 589 litteris
1703 531 1892 587 autem.
1927 531 1996 586 ad
2035 546 2223 587 mona-

641 606 772 660 chos
818 605 1028 660 Gotbise
1054 603 1122 659 de
1162 613 1394 660 tractatu
1430 603 1716 673 polemieo,
1761 610 1922 673 atque
1948 601 2015 673 ad
2044 600 2222 673 publi-

640 691 764 729 cum
794 676 1012 736 bonum,
1036 681 1094 728 ut
1115 688 1214 744 pro
1235 682 1388 730 scuto
1405 669 1528 732 eum
1551 673 1775 728 haberet
1798 669 2062 744 catholica
2079 669 2223 744 ﬁdes

639 745 895 800 adversus
921 741 1168 799 barresiin
1189 743 1381 798 Felicis
1405 744 1551 798 edito
1576 745 1783 814 agitur,
1799 741 1976 814 qualis
2002 741 2221 814 quidem

639 824 726 870 est
769 823 1033 870 tractatus
1080 816 1183 869 iste
1222 830 1385 883 quem
1427 809 1636 868 edimus
1668 831 1680 866 :
1715 809 1848 866 nihil
1879 809 2031 866 enim
2059 813 2114 866 in
2155 826 2220 883 eo

635 883 891 954 estquod
938 881 1361 954 cohortatoriam
1401 883 1682 954 epistolam
1702 883 1908 954 sapiat,
1941 890 2035 954 aut
2076 881 2219 954 quod

637 955 708 1009 ad
743 951 974 1010 Felicem
1002 953 1168 1010 fuisse
1197 951 1666 1009 missum—indicet.
1700 951 1788 1006 En
1811 951 2026 1006 Alcuini
2055 951 2219 1006 verba

635 1025 693 1079 in
717 1026 894 1094 primo
914 1040 981 1080 ex
1008 1034 1212 1094 septem
1235 1026 1494 1079 adversus
1519 1023 1752 1094 Felicem
1779 1023 1994 1091 scriptis
2021 1021 2214 1094 libris:

644 1113 663 1144 ‹
698 1091 902 1165 Scripsi
928 1091 1207 1165 epistolam
1231 1096 1439 1165 pridem
1466 1094 1628 1149 Felici
1659 1093 1911 1165 epi_sc0po
1937 1091 2220 1165 charitatis

635 1162 844 1220 calamo
881 1162 988 1221 non
1034 1162 1394 1221 contentionis
1431 1162 1983 1229 stimulofl'raternte
2027 1162 2219 1217 salutis

634 1234 928 1302 desiderio,
972 1252 1080 1292 non
1132 1236 1402 1291 mordacis
1442 1235 1879 1304 reprehensionis
1919 1232 2083 1304 stylo,
2120 1247 2215 1304 cu:

635 1305 790 1376 piens
816 1320 938 1362 eum
968 1307 1241 1376 corrigere
1282 1308 1334 1360 in
1374 1303 1577 1359 Christi
1597 1305 1916 1376 dilectione,
1946 1303 2094 1376 etc_._;
2125 1303 2221 1376 sed

633 1374 695 1429 iit
718 1390 970 1444 agnosco,
1012 1374 1213 1431 non—eo
1237 1376 1519 1431 cbaritatis
1551 1374 1752 1437 ofﬁcio,
1783 1374 1868 1428 vel
1899 1374 2220 1428 humilitatis

631 1446 894 1515 obsequio
932 1461 1068 1502 mea:
1097 1446 1362 1501 litterulas
1407 1445 1710 1515 diligentia;
1738 1444 1960 1513 recepit,
1983 1458 2105 1515 quo
2132 1457 2219 1496 me

630 1512 902 1580 scribere,
918 1517 1011 1586 qui
1032 1531 1208 1572 meam
1236 1515 1454 1586 pietatis
1482 1512 1678 1570 intuitu
1698 1512 1890 1584 legerit
1910 1512 2216 1582 epistolam,

633 1599 928 1656 agnoscere
957 1587 1173 1656 poterit.
1214 1605 1232 1638 ι

703 1656 866 1779 Ὶξο
891 1653 1026 1711 Cum
1055 1656 1458 1738 his-concinnat
1481 1669 1602 1724 quae
1628 1653 1686 1708 in
1715 1653 1892 1722 primo
1923 1653 2217 1734 libro‘con-

703 1740 716 1779 ι
807 1726 1082 1779 libandum
1117 1741 1262 1779 circa
1307 1726 1542 1779 medium
1588 1724 1840 1779 leguntur
1877 1741 1891 1776 :
1927 1744 1946 1774 ι
1982 1723 2080 1778 Cui
2111 1724 2129 1779 (
2163 1723 2217 1776 Id

631 1723 733 1779 tra'
761 1723 1082 1794 Elipandum
1117 1727 1262 1781 circa
1307 1723 1542 1780 medium
1588 1724 1840 1794 leguntur
1877 1741 1891 1776 :
1927 1744 1946 1774 ι
1982 1723 2080 1778 Cui
2111 1724 2129 1793 (
2163 1723 2217 1776 id

629 1803 718 1868 est
763 1794 924 1868 Felici
949 1795 984 1868 )_
1005 1797 1059 1850 in
1109 1797 1209 1852 has
1244 1796 1535 1868 adveniens
1578 1801 1763 1864 partes
1807 1794 2218 1868 ch_ari_tatis_ca-

631 1864 772 1921 lamo
798 1861 1077 1936 epistolam
1109 1861 1657 1936 exhortatoriam,:ut
1684 1878 1748 1936 se
1778 1865 2054 1936 catholica)
2088 1861 2216 1936 jun-_

629 1945 780 2060 geret
800 1932 1010 2001 unitati,
1056 1938 1293 2019 dirigere
1319 1935 1525 2016 curavi.
1553 1933 1650 1988 Cui
1682 1933 1770 1988 ille
1799 1949 1902 1988 non
1941 1932 2218 2015 epistolari

666 2015 914 2060 reVItate.
940 2008 1036 2060 sed
1063 2006 1227 2060 libelli
1253 2005 1561 2060 nroluutate
1584 2004 1915 2060 resnondere
1939 2019 2090 2058 nisus
2110 2011 2214 2058 est.

666 2005 914 2076 revitate,
940 2008 1044 2076 sed
1063 2006 1227 2063 libelli
1252 2005 1561 2076 prolixitate
1584 2004 1915 2076 respondere
1933 2004 2090 2076 nisus
2110 2011 2214 2076 est.

628 2073 728 2130 Cui
773 2075 954 2132 libello
1001 2075 1119 2145 ejus
1172 2073 1379 2147 septem
1429 2083 1626 2130 nostra:
1674 2074 1976 2147 devotionis
2023 2073 2220 2128 libellis

628 2143 1047 2270 :espondimus,
1104 2143 1297 2203 omnes
1351 2152 1548 2201 vestra:
1600 2143 1887 2215 pravitatis
1946 2157 2218 2199 evacuans

665 2218 920 2270 octrinas.
949 2236 968 2270 ι

665 2218 920 2273 octrinas.
949 2236 968 2270 ι

702 2283 872 2342 Porro
908 2286 1109 2343 laudati
1148 2285 1428 2343 litterariis
1459 2285 1760 2341 Galliarum
1797 2284 2051 2340 Historia:
2083 2283 2218 2340 scri-

625 2363 813 2426 ptores
861 2357 1030 2413 libelli
1072 2355 1140 2411 ab
1166 2356 1394 2412 Alcuino
1435 2355 1696 2411 adversus
1744 2355 2010 2417 Felicem,
2064 2361 2220 2409 antc-

629 2425 1027 2499 Quamseptem
1057 2427 1178 2481 illos
1206 2435 1459 2483 exararet
1480 2426 1668 2499 libros,
1691 2426 1822 2480 editi
1849 2425 2218 2499 testiinonium

628 2494 818 2552 liaberi
847 2494 1130 2552 autumant
1152 2499 1315 2552 etiam
1349 2499 1400 2552 in
1427 2497 1652 2566 epistola
1679 2511 1838 2565 quam
1869 2496 1935 2550 ad
1961 2494 2217 2551 Carolum

627 2580 810 2637 regem
849 2566 1110 2623 Alcuinus
1144 2568 1293 2623 dedit
1309 2569 1360 2631 Β,
1389 2583 1514 2623 eum
1544 2583 1607 2622 ro
1644 2581 1742 2620 ans
1771 2575 1831 2620 ut
1867 2575 2073 2635 septem
2095 2566 2219 2621 illos

628 2635 798 2690 libros
821 2641 1177 2690 examinaret.
1201 2639 1518 2690 priusquam
1543 2638 1596 2690 in
1609 2584 1799 2690 ﬁucem
1822 2640 2091 2690 venirent.
2116 2636 2219 2690 Ve-

628 2635 798 2692 lib'ros
821 2641 1177 2701 examinaret,
1201 2639 1518 2708 priusquam
1543 2638 1596 2691 in
1614 2635 1799 2692 lucem
1822 2640 2091 2708 venirent.
2116 2636 2220 2708 Ye-

629 2722 750 2778 rum
795 2709 848 2763 in
897 2709 1001 2765 hoc
1028 2705 1244 2778 quoque
1272 2705 1392 2765 loco
1422 2708 1490 2761 ad
1519 2723 1787 2778 summum
1815 2707 1883 2761 de
1909 2709 2096 2762 eadem
2127 2705 2217 2760 illa

626 2776 991 2834 cohortatoria
1030 2776 1259 2847 epistola
1302 2778 1674 2848 testimonium
1717 2777 1936 2848 aliquod
1968 2783 2214 2848 apparet,

625 2848 927 2917 etquidem
955 2849 1330 2905 tantummodo
1379 2847 1716 2916 oonjiciendo
1759 2847 2118 2917 assequimur,
2149 2861 2218 2902 ex

627 2916 816 2988 relatis
853 2919 1107 2974 nimirum
1149 2919 1286 2976 locis
1314 2927 1593 2981 constare,
1627 2919 1770 2988 quod
1794 2916 1977 2988 libello
1999 2917 2215 2984 Felicis,

626 2987 715 3059 cui
737 2997 943 3056 septem
980 2990 1213 3059 oppositi
1239 2997 1366 3045 sunt
1391 2989 1533 3059 libri,
1562 2987 1821 3043 anteriori
1857 2987 1965 3042 alio
1990 2990 2214 3056 scripto,

624 3058 996 3152 gcAlJIoI-tato'ria
1018 3058 1543 3152 videlicet‘epistola,
1588 3059 2213 3152 Aletrinuskoccasionetn
2244 3088 2289 3152 ρ

624 3128 867 3200 dederat.
897 3129 1151 3200 Epistolas
1171 3131 1239 3186 ad
1259 3128 1513 3185 Garolum
1533 3143 1712 3200 regem
1740 3130 1906 3182 verba
1919 3129 2033 3184 haec
2054 3137 2211 3200 sunt:

630 3213 654 3249 ι
690 3199 882 3255 Vestra
912 3198 1040 3255 nulli
1069 3200 1464 3256 ootitemnenda
1500 3198 1797 3254 auctoritas
1827 3207 2027 3253 nostra),
2055 3198 2218 3254 devo-

631 3287 653 3319 s
685 3269 822 3325 tioni
871 3271 1146 3325 mandavit
1184 3279 1374 3326 contra
1415 3284 1585 3326 novas
1626 3268 1896 3324 haeretica:
1935 3269 2219 3338 pravitatis

631 3356 654 3388 ε
689 3340 1030 3396 inventiones
1054 3340 1256 3410 aliquid
1288 3339 1546 3410 scribere,
1585 3349 1746 3408 atque
1771 3338 1953 3410 libello
1988 3353 2217 3407 respon-

633 3426 654 3459 ι
688 3415 819 3466 dere
865 3425 1026 3481 quem
1078 3409 1269 3467 contra
1318 3426 1418 3466 nos
1459 3409 1646 3481 Felix“
1666 3409 1888 3479 quidam
1930 3410 2218 3481 episcopus

635 3479 893 3561 ovestm‘
916 3481 1116 3536 direxit
1163 3479 1493 3537 auctoritati.
1531 3500 1550 3534 ι
1603 3479 1893 3550 Hucusque
1922 3479 1991 3535 cl.
2025 3480 2216 3552 Foggi-

626 3565 772 3607 ntus.

817 3696 1217 3769 INCIPIT
1289 3698 1611 3769 LIBER
1664 3696 2068 3787 ALBINI,

698 3826 894 3895 QUEM
932 3827 1160 3883 EDlDlT
1192 3827 1469 3884 CONTRA
1509 3826 1836 3883 ΗᾹΞΒΕΞΙΝ
1874 3827 2155 3883 FELICIS.

699 3964 741 4019 1.
770 3963 1023 4034 Legimus
1055 3964 1108 4017 in
1131 3963 1406 4019 saecularis
1431 3962 1746 4018 litteratura:
1768 3963 2030 4026 historiis,
2059 3977 2216 4032 quos-

629 4055 756 4111 dam
785 4056 930 4109 viros
955 4054 1288 4110 medicinalis
1313 4053 1444 4108 artis
1471 4055 1694 4122 peritos,
1738 4053 1864 4106 dum
1897 4053 2107 4122 aliquas
2132 4052 2213 4107 ci-

628 4145 822 4198 vitates
851 4143 1168 4213 pestilentias
1197 4142 1283 4197 lue
1312 4141 1538 4196 infectas
1581 4130 1886 4204 audierunt,
1926 4156 2111 4195 amore
2140 4141 2216 4194 ci-

631 4236 776 4289 vium
823 4249 1065 4297 suorum,
1109 4233 1327 4302 aliquod
1367 4233 1744 4287 medicamenti
1774 4247 1946 4304 geuus
1988 4231 2215 4302 provida

631 4326 992 4382 sollicitudine
1028 4325 1386 4395 excogitasse,
1418 4338 1526 4392 quo
1555 4324 1701 4378 cives
1741 4337 1868 4378 suos
1897 4337 1928 4376 a
1958 4337 2213 4392 grassan-

632 4419 704 4474 tis
727 4419 898 4475 morbi
933 4417 1276 4473 infestatione
1300 4417 1717 4485 prmmunirent,
1752 4431 1819 4470 ne
1845 4415 2099 4486 ingruens
2123 4430 2217 4485 pe-

632 4510 860 4566 riculum
903 4525 971 4564 ex
1017 4509 1294 4578 insperato
1337 4515 1550 4576 partem
1594 4513 1838 4577 cognatm
1881 4506 2220 4560 subverteret

633 4597 1010 4654 multitudinis.
1038 4594 1153 4650 Hoc
1178 4595 1320 4649 idem
1347 4605 1547 4650 nostrae
1571 4595 1787 4649 videtur
1807 4593 2070 4662 agendum
2100 4608 2221 4648 esse

633 4689 906 4746 devotioni
942 4695 1131 4746 contra
1181 4686 1451 4743 hmreticas
1487 4685 1772 4757 pravitatis
1823 4685 2217 4754 pestilentiam,

634 4799 864 4855 quorum
888 4782 1141 4838 doctrina
1178 4789 1240 4836 ut
1265 4795 1460 4836 cancer
1487 4781 1675 4850 serpit,
1724 4789 1784 4835 ut
1811 4780 1958 4834 virus
1986 4776 2222 4836 infundi-

639 4887 746 4943 tur,
793 4885 854 4931 ut
897 4891 1163 4932 venenum
1209 4875 1518 4946 serpentino
1559 4876 1719 4931 dente
1764 4875 2052 4946 ingestum,
2083 4890 2221 4945 quos

635 4968 856 5033 laceret,
903 4966 1117 5023 occidit.
1163 4965 1277 5042 lﬁec
1321 4966 1591 5036 posterior
1637 4966 1791 5022 nobis
1837 4968 1890 5021 in
1937 4966 2217 5023 catholica:

638 5058 762 5115 ﬁdei
792 5059 1018 5113 veritate
1056 5057 1358 5113 animarqu
1400 5056 1704 5114 sollicitudo
1733 5057 2059 5129 integritatis
2096 5073 2216 5114 esse

710 5209 838 5265 ODe
883 5209 972 5281 illa
1018 5217 1196 5281 certe,
1247 5226 1408 5280 quam
1452 5210 1612 5281 paulo
1657 5217 1796 5281 post_
1815 5209 2212 5278 exhibebimus,

637 5291 759 5350 qua:
791 5281 850 5334 D.
887 5280 1198 5352 Fogginium
1231 5279 1523 5335 etiamnum
1553 5281 1725 5334 latuit.
1758 5279 1991 5335 Fnossu.

711 5350 740 5391 δ
769 5350 1003 5406 Enistola
1025 5352 1176 5404 libris
1196 5367 1268 5405 vn
1299 5351 1516 5406 nrmﬁxa
1550 5350 1707 5404 infra.

712 5367 740 5391 ν
771 5367 1003 5420 ηριειοιιι
1025 5367 1176 5404 noris
1196 5367 1268 5405 vu
1299 5367 1516 5421 prmuxa
1550 5367 1707 5404 lnll‘a.

712 5431 734 5490 ς
769 5420 919 5475 Hunc
945 5421 1152 5475 titulum
1183 5423 1340 5476 habet
1365 5423 1477 5490 ipse
1509 5423 1676 5476 codex
1705 5437 1805 5475 ms.
1831 5421 2208 5490 praelaudatus.

709 5488 736 5530 ἀ
768 5491 842 5545 De
876 5491 1100 5562 synodo
1154 5488 1423 5560 Ephesin'a
1485 5502 1673 5546 auctor
1732 5488 1968 5560 loquitur
2031 5493 2211 5548 habita

643 5575 782 5614 anno
812 5561 998 5616 Salutis
1021 5561 1144 5625 431,
1176 5562 1432 5616 ducentos
1451 5572 1628 5616 autem
1655 5563 1706 5615 in
1728 5577 1790 5616 ea
1819 5563 2006 5617 Patres
2026 5577 2213 5616 conve-

643 5632 787 5684 nisse
817 5640 1044 5687 testatur
1072 5633 1234 5687 etiam
1267 5632 1576 5686 Vincentius
1603 5631 1769 5687 Lirin.
1803 5634 1853 5688 in
1884 5632 2206 5687 COmmonit.

641 5699 668 5770 ς
705 5700 786 5756 5‘2.
823 5702 926 5760 Sed
967 5704 1018 5759 in
1049 5711 1152 5757 act.
1187 5717 1203 5758 ι
1247 5703 1436 5758 concil.
1493 5711 1612 5772 post
1648 5702 2066 5774 subscriptiones
2101 5704 2211 5773 cpi-

2319 496 2453 538 cura
2482 481 2672 538 salutis
2698 481 2867 538 fuisse
2892 483 3175 554 probatur.

2388 571 2453 628 ll.
2486 571 2626 629 Ecce
2657 587 2788 643 pars
2808 574 3053 644 quaedam
3088 573 3271 629 mundi
3301 573 3571 630 haeretica!
3618 573 3904 644 pravitatis

2316 677 2527 720 veneno
2579 663 2782 719 infecta
2824 672 2929 729 est,
2974 678 3222 719 asserens
3261 663 3537 720 Christum
3565 662 3750 720 Iesum
3789 665 3909 722 Deo

2317 751 2466 808 Patri
2516 768 2705 808 verum
2745 769 2853 810 non
2896 770 3018 811 esse
3065 754 3289 820 Filium;
3341 769 3444 811 nec
3468 756 3769 826 proprium,
3807 756 3911 812 sed

2318 847 2661 918 adoptivum;
2703 855 2759 902 et
2797 846 3118 902 Nestoriana
3163 845 3388 902 haeresis
3426 845 3496 900 ab
3538 845 3780 910 Oriente,
3811 845 3904 902 ubi

2317 940 2573 994 damnata
2616 945 2699 994 est
2729 954 2761 993 a
2792 938 3041 994 ducentis
3074 938 3319 1010 synodali
3361 941 3684 1002 auctoritate
3726 938 3906 994 Patri-

2317 1032 2418 1087 bus
2463 1030 2516 1098 δ,
2568 1031 2785 1105 longum
2821 1031 3209 1103 postliminium
3258 1031 3609 1096 reviviscens,
3644 1031 3905 1087 latitando

2316 1125 2456 1196 fugit
2495 1124 2550 1179 in
2580 1124 2949 1190 Occidentem,
2977 1133 3040 1180 ut
3063 1125 3155 1181 ubi
3188 1124 3268 1181 sol
3295 1123 3523 1181 visibilis
3551 1125 3617 1180 ab
3646 1123 3817 1181 oculis
3845 1138 3906 1180 se

2317 1214 2599 1270 abscondit
2623 1215 2893 1281 humanis,
2922 1214 2996 1270 ibi
3030 1215 3111 1271 sol
3138 1215 3364 1288 iustitiae
3398 1231 3430 1271 a
3462 1215 3718 1271 cordibus
3753 1230 3905 1272 recc-

2316 1305 2472 1362 deret
2520 1305 2816 1361 inﬁdelium
2847 1304 3052 1379 [Forte,
3093 1306 3377 1381 ﬁdelium].
3409 1306 3692 1363 Nestorius
3735 1306 3903 1378 impia

2319 1400 2620 1456 assertione
2659 1407 2822 1470 negat
2850 1399 3221 1457 beatissimam
3262 1400 3525 1470 virginem
3553 1399 3775 1456 Mariam
3805 1399 3903 1456 Del

2317 1505 2436 1546 esse
2459 1489 2801 1560 genitricem,
2830 1491 2927 1548 sed
2964 1491 3337 1546 tantummodo
3363 1490 3627 1547 hominis
3655 1488 3904 1545 similiter

2318 1590 2375 1635 et
2409 1583 2519 1646 isti,
2559 1583 2749 1638 eadem
2789 1583 3058 1654 pravitate
3101 1583 3331 1652 decepti,
3376 1589 3578 1655 negant
3621 1596 3742 1638 eam
3774 1591 3907 1634 vero

2317 1672 2440 1728 Filii
2489 1673 2586 1728 Dei
2628 1689 2749 1729 esse
2790 1673 3125 1746 genitricem,
3181 1674 3278 1730 sed
3342 1671 3620 1742 cujusdam
3665 1669 3904 1742 adoptivi

2246 1740 2293 1800 Β
2319 1765 2448 1831 ﬁlii;
2478 1766 2716 1821 volentes
2735 1740 3009 1822 Christum
3039 1765 3209 1821 Deum
3231 1740 3514 1820 nobiscum
3537 1778 3661 1820 esse
3687 1740 3905 1833 adopti—

2318 1871 2469 1922 vum,
2494 1872 2591 1927 per
2619 1872 2781 1928 quem
2822 1873 2922 1914 nos
2955 1857 3068 1913 Deo
3105 1855 3255 1911 Patri
3284 1855 3414 1911 facti
3454 1869 3642 1911 sumus
3667 1854 3906 1924 adoptivi

2320 1947 2437 2002 ﬁlii.
2469 1945 2621 2003 Hanc
2659 1962 2761 2018 ego
2783 1947 3104 2018 pestilentia:
3145 1946 3287 2002 luem
3328 1947 3628 2001 abhorrens
3654 1944 3906 2016 antiquo-

2320 2053 2440 2096 rum
2469 2035 2689 2092 Patrum
2712 2038 3097 2110 pigmentarias
3135 2035 3466 2110 perscrutari
3493 2035 3680 2093 curavi
3707 2034 3905 2102 cellas;

2317 2127 2404 2183 vel
2443 2127 2763 2196 posterioris
2792 2129 3052 2200 temporis
3086 2126 3474 2184 venerabilium
3500 2125 3781 2182 doctorum
3807 2123 3907 2181 ﬂo—

2317 2221 2494 2276 rentia
2522 2233 2846 2290 percurrere
2884 2227 3040 2289 prata
3063 2216 3337 2284 festinavi,
3381 2224 3443 2273 ut
3477 2215 3696 2287 aliquod
3732 2215 3903 2272 medi-

2317 2310 2553 2366 camenti
2601 2323 2774 2381 genus
2822 2307 3030 2366 civibus
3071 2309 3232 2375 meis,
3281 2307 3408 2363 ﬁliis
3454 2306 3665 2363 scilicet
3701 2314 3907 2362 sancta

2317 2399 2571 2456 Ecclesiae
2595 2398 2940 2464 conﬁcerem,
2970 2413 3080 2468 quo
3117 2413 3177 2456 se
3201 2398 3271 2455 ab
3293 2399 3396 2455 hac
3422 2397 3743 2470 pestilentia:
3774 2411 3908 2452 con-

2317 2489 2534 2561 tagione
2573 2488 2922 2560 praemunire,
2952 2489 3132 2544 divina
3155 2489 3449 2546 auxiliante
3469 2487 3662 2563 gratia,
3698 2485 3909 2558 potuis»

2317 2588 2439 2636 seut
2466 2595 2481 2634 :
2512 2595 2580 2635 ex
2624 2579 2868 2649 paternis
2901 2578 3152 2637 videlicet
3194 2580 3468 2636 thesauris
3499 2579 3709 2652 species
3748 2577 3906 2636 colli-

2319 2686 2452 2743 gens
2473 2669 2895 2743 pigmentorum,
2935 2670 3023 2726 vel
3065 2668 3295 2732 llorum;
3340 2678 3398 2727 et
3436 2671 3771 2743 singulon
3809 2670 3908 2727 ad-

2320 2770 2544 2818 nectens
2587 2761 2806 2817 nomina
2831 2767 3136 2827 auctorum,
3182 2769 3244 2818 ut
3264 2761 3534 2819 salubrior
3553 2771 3699 2818 esset
3724 2770 3780 2818 et
3807 2761 3908 2819 llr-

2317 2852 2460 2909 mior
2487 2851 2776 2920 confectio,
2812 2866 2921 2923 quo
2959 2866 3029 2907 ex
3066 2851 3492 2908 clarissimorum
3537 2852 3780 2910 virorum
3819 2869 3908 2910 sa-

2317 2947 2534 3018 pientiae
2590 2955 2647 3003 et
2694 2946 2998 3002 sanctitatis
3048 2954 3332 3002 emeretur
3386 2947 3555 3018 gazis.
3616 2945 3684 3002 Et
3728 2949 3909 3020 primo

2321 3037 2565 3093 omnium
2604 3042 2890 3106 ponentes,
2939 3035 3068 3106 quid
3103 3035 3415 3106 evangelica
3462 3035 3553 3090 lux
3603 3037 3750 3092 omni
3793 3037 3909 3092 sole

2322 3127 2520 3182 clarior
2547 3128 2614 3183 ad
2643 3125 3090 3182 illuminationem
3123 3140 3266 3182 vera:
3287 3125 3410 3181 ﬁdei
3438 3125 3673 3196 pandat;
3718 3136 3910 3184 contra

2319 3217 2481 3288 hujus
2507 3217 2809 3274 claritatem
2850 3217 3073 3272 luminis
3097 3230 3258 3273 nemo
3285 3231 3446 3273 sanos
3480 3217 3688 3274 habens
3720 3217 3910 3275 oculos

2319 3325 2624 3382 repugnare
2656 3312 2855 3367 audet:
2899 3310 2996 3367 sed
3021 3309 3163 3366 sicut
3189 3325 3365 3366 cacus
3397 3320 3546 3366 errat
3572 3312 3627 3368 in
3656 3311 3804 3380 sole;
3851 3321 3909 3370 et

2310 3403 2446 3459 licet
2489 3401 2579 3458 ille
2607 3401 2709 3457 soli
2733 3402 2805 3456 sit
2833 3414 3094 3471 praesens,
3123 3401 3202 3457 sol
3244 3411 3425 3457 tamen
3449 3404 3648 3459 absens
3682 3403 3758 3459 illi
3785 3418 3909 3460 esse

2315 3494 2615 3566 probatur;
2647 3493 2803 3564 761
2855 3491 2936 3548 sic
2979 3492 3071 3563 qui
3111 3492 3434 3565 evangelica:
3480 3509 3588 3550 non
3635 3496 3909 3551 consentit

2316 3586 2557 3651 veritati,
2580 3593 2730 3642 errat
2774 3584 2842 3639 de
2865 3583 2972 3647 via,
3011 3583 3185 3639 donec
3215 3583 3269 3639 in
3297 3585 3541 3641 ultimam
3587 3587 3907 3658 perditionis

2316 3677 2529 3734 foveam
2558 3675 2891 3733 devolvatur.
2920 3673 3029 3731 Vos
3053 3690 3204 3742 vero,
3231 3675 3325 3732 lilii
3356 3687 3560 3734 sancta:
3586 3677 3681 3734 Dei
3720 3679 3934 3736 Eccle-.

2317 3769 2432 3834 sise,
2473 3768 2616 3822 hanc
2657 3781 2834 3822 meam
2878 3780 2978 3835 pro
3014 3765 3168 3820 vobis
3210 3767 3552 3823 devOtioncm
3588 3777 3905 3825 sanctarum

2315 3858 2621 3912 orationum
2667 3863 3011 3910 remunerate
3061 3854 3358 3926 suffragiis;
3398 3865 3455 3911 et
3493 3858 3671 3928 siquid
3717 3867 3905 3916 nostra

2314 3949 2470 4005 vobis
2491 3947 2904 4020 praesentialiter
2929 3946 3177 4017 proﬁciat
3200 3947 3486 4015 industria,
3517 3949 3907 4021 perpetualiter

2314 4047 2496 4096 vestra
2524 4039 2681 4095 nobis
2699 4039 2868 4110 prosit
2892 4039 3226 4094 intercessio.
3748 4035 3750 4037 ’

2387 4134 2471 4188 lll.
2511 4133 2809 4188 Credamus
2853 4132 3066 4187 Domini
3097 4131 3193 4186 Dei
3235 4132 3414 4188 Patris
3441 4133 3773 4198 testimonio,
3811 4136 3906 4193 ubi

2317 4243 2479 4296 super
2499 4227 2834 4296 baptizatum
2861 4225 3054 4280 Filium
3085 4226 3370 4296 magniﬁca
3400 4242 3531 4283 voce
3571 4236 3802 4284 testatur
3825 4231 3906 4285 di-

2317 4334 2445 4374 cens
2484 4333 2498 4371 :
2538 4317 2641 4373 Hic
2675 4326 2751 4372 est
2781 4315 2957 4372 Filius
2986 4333 3130 4372 meus
3159 4317 3376 4372 dilectus
3412 4318 3626 4390 (Matth.
3659 4338 3739 4386 III,
3789 4322 3903 4394 l7).

2320 4409 2389 4464 Et
2432 4425 2499 4465 ne
2524 4410 2644 4478 quis
2686 4410 2753 4465 de
2781 4409 2951 4464 altero
3003 4408 3109 4464 dici
3151 4408 3441 4476 dubitaret,
3480 4412 3643 4467 etiam
3684 4423 3907 4472 sanctus

2325 4502 2560 4573 Spiritus
2586 4503 2640 4556 in
2675 4502 2857 4571 specie
2903 4499 3166 4556 columbae
3187 4503 3471 4570 praesentia
3498 4508 3901 4576 comprobatur,

2323 4595 2466 4652 hunc
2485 4611 2605 4651 esse
2625 4595 2823 4650 Filium
2868 4594 2983 4660 Dei,
3015 4595 3109 4664 qui
3140 4610 3171 4649 a
3192 4593 3399 4652 Joanne
3425 4598 3481 4653 in
3522 4596 3760 4657 Jordane
3807 4604 3904 4658 ba-

2322 4690 2576 4760 ptizatur.
2627 4688 2742 4742 Etsi
2783 4687 2902 4744 luce
2953 4687 3156 4743 clarius
3184 4699 3427 4760 patescat
3472 4706 3539 4747 ex
3580 4696 3904 4753 auctoritate

2322 4788 2563 4852 paterna;
2589 4779 2741 4834 vocis
2764 4777 2886 4833 Filii
2921 4779 3258 4849 proprietas;
3284 4789 3465 4838 tamen
3493 4785 3746 4841 audiendi
3775 4802 3905 4844 san-

2323 4879 2535 4926 ctorum
2579 4869 2803 4925 Patrum
2834 4877 2890 4925 et
2915 4870 3307 4928 catholicorum
3355 4874 3635 4930 doctorum
3677 4891 3905 4933 venera-

2324 4963 2460 5020 biles
2489 4978 2702 5028 sensus,
2732 4962 2860 5034 quid
2888 4963 2941 5019 in
2974 4964 3077 5020 hac
3103 4965 3342 5022 veridica
3367 4969 3578 5036 paterni
3605 4971 3902 5028 testimonii

2321 5055 2654 5127 professione
2680 5057 2967 5111 senserint.

2322 5225 2603 5281 scaporum
2653 5209 2769 5281 haec
2796 5215 3115 5281 sequuntur
3138 5225 3157 5281 γε
3195 5226 3228 5281 «γ
3272 5206 3562 5279 Postquam
3613 5207 3669 5266 hi
3707 5225 3900 5268 omnes

2320 5278 2551 5335 Nestorii
2579 5278 2900 5343 depositioni
2941 5278 3778 5343 subscripsissent,"accesserunt
3807 5283 3897 5338 alii

2320 5352 2554 5420 epiSCOpi
2602 5351 2679 5422 ad
2710 5351 3282 5422 sanctamsynodum,
3321 5351 3411 5420 qui
3453 5351 3636 5422 et_ipsi
3680 5367 3899 5422 quoque

2319 5419 2619 5491 prwpositaz
2650 5419 2982 5491 damnationi
3003 5419 3478 5491 subscripserunt.
3509 5419 3758 5490 Episcopi
3797 5419 3900 5476 ita-

2320 5488 2335 5490 “
2360 5488 2449 5556 ue,
2478 5491 2568 5562 qui
2597 5491 2771 5561 ipsum
2802 5488 3107 5543 Nestorium
3129 5488 3508 5558 depdsuerunt,
3535 5488 3718 5560 plures
3735 5509 3897 5562 quam

2320 5510 2534 5615 ducenti
2561 5563 2838 5615 exstitere.
2871 5559 3034 5615 aliqui
3068 5560 3210 5614 cnim
3243 5561 3416 5615 locum
3450 5570 3740 5615 tenuerunt
3767 5563 3897 5615 alio-

2359 5559 2534 5617 ucenti
2561 5559 2838 5625 exstitere,
2871 5559 3034 5629 aliqui
3068 5560 3210 5614 cnim
3243 5561 3416 5615 locum
3450 5559 3902 5618 tenuerunt'alio-

2318 5648 2438 5687 rum
2485 5632 2878 5702 episcoporum,
2921 5631 3012 5699 qui
3052 5631 3118 5703 a_d
3159 5630 3513 5700 Ephesiorum
3556 5633 3896 5703 metropoliiu

2321 5704 2502 5757 venire
2519 5698 2629 5757 non
2661 5698 2968 5771 potuerunt.
3000 5721 3018 5754 I
3054 5698 3357 5756 Focoisws.
3676 5701 3684 5707 '
