  <div class='ocr_page' id='page_1' title='image "/cluster/home/n/w/nwhite01/storage/ocr_20150623/101/umn.31951002477394h/058.png"; bbox 0 0 4346 6688; ppageno 0'>
   <div class='ocr_carea' id='block_1_1' title="bbox 280 504 1981 573">
    <p class='ocr_par' dir='ltr' id='par_1_1' title="bbox 280 509 1981 572">
     <span class='ocr_line' id='line_1_1' title="bbox 280 509 1981 572; baseline -0.003 -1"><span class='ocrx_word' id='word_1_1' title='bbox 280 513 353 572; x_wconf 84' lang='lat'><strong>89</strong></span> <span class='ocrx_word' id='word_1_2' title='bbox 1143 510 1557 568; x_wconf 70' lang='lat' dir='ltr'><strong>DOCMATICA.</strong></span> <span class='ocrx_word' id='word_1_3' title='bbox 1581 543 1645 554; x_wconf 90' lang='lat'><strong>--</strong></span> <span class='ocrx_word' id='word_1_4' title='bbox 1688 509 1818 570; x_wconf 79' lang='lat' dir='ltr'><strong>LIB.</strong></span> <span class='ocrx_word' id='word_1_5' title='bbox 1859 511 1981 567; x_wconf 65' lang='lat' dir='ltr'><strong>AD‘</strong></span> 
     </span>
    </p>
   </div>
   <div class='ocr_carea' id='block_1_2' title="bbox 1921 504 3568 573">
    <p class='ocr_par' dir='ltr' id='par_1_2' title="bbox 1921 504 3568 573">
     <span class='ocr_line' id='line_1_2' title="bbox 1921 504 3568 573; baseline 0.001 -7"><span class='ocrx_word' id='word_1_6' title='bbox 1921 511 2020 567; x_wconf 81' lang='lat' dir='ltr'><strong>DV.</strong></span> <span class='ocrx_word' id='word_1_7' title='bbox 2063 511 2391 573; x_wconf 62' lang='lat'><strong>&quot;£88513</strong></span> <span class='ocrx_word' id='word_1_8' title='bbox 2426 511 2715 573; x_wconf 80' lang='lat' dir='ltr'><strong>FELlClS.</strong></span> <span class='ocrx_word' id='word_1_9' title='bbox 3493 504 3568 567; x_wconf 76' lang='lat'><strong>90</strong></span> 
     </span>
    </p>
   </div>
   <div class='ocr_carea' id='block_1_3' title="bbox 355 623 3564 698">
    <p class='ocr_par' dir='ltr' id='par_1_3' title="bbox 355 623 3564 698">
     <span class='ocr_line' id='line_1_3' title="bbox 355 623 3564 698; baseline -0.002 -13"><span class='ocrx_word' id='word_1_10' title='bbox 355 629 443 685; x_wconf 82' lang='lat' dir='ltr'><strong>lV.</strong></span> <span class='ocrx_word' id='word_1_11' title='bbox 491 627 634 684; x_wconf 85' lang='lat' dir='ltr'><strong>Dicit</strong></span> <span class='ocrx_word' id='word_1_12' title='bbox 683 628 828 683; x_wconf 85' lang='lat' dir='ltr'><strong>enim</strong></span> <span class='ocrx_word' id='word_1_13' title='bbox 863 626 1102 683; x_wconf 82' lang='lat' dir='ltr'><strong>Hilarius</strong></span> <span class='ocrx_word' id='word_1_14' title='bbox 1129 628 1510 684; x_wconf 72' lang='lat' dir='ltr'><strong>ecclesiastica:</strong></span> <span class='ocrx_word' id='word_1_15' title='bbox 1533 627 1656 683; x_wconf 93' lang='lat' dir='ltr'><strong>ﬁdei</strong></span> <span class='ocrx_word' id='word_1_16' title='bbox 1685 628 1877 683; x_wconf 90' lang='lat' dir='ltr'><strong>doctor</strong></span> <span class='ocrx_word' id='word_1_17' title='bbox 1903 631 1952 686; x_wconf 77' lang='grc' dir='ltr'><strong>Δ</strong></span> <span class='ocrx_word' id='word_1_18' title='bbox 1980 632 2328 698; x_wconf 77' lang='lat' dir='ltr'><strong>cernebatur,</strong></span> <span class='ocrx_word' id='word_1_19' title='bbox 2359 632 2454 688; x_wconf 85' lang='lat' dir='ltr'><strong>Dei</strong></span> <span class='ocrx_word' id='word_1_20' title='bbox 2478 647 2613 689; x_wconf 86' lang='lat' dir='ltr'><strong>voce</strong></span> <span class='ocrx_word' id='word_1_21' title='bbox 2641 629 2738 687; x_wconf 83' lang='lat' dir='ltr'><strong>Dei</strong></span> <span class='ocrx_word' id='word_1_22' title='bbox 2766 627 2937 685; x_wconf 83' lang='lat' dir='ltr'><strong>Filius</strong></span> <span class='ocrx_word' id='word_1_23' title='bbox 2971 632 3310 684; x_wconf 88' lang='lat' dir='ltr'><strong>nosceretur.</strong></span> <span class='ocrx_word' id='word_1_24' title='bbox 3339 623 3406 681; x_wconf 78' lang='lat' dir='ltr'><strong>Et</strong></span> <span class='ocrx_word' id='word_1_25' title='bbox 3436 625 3564 696; x_wconf 83' lang='lat' dir='ltr'><strong>quia</strong></span> 
     </span>
    </p>
   </div>
   <div class='ocr_carea' id='block_1_4' title="bbox 284 716 1878 789">
    <p class='ocr_par' dir='ltr' id='par_1_4' title="bbox 284 716 1878 789">
     <span class='ocr_line' id='line_1_4' title="bbox 284 716 1878 789; baseline -0.005 -10"><span class='ocrx_word' id='word_1_26' title='bbox 284 721 556 779; x_wconf 81' lang='lat' dir='ltr'><strong>mirabilis</strong></span> <span class='ocrx_word' id='word_1_27' title='bbox 583 721 640 776; x_wconf 89' lang='lat' dir='ltr'><strong>in</strong></span> <span class='ocrx_word' id='word_1_28' title='bbox 677 719 819 776; x_wconf 87' lang='lat' dir='ltr'><strong>libro</strong></span> <span class='ocrx_word' id='word_1_29' title='bbox 858 730 1015 775; x_wconf 80' lang='lat' dir='ltr'><strong>sexto</strong></span> <span class='ocrx_word' id='word_1_30' title='bbox 1060 734 1222 789; x_wconf 85' lang='lat' dir='ltr'><strong>quem</strong></span> <span class='ocrx_word' id='word_1_31' title='bbox 1267 721 1335 774; x_wconf 90' lang='lat' dir='ltr'><strong>de</strong></span> <span class='ocrx_word' id='word_1_32' title='bbox 1378 727 1565 774; x_wconf 86' lang='lat' dir='ltr'><strong>sancta</strong></span> <span class='ocrx_word' id='word_1_33' title='bbox 1607 716 1878 772; x_wconf 83' lang='lat' dir='ltr'><strong>Trinitate</strong></span> 
     </span>
    </p>
   </div>
   <div class='ocr_carea' id='block_1_5' title="bbox 284 809 1873 883">
    <p class='ocr_par' dir='ltr' id='par_1_5' title="bbox 284 809 1873 883">
     <span class='ocr_line' id='line_1_5' title="bbox 284 809 1873 883; baseline -0.003 -15"><span class='ocrx_word' id='word_1_34' title='bbox 284 812 506 883; x_wconf 87' lang='lat' dir='ltr'><strong>scripsit</strong></span> <span class='ocrx_word' id='word_1_35' title='bbox 531 820 654 882; x_wconf 90' lang='lat' dir='ltr'><strong>post</strong></span> <span class='ocrx_word' id='word_1_36' title='bbox 683 810 788 866; x_wconf 87' lang='lat' dir='ltr'><strong>alia</strong></span> <span class='ocrx_word' id='word_1_37' title='bbox 819 809 1100 867; x_wconf 59' lang='lat' dir='ltr'><strong>catholicae</strong></span> <span class='ocrx_word' id='word_1_38' title='bbox 1146 809 1271 866; x_wconf 92' lang='lat' dir='ltr'><strong>ﬁdei</strong></span> <span class='ocrx_word' id='word_1_39' title='bbox 1299 811 1675 867; x_wconf 71' lang='lat' dir='ltr'><strong>convenientia</strong></span> <span class='ocrx_word' id='word_1_40' title='bbox 1707 810 1786 866; x_wconf 88' lang='lat' dir='ltr'><strong>sic</strong></span> <span class='ocrx_word' id='word_1_41' title='bbox 1809 821 1833 850; x_wconf 72' lang='grc' dir='ltr'>α</span> <span class='ocrx_word' id='word_1_42' title='bbox 1861 829 1873 864; x_wconf 90' lang='lat'>:</span> 
     </span>
    </p>
   </div>
   <div class='ocr_carea' id='block_1_6' title="bbox 292 903 1876 974">
    <p class='ocr_par' dir='ltr' id='par_1_6' title="bbox 292 903 1876 974">
     <span class='ocr_line' id='line_1_6' title="bbox 292 903 1876 974; baseline 0.001 -18"><span class='ocrx_word' id='word_1_43' title='bbox 292 924 313 956; x_wconf 73' lang='grc' dir='ltr'>ι</span> <span class='ocrx_word' id='word_1_44' title='bbox 348 905 492 961; x_wconf 76' lang='lat' dir='ltr'><strong>Vere</strong></span> <span class='ocrx_word' id='word_1_45' title='bbox 520 903 617 959; x_wconf 88' lang='lat' dir='ltr'><strong>Dei</strong></span> <span class='ocrx_word' id='word_1_46' title='bbox 646 903 844 958; x_wconf 89' lang='lat' dir='ltr'><strong>Filium</strong></span> <span class='ocrx_word' id='word_1_47' title='bbox 876 905 1216 974; x_wconf 78' lang='lat' dir='ltr'><strong>unigenitum</strong></span> <span class='ocrx_word' id='word_1_48' title='bbox 1257 905 1427 959; x_wconf 89' lang='lat' dir='ltr'><strong>Deum</strong></span> <span class='ocrx_word' id='word_1_49' title='bbox 1457 905 1744 959; x_wconf 89' lang='lat' dir='ltr'><strong>Dominum</strong></span> <span class='ocrx_word' id='word_1_50' title='bbox 1774 917 1876 957; x_wconf 83' lang='lat' dir='ltr'><strong>no-</strong></span> 
     </span>
    </p>
   </div>
   <div class='ocr_carea' id='block_1_7' title="bbox 285 994 1879 1054">
    <p class='ocr_par' dir='ltr' id='par_1_7' title="bbox 285 994 1879 1054">
     <span class='ocr_line' id='line_1_7' title="bbox 285 994 1879 1054; baseline -0.003 0"><span class='ocrx_word' id='word_1_51' title='bbox 285 1007 461 1054; x_wconf 87' lang='lat' dir='ltr'><strong>strum</strong></span> <span class='ocrx_word' id='word_1_52' title='bbox 506 994 693 1052; x_wconf 73' lang='lat' dir='ltr'><strong>Iesum</strong></span> <span class='ocrx_word' id='word_1_53' title='bbox 722 995 1002 1051; x_wconf 74' lang='lat' dir='ltr'><strong>Christum</strong></span> <span class='ocrx_word' id='word_1_54' title='bbox 1039 1011 1161 1051; x_wconf 91' lang='lat' dir='ltr'><strong>esse</strong></span> <span class='ocrx_word' id='word_1_55' title='bbox 1181 1010 1246 1051; x_wconf 87' lang='lat' dir='ltr'><strong>ac</strong></span> <span class='ocrx_word' id='word_1_56' title='bbox 1271 996 1454 1050; x_wconf 85' lang='lat' dir='ltr'><strong>doceri</strong></span> <span class='ocrx_word' id='word_1_57' title='bbox 1487 995 1668 1050; x_wconf 86' lang='lat' dir='ltr'><strong>multis</strong></span> <span class='ocrx_word' id='word_1_58' title='bbox 1701 995 1879 1049; x_wconf 91' lang='lat' dir='ltr'><strong>modis</strong></span> 
     </span>
    </p>
   </div>
   <div class='ocr_carea' id='block_1_8' title="bbox 286 1086 1880 1162">
    <p class='ocr_par' dir='ltr' id='par_1_8' title="bbox 286 1086 1880 1162">
     <span class='ocr_line' id='line_1_8' title="bbox 286 1086 1880 1162; baseline -0.003 -18"><span class='ocrx_word' id='word_1_59' title='bbox 286 1089 567 1162; x_wconf 83' lang='lat' dir='ltr'><strong>cognitum</strong></span> <span class='ocrx_word' id='word_1_60' title='bbox 596 1095 708 1153; x_wconf 88' lang='lat' dir='ltr'><strong>est;</strong></span> <span class='ocrx_word' id='word_1_61' title='bbox 738 1087 864 1142; x_wconf 92' lang='lat' dir='ltr'><strong>dum</strong></span> <span class='ocrx_word' id='word_1_62' title='bbox 898 1087 963 1142; x_wconf 89' lang='lat' dir='ltr'><strong>de</strong></span> <span class='ocrx_word' id='word_1_63' title='bbox 993 1102 1059 1141; x_wconf 89' lang='lat' dir='ltr'><strong>eo</strong></span> <span class='ocrx_word' id='word_1_64' title='bbox 1091 1095 1324 1142; x_wconf 81' lang='lat' dir='ltr'><strong>testatur</strong></span> <span class='ocrx_word' id='word_1_65' title='bbox 1349 1086 1534 1150; x_wconf 87' lang='lat' dir='ltr'><strong>Pater,</strong></span> <span class='ocrx_word' id='word_1_66' title='bbox 1560 1087 1687 1142; x_wconf 93' lang='lat' dir='ltr'><strong>dum</strong></span> <span class='ocrx_word' id='word_1_67' title='bbox 1723 1086 1792 1140; x_wconf 94' lang='lat' dir='ltr'><strong>de</strong></span> <span class='ocrx_word' id='word_1_68' title='bbox 1821 1101 1880 1140; x_wconf 91' lang='lat' dir='ltr'><strong>se</strong></span> 
     </span>
    </p>
   </div>
   <div class='ocr_carea' id='block_1_9' title="bbox 286 1178 1881 1253">
    <p class='ocr_par' dir='ltr' id='par_1_9' title="bbox 286 1178 1881 1253">
     <span class='ocr_line' id='line_1_9' title="bbox 286 1178 1881 1253; baseline -0.003 -16"><span class='ocrx_word' id='word_1_69' title='bbox 286 1182 404 1253; x_wconf 90' lang='lat' dir='ltr'><strong>ipse</strong></span> <span class='ocrx_word' id='word_1_70' title='bbox 440 1179 748 1251; x_wconf 90' lang='lat' dir='ltr'><strong>proﬁtetur,</strong></span> <span class='ocrx_word' id='word_1_71' title='bbox 782 1179 911 1233; x_wconf 89' lang='lat' dir='ltr'><strong>dum</strong></span> <span class='ocrx_word' id='word_1_72' title='bbox 942 1179 1170 1249; x_wconf 81' lang='lat' dir='ltr'><strong>apostoli</strong></span> <span class='ocrx_word' id='word_1_73' title='bbox 1216 1181 1542 1250; x_wconf 69' lang='lat' dir='ltr'><strong>pmdicant,</strong></span> <span class='ocrx_word' id='word_1_74' title='bbox 1585 1179 1711 1235; x_wconf 90' lang='lat' dir='ltr'><strong>dum</strong></span> <span class='ocrx_word' id='word_1_75' title='bbox 1755 1178 1881 1233; x_wconf 84' lang='lat' dir='ltr'><strong>reli-</strong></span> 
     </span>
    </p>
   </div>
   <div class='ocr_carea' id='block_1_10' title="bbox 286 1268 1880 1342">
    <p class='ocr_par' dir='ltr' id='par_1_10' title="bbox 286 1268 1880 1342">
     <span class='ocr_line' id='line_1_10' title="bbox 286 1268 1880 1342; baseline -0.001 -16"><span class='ocrx_word' id='word_1_76' title='bbox 286 1271 429 1342; x_wconf 90' lang='lat' dir='ltr'><strong>giosi</strong></span> <span class='ocrx_word' id='word_1_77' title='bbox 453 1272 703 1337; x_wconf 89' lang='lat' dir='ltr'><strong>credunt,</strong></span> <span class='ocrx_word' id='word_1_78' title='bbox 731 1271 859 1325; x_wconf 91' lang='lat' dir='ltr'><strong>dum</strong></span> <span class='ocrx_word' id='word_1_79' title='bbox 887 1271 1158 1326; x_wconf 68' lang='lat' dir='ltr'><strong>daemones</strong></span> <span class='ocrx_word' id='word_1_80' title='bbox 1181 1269 1529 1336; x_wconf 78' lang='lat' dir='ltr'><strong>confitentur,</strong></span> <span class='ocrx_word' id='word_1_81' title='bbox 1555 1270 1683 1325; x_wconf 91' lang='lat' dir='ltr'><strong>dum</strong></span> <span class='ocrx_word' id='word_1_82' title='bbox 1707 1268 1880 1324; x_wconf 77' lang='lat' dir='ltr'><strong>Judaei</strong></span> 
     </span>
    </p>
   </div>
   <div class='ocr_carea' id='block_1_11' title="bbox 287 1359 1882 1433">
    <p class='ocr_par' dir='ltr' id='par_1_11' title="bbox 287 1359 1882 1433">
     <span class='ocr_line' id='line_1_11' title="bbox 287 1359 1882 1433; baseline 0.001 -17"><span class='ocrx_word' id='word_1_83' title='bbox 287 1369 511 1433; x_wconf 77' lang='lat' dir='ltr'><strong>negant,</strong></span> <span class='ocrx_word' id='word_1_84' title='bbox 538 1361 668 1417; x_wconf 91' lang='lat' dir='ltr'><strong>dum</strong></span> <span class='ocrx_word' id='word_1_85' title='bbox 690 1369 880 1433; x_wconf 89' lang='lat' dir='ltr'><strong>gentes</strong></span> <span class='ocrx_word' id='word_1_86' title='bbox 917 1362 971 1416; x_wconf 92' lang='lat' dir='ltr'><strong>in</strong></span> <span class='ocrx_word' id='word_1_87' title='bbox 1016 1361 1270 1432; x_wconf 81' lang='lat' dir='ltr'><strong>passione</strong></span> <span class='ocrx_word' id='word_1_88' title='bbox 1311 1370 1663 1433; x_wconf 88' lang='lat' dir='ltr'><strong>cognoscunt.</strong></span> <span class='ocrx_word' id='word_1_89' title='bbox 1696 1359 1882 1430; x_wconf 86' lang='lat' dir='ltr'><strong>Neque</strong></span> 
     </span>
    </p>
   </div>
   <div class='ocr_carea' id='block_1_12' title="bbox 284 1452 1884 1523">
    <p class='ocr_par' dir='ltr' id='par_1_12' title="bbox 284 1452 1884 1523">
     <span class='ocr_line' id='line_1_12' title="bbox 284 1452 1884 1523; baseline -0.002 -14"><span class='ocrx_word' id='word_1_90' title='bbox 284 1455 436 1509; x_wconf 85' lang='lat' dir='ltr'><strong>enim</strong></span> <span class='ocrx_word' id='word_1_91' title='bbox 483 1468 552 1510; x_wconf 85' lang='lat' dir='ltr'><strong>ex</strong></span> <span class='ocrx_word' id='word_1_92' title='bbox 596 1453 977 1509; x_wconf 88' lang='lat' dir='ltr'><strong>communione</strong></span> <span class='ocrx_word' id='word_1_93' title='bbox 1017 1453 1435 1523; x_wconf 89' lang='lat' dir='ltr'><strong>nuncupationis</strong></span> <span class='ocrx_word' id='word_1_94' title='bbox 1479 1459 1600 1518; x_wconf 87' lang='lat' dir='ltr'><strong>est,</strong></span> <span class='ocrx_word' id='word_1_95' title='bbox 1625 1452 1771 1521; x_wconf 91' lang='lat' dir='ltr'><strong>quod</strong></span> <span class='ocrx_word' id='word_1_96' title='bbox 1816 1452 1884 1507; x_wconf 91' lang='lat' dir='ltr'><strong>de</strong></span> 
     </span>
    </p>
   </div>
   <div class='ocr_carea' id='block_1_13' title="bbox 285 1544 1896 1620">
    <p class='ocr_par' dir='ltr' id='par_1_13' title="bbox 285 1544 1896 1620">
     <span class='ocr_line' id='line_1_13' title="bbox 285 1544 1896 1620; baseline -0.001 -17"><span class='ocrx_word' id='word_1_97' title='bbox 285 1547 641 1620; x_wconf 85' lang='lat' dir='ltr'><strong>proprietatis</strong></span> <span class='ocrx_word' id='word_1_98' title='bbox 671 1545 777 1602; x_wconf 89' lang='lat' dir='ltr'><strong>ﬁde</strong></span> <span class='ocrx_word' id='word_1_99' title='bbox 796 1545 998 1601; x_wconf 91' lang='lat' dir='ltr'><strong>dicitur</strong></span> <span class='ocrx_word' id='word_1_100' title='bbox 1024 1565 1037 1601; x_wconf 92' lang='lat'><strong>:</strong></span> <span class='ocrx_word' id='word_1_101' title='bbox 1065 1553 1120 1601; x_wconf 90' lang='lat' dir='ltr'><strong>et</strong></span> <span class='ocrx_word' id='word_1_102' title='bbox 1138 1560 1262 1602; x_wconf 89' lang='lat' dir='ltr'><strong>cum</strong></span> <span class='ocrx_word' id='word_1_103' title='bbox 1285 1546 1467 1601; x_wconf 89' lang='lat' dir='ltr'><strong>omnia</strong></span> <span class='ocrx_word' id='word_1_104' title='bbox 1490 1560 1611 1617; x_wconf 72' lang='lat' dir='ltr'><strong>qua:</strong></span> <span class='ocrx_word' id='word_1_105' title='bbox 1633 1544 1896 1601; x_wconf 77' lang='lat' dir='ltr'><strong>Christus.</strong></span> 
     </span>
    </p>
   </div>
   <div class='ocr_carea' id='block_1_14' title="bbox 288 1636 1883 1711">
    <p class='ocr_par' dir='ltr' id='par_1_14' title="bbox 288 1636 1883 1711">
     <span class='ocr_line' id='line_1_14' title="bbox 288 1636 1883 1711; baseline -0.005 -15"><span class='ocrx_word' id='word_1_106' title='bbox 288 1641 555 1696; x_wconf 84' lang='lat' dir='ltr'><strong>Dominus</strong></span> <span class='ocrx_word' id='word_1_107' title='bbox 587 1647 680 1694; x_wconf 90' lang='lat' dir='ltr'><strong>aut</strong></span> <span class='ocrx_word' id='word_1_108' title='bbox 727 1638 839 1711; x_wconf 92' lang='lat' dir='ltr'><strong>egit</strong></span> <span class='ocrx_word' id='word_1_109' title='bbox 883 1645 976 1693; x_wconf 89' lang='lat' dir='ltr'><strong>aut</strong></span> <span class='ocrx_word' id='word_1_110' title='bbox 1021 1636 1225 1703; x_wconf 87' lang='lat' dir='ltr'><strong>docuit,</strong></span> <span class='ocrx_word' id='word_1_111' title='bbox 1273 1637 1419 1692; x_wconf 88' lang='lat' dir='ltr'><strong>ultra</strong></span> <span class='ocrx_word' id='word_1_112' title='bbox 1471 1636 1652 1691; x_wconf 87' lang='lat' dir='ltr'><strong>omnia</strong></span> <span class='ocrx_word' id='word_1_113' title='bbox 1693 1649 1883 1692; x_wconf 89' lang='lat' dir='ltr'><strong>eorum</strong></span> 
     </span>
    </p>
   </div>
   <div class='ocr_carea' id='block_1_15' title="bbox 288 1727 1891 1804">
    <p class='ocr_par' dir='ltr' id='par_1_15' title="bbox 288 1727 1891 1804">
     <span class='ocr_line' id='line_1_15' title="bbox 288 1727 1891 1804; baseline -0.005 -17"><span class='ocrx_word' id='word_1_114' title='bbox 288 1734 403 1794; x_wconf 85' lang='lat' dir='ltr'><strong>sint</strong></span> <span class='ocrx_word' id='word_1_115' title='bbox 425 1732 522 1804; x_wconf 90' lang='lat' dir='ltr'><strong>qui</strong></span> <span class='ocrx_word' id='word_1_116' title='bbox 560 1729 679 1786; x_wconf 82' lang='lat' dir='ltr'><strong>Filii</strong></span> <span class='ocrx_word' id='word_1_117' title='bbox 721 1736 1107 1799; x_wconf 88' lang='lat' dir='ltr'><strong>nuncupantur</strong></span> <span class='ocrx_word' id='word_1_118' title='bbox 1128 1769 1144 1793; x_wconf 93' lang='lat'><strong>,</strong></span> <span class='ocrx_word' id='word_1_119' title='bbox 1177 1735 1233 1784; x_wconf 89' lang='lat' dir='ltr'><strong>et</strong></span> <span class='ocrx_word' id='word_1_120' title='bbox 1264 1728 1331 1782; x_wconf 80' lang='lat' dir='ltr'><strong>in.</strong></span> <span class='ocrx_word' id='word_1_121' title='bbox 1358 1727 1446 1782; x_wconf 91' lang='lat' dir='ltr'><strong>his</strong></span> <span class='ocrx_word' id='word_1_122' title='bbox 1471 1727 1726 1781; x_wconf 90' lang='lat' dir='ltr'><strong>omnibus</strong></span> <span class='ocrx_word' id='word_1_123' title='bbox 1765 1740 1891 1795; x_wconf 66' lang='lat' dir='ltr'><strong>quae</strong></span> 
     </span>
    </p>
   </div>
   <div class='ocr_carea' id='block_1_16' title="bbox 290 1817 1889 1895">
    <p class='ocr_par' dir='ltr' id='par_1_16' title="bbox 290 1817 1889 1895">
     <span class='ocr_line' id='line_1_16' title="bbox 290 1817 1889 1895; baseline -0.008 -13"><span class='ocrx_word' id='word_1_124' title='bbox 290 1825 570 1895; x_wconf 63' lang='lat' dir='ltr'><strong>pracipua</strong></span> <span class='ocrx_word' id='word_1_125' title='bbox 597 1822 706 1878; x_wconf 86' lang='lat' dir='ltr'><strong>sint</strong></span> <span class='ocrx_word' id='word_1_126' title='bbox 730 1820 955 1887; x_wconf 83' lang='lat' dir='ltr'><strong>Christi,</strong></span> <span class='ocrx_word' id='word_1_127' title='bbox 995 1821 1101 1875; x_wconf 91' lang='lat' dir='ltr'><strong>hoc</strong></span> <span class='ocrx_word' id='word_1_128' title='bbox 1129 1819 1215 1875; x_wconf 88' lang='lat' dir='ltr'><strong>vel</strong></span> <span class='ocrx_word' id='word_1_129' title='bbox 1257 1817 1604 1889; x_wconf 88' lang='lat' dir='ltr'><strong>potissimum</strong></span> <span class='ocrx_word' id='word_1_130' title='bbox 1627 1817 1889 1871; x_wconf 82' lang='lat' dir='ltr'><strong>doceatur</strong></span> 
     </span>
    </p>
   </div>
   <div class='ocr_carea' id='block_1_17' title="bbox 288 1906 1889 1985">
    <p class='ocr_par' dir='ltr' id='par_1_17' title="bbox 288 1906 1889 1985">
     <span class='ocr_line' id='line_1_17' title="bbox 288 1906 1889 1985; baseline -0.009 -12"><span class='ocrx_word' id='word_1_131' title='bbox 288 1931 435 1982; x_wconf 85' lang='lat' dir='ltr'><strong>esse,</strong></span> <span class='ocrx_word' id='word_1_132' title='bbox 467 1915 614 1985; x_wconf 89' lang='lat' dir='ltr'><strong>quod</strong></span> <span class='ocrx_word' id='word_1_133' title='bbox 639 1913 737 1969; x_wconf 87' lang='lat' dir='ltr'><strong>Dei</strong></span> <span class='ocrx_word' id='word_1_134' title='bbox 764 1911 938 1968; x_wconf 87' lang='lat' dir='ltr'><strong>Filius</strong></span> <span class='ocrx_word' id='word_1_135' title='bbox 963 1920 1086 1978; x_wconf 89' lang='lat' dir='ltr'><strong>est;</strong></span> <span class='ocrx_word' id='word_1_136' title='bbox 1126 1926 1234 1965; x_wconf 91' lang='lat' dir='ltr'><strong>non</strong></span> <span class='ocrx_word' id='word_1_137' title='bbox 1265 1918 1350 1966; x_wconf 91' lang='lat' dir='ltr'><strong>est</strong></span> <span class='ocrx_word' id='word_1_138' title='bbox 1376 1908 1434 1963; x_wconf 92' lang='lat' dir='ltr'><strong>in</strong></span> <span class='ocrx_word' id='word_1_139' title='bbox 1463 1923 1528 1963; x_wconf 90' lang='lat' dir='ltr'><strong>eo</strong></span> <span class='ocrx_word' id='word_1_140' title='bbox 1558 1906 1654 1961; x_wconf 92' lang='lat' dir='ltr'><strong>ﬁlii</strong></span> <span class='ocrx_word' id='word_1_141' title='bbox 1693 1921 1758 1962; x_wconf 85' lang='lat' dir='ltr'><strong>ex</strong></span> <span class='ocrx_word' id='word_1_142' title='bbox 1795 1921 1889 1977; x_wconf 86' lang='lat' dir='ltr'><strong>ge-</strong></span> 
     </span>
    </p>
   </div>
   <div class='ocr_carea' id='block_1_18' title="bbox 289 1983 1966 2076">
    <p class='ocr_par' dir='ltr' id='par_1_18' title="bbox 289 1983 1966 2076">
     <span class='ocr_line' id='line_1_18' title="bbox 289 1983 1966 2076; baseline -0.01 -15"><span class='ocrx_word' id='word_1_143' title='bbox 289 2007 464 2063; x_wconf 88' lang='lat' dir='ltr'><strong>nerali</strong></span> <span class='ocrx_word' id='word_1_144' title='bbox 484 1983 866 2062; x_wconf 70' lang='lat' dir='ltr'><strong>familiaritate</strong></span> <span class='ocrx_word' id='word_1_145' title='bbox 894 2015 1216 2076; x_wconf 75' lang='lat' dir='ltr'><strong>cognomen.</strong></span> <span class='ocrx_word' id='word_1_146' title='bbox 1246 1999 1364 2056; x_wconf 83' lang='lat' dir='ltr'><strong>Non</strong></span> <span class='ocrx_word' id='word_1_147' title='bbox 1392 1997 1707 2054; x_wconf 79' lang='lat' dir='ltr'><strong>contamina</strong></span> <span class='ocrx_word' id='word_1_148' title='bbox 1739 1997 1888 2051; x_wconf 86' lang='lat' dir='ltr'><strong>veri-</strong></span> <span class='ocrx_word' id='word_1_149' title='bbox 1917 1983 1966 2045; x_wconf 83' lang='grc' dir='ltr'><strong>Β</strong></span> 
     </span>
    </p>
   </div>
   <div class='ocr_carea' id='block_1_19' title="bbox 291 2089 1888 2166">
    <p class='ocr_par' dir='ltr' id='par_1_19' title="bbox 291 2089 1888 2166">
     <span class='ocr_line' id='line_1_19' title="bbox 291 2089 1888 2166; baseline -0.007 -11"><span class='ocrx_word' id='word_1_150' title='bbox 291 2101 424 2155; x_wconf 86' lang='lat' dir='ltr'><strong>tatis</strong></span> <span class='ocrx_word' id='word_1_151' title='bbox 449 2099 637 2166; x_wconf 89' lang='lat' dir='ltr'><strong>ﬁdem,</strong></span> <span class='ocrx_word' id='word_1_152' title='bbox 665 2105 730 2154; x_wconf 90' lang='lat' dir='ltr'><strong>ut</strong></span> <span class='ocrx_word' id='word_1_153' title='bbox 755 2096 865 2154; x_wconf 89' lang='lat' dir='ltr'><strong>hoc</strong></span> <span class='ocrx_word' id='word_1_154' title='bbox 896 2096 1081 2152; x_wconf 79' lang='lat' dir='ltr'><strong>verbis</strong></span> <span class='ocrx_word' id='word_1_155' title='bbox 1111 2094 1250 2151; x_wconf 88' lang='lat' dir='ltr'><strong>meis</strong></span> <span class='ocrx_word' id='word_1_156' title='bbox 1290 2099 1558 2148; x_wconf 89' lang='lat' dir='ltr'><strong>astruam.</strong></span> <span class='ocrx_word' id='word_1_157' title='bbox 1586 2089 1888 2161; x_wconf 86' lang='lat' dir='ltr'><strong>Loquatur,</strong></span> 
     </span>
    </p>
   </div>
   <div class='ocr_carea' id='block_1_20' title="bbox 289 2182 1893 2268">
    <p class='ocr_par' dir='ltr' id='par_1_20' title="bbox 289 2182 1893 2268">
     <span class='ocr_line' id='line_1_20' title="bbox 289 2182 1893 2268; baseline -0.009 -15"><span class='ocrx_word' id='word_1_158' title='bbox 289 2206 355 2253; x_wconf 88' lang='lat' dir='ltr'><strong>ut</strong></span> <span class='ocrx_word' id='word_1_159' title='bbox 379 2209 525 2268; x_wconf 60' lang='lat' dir='ltr'><strong>saepe</strong></span> <span class='ocrx_word' id='word_1_160' title='bbox 544 2194 740 2251; x_wconf 88' lang='lat' dir='ltr'><strong>solitus</strong></span> <span class='ocrx_word' id='word_1_161' title='bbox 784 2201 888 2258; x_wconf 86' lang='lat' dir='ltr'><strong>est,</strong></span> <span class='ocrx_word' id='word_1_162' title='bbox 923 2193 990 2248; x_wconf 91' lang='lat' dir='ltr'><strong>de</strong></span> <span class='ocrx_word' id='word_1_163' title='bbox 1023 2189 1305 2262; x_wconf 88' lang='lat' dir='ltr'><strong>unigenito</strong></span> <span class='ocrx_word' id='word_1_164' title='bbox 1333 2202 1434 2243; x_wconf 90' lang='lat' dir='ltr'><strong>suo</strong></span> <span class='ocrx_word' id='word_1_165' title='bbox 1475 2186 1661 2252; x_wconf 78' lang='lat' dir='ltr'><strong>Pater,</strong></span> <span class='ocrx_word' id='word_1_166' title='bbox 1692 2200 1762 2240; x_wconf 88' lang='lat' dir='ltr'><strong>ne</strong></span> <span class='ocrx_word' id='word_1_167' title='bbox 1790 2182 1893 2240; x_wconf 91' lang='lat' dir='ltr'><strong>sub</strong></span> 
     </span>
    </p>
   </div>
   <div class='ocr_carea' id='block_1_21' title="bbox 293 2273 1895 2354">
    <p class='ocr_par' dir='ltr' id='par_1_21' title="bbox 293 2273 1895 2354">
     <span class='ocr_line' id='line_1_21' title="bbox 293 2273 1895 2354; baseline -0.009 -12"><span class='ocrx_word' id='word_1_168' title='bbox 293 2283 718 2344; x_wconf 85' lang='lat' dir='ltr'><strong>consummandi</strong></span> <span class='ocrx_word' id='word_1_169' title='bbox 753 2281 1013 2354; x_wconf 88' lang='lat' dir='ltr'><strong>baptismi</strong></span> <span class='ocrx_word' id='word_1_170' title='bbox 1051 2287 1396 2336; x_wconf 87' lang='lat' dir='ltr'><strong>sacramento</strong></span> <span class='ocrx_word' id='word_1_171' title='bbox 1440 2274 1601 2331; x_wconf 86' lang='lat' dir='ltr'><strong>Jesus</strong></span> <span class='ocrx_word' id='word_1_172' title='bbox 1641 2273 1895 2330; x_wconf 82' lang='lat' dir='ltr'><strong>Christus</strong></span> 
     </span>
    </p>
   </div>
   <div class='ocr_carea' id='block_1_22' title="bbox 293 2365 1894 2458">
    <p class='ocr_par' dir='ltr' id='par_1_22' title="bbox 293 2365 1894 2458">
     <span class='ocr_line' id='line_1_22' title="bbox 293 2365 1894 2458; baseline -0.012 -17"><span class='ocrx_word' id='word_1_173' title='bbox 293 2379 620 2458; x_wconf 86' lang='lat' dir='ltr'><strong>lgnorabilis</strong></span> <span class='ocrx_word' id='word_1_174' title='bbox 663 2394 785 2436; x_wconf 86' lang='lat' dir='ltr'><strong>esse</strong></span> <span class='ocrx_word' id='word_1_175' title='bbox 830 2377 1006 2449; x_wconf 88' lang='lat' dir='ltr'><strong>possit</strong></span> <span class='ocrx_word' id='word_1_176' title='bbox 1050 2391 1149 2446; x_wconf 88' lang='lat' dir='ltr'><strong>per</strong></span> <span class='ocrx_word' id='word_1_177' title='bbox 1195 2389 1413 2444; x_wconf 86' lang='lat' dir='ltr'><strong>corpus.</strong></span> <span class='ocrx_word' id='word_1_178' title='bbox 1465 2371 1570 2426; x_wconf 82' lang='lat' dir='ltr'><strong>Hic</strong></span> <span class='ocrx_word' id='word_1_179' title='bbox 1614 2377 1692 2424; x_wconf 76' lang='lat' dir='ltr'><strong>est</strong></span> <span class='ocrx_word' id='word_1_180' title='bbox 1717 2365 1894 2458; x_wconf 67' lang='lat' dir='ltr'><strong>Filius</strong></span> 
     </span>
    </p>
   </div>
   <div class='ocr_carea' id='block_1_23' title="bbox 293 2455 1891 2539">
    <p class='ocr_par' dir='ltr' id='par_1_23' title="bbox 293 2455 1891 2539">
     <span class='ocr_line' id='line_1_23' title="bbox 293 2455 1891 2539; baseline -0.011 -9"><span class='ocrx_word' id='word_1_181' title='bbox 293 2455 446 2530; x_wconf 51' lang='lat' dir='ltr'><strong>naeus</strong></span> <span class='ocrx_word' id='word_1_182' title='bbox 471 2470 713 2534; x_wconf 74' lang='lat' dir='ltr'><strong>dilectus,</strong></span> <span class='ocrx_word' id='word_1_183' title='bbox 739 2469 796 2522; x_wconf 85' lang='lat' dir='ltr'><strong>in</strong></span> <span class='ocrx_word' id='word_1_184' title='bbox 823 2484 928 2539; x_wconf 81' lang='lat' dir='ltr'><strong>quo</strong></span> <span class='ocrx_word' id='word_1_185' title='bbox 955 2465 1081 2520; x_wconf 83' lang='lat' dir='ltr'><strong>bene</strong></span> <span class='ocrx_word' id='word_1_186' title='bbox 1107 2461 1398 2534; x_wconf 76' lang='lat' dir='ltr'><strong>complacui</strong></span> <span class='ocrx_word' id='word_1_187' title='bbox 1415 2460 1632 2533; x_wconf 75' lang='lat' dir='ltr'><strong>(Matth.</strong></span> <span class='ocrx_word' id='word_1_188' title='bbox 1666 2475 1750 2524; x_wconf 81' lang='lat' dir='ltr'><strong>nt,</strong></span> <span class='ocrx_word' id='word_1_189' title='bbox 1779 2455 1891 2528; x_wconf 75' lang='lat' dir='ltr'><strong>i7).</strong></span> 
     </span>
    </p>
   </div>
   <div class='ocr_carea' id='block_1_24' title="bbox 292 2551 1898 2638">
    <p class='ocr_par' dir='ltr' id='par_1_24' title="bbox 292 2551 1898 2638">
     <span class='ocr_line' id='line_1_24' title="bbox 292 2551 1898 2638; baseline -0.011 -16"><span class='ocrx_word' id='word_1_190' title='bbox 292 2564 478 2638; x_wconf 76' lang='lat' dir='ltr'><strong>Rogo,</strong></span> <span class='ocrx_word' id='word_1_191' title='bbox 503 2564 561 2620; x_wconf 90' lang='lat' dir='ltr'><strong>in</strong></span> <span class='ocrx_word' id='word_1_192' title='bbox 587 2577 698 2634; x_wconf 90' lang='lat' dir='ltr'><strong>quo</strong></span> <span class='ocrx_word' id='word_1_193' title='bbox 724 2560 928 2616; x_wconf 86' lang='lat' dir='ltr'><strong>veritas</strong></span> <span class='ocrx_word' id='word_1_194' title='bbox 958 2557 1188 2627; x_wconf 88' lang='lat' dir='ltr'><strong>deperit,</strong></span> <span class='ocrx_word' id='word_1_195' title='bbox 1217 2563 1270 2610; x_wconf 91' lang='lat' dir='ltr'><strong>et</strong></span> <span class='ocrx_word' id='word_1_196' title='bbox 1294 2554 1349 2609; x_wconf 90' lang='lat' dir='ltr'><strong>in</strong></span> <span class='ocrx_word' id='word_1_197' title='bbox 1382 2571 1491 2624; x_wconf 89' lang='lat' dir='ltr'><strong>quo</strong></span> <span class='ocrx_word' id='word_1_198' title='bbox 1521 2552 1736 2608; x_wconf 88' lang='lat' dir='ltr'><strong>inﬁrma</strong></span> <span class='ocrx_word' id='word_1_199' title='bbox 1761 2551 1898 2606; x_wconf 88' lang='lat' dir='ltr'><strong>ﬁdes</strong></span> 
     </span>
    </p>
   </div>
   <div class='ocr_carea' id='block_1_25' title="bbox 292 2639 1897 2730">
    <p class='ocr_par' dir='ltr' id='par_1_25' title="bbox 292 2639 1897 2730">
     <span class='ocr_line' id='line_1_25' title="bbox 292 2639 1897 2730; baseline -0.012 -16"><span class='ocrx_word' id='word_1_200' title='bbox 292 2654 660 2730; x_wconf 80' lang='lat' dir='ltr'><strong>professionis</strong></span> <span class='ocrx_word' id='word_1_201' title='bbox 695 2652 819 2708; x_wconf 87' lang='lat' dir='ltr'><strong>est?</strong></span> <span class='ocrx_word' id='word_1_202' title='bbox 847 2648 966 2704; x_wconf 79' lang='lat' dir='ltr'><strong>Non</strong></span> <span class='ocrx_word' id='word_1_203' title='bbox 994 2645 1350 2703; x_wconf 87' lang='lat' dir='ltr'><strong>annuntiatus</strong></span> <span class='ocrx_word' id='word_1_204' title='bbox 1392 2659 1494 2715; x_wconf 90' lang='lat' dir='ltr'><strong>per</strong></span> <span class='ocrx_word' id='word_1_205' title='bbox 1537 2642 1788 2713; x_wconf 84' lang='lat' dir='ltr'><strong>angelum</strong></span> <span class='ocrx_word' id='word_1_206' title='bbox 1829 2639 1897 2695; x_wconf 89' lang='lat' dir='ltr'><strong>de</strong></span> 
     </span>
    </p>
   </div>
   <div class='ocr_carea' id='block_1_26' title="bbox 294 2732 1900 2816">
    <p class='ocr_par' dir='ltr' id='par_1_26' title="bbox 294 2732 1900 2816">
     <span class='ocr_line' id='line_1_26' title="bbox 294 2732 1900 2816; baseline -0.011 -12"><span class='ocrx_word' id='word_1_207' title='bbox 294 2755 492 2804; x_wconf 83' lang='lat' dir='ltr'><strong>sancto</strong></span> <span class='ocrx_word' id='word_1_208' title='bbox 532 2743 742 2816; x_wconf 87' lang='lat' dir='ltr'><strong>Spiritu</strong></span> <span class='ocrx_word' id='word_1_209' title='bbox 782 2749 974 2812; x_wconf 86' lang='lat' dir='ltr'><strong>partus</strong></span> <span class='ocrx_word' id='word_1_210' title='bbox 998 2755 1068 2796; x_wconf 89' lang='lat' dir='ltr'><strong>ex</strong></span> <span class='ocrx_word' id='word_1_211' title='bbox 1116 2738 1355 2808; x_wconf 75' lang='lat' dir='ltr'><strong>virgine;</strong></span> <span class='ocrx_word' id='word_1_212' title='bbox 1388 2750 1498 2792; x_wconf 91' lang='lat' dir='ltr'><strong>non</strong></span> <span class='ocrx_word' id='word_1_213' title='bbox 1539 2735 1701 2790; x_wconf 87' lang='lat' dir='ltr'><strong>index</strong></span> <span class='ocrx_word' id='word_1_214' title='bbox 1730 2732 1900 2803; x_wconf 79' lang='lat' dir='ltr'><strong>Magis</strong></span> 
     </span>
    </p>
   </div>
   <div class='ocr_carea' id='block_1_27' title="bbox 295 2828 1899 2904">
    <p class='ocr_par' dir='ltr' id='par_1_27' title="bbox 295 2828 1899 2904">
     <span class='ocr_line' id='line_1_27' title="bbox 295 2828 1899 2904; baseline -0.008 -9"><span class='ocrx_word' id='word_1_215' title='bbox 295 2837 490 2904; x_wconf 80' lang='lat' dir='ltr'><strong>stella;</strong></span> <span class='ocrx_word' id='word_1_216' title='bbox 542 2835 637 2892; x_wconf 89' lang='lat' dir='ltr'><strong>sed</strong></span> <span class='ocrx_word' id='word_1_217' title='bbox 679 2850 783 2891; x_wconf 88' lang='lat' dir='ltr'><strong>nec</strong></span> <span class='ocrx_word' id='word_1_218' title='bbox 821 2833 1030 2890; x_wconf 88' lang='lat' dir='ltr'><strong>adorati</strong></span> <span class='ocrx_word' id='word_1_219' title='bbox 1056 2832 1113 2885; x_wconf 92' lang='lat' dir='ltr'><strong>in</strong></span> <span class='ocrx_word' id='word_1_220' title='bbox 1137 2830 1294 2886; x_wconf 89' lang='lat' dir='ltr'><strong>cunis</strong></span> <span class='ocrx_word' id='word_1_221' title='bbox 1321 2831 1527 2896; x_wconf 86' lang='lat' dir='ltr'><strong>honor;</strong></span> <span class='ocrx_word' id='word_1_222' title='bbox 1573 2843 1674 2884; x_wconf 92' lang='lat' dir='ltr'><strong>nec</strong></span> <span class='ocrx_word' id='word_1_223' title='bbox 1719 2828 1899 2898; x_wconf 84' lang='lat' dir='ltr'><strong>bapti-</strong></span> 
     </span>
    </p>
   </div>
   <div class='ocr_carea' id='block_1_28' title="bbox 297 2922 1901 2997">
    <p class='ocr_par' dir='ltr' id='par_1_28' title="bbox 297 2922 1901 2997">
     <span class='ocr_line' id='line_1_28' title="bbox 297 2922 1901 2997; baseline -0.006 -10"><span class='ocrx_word' id='word_1_224' title='bbox 297 2929 467 2987; x_wconf 64' lang='lat' dir='ltr'><strong>nandi</strong></span> <span class='ocrx_word' id='word_1_225' title='bbox 493 2927 599 2985; x_wconf 87' lang='lat' dir='ltr'><strong>sub</strong></span> <span class='ocrx_word' id='word_1_226' title='bbox 643 2926 902 2997; x_wconf 67' lang='lat' dir='ltr'><strong>Baptistae</strong></span> <span class='ocrx_word' id='word_1_227' title='bbox 929 2923 1268 2996; x_wconf 86' lang='lat' dir='ltr'><strong>professione</strong></span> <span class='ocrx_word' id='word_1_228' title='bbox 1305 2922 1480 2979; x_wconf 90' lang='lat' dir='ltr'><strong>virtus</strong></span> <span class='ocrx_word' id='word_1_229' title='bbox 1508 2923 1646 2977; x_wconf 85' lang='lat' dir='ltr'><strong>satis</strong></span> <span class='ocrx_word' id='word_1_230' title='bbox 1667 2934 1788 2976; x_wconf 89' lang='lat' dir='ltr'><strong>esse</strong></span> <span class='ocrx_word' id='word_1_231' title='bbox 1831 2922 1901 2977; x_wconf 89' lang='lat' dir='ltr'><strong>ad</strong></span> 
     </span>
    </p>
   </div>
   <div class='ocr_carea' id='block_1_29' title="bbox 296 3012 1905 3085">
    <p class='ocr_par' dir='ltr' id='par_1_29' title="bbox 296 3012 1905 3085">
     <span class='ocr_line' id='line_1_29' title="bbox 296 3012 1905 3085; baseline -0.006 -7"><span class='ocrx_word' id='word_1_232' title='bbox 296 3019 828 3079; x_wconf 84' lang='lat' dir='ltr'><strong>demonstrationem</strong></span> <span class='ocrx_word' id='word_1_233' title='bbox 866 3015 1171 3085; x_wconf 74' lang='lat' dir='ltr'><strong>maiestatis</strong></span> <span class='ocrx_word' id='word_1_234' title='bbox 1217 3015 1618 3072; x_wconf 74' lang='lat' dir='ltr'><strong>existimantur.</strong></span> <span class='ocrx_word' id='word_1_235' title='bbox 1649 3012 1812 3067; x_wconf 84' lang='lat' dir='ltr'><strong>Pater</strong></span> <span class='ocrx_word' id='word_1_236' title='bbox 1833 3012 1905 3069; x_wconf 86' lang='lat' dir='ltr'><strong>de</strong></span> 
     </span>
    </p>
   </div>
   <div class='ocr_carea' id='block_1_30' title="bbox 297 3103 1897 3182">
    <p class='ocr_par' dir='ltr' id='par_1_30' title="bbox 297 3103 1897 3182">
     <span class='ocr_line' id='line_1_30' title="bbox 297 3103 1897 3182; baseline -0.006 -12"><span class='ocrx_word' id='word_1_237' title='bbox 297 3111 447 3170; x_wconf 61' lang='lat' dir='ltr'><strong>caelo</strong></span> <span class='ocrx_word' id='word_1_238' title='bbox 481 3110 743 3182; x_wconf 88' lang='lat' dir='ltr'><strong>loquitur,</strong></span> <span class='ocrx_word' id='word_1_239' title='bbox 767 3116 824 3166; x_wconf 90' lang='lat' dir='ltr'><strong>et</strong></span> <span class='ocrx_word' id='word_1_240' title='bbox 865 3109 940 3163; x_wconf 91' lang='lat' dir='ltr'><strong>ita</strong></span> <span class='ocrx_word' id='word_1_241' title='bbox 967 3107 1208 3178; x_wconf 90' lang='lat' dir='ltr'><strong>loquitur</strong></span> <span class='ocrx_word' id='word_1_242' title='bbox 1239 3124 1254 3160; x_wconf 92' lang='lat'><strong>:</strong></span> <span class='ocrx_word' id='word_1_243' title='bbox 1283 3103 1386 3160; x_wconf 82' lang='lat' dir='ltr'><strong>Hic</strong></span> <span class='ocrx_word' id='word_1_244' title='bbox 1414 3115 1488 3161; x_wconf 86' lang='lat' dir='ltr'><strong>est</strong></span> <span class='ocrx_word' id='word_1_245' title='bbox 1529 3103 1705 3160; x_wconf 80' lang='lat' dir='ltr'><strong>Filius</strong></span> <span class='ocrx_word' id='word_1_246' title='bbox 1731 3120 1897 3160; x_wconf 79' lang='lat' dir='ltr'><strong>meus.</strong></span> 
     </span>
    </p>
   </div>
   <div class='ocr_carea' id='block_1_31' title="bbox 300 3199 1902 3274">
    <p class='ocr_par' dir='ltr' id='par_1_31' title="bbox 300 3199 1902 3274">
     <span class='ocr_line' id='line_1_31' title="bbox 300 3199 1902 3274; baseline -0.004 -15"><span class='ocrx_word' id='word_1_247' title='bbox 300 3203 454 3274; x_wconf 83' lang='lat' dir='ltr'><strong>Quid</strong></span> <span class='ocrx_word' id='word_1_248' title='bbox 493 3203 596 3259; x_wconf 86' lang='lat' dir='ltr'><strong>sibi</strong></span> <span class='ocrx_word' id='word_1_249' title='bbox 624 3203 741 3258; x_wconf 91' lang='lat' dir='ltr'><strong>vult</strong></span> <span class='ocrx_word' id='word_1_250' title='bbox 775 3215 885 3257; x_wconf 89' lang='lat' dir='ltr'><strong>non</strong></span> <span class='ocrx_word' id='word_1_251' title='bbox 939 3199 1346 3272; x_wconf 87' lang='lat' dir='ltr'><strong>cognominum,</strong></span> <span class='ocrx_word' id='word_1_252' title='bbox 1390 3199 1486 3254; x_wconf 88' lang='lat' dir='ltr'><strong>sed</strong></span> <span class='ocrx_word' id='word_1_253' title='bbox 1514 3199 1902 3269; x_wconf 85' lang='lat' dir='ltr'><strong>pronominum</strong></span> 
     </span>
    </p>
   </div>
   <div class='ocr_carea' id='block_1_32' title="bbox 302 3293 1897 3369">
    <p class='ocr_par' dir='ltr' id='par_1_32' title="bbox 302 3293 1897 3369">
     <span class='ocr_line' id='line_1_32' title="bbox 302 3293 1897 3369; baseline -0.006 -13"><span class='ocrx_word' id='word_1_254' title='bbox 302 3294 482 3356; x_wconf 74' lang='lat' dir='ltr'><strong>ﬁdes?</strong></span> <span class='ocrx_word' id='word_1_255' title='bbox 507 3294 846 3369; x_wconf 87' lang='lat' dir='ltr'><strong>Cognomina</strong></span> <span class='ocrx_word' id='word_1_256' title='bbox 873 3295 1187 3349; x_wconf 89' lang='lat' dir='ltr'><strong>nominibus</strong></span> <span class='ocrx_word' id='word_1_257' title='bbox 1231 3293 1504 3348; x_wconf 88' lang='lat' dir='ltr'><strong>adduntur</strong></span> <span class='ocrx_word' id='word_1_258' title='bbox 1528 3310 1543 3358; x_wconf 90' lang='lat'><strong>;</strong></span> <span class='ocrx_word' id='word_1_259' title='bbox 1576 3293 1897 3362; x_wconf 87' lang='lat' dir='ltr'><strong>pronomina</strong></span> 
     </span>
    </p>
   </div>
   <div class='ocr_carea' id='block_1_33' title="bbox 301 3384 1901 3458">
    <p class='ocr_par' dir='ltr' id='par_1_33' title="bbox 301 3384 1901 3458">
     <span class='ocr_line' id='line_1_33' title="bbox 301 3384 1901 3458; baseline -0.002 -12"><span class='ocrx_word' id='word_1_260' title='bbox 301 3405 443 3447; x_wconf 75' lang='lat' dir='ltr'><strong>vero</strong></span> <span class='ocrx_word' id='word_1_261' title='bbox 468 3389 713 3446; x_wconf 88' lang='lat' dir='ltr'><strong>obtinent</strong></span> <span class='ocrx_word' id='word_1_262' title='bbox 750 3389 806 3443; x_wconf 90' lang='lat' dir='ltr'><strong>in</strong></span> <span class='ocrx_word' id='word_1_263' title='bbox 835 3401 895 3445; x_wconf 85' lang='lat' dir='ltr'><strong>se</strong></span> <span class='ocrx_word' id='word_1_264' title='bbox 923 3388 1203 3443; x_wconf 89' lang='lat' dir='ltr'><strong>nominum</strong></span> <span class='ocrx_word' id='word_1_265' title='bbox 1232 3387 1509 3441; x_wconf 86' lang='lat' dir='ltr'><strong>virtutem.</strong></span> <span class='ocrx_word' id='word_1_266' title='bbox 1542 3384 1901 3458; x_wconf 83' lang='lat' dir='ltr'><strong>Proprietatis</strong></span> 
     </span>
    </p>
   </div>
   <div class='ocr_carea' id='block_1_34' title="bbox 303 3479 1906 3553">
    <p class='ocr_par' dir='ltr' id='par_1_34' title="bbox 303 3479 1906 3553">
     <span class='ocr_line' id='line_1_34' title="bbox 303 3479 1906 3553; baseline 0 -15"><span class='ocrx_word' id='word_1_267' title='bbox 303 3491 494 3539; x_wconf 87' lang='lat' dir='ltr'><strong>autem</strong></span> <span class='ocrx_word' id='word_1_268' title='bbox 548 3479 875 3553; x_wconf 88' lang='lat' dir='ltr'><strong>signiﬁcatio</strong></span> <span class='ocrx_word' id='word_1_269' title='bbox 921 3488 1027 3545; x_wconf 89' lang='lat' dir='ltr'><strong>est,</strong></span> <span class='ocrx_word' id='word_1_270' title='bbox 1072 3479 1164 3534; x_wconf 89' lang='lat' dir='ltr'><strong>ubi</strong></span> <span class='ocrx_word' id='word_1_271' title='bbox 1194 3485 1250 3535; x_wconf 88' lang='lat' dir='ltr'><strong>et</strong></span> <span class='ocrx_word' id='word_1_272' title='bbox 1278 3479 1362 3533; x_wconf 80' lang='lat' dir='ltr'><strong>hic</strong></span> <span class='ocrx_word' id='word_1_273' title='bbox 1406 3487 1483 3534; x_wconf 83' lang='lat' dir='ltr'><strong>est</strong></span> <span class='ocrx_word' id='word_1_274' title='bbox 1537 3479 1740 3536; x_wconf 91' lang='lat' dir='ltr'><strong>dictum</strong></span> <span class='ocrx_word' id='word_1_275' title='bbox 1783 3496 1906 3538; x_wconf 87' lang='lat' dir='ltr'><strong>esse</strong></span> 
     </span>
    </p>
   </div>
   <div class='ocr_carea' id='block_1_35' title="bbox 305 3572 1907 3645">
    <p class='ocr_par' dir='ltr' id='par_1_35' title="bbox 305 3572 1907 3645">
     <span class='ocr_line' id='line_1_35' title="bbox 305 3572 1907 3645; baseline -0.002 -12"><span class='ocrx_word' id='word_1_276' title='bbox 305 3576 554 3642; x_wconf 85' lang='lat' dir='ltr'><strong>auditur,</strong></span> <span class='ocrx_word' id='word_1_277' title='bbox 581 3581 641 3630; x_wconf 90' lang='lat' dir='ltr'><strong>et</strong></span> <span class='ocrx_word' id='word_1_278' title='bbox 677 3591 824 3629; x_wconf 79' lang='lat' dir='ltr'><strong>meus</strong></span> <span class='ocrx_word' id='word_1_279' title='bbox 870 3583 969 3629; x_wconf 81' lang='lat' dir='ltr'><strong>est.</strong></span> <span class='ocrx_word' id='word_1_280' title='bbox 999 3573 1067 3628; x_wconf 85' lang='lat' dir='ltr'><strong>Et</strong></span> <span class='ocrx_word' id='word_1_281' title='bbox 1096 3573 1337 3645; x_wconf 87' lang='lat' dir='ltr'><strong>intellige</strong></span> <span class='ocrx_word' id='word_1_282' title='bbox 1367 3589 1486 3644; x_wconf 73' lang='lat' dir='ltr'><strong>quaa</strong></span> <span class='ocrx_word' id='word_1_283' title='bbox 1516 3572 1586 3629; x_wconf 86' lang='lat' dir='ltr'><strong>sit</strong></span> <span class='ocrx_word' id='word_1_284' title='bbox 1623 3573 1828 3630; x_wconf 79' lang='lat' dir='ltr'><strong>veritas</strong></span> <span class='ocrx_word' id='word_1_285' title='bbox 1851 3582 1907 3630; x_wconf 91' lang='lat' dir='ltr'><strong>et</strong></span> 
     </span>
    </p>
   </div>
   <div class='ocr_carea' id='block_1_36' title="bbox 309 3664 1907 3739">
    <p class='ocr_par' dir='ltr' id='par_1_36' title="bbox 309 3664 1907 3739">
     <span class='ocr_line' id='line_1_36' title="bbox 309 3664 1907 3739; baseline -0.001 -15"><span class='ocrx_word' id='word_1_286' title='bbox 309 3668 458 3725; x_wconf 88' lang='lat' dir='ltr'><strong>ratio</strong></span> <span class='ocrx_word' id='word_1_287' title='bbox 500 3666 795 3724; x_wconf 90' lang='lat' dir='ltr'><strong>dictorum.</strong></span> <span class='ocrx_word' id='word_1_288' title='bbox 850 3666 1088 3739; x_wconf 88' lang='lat' dir='ltr'><strong>Legeras</strong></span> <span class='ocrx_word' id='word_1_289' title='bbox 1119 3685 1132 3721; x_wconf 91' lang='lat'>:</span> <span class='ocrx_word' id='word_1_290' title='bbox 1166 3664 1336 3722; x_wconf 75' lang='lat' dir='ltr'><strong>Filios</strong></span> <span class='ocrx_word' id='word_1_291' title='bbox 1377 3667 1534 3739; x_wconf 82' lang='lat' dir='ltr'><strong>genui</strong></span> <span class='ocrx_word' id='word_1_292' title='bbox 1579 3676 1630 3721; x_wconf 86' lang='lat' dir='ltr'><strong>et</strong></span> <span class='ocrx_word' id='word_1_293' title='bbox 1678 3665 1907 3722; x_wconf 65' lang='lat' dir='ltr'><strong>excitavi</strong></span> 
     </span>
    </p>
   </div>
   <div class='ocr_carea' id='block_1_37' title="bbox 310 3757 1910 3834">
    <p class='ocr_par' dir='ltr' id='par_1_37' title="bbox 310 3757 1910 3834">
     <span class='ocr_line' id='line_1_37' title="bbox 310 3757 1910 3834; baseline -0.003 -17"><span class='ocrx_word' id='word_1_294' title='bbox 310 3759 474 3834; x_wconf 77' lang='lat' dir='ltr'><strong>(Ieci.</strong></span> <span class='ocrx_word' id='word_1_295' title='bbox 503 3775 546 3826; x_wconf 83' lang='grc' dir='ltr'><strong>ι,</strong></span> <span class='ocrx_word' id='word_1_296' title='bbox 595 3757 677 3834; x_wconf 73' lang='lat'><strong>2).</strong></span> <span class='ocrx_word' id='word_1_297' title='bbox 709 3758 818 3815; x_wconf 85' lang='lat' dir='ltr'><strong>Sed</strong></span> <span class='ocrx_word' id='word_1_298' title='bbox 865 3775 975 3815; x_wconf 88' lang='lat' dir='ltr'><strong>non</strong></span> <span class='ocrx_word' id='word_1_299' title='bbox 1013 3759 1244 3830; x_wconf 78' lang='lat' dir='ltr'><strong>legeras,</strong></span> <span class='ocrx_word' id='word_1_300' title='bbox 1269 3757 1406 3828; x_wconf 79' lang='lat' dir='ltr'><strong>ﬁlios</strong></span> <span class='ocrx_word' id='word_1_301' title='bbox 1441 3774 1616 3822; x_wconf 78' lang='lat' dir='ltr'><strong>meos;</strong></span> <span class='ocrx_word' id='word_1_302' title='bbox 1648 3767 1910 3830; x_wconf 76' lang='lat' dir='ltr'><strong>genuerat</strong></span> 
     </span>
    </p>
   </div>
   <div class='ocr_carea' id='block_1_38' title="bbox 307 3851 1907 3924">
    <p class='ocr_par' dir='ltr' id='par_1_38' title="bbox 307 3851 1907 3924">
     <span class='ocr_line' id='line_1_38' title="bbox 307 3851 1907 3924; baseline -0.001 -14"><span class='ocrx_word' id='word_1_303' title='bbox 307 3854 463 3911; x_wconf 84' lang='lat' dir='ltr'><strong>enim</strong></span> <span class='ocrx_word' id='word_1_304' title='bbox 490 3867 588 3909; x_wconf 90' lang='lat' dir='ltr'><strong>eos</strong></span> <span class='ocrx_word' id='word_1_305' title='bbox 613 3852 717 3909; x_wconf 87' lang='lat' dir='ltr'><strong>sibi</strong></span> <span class='ocrx_word' id='word_1_306' title='bbox 741 3869 838 3923; x_wconf 88' lang='lat' dir='ltr'><strong>per</strong></span> <span class='ocrx_word' id='word_1_307' title='bbox 861 3853 1185 3908; x_wconf 88' lang='lat' dir='ltr'><strong>divisionem</strong></span> <span class='ocrx_word' id='word_1_308' title='bbox 1211 3853 1452 3924; x_wconf 91' lang='lat' dir='ltr'><strong>gentium</strong></span> <span class='ocrx_word' id='word_1_309' title='bbox 1472 3861 1528 3907; x_wconf 90' lang='lat' dir='ltr'><strong>et</strong></span> <span class='ocrx_word' id='word_1_310' title='bbox 1551 3851 1764 3921; x_wconf 89' lang='lat' dir='ltr'><strong>plebem</strong></span> <span class='ocrx_word' id='word_1_311' title='bbox 1794 3852 1907 3908; x_wconf 74' lang='lat' dir='ltr'><strong>ha:-</strong></span> 
     </span>
    </p>
   </div>
   <div class='ocr_carea' id='block_1_39' title="bbox 311 3943 1911 4015">
    <p class='ocr_par' dir='ltr' id='par_1_39' title="bbox 311 3943 1911 4015">
     <span class='ocr_line' id='line_1_39' title="bbox 311 3943 1911 4015; baseline -0.001 -13"><span class='ocrx_word' id='word_1_312' title='bbox 311 3946 570 4002; x_wconf 87' lang='lat' dir='ltr'><strong>reditatis</strong></span> <span class='ocrx_word' id='word_1_313' title='bbox 603 3946 658 4000; x_wconf 91' lang='lat' dir='ltr'><strong>in</strong></span> <span class='ocrx_word' id='word_1_314' title='bbox 691 3945 849 4000; x_wconf 90' lang='lat' dir='ltr'><strong>ﬁlios.</strong></span> <span class='ocrx_word' id='word_1_315' title='bbox 879 3943 958 4000; x_wconf 89' lang='lat' dir='ltr'><strong>Ne</strong></span> <span class='ocrx_word' id='word_1_316' title='bbox 991 3945 1155 4015; x_wconf 79' lang='lat' dir='ltr'><strong>igitur</strong></span> <span class='ocrx_word' id='word_1_317' title='bbox 1183 3959 1281 4015; x_wconf 90' lang='lat' dir='ltr'><strong>per</strong></span> <span class='ocrx_word' id='word_1_318' title='bbox 1314 3944 1751 4000; x_wconf 87' lang='lat' dir='ltr'><strong>communionem</strong></span> <span class='ocrx_word' id='word_1_319' title='bbox 1780 3945 1911 4001; x_wconf 91' lang='lat' dir='ltr'><strong>ado-</strong></span> 
     </span>
    </p>
   </div>
   <div class='ocr_carea' id='block_1_40' title="bbox 309 4035 1911 4112">
    <p class='ocr_par' dir='ltr' id='par_1_40' title="bbox 309 4035 1911 4112">
     <span class='ocr_line' id='line_1_40' title="bbox 309 4035 1911 4112; baseline -0.001 -18"><span class='ocrx_word' id='word_1_320' title='bbox 309 4040 482 4112; x_wconf 71' lang='lat' dir='ltr'><strong>ptivze</strong></span> <span class='ocrx_word' id='word_1_321' title='bbox 510 4037 848 4092; x_wconf 80' lang='lat' dir='ltr'><strong>haereditatis</strong></span> <span class='ocrx_word' id='word_1_322' title='bbox 880 4043 1296 4107; x_wconf 82' lang='lat' dir='ltr'><strong>cognomentum</strong></span> <span class='ocrx_word' id='word_1_323' title='bbox 1326 4035 1451 4091; x_wconf 85' lang='lat' dir='ltr'><strong>Filii</strong></span> <span class='ocrx_word' id='word_1_324' title='bbox 1487 4035 1764 4108; x_wconf 83' lang='lat' dir='ltr'><strong>unigenito</strong></span> <span class='ocrx_word' id='word_1_325' title='bbox 1797 4035 1911 4093; x_wconf 90' lang='lat' dir='ltr'><strong>Deo</strong></span> 
     </span>
    </p>
   </div>
   <div class='ocr_carea' id='block_1_41' title="bbox 312 4124 1911 4198">
    <p class='ocr_par' dir='ltr' id='par_1_41' title="bbox 312 4124 1911 4198">
     <span class='ocr_line' id='line_1_41' title="bbox 312 4124 1911 4198; baseline -0.001 -16"><span class='ocrx_word' id='word_1_326' title='bbox 312 4128 632 4192; x_wconf 86' lang='lat' dir='ltr'><strong>adderetur,</strong></span> <span class='ocrx_word' id='word_1_327' title='bbox 673 4136 886 4181; x_wconf 71' lang='lat' dir='ltr'><strong>naturae</strong></span> <span class='ocrx_word' id='word_1_328' title='bbox 933 4126 1137 4180; x_wconf 86' lang='lat' dir='ltr'><strong>veritas</strong></span> <span class='ocrx_word' id='word_1_329' title='bbox 1166 4140 1264 4194; x_wconf 88' lang='lat' dir='ltr'><strong>per</strong></span> <span class='ocrx_word' id='word_1_330' title='bbox 1290 4124 1738 4196; x_wconf 84' lang='lat' dir='ltr'><strong>signiﬁcationem</strong></span> <span class='ocrx_word' id='word_1_331' title='bbox 1781 4141 1911 4198; x_wconf 90' lang='lat' dir='ltr'><strong>pro-</strong></span> 
     </span>
    </p>
   </div>
   <div class='ocr_carea' id='block_1_42' title="bbox 315 4218 1914 4292">
    <p class='ocr_par' dir='ltr' id='par_1_42' title="bbox 315 4218 1914 4292">
     <span class='ocr_line' id='line_1_42' title="bbox 315 4218 1914 4292; baseline 0 -18"><span class='ocrx_word' id='word_1_332' title='bbox 315 4221 572 4292; x_wconf 83' lang='lat' dir='ltr'><strong>prietatis</strong></span> <span class='ocrx_word' id='word_1_333' title='bbox 619 4227 839 4276; x_wconf 90' lang='lat' dir='ltr'><strong>ostensa</strong></span> <span class='ocrx_word' id='word_1_334' title='bbox 873 4226 974 4274; x_wconf 91' lang='lat' dir='ltr'><strong>est.</strong></span> <span class='ocrx_word' id='word_1_335' title='bbox 1004 4218 1327 4290; x_wconf 82' lang='lat' dir='ltr'><strong>Assignetur</strong></span> <span class='ocrx_word' id='word_1_336' title='bbox 1373 4235 1505 4275; x_wconf 87' lang='lat' dir='ltr'><strong>sane</strong></span> <span class='ocrx_word' id='word_1_337' title='bbox 1540 4221 1642 4276; x_wconf 90' lang='lat' dir='ltr'><strong>hoc</strong></span> <span class='ocrx_word' id='word_1_338' title='bbox 1667 4236 1914 4276; x_wconf 89' lang='lat' dir='ltr'><strong>commu-</strong></span> 
     </span>
    </p>
   </div>
   <div class='ocr_carea' id='block_1_43' title="bbox 314 4309 1915 4382">
    <p class='ocr_par' dir='ltr' id='par_1_43' title="bbox 314 4309 1915 4382">
     <span class='ocr_line' id='line_1_43' title="bbox 314 4309 1915 4382; baseline -0.002 -15"><span class='ocrx_word' id='word_1_339' title='bbox 314 4313 501 4367; x_wconf 90' lang='lat' dir='ltr'><strong>nionis</strong></span> <span class='ocrx_word' id='word_1_340' title='bbox 541 4313 595 4367; x_wconf 91' lang='lat' dir='ltr'><strong>in</strong></span> <span class='ocrx_word' id='word_1_341' title='bbox 645 4310 864 4366; x_wconf 88' lang='lat' dir='ltr'><strong>Christo</strong></span> <span class='ocrx_word' id='word_1_342' title='bbox 909 4325 1128 4377; x_wconf 88' lang='lat' dir='ltr'><strong>nomen,</strong></span> <span class='ocrx_word' id='word_1_343' title='bbox 1159 4319 1219 4365; x_wconf 90' lang='lat' dir='ltr'><strong>ut</strong></span> <span class='ocrx_word' id='word_1_344' title='bbox 1255 4309 1423 4366; x_wconf 87' lang='lat' dir='ltr'><strong>Filius</strong></span> <span class='ocrx_word' id='word_1_345' title='bbox 1451 4313 1542 4377; x_wconf 87' lang='lat' dir='ltr'><strong>sit,</strong></span> <span class='ocrx_word' id='word_1_346' title='bbox 1587 4311 1633 4366; x_wconf 86' lang='lat' dir='ltr'><strong>si</strong></span> <span class='ocrx_word' id='word_1_347' title='bbox 1679 4311 1745 4368; x_wconf 91' lang='lat' dir='ltr'><strong>de</strong></span> <span class='ocrx_word' id='word_1_348' title='bbox 1775 4327 1915 4382; x_wconf 92' lang='lat' dir='ltr'><strong>quo-</strong></span> 
     </span>
    </p>
   </div>
   <div class='ocr_carea' id='block_1_44' title="bbox 317 4400 1915 4474">
    <p class='ocr_par' dir='ltr' id='par_1_44' title="bbox 317 4400 1915 4474">
     <span class='ocr_line' id='line_1_44' title="bbox 317 4400 1915 4474; baseline 0 -16"><span class='ocrx_word' id='word_1_349' title='bbox 317 4418 486 4474; x_wconf 89' lang='lat' dir='ltr'><strong>quam</strong></span> <span class='ocrx_word' id='word_1_350' title='bbox 517 4404 725 4458; x_wconf 87' lang='lat' dir='ltr'><strong>dictum</strong></span> <span class='ocrx_word' id='word_1_351' title='bbox 765 4402 1068 4472; x_wconf 88' lang='lat' dir='ltr'><strong>reperietur</strong></span> <span class='ocrx_word' id='word_1_352' title='bbox 1099 4421 1112 4456; x_wconf 91' lang='lat'><strong>:</strong></span> <span class='ocrx_word' id='word_1_353' title='bbox 1146 4400 1249 4456; x_wconf 78' lang='lat' dir='ltr'><strong>Hic</strong></span> <span class='ocrx_word' id='word_1_354' title='bbox 1290 4411 1368 4456; x_wconf 81' lang='lat' dir='ltr'><strong>est</strong></span> <span class='ocrx_word' id='word_1_355' title='bbox 1399 4401 1575 4458; x_wconf 80' lang='lat' dir='ltr'><strong>Filius</strong></span> <span class='ocrx_word' id='word_1_356' title='bbox 1604 4421 1767 4458; x_wconf 81' lang='lat' dir='ltr'><strong>meus.</strong></span> <span class='ocrx_word' id='word_1_357' title='bbox 1817 4403 1915 4459; x_wconf 88' lang='lat' dir='ltr'><strong>Sin</strong></span> 
     </span>
    </p>
   </div>
   <div class='ocr_carea' id='block_1_45' title="bbox 316 4493 1917 4567">
    <p class='ocr_par' dir='ltr' id='par_1_45' title="bbox 316 4493 1917 4567">
     <span class='ocr_line' id='line_1_45' title="bbox 316 4493 1917 4567; baseline -0.001 -17"><span class='ocrx_word' id='word_1_358' title='bbox 316 4511 452 4552; x_wconf 85' lang='lat' dir='ltr'><strong>vero</strong></span> <span class='ocrx_word' id='word_1_359' title='bbox 476 4493 760 4567; x_wconf 88' lang='lat' dir='ltr'><strong>proprium</strong></span> <span class='ocrx_word' id='word_1_360' title='bbox 808 4509 874 4549; x_wconf 91' lang='lat' dir='ltr'><strong>ac</strong></span> <span class='ocrx_word' id='word_1_361' title='bbox 921 4494 1194 4564; x_wconf 86' lang='lat' dir='ltr'><strong>singulare</strong></span> <span class='ocrx_word' id='word_1_362' title='bbox 1243 4495 1292 4548; x_wconf 91' lang='lat' dir='ltr'><strong>ei</strong></span> <span class='ocrx_word' id='word_1_363' title='bbox 1327 4502 1409 4549; x_wconf 89' lang='lat' dir='ltr'><strong>est</strong></span> <span class='ocrx_word' id='word_1_364' title='bbox 1442 4513 1454 4547; x_wconf 92' lang='lat'>:</span> <span class='ocrx_word' id='word_1_365' title='bbox 1487 4493 1590 4548; x_wconf 83' lang='lat' dir='ltr'><strong>Hic</strong></span> <span class='ocrx_word' id='word_1_366' title='bbox 1617 4505 1693 4549; x_wconf 85' lang='lat' dir='ltr'><strong>est</strong></span> <span class='ocrx_word' id='word_1_367' title='bbox 1740 4493 1790 4548; x_wconf 69' lang='grc' dir='ltr'><strong>ιε’</strong></span> <span class='ocrx_word' id='word_1_368' title='bbox 1792 4494 1917 4550; x_wconf 79' lang='lat' dir='ltr'><strong>ilius</strong></span> 
     </span>
    </p>
   </div>
   <div class='ocr_carea' id='block_1_46' title="bbox 318 4584 1918 4658">
    <p class='ocr_par' dir='ltr' id='par_1_46' title="bbox 318 4584 1918 4658">
     <span class='ocr_line' id='line_1_46' title="bbox 318 4584 1918 4658; baseline -0.003 -14"><span class='ocrx_word' id='word_1_369' title='bbox 318 4606 492 4654; x_wconf 81' lang='lat' dir='ltr'><strong>meus,</strong></span> <span class='ocrx_word' id='word_1_370' title='bbox 524 4586 653 4658; x_wconf 89' lang='lat' dir='ltr'><strong>quid</strong></span> <span class='ocrx_word' id='word_1_371' title='bbox 684 4586 1012 4642; x_wconf 88' lang='lat' dir='ltr'><strong>calumniam</strong></span> <span class='ocrx_word' id='word_1_372' title='bbox 1035 4586 1144 4640; x_wconf 90' lang='lat' dir='ltr'><strong>Deo</strong></span> <span class='ocrx_word' id='word_1_373' title='bbox 1174 4584 1321 4640; x_wconf 88' lang='lat' dir='ltr'><strong>Patri</strong></span> <span class='ocrx_word' id='word_1_374' title='bbox 1371 4585 1631 4653; x_wconf 73' lang='lat' dir='ltr'><strong>professa:</strong></span> <span class='ocrx_word' id='word_1_375' title='bbox 1669 4585 1736 4640; x_wconf 87' lang='lat' dir='ltr'><strong>de</strong></span> <span class='ocrx_word' id='word_1_376' title='bbox 1781 4585 1918 4640; x_wconf 91' lang='lat' dir='ltr'><strong>Filio</strong></span> 
     </span>
    </p>
   </div>
   <div class='ocr_carea' id='block_1_47' title="bbox 320 4678 1996 4755">
    <p class='ocr_par' dir='ltr' id='par_1_47' title="bbox 320 4678 1996 4755">
     <span class='ocr_line' id='line_1_47' title="bbox 320 4678 1996 4755; baseline -0.001 -19"><span class='ocrx_word' id='word_1_377' title='bbox 320 4680 681 4752; x_wconf 87' lang='lat' dir='ltr'><strong>proprietatis</strong></span> <span class='ocrx_word' id='word_1_378' title='bbox 725 4679 1036 4735; x_wconf 83' lang='lat' dir='ltr'><strong>aﬁ&#39;erimus?</strong></span> <span class='ocrx_word' id='word_1_379' title='bbox 1091 4678 1247 4735; x_wconf 87' lang='lat' dir='ltr'><strong>Anne</strong></span> <span class='ocrx_word' id='word_1_380' title='bbox 1276 4680 1371 4733; x_wconf 85' lang='lat' dir='ltr'><strong>tibi</strong></span> <span class='ocrx_word' id='word_1_381' title='bbox 1411 4679 1466 4733; x_wconf 91' lang='lat' dir='ltr'><strong>in</strong></span> <span class='ocrx_word' id='word_1_382' title='bbox 1503 4695 1570 4735; x_wconf 90' lang='lat' dir='ltr'><strong>eo</strong></span> <span class='ocrx_word' id='word_1_383' title='bbox 1594 4679 1738 4749; x_wconf 87' lang='lat' dir='ltr'><strong>quod</strong></span> <span class='ocrx_word' id='word_1_384' title='bbox 1785 4679 1919 4734; x_wconf 89' lang='lat' dir='ltr'><strong>dici-</strong></span> <span class='ocrx_word' id='word_1_385' title='bbox 1950 4698 1996 4755; x_wconf 78' lang='grc' dir='ltr'>ο</span> 
     </span>
    </p>
   </div>
   <div class='ocr_carea' id='block_1_48' title="bbox 321 4770 1918 4842">
    <p class='ocr_par' dir='ltr' id='par_1_48' title="bbox 321 4770 1918 4842">
     <span class='ocr_line' id='line_1_48' title="bbox 321 4770 1918 4842; baseline -0.001 -14"><span class='ocrx_word' id='word_1_386' title='bbox 321 4774 490 4834; x_wconf 89' lang='lat' dir='ltr'><strong>citur,</strong></span> <span class='ocrx_word' id='word_1_387' title='bbox 516 4773 600 4825; x_wconf 82' lang='lat' dir='ltr'><strong>hic</strong></span> <span class='ocrx_word' id='word_1_388' title='bbox 623 4781 721 4837; x_wconf 78' lang='lat' dir='ltr'><strong>est,</strong></span> <span class='ocrx_word' id='word_1_389' title='bbox 753 4787 861 4826; x_wconf 91' lang='lat' dir='ltr'><strong>non</strong></span> <span class='ocrx_word' id='word_1_390' title='bbox 904 4770 1200 4841; x_wconf 89' lang='lat' dir='ltr'><strong>signiﬁcari</strong></span> <span class='ocrx_word' id='word_1_391' title='bbox 1241 4771 1472 4834; x_wconf 88' lang='lat' dir='ltr'><strong>videtur,</strong></span> <span class='ocrx_word' id='word_1_392' title='bbox 1517 4771 1654 4826; x_wconf 89' lang='lat' dir='ltr'><strong>alios</strong></span> <span class='ocrx_word' id='word_1_393' title='bbox 1699 4773 1918 4842; x_wconf 92' lang='lat' dir='ltr'><strong>quidem</strong></span> 
     </span>
    </p>
   </div>
   <div class='ocr_carea' id='block_1_49' title="bbox 322 4862 1922 4937">
    <p class='ocr_par' dir='ltr' id='par_1_49' title="bbox 322 4862 1922 4937">
     <span class='ocr_line' id='line_1_49' title="bbox 322 4862 1922 4937; baseline -0.003 -14"><span class='ocrx_word' id='word_1_394' title='bbox 322 4865 744 4937; x_wconf 83' lang='lat' dir='ltr'><strong>cognominatos</strong></span> <span class='ocrx_word' id='word_1_395' title='bbox 785 4863 855 4918; x_wconf 86' lang='lat' dir='ltr'><strong>ab</strong></span> <span class='ocrx_word' id='word_1_396' title='bbox 902 4878 969 4918; x_wconf 94' lang='lat' dir='ltr'><strong>eo</strong></span> <span class='ocrx_word' id='word_1_397' title='bbox 1018 4865 1074 4917; x_wconf 88' lang='lat' dir='ltr'><strong>in</strong></span> <span class='ocrx_word' id='word_1_398' title='bbox 1107 4862 1276 4929; x_wconf 90' lang='lat' dir='ltr'><strong>ﬁlios,</strong></span> <span class='ocrx_word' id='word_1_399' title='bbox 1305 4864 1402 4918; x_wconf 89' lang='lat' dir='ltr'><strong>sed</strong></span> <span class='ocrx_word' id='word_1_400' title='bbox 1450 4864 1538 4918; x_wconf 90' lang='lat' dir='ltr'><strong>hic</strong></span> <span class='ocrx_word' id='word_1_401' title='bbox 1566 4862 1736 4917; x_wconf 91' lang='lat' dir='ltr'><strong>Filius</strong></span> <span class='ocrx_word' id='word_1_402' title='bbox 1767 4879 1922 4920; x_wconf 91' lang='lat' dir='ltr'><strong>meus</strong></span> 
     </span>
    </p>
   </div>
   <div class='ocr_carea' id='block_1_50' title="bbox 324 4953 1922 5024">
    <p class='ocr_par' dir='ltr' id='par_1_50' title="bbox 324 4953 1922 5024">
     <span class='ocr_line' id='line_1_50' title="bbox 324 4953 1922 5024; baseline -0.001 -12"><span class='ocrx_word' id='word_1_403' title='bbox 324 4965 436 5022; x_wconf 86' lang='lat' dir='ltr'><strong>est,</strong></span> <span class='ocrx_word' id='word_1_404' title='bbox 461 4955 656 5011; x_wconf 82' lang='lat' dir='ltr'><strong>donavi</strong></span> <span class='ocrx_word' id='word_1_405' title='bbox 690 4953 994 5024; x_wconf 90' lang='lat' dir='ltr'><strong>adoptionis</strong></span> <span class='ocrx_word' id='word_1_406' title='bbox 1023 4953 1272 5022; x_wconf 89' lang='lat' dir='ltr'><strong>plurimis</strong></span> <span class='ocrx_word' id='word_1_407' title='bbox 1295 4969 1512 5018; x_wconf 89' lang='lat' dir='ltr'><strong>nomen,</strong></span> <span class='ocrx_word' id='word_1_408' title='bbox 1549 4955 1642 5010; x_wconf 88' lang='lat' dir='ltr'><strong>sed</strong></span> <span class='ocrx_word' id='word_1_409' title='bbox 1665 4955 1767 5009; x_wconf 89' lang='lat' dir='ltr'><strong>iste</strong></span> <span class='ocrx_word' id='word_1_410' title='bbox 1787 4955 1922 5010; x_wconf 90' lang='lat' dir='ltr'><strong>mihi</strong></span> 
     </span>
    </p>
   </div>
   <div class='ocr_carea' id='block_1_51' title="bbox 325 5045 1924 5114">
    <p class='ocr_par' dir='ltr' id='par_1_51' title="bbox 325 5045 1924 5114">
     <span class='ocr_line' id='line_1_51' title="bbox 325 5045 1924 5114; baseline -0.001 -11"><span class='ocrx_word' id='word_1_411' title='bbox 325 5048 503 5104; x_wconf 82' lang='lat' dir='ltr'><strong>Filius</strong></span> <span class='ocrx_word' id='word_1_412' title='bbox 527 5053 610 5100; x_wconf 89' lang='lat' dir='ltr'><strong>est</strong></span> <span class='ocrx_word' id='word_1_413' title='bbox 643 5065 655 5100; x_wconf 93' lang='lat'><strong>:</strong></span> <span class='ocrx_word' id='word_1_414' title='bbox 684 5061 754 5100; x_wconf 89' lang='lat' dir='ltr'><strong>ne</strong></span> <span class='ocrx_word' id='word_1_415' title='bbox 777 5059 990 5114; x_wconf 70' lang='lat' dir='ltr'><strong>quaeras</strong></span> <span class='ocrx_word' id='word_1_416' title='bbox 1019 5045 1206 5109; x_wconf 89' lang='lat' dir='ltr'><strong>alium,</strong></span> <span class='ocrx_word' id='word_1_417' title='bbox 1230 5061 1297 5098; x_wconf 89' lang='lat' dir='ltr'><strong>ne</strong></span> <span class='ocrx_word' id='word_1_418' title='bbox 1320 5059 1428 5100; x_wconf 92' lang='lat' dir='ltr'><strong>non</strong></span> <span class='ocrx_word' id='word_1_419' title='bbox 1463 5045 1608 5100; x_wconf 88' lang='lat' dir='ltr'><strong>hunc</strong></span> <span class='ocrx_word' id='word_1_420' title='bbox 1647 5060 1769 5102; x_wconf 88' lang='lat' dir='ltr'><strong>esse</strong></span> <span class='ocrx_word' id='word_1_421' title='bbox 1808 5061 1924 5103; x_wconf 88' lang='lat' dir='ltr'><strong>cre-</strong></span> 
     </span>
    </p>
   </div>
   <div class='ocr_carea' id='block_1_52' title="bbox 331 5137 1926 5212">
    <p class='ocr_par' dir='ltr' id='par_1_52' title="bbox 331 5137 1926 5212">
     <span class='ocr_line' id='line_1_52' title="bbox 331 5137 1926 5212; baseline 0 -16"><span class='ocrx_word' id='word_1_422' title='bbox 331 5143 460 5204; x_wconf 87' lang='lat' dir='ltr'><strong>das;</strong></span> <span class='ocrx_word' id='word_1_423' title='bbox 492 5139 640 5193; x_wconf 87' lang='lat' dir='ltr'><strong>hunc</strong></span> <span class='ocrx_word' id='word_1_424' title='bbox 673 5150 773 5209; x_wconf 87' lang='lat' dir='ltr'><strong>ego</strong></span> <span class='ocrx_word' id='word_1_425' title='bbox 799 5146 1054 5208; x_wconf 85' lang='lat' dir='ltr'><strong>tanquam</strong></span> <span class='ocrx_word' id='word_1_426' title='bbox 1086 5138 1255 5208; x_wconf 89' lang='lat' dir='ltr'><strong>digito</strong></span> <span class='ocrx_word' id='word_1_427' title='bbox 1283 5137 1460 5193; x_wconf 86' lang='lat' dir='ltr'><strong>indice</strong></span> <span class='ocrx_word' id='word_1_428' title='bbox 1487 5154 1553 5195; x_wconf 86' lang='lat' dir='ltr'><strong>ac</strong></span> <span class='ocrx_word' id='word_1_429' title='bbox 1583 5140 1736 5195; x_wconf 86' lang='lat' dir='ltr'><strong>verbi</strong></span> <span class='ocrx_word' id='word_1_430' title='bbox 1759 5141 1926 5212; x_wconf 89' lang='lat' dir='ltr'><strong>signi-</strong></span> 
     </span>
    </p>
   </div>
   <div class='ocr_carea' id='block_1_53' title="bbox 332 5227 1923 5300">
    <p class='ocr_par' dir='ltr' id='par_1_53' title="bbox 332 5227 1923 5300">
     <span class='ocr_line' id='line_1_53' title="bbox 332 5227 1923 5300; baseline -0.004 -11"><span class='ocrx_word' id='word_1_431' title='bbox 332 5231 594 5290; x_wconf 85' lang='lat' dir='ltr'><strong>ﬁcatione</strong></span> <span class='ocrx_word' id='word_1_432' title='bbox 616 5231 890 5300; x_wconf 86' lang='lat' dir='ltr'><strong>contingo,</strong></span> <span class='ocrx_word' id='word_1_433' title='bbox 922 5245 1027 5299; x_wconf 88' lang='lat' dir='ltr'><strong>qua</strong></span> <span class='ocrx_word' id='word_1_434' title='bbox 1052 5227 1194 5294; x_wconf 90' lang='lat' dir='ltr'><strong>dico,</strong></span> <span class='ocrx_word' id='word_1_435' title='bbox 1223 5237 1279 5283; x_wconf 90' lang='lat' dir='ltr'><strong>et</strong></span> <span class='ocrx_word' id='word_1_436' title='bbox 1325 5246 1473 5283; x_wconf 83' lang='lat' dir='ltr'><strong>meus</strong></span> <span class='ocrx_word' id='word_1_437' title='bbox 1499 5239 1594 5293; x_wconf 79' lang='lat' dir='ltr'><strong>est,</strong></span> <span class='ocrx_word' id='word_1_438' title='bbox 1626 5237 1682 5284; x_wconf 92' lang='lat' dir='ltr'><strong>et</strong></span> <span class='ocrx_word' id='word_1_439' title='bbox 1713 5231 1796 5283; x_wconf 83' lang='lat' dir='ltr'><strong>hic</strong></span> <span class='ocrx_word' id='word_1_440' title='bbox 1825 5239 1923 5294; x_wconf 75' lang='lat' dir='ltr'><strong>est,</strong></span> 
     </span>
    </p>
   </div>
   <div class='ocr_carea' id='block_1_54' title="bbox 333 5319 1926 5390">
    <p class='ocr_par' dir='ltr' id='par_1_54' title="bbox 333 5319 1926 5390">
     <span class='ocr_line' id='line_1_54' title="bbox 333 5319 1926 5390; baseline -0.002 -10"><span class='ocrx_word' id='word_1_441' title='bbox 333 5331 391 5380; x_wconf 88' lang='lat' dir='ltr'><strong>et</strong></span> <span class='ocrx_word' id='word_1_442' title='bbox 414 5320 593 5376; x_wconf 77' lang='lat' dir='ltr'><strong>Filius</strong></span> <span class='ocrx_word' id='word_1_443' title='bbox 618 5331 712 5375; x_wconf 78' lang='lat' dir='ltr'><strong>est.</strong></span> <span class='ocrx_word' id='word_1_444' title='bbox 738 5319 878 5388; x_wconf 86' lang='lat' dir='ltr'><strong>Quid</strong></span> <span class='ocrx_word' id='word_1_445' title='bbox 900 5329 1021 5389; x_wconf 88' lang='lat' dir='ltr'><strong>post</strong></span> <span class='ocrx_word' id='word_1_446' title='bbox 1046 5319 1547 5390; x_wconf 66' lang='lat' dir='ltr'><strong>hmcintelligentize</strong></span> <span class='ocrx_word' id='word_1_447' title='bbox 1559 5322 1757 5390; x_wconf 89' lang='lat' dir='ltr'><strong>poterit</strong></span> <span class='ocrx_word' id='word_1_448' title='bbox 1783 5337 1926 5389; x_wconf 89' lang='lat' dir='ltr'><strong>esse,</strong></span> 
     </span>
    </p>
   </div>
   <div class='ocr_carea' id='block_1_55' title="bbox 337 5413 1930 5483">
    <p class='ocr_par' dir='ltr' id='par_1_55' title="bbox 337 5413 1930 5483">
     <span class='ocr_line' id='line_1_55' title="bbox 337 5413 1930 5483; baseline -0.001 -12"><span class='ocrx_word' id='word_1_449' title='bbox 337 5424 402 5471; x_wconf 91' lang='lat' dir='ltr'><strong>ut</strong></span> <span class='ocrx_word' id='word_1_450' title='bbox 423 5431 533 5470; x_wconf 91' lang='lat' dir='ltr'><strong>non</strong></span> <span class='ocrx_word' id='word_1_451' title='bbox 575 5429 694 5468; x_wconf 90' lang='lat' dir='ltr'><strong>esse</strong></span> <span class='ocrx_word' id='word_1_452' title='bbox 729 5413 1015 5467; x_wconf 86' lang='lat' dir='ltr'><strong>credatur?</strong></span> <span class='ocrx_word' id='word_1_453' title='bbox 1042 5413 1106 5466; x_wconf 84' lang='lat' dir='ltr'><strong>Et</strong></span> <span class='ocrx_word' id='word_1_454' title='bbox 1130 5413 1246 5467; x_wconf 83' lang='lat' dir='ltr'><strong>haec</strong></span> <span class='ocrx_word' id='word_1_455' title='bbox 1269 5413 1485 5482; x_wconf 87' lang='lat' dir='ltr'><strong>quidem</strong></span> <span class='ocrx_word' id='word_1_456' title='bbox 1512 5421 1752 5483; x_wconf 81' lang='lat' dir='ltr'><strong>paternae</strong></span> <span class='ocrx_word' id='word_1_457' title='bbox 1778 5413 1930 5470; x_wconf 88' lang='lat' dir='ltr'><strong>vocis</strong></span> 
     </span>
    </p>
   </div>
   <div class='ocr_carea' id='block_1_56' title="bbox 340 5504 1933 5580">
    <p class='ocr_par' dir='ltr' id='par_1_56' title="bbox 340 5504 1933 5580">
     <span class='ocr_line' id='line_1_56' title="bbox 340 5504 1933 5580; baseline -0.003 -16"><span class='ocrx_word' id='word_1_458' title='bbox 340 5507 672 5580; x_wconf 80' lang='lat' dir='ltr'><strong>signiﬁcatio</strong></span> <span class='ocrx_word' id='word_1_459' title='bbox 699 5521 764 5560; x_wconf 88' lang='lat' dir='ltr'><strong>ea</strong></span> <span class='ocrx_word' id='word_1_460' title='bbox 795 5504 918 5570; x_wconf 83' lang='lat' dir='ltr'><strong>fuit,</strong></span> <span class='ocrx_word' id='word_1_461' title='bbox 939 5521 1008 5560; x_wconf 92' lang='lat' dir='ltr'><strong>ne</strong></span> <span class='ocrx_word' id='word_1_462' title='bbox 1039 5506 1130 5574; x_wconf 88' lang='lat' dir='ltr'><strong>qui</strong></span> <span class='ocrx_word' id='word_1_463' title='bbox 1157 5506 1221 5558; x_wconf 88' lang='lat' dir='ltr'><strong>ad</strong></span> <span class='ocrx_word' id='word_1_464' title='bbox 1248 5505 1573 5574; x_wconf 87' lang='lat' dir='ltr'><strong>implendam</strong></span> <span class='ocrx_word' id='word_1_465' title='bbox 1610 5521 1826 5561; x_wconf 88' lang='lat' dir='ltr'><strong>omnem</strong></span> <span class='ocrx_word' id='word_1_466' title='bbox 1847 5505 1933 5577; x_wconf 85' lang='lat' dir='ltr'><strong>ju-</strong></span> 
     </span>
    </p>
   </div>
   <div class='ocr_carea' id='block_1_57' title="bbox 341 5595 1928 5669">
    <p class='ocr_par' dir='ltr' id='par_1_57' title="bbox 341 5595 1928 5669">
     <span class='ocr_line' id='line_1_57' title="bbox 341 5595 1928 5669; baseline -0.002 -14"><span class='ocrx_word' id='word_1_467' title='bbox 341 5601 550 5656; x_wconf 82' lang='lat' dir='ltr'><strong>stitiam</strong></span> <span class='ocrx_word' id='word_1_468' title='bbox 590 5596 947 5669; x_wconf 84' lang='lat' dir='ltr'><strong>baptizandus</strong></span> <span class='ocrx_word' id='word_1_469' title='bbox 993 5605 1158 5661; x_wconf 88' lang='lat' dir='ltr'><strong>esset,</strong></span> <span class='ocrx_word' id='word_1_470' title='bbox 1191 5595 1319 5666; x_wconf 90' lang='lat' dir='ltr'><strong>quid</strong></span> <span class='ocrx_word' id='word_1_471' title='bbox 1351 5604 1496 5653; x_wconf 90' lang='lat' dir='ltr'><strong>esset</strong></span> <span class='ocrx_word' id='word_1_472' title='bbox 1538 5597 1882 5668; x_wconf 84' lang='lat' dir='ltr'><strong>ignoraretur</strong></span> <span class='ocrx_word' id='word_1_473' title='bbox 1914 5615 1928 5652; x_wconf 90' lang='lat'><strong>:</strong></span> 
     </span>
    </p>
   </div>
   <div class='ocr_carea' id='block_1_58' title="bbox 342 5688 1934 5756">
    <p class='ocr_par' dir='ltr' id='par_1_58' title="bbox 342 5688 1934 5756">
     <span class='ocr_line' id='line_1_58' title="bbox 342 5688 1934 5756; baseline 0.001 -12"><span class='ocrx_word' id='word_1_474' title='bbox 342 5690 442 5744; x_wconf 88' lang='lat' dir='ltr'><strong>sed</strong></span> <span class='ocrx_word' id='word_1_475' title='bbox 493 5695 575 5752; x_wconf 91' lang='lat' dir='ltr'><strong>ut,</strong></span> <span class='ocrx_word' id='word_1_476' title='bbox 606 5688 698 5756; x_wconf 92' lang='lat' dir='ltr'><strong>qui</strong></span> <span class='ocrx_word' id='word_1_477' title='bbox 747 5688 816 5742; x_wconf 86' lang='lat' dir='ltr'><strong>ad</strong></span> <span class='ocrx_word' id='word_1_478' title='bbox 868 5697 1265 5742; x_wconf 76' lang='lat' dir='ltr'><strong>sacramentum</strong></span> <span class='ocrx_word' id='word_1_479' title='bbox 1299 5689 1489 5743; x_wconf 88' lang='lat' dir='ltr'><strong>salutis</strong></span> <span class='ocrx_word' id='word_1_480' title='bbox 1537 5697 1736 5744; x_wconf 78' lang='lat' dir='ltr'><strong>nostra:</strong></span> <span class='ocrx_word' id='word_1_481' title='bbox 1771 5689 1934 5745; x_wconf 92' lang='lat' dir='ltr'><strong>homo</strong></span> 
     </span>
    </p>
   </div>
   <div class='ocr_carea' id='block_1_59' title="bbox 346 5814 1930 5944">
    <p class='ocr_par' dir='ltr' id='par_1_59' title="bbox 346 5814 1930 5944">
     <span class='ocr_line' id='line_1_59' title="bbox 346 5814 1930 5944; baseline 0.006 -78"><span class='ocrx_word' id='word_1_482' title='bbox 346 5831 445 5944; x_wconf 58' lang='grc' dir='ltr'><strong>ἥ·</strong></span> <span class='ocrx_word' id='word_1_483' title='bbox 581 5815 844 5940; x_wconf 49' lang='grc' dir='ltr'><strong>ἓὲεπίιιε,</strong></span> <span class='ocrx_word' id='word_1_484' title='bbox 875 5825 1007 5872; x_wconf 89' lang='lat' dir='ltr'><strong>tom.</strong></span> <span class='ocrx_word' id='word_1_485' title='bbox 1038 5816 1085 5871; x_wconf 81' lang='grc' dir='ltr'>Χ</span> <span class='ocrx_word' id='word_1_486' title='bbox 1113 5817 1450 5890; x_wconf 66' lang='lat' dir='ltr'><strong>Patrologize,</strong></span> <span class='ocrx_word' id='word_1_487' title='bbox 1485 5818 1585 5873; x_wconf 90' lang='lat' dir='ltr'><strong>col.</strong></span> <span class='ocrx_word' id='word_1_488' title='bbox 1631 5819 1752 5886; x_wconf 70' lang='grc'><strong>174,</strong></span> <span class='ocrx_word' id='word_1_489' title='bbox 1782 5836 1930 5876; x_wconf 89' lang='lat' dir='ltr'><strong>num.</strong></span> 
     </span>
    </p>
   </div>
   <div class='ocr_carea' id='block_1_60' title="bbox 430 5956 1611 6027">
    <p class='ocr_par' dir='ltr' id='par_1_60' title="bbox 430 5956 1611 6027">
     <span class='ocr_line' id='line_1_60' title="bbox 430 5956 1611 6027; baseline 0.002 -15"><span class='ocrx_word' id='word_1_490' title='bbox 430 5961 455 6000; x_wconf 72' lang='grc' dir='ltr'><strong>ι’</strong></span> <span class='ocrx_word' id='word_1_491' title='bbox 489 5957 546 6012; x_wconf 87' lang='lat' dir='ltr'><strong>S.</strong></span> <span class='ocrx_word' id='word_1_492' title='bbox 582 5956 746 6013; x_wconf 84' lang='lat' dir='ltr'><strong>llilar.</strong></span> <span class='ocrx_word' id='word_1_493' title='bbox 786 5958 888 6015; x_wconf 91' lang='lat' dir='ltr'><strong>loc.</strong></span> <span class='ocrx_word' id='word_1_494' title='bbox 922 5961 1014 6014; x_wconf 86' lang='lat' dir='ltr'><strong>cit.</strong></span> <span class='ocrx_word' id='word_1_495' title='bbox 1047 5959 1148 6014; x_wconf 83' lang='lat' dir='ltr'><strong>col.</strong></span> <span class='ocrx_word' id='word_1_496' title='bbox 1193 5960 1315 6027; x_wconf 75' lang='lat'><strong>179,</strong></span> <span class='ocrx_word' id='word_1_497' title='bbox 1347 5977 1492 6015; x_wconf 90' lang='lat' dir='ltr'><strong>num.</strong></span> <span class='ocrx_word' id='word_1_498' title='bbox 1524 5961 1611 6014; x_wconf 64' lang='grc' dir='ltr'><strong>Ξῖ.</strong></span> 
     </span>
    </p>
   </div>
   <div class='ocr_carea' id='block_1_61' title="bbox 1979 717 3566 794">
    <p class='ocr_par' dir='ltr' id='par_1_61' title="bbox 1979 717 3566 794">
     <span class='ocr_line' id='line_1_61' title="bbox 1979 717 3566 794; baseline -0.003 -18"><span class='ocrx_word' id='word_1_499' title='bbox 1979 722 2037 776; x_wconf 91' lang='lat' dir='ltr'><strong>in</strong></span> <span class='ocrx_word' id='word_1_500' title='bbox 2096 720 2219 778; x_wconf 88' lang='lat' dir='ltr'><strong>ﬁdei</strong></span> <span class='ocrx_word' id='word_1_501' title='bbox 2261 723 2424 794; x_wconf 84' lang='lat' dir='ltr'><strong>hujus</strong></span> <span class='ocrx_word' id='word_1_502' title='bbox 2471 722 2813 780; x_wconf 83' lang='lat' dir='ltr'><strong>confessione</strong></span> <span class='ocrx_word' id='word_1_503' title='bbox 2858 718 3197 777; x_wconf 87' lang='lat' dir='ltr'><strong>credentium</strong></span> <span class='ocrx_word' id='word_1_504' title='bbox 3254 717 3366 772; x_wconf 88' lang='lat' dir='ltr'><strong>vita</strong></span> <span class='ocrx_word' id='word_1_505' title='bbox 3417 723 3566 773; x_wconf 87' lang='lat' dir='ltr'><strong>esset</strong></span> 
     </span>
    </p>
   </div>
   <div class='ocr_carea' id='block_1_62' title="bbox 1982 807 3567 885">
    <p class='ocr_par' dir='ltr' id='par_1_62' title="bbox 1982 807 3567 885">
     <span class='ocr_line' id='line_1_62' title="bbox 1982 807 3567 885; baseline -0.001 -17"><span class='ocrx_word' id='word_1_506' title='bbox 1982 812 2114 885; x_wconf 89' lang='lat' dir='ltr'><strong>(non</strong></span> <span class='ocrx_word' id='word_1_507' title='bbox 2159 815 2304 870; x_wconf 90' lang='lat' dir='ltr'><strong>enim</strong></span> <span class='ocrx_word' id='word_1_508' title='bbox 2361 815 2465 871; x_wconf 90' lang='lat' dir='ltr'><strong>alia</strong></span> <span class='ocrx_word' id='word_1_509' title='bbox 2531 813 2851 871; x_wconf 69' lang='lat' dir='ltr'><strong>aeternitatis</strong></span> <span class='ocrx_word' id='word_1_510' title='bbox 2897 813 3006 868; x_wconf 86' lang='lat' dir='ltr'><strong>vita</strong></span> <span class='ocrx_word' id='word_1_511' title='bbox 3060 820 3183 876; x_wconf 86' lang='lat' dir='ltr'><strong>est,</strong></span> <span class='ocrx_word' id='word_1_512' title='bbox 3231 809 3336 866; x_wconf 89' lang='lat' dir='ltr'><strong>nisi</strong></span> <span class='ocrx_word' id='word_1_513' title='bbox 3380 807 3567 867; x_wconf 80' lang='lat' dir='ltr'><strong>Jesum</strong></span> 
     </span>
    </p>
   </div>
   <div class='ocr_carea' id='block_1_63' title="bbox 1979 899 3569 976">
    <p class='ocr_par' dir='ltr' id='par_1_63' title="bbox 1979 899 3569 976">
     <span class='ocr_line' id='line_1_63' title="bbox 1979 899 3569 976; baseline -0.004 -15"><span class='ocrx_word' id='word_1_514' title='bbox 1979 905 2253 961; x_wconf 86' lang='lat' dir='ltr'><strong>Christum</strong></span> <span class='ocrx_word' id='word_1_515' title='bbox 2278 905 2614 976; x_wconf 85' lang='lat' dir='ltr'><strong>unigenitum</strong></span> <span class='ocrx_word' id='word_1_516' title='bbox 2634 905 2802 960; x_wconf 90' lang='lat' dir='ltr'><strong>Deum</strong></span> <span class='ocrx_word' id='word_1_517' title='bbox 2825 904 3058 960; x_wconf 91' lang='lat' dir='ltr'><strong>sciamus</strong></span> <span class='ocrx_word' id='word_1_518' title='bbox 3074 917 3193 958; x_wconf 88' lang='lat' dir='ltr'><strong>esse</strong></span> <span class='ocrx_word' id='word_1_519' title='bbox 3208 900 3302 958; x_wconf 88' lang='lat' dir='ltr'><strong>Dei</strong></span> <span class='ocrx_word' id='word_1_520' title='bbox 3324 899 3569 975; x_wconf 86' lang='lat' dir='ltr'><strong>Filium),</strong></span> 
     </span>
    </p>
   </div>
   <div class='ocr_carea' id='block_1_64' title="bbox 1978 990 3571 1065">
    <p class='ocr_par' dir='ltr' id='par_1_64' title="bbox 1978 990 3571 1065">
     <span class='ocr_line' id='line_1_64' title="bbox 1978 990 3571 1065; baseline 0.001 -18"><span class='ocrx_word' id='word_1_521' title='bbox 1978 1009 2079 1049; x_wconf 78' lang='lat' dir='ltr'><strong>vox</strong></span> <span class='ocrx_word' id='word_1_522' title='bbox 2119 1010 2151 1050; x_wconf 92' lang='lat' dir='ltr'><strong>e</strong></span> <span class='ocrx_word' id='word_1_523' title='bbox 2195 994 2335 1051; x_wconf 64' lang='lat' dir='ltr'><strong>coelo</strong></span> <span class='ocrx_word' id='word_1_524' title='bbox 2379 1011 2598 1050; x_wconf 88' lang='lat' dir='ltr'><strong>rursum</strong></span> <span class='ocrx_word' id='word_1_525' title='bbox 2639 994 2709 1050; x_wconf 83' lang='lat' dir='ltr'><strong>ab</strong></span> <span class='ocrx_word' id='word_1_526' title='bbox 2763 993 3023 1065; x_wconf 89' lang='lat' dir='ltr'><strong>apostolis</strong></span> <span class='ocrx_word' id='word_1_527' title='bbox 3053 995 3264 1048; x_wconf 66' lang='lat' dir='ltr'><strong>iteratae</strong></span> <span class='ocrx_word' id='word_1_528' title='bbox 3294 991 3457 1064; x_wconf 84' lang='lat' dir='ltr'><strong>hujus</strong></span> <span class='ocrx_word' id='word_1_529' title='bbox 3494 990 3571 1048; x_wconf 86' lang='lat' dir='ltr'><strong>si-</strong></span> 
     </span>
    </p>
   </div>
   <div class='ocr_carea' id='block_1_65' title="bbox 1917 1084 3567 1158">
    <p class='ocr_par' dir='ltr' id='par_1_65' title="bbox 1917 1084 3567 1158">
     <span class='ocr_line' id='line_1_65' title="bbox 1917 1084 3567 1158; baseline -0.001 -18"><span class='ocrx_word' id='word_1_530' title='bbox 1917 1155 1919 1158; x_wconf 7' lang='lat'><strong>)</strong></span> <span class='ocrx_word' id='word_1_531' title='bbox 1981 1086 2349 1157; x_wconf 86' lang='lat' dir='ltr'><strong>gniﬁcationis</strong></span> <span class='ocrx_word' id='word_1_532' title='bbox 2393 1087 2630 1153; x_wconf 89' lang='lat' dir='ltr'><strong>auditur,</strong></span> <span class='ocrx_word' id='word_1_533' title='bbox 2679 1093 2739 1141; x_wconf 90' lang='lat' dir='ltr'><strong>ut</strong></span> <span class='ocrx_word' id='word_1_534' title='bbox 2787 1086 2844 1142; x_wconf 90' lang='lat' dir='ltr'><strong>id</strong></span> <span class='ocrx_word' id='word_1_535' title='bbox 2883 1085 3092 1141; x_wconf 87' lang='lat' dir='ltr'><strong>ﬁrmius</strong></span> <span class='ocrx_word' id='word_1_536' title='bbox 3142 1085 3457 1140; x_wconf 81' lang='lat' dir='ltr'><strong>crederetur</strong></span> <span class='ocrx_word' id='word_1_537' title='bbox 3499 1084 3567 1138; x_wconf 87' lang='lat' dir='ltr'><strong>ad</strong></span> 
     </span>
    </p>
   </div>
   <div class='ocr_carea' id='block_1_66' title="bbox 1980 1170 3578 1247">
    <p class='ocr_par' dir='ltr' id='par_1_66' title="bbox 1980 1170 3578 1247">
     <span class='ocr_line' id='line_1_66' title="bbox 1980 1170 3578 1247; baseline -0.001 -18"><span class='ocrx_word' id='word_1_538' title='bbox 1980 1176 2170 1241; x_wconf 88' lang='lat' dir='ltr'><strong>vitam,</strong></span> <span class='ocrx_word' id='word_1_539' title='bbox 2223 1177 2367 1247; x_wconf 91' lang='lat' dir='ltr'><strong>quod</strong></span> <span class='ocrx_word' id='word_1_540' title='bbox 2420 1192 2529 1232; x_wconf 90' lang='lat' dir='ltr'><strong>non</strong></span> <span class='ocrx_word' id='word_1_541' title='bbox 2574 1176 2870 1244; x_wconf 82' lang='lat' dir='ltr'><strong>credidisse</strong></span> <span class='ocrx_word' id='word_1_542' title='bbox 2921 1191 3071 1231; x_wconf 90' lang='lat' dir='ltr'><strong>mors</strong></span> <span class='ocrx_word' id='word_1_543' title='bbox 3116 1182 3278 1231; x_wconf 82' lang='lat' dir='ltr'><strong>esset.</strong></span> <span class='ocrx_word' id='word_1_544' title='bbox 3327 1170 3578 1244; x_wconf 82' lang='lat' dir='ltr'><strong>Namque</strong></span> 
     </span>
    </p>
   </div>
   <div class='ocr_carea' id='block_1_67' title="bbox 1981 1265 3567 1339">
    <p class='ocr_par' dir='ltr' id='par_1_67' title="bbox 1981 1265 3567 1339">
     <span class='ocr_line' id='line_1_67' title="bbox 1981 1265 3567 1339; baseline -0.003 -15"><span class='ocrx_word' id='word_1_545' title='bbox 1981 1285 2103 1324; x_wconf 89' lang='lat' dir='ltr'><strong>cum</strong></span> <span class='ocrx_word' id='word_1_546' title='bbox 2137 1269 2399 1326; x_wconf 90' lang='lat' dir='ltr'><strong>Dominus</strong></span> <span class='ocrx_word' id='word_1_547' title='bbox 2443 1270 2498 1324; x_wconf 91' lang='lat' dir='ltr'><strong>in</strong></span> <span class='ocrx_word' id='word_1_548' title='bbox 2527 1275 2712 1325; x_wconf 92' lang='lat' dir='ltr'><strong>monte</strong></span> <span class='ocrx_word' id='word_1_549' title='bbox 2740 1267 3040 1339; x_wconf 76' lang='lat' dir='ltr'><strong>maiestatis</strong></span> <span class='ocrx_word' id='word_1_550' title='bbox 3079 1280 3190 1322; x_wconf 66' lang='lat' dir='ltr'><strong>sua:</strong></span> <span class='ocrx_word' id='word_1_551' title='bbox 3215 1265 3403 1320; x_wconf 88' lang='lat' dir='ltr'><strong>habitu</strong></span> <span class='ocrx_word' id='word_1_552' title='bbox 3432 1278 3567 1320; x_wconf 86' lang='lat' dir='ltr'><strong>con-</strong></span> 
     </span>
    </p>
   </div>
   <div class='ocr_carea' id='block_1_68' title="bbox 1984 1357 3569 1436">
    <p class='ocr_par' dir='ltr' id='par_1_68' title="bbox 1984 1357 3569 1436">
     <span class='ocr_line' id='line_1_68' title="bbox 1984 1357 3569 1436; baseline -0.003 -19"><span class='ocrx_word' id='word_1_553' title='bbox 1984 1363 2233 1429; x_wconf 88' lang='lat' dir='ltr'><strong>stitisset,</strong></span> <span class='ocrx_word' id='word_1_554' title='bbox 2283 1362 2466 1435; x_wconf 82' lang='lat' dir='ltr'><strong>Moyse</strong></span> <span class='ocrx_word' id='word_1_555' title='bbox 2507 1363 2669 1436; x_wconf 70' lang='lat'><strong>762</strong></span> <span class='ocrx_word' id='word_1_556' title='bbox 2694 1370 2856 1432; x_wconf 89' lang='lat' dir='ltr'><strong>atque</strong></span> <span class='ocrx_word' id='word_1_557' title='bbox 2896 1362 3013 1418; x_wconf 86' lang='lat' dir='ltr'><strong>Elia</strong></span> <span class='ocrx_word' id='word_1_558' title='bbox 3061 1357 3463 1422; x_wconf 84' lang='lat' dir='ltr'><strong>assistentibus,</strong></span> <span class='ocrx_word' id='word_1_559' title='bbox 3512 1363 3569 1413; x_wconf 90' lang='lat' dir='ltr'><strong>et</strong></span> 
     </span>
    </p>
   </div>
   <div class='ocr_carea' id='block_1_69' title="bbox 1984 1449 3579 1526">
    <p class='ocr_par' dir='ltr' id='par_1_69' title="bbox 1984 1449 3579 1526">
     <span class='ocr_line' id='line_1_69' title="bbox 1984 1449 3579 1526; baseline -0.001 -17"><span class='ocrx_word' id='word_1_560' title='bbox 1984 1453 2054 1509; x_wconf 90' lang='lat' dir='ltr'><strong>ad</strong></span> <span class='ocrx_word' id='word_1_561' title='bbox 2079 1454 2309 1511; x_wconf 84' lang='lat' dir='ltr'><strong>visionis</strong></span> <span class='ocrx_word' id='word_1_562' title='bbox 2339 1465 2505 1526; x_wconf 88' lang='lat' dir='ltr'><strong>atque</strong></span> <span class='ocrx_word' id='word_1_563' title='bbox 2533 1456 2684 1512; x_wconf 81' lang='lat' dir='ltr'><strong>vocis</strong></span> <span class='ocrx_word' id='word_1_564' title='bbox 2712 1454 2870 1511; x_wconf 89' lang='lat' dir='ltr'><strong>ﬁdem</strong></span> <span class='ocrx_word' id='word_1_565' title='bbox 2902 1455 3076 1510; x_wconf 88' lang='lat' dir='ltr'><strong>tribus</strong></span> <span class='ocrx_word' id='word_1_566' title='bbox 3095 1452 3361 1509; x_wconf 87' lang='lat' dir='ltr'><strong>columnis</strong></span> <span class='ocrx_word' id='word_1_567' title='bbox 3387 1449 3579 1508; x_wconf 76' lang='lat' dir='ltr'><strong>Eccle-</strong></span> 
     </span>
    </p>
   </div>
   <div class='ocr_carea' id='block_1_70' title="bbox 1986 1539 3576 1616">
    <p class='ocr_par' dir='ltr' id='par_1_70' title="bbox 1986 1539 3576 1616">
     <span class='ocr_line' id='line_1_70' title="bbox 1986 1539 3576 1616; baseline -0.003 -16"><span class='ocrx_word' id='word_1_568' title='bbox 1986 1545 2193 1600; x_wconf 87' lang='lat' dir='ltr'><strong>siarum</strong></span> <span class='ocrx_word' id='word_1_569' title='bbox 2219 1546 2450 1602; x_wconf 86' lang='lat' dir='ltr'><strong>testibus</strong></span> <span class='ocrx_word' id='word_1_570' title='bbox 2475 1545 2796 1616; x_wconf 86' lang='lat' dir='ltr'><strong>assumptis,</strong></span> <span class='ocrx_word' id='word_1_571' title='bbox 2817 1544 2935 1600; x_wconf 69' lang='lat' dir='ltr'><strong>haec</strong></span> <span class='ocrx_word' id='word_1_572' title='bbox 2955 1559 3063 1600; x_wconf 88' lang='lat' dir='ltr'><strong>vox</strong></span> <span class='ocrx_word' id='word_1_573' title='bbox 3085 1552 3310 1614; x_wconf 88' lang='lat' dir='ltr'><strong>paterna</strong></span> <span class='ocrx_word' id='word_1_574' title='bbox 3338 1541 3406 1597; x_wconf 89' lang='lat' dir='ltr'><strong>de</strong></span> <span class='ocrx_word' id='word_1_575' title='bbox 3435 1539 3576 1597; x_wconf 64' lang='lat' dir='ltr'><strong>caelo</strong></span> 
     </span>
    </p>
   </div>
   <div class='ocr_carea' id='block_1_71' title="bbox 1987 1633 3576 1709">
    <p class='ocr_par' dir='ltr' id='par_1_71' title="bbox 1987 1633 3576 1709">
     <span class='ocr_line' id='line_1_71' title="bbox 1987 1633 3576 1709; baseline -0.004 -15"><span class='ocrx_word' id='word_1_576' title='bbox 1987 1647 2110 1696; x_wconf 88' lang='lat' dir='ltr'><strong>est:</strong></span> <span class='ocrx_word' id='word_1_577' title='bbox 2144 1638 2247 1694; x_wconf 86' lang='lat' dir='ltr'><strong>Hic</strong></span> <span class='ocrx_word' id='word_1_578' title='bbox 2272 1650 2349 1696; x_wconf 76' lang='lat' dir='ltr'><strong>est</strong></span> <span class='ocrx_word' id='word_1_579' title='bbox 2377 1638 2550 1695; x_wconf 83' lang='lat' dir='ltr'><strong>Filius</strong></span> <span class='ocrx_word' id='word_1_580' title='bbox 2581 1657 2726 1695; x_wconf 79' lang='lat' dir='ltr'><strong>meus</strong></span> <span class='ocrx_word' id='word_1_581' title='bbox 2761 1638 3004 1704; x_wconf 83' lang='lat' dir='ltr'><strong>dilectus,</strong></span> <span class='ocrx_word' id='word_1_582' title='bbox 3036 1638 3092 1693; x_wconf 82' lang='lat' dir='ltr'><strong>in</strong></span> <span class='ocrx_word' id='word_1_583' title='bbox 3116 1653 3220 1709; x_wconf 87' lang='lat' dir='ltr'><strong>quo</strong></span> <span class='ocrx_word' id='word_1_584' title='bbox 3257 1633 3576 1707; x_wconf 80' lang='lat' dir='ltr'><strong>complacui,</strong></span> 
     </span>
    </p>
   </div>
   <div class='ocr_carea' id='block_1_72' title="bbox 1987 1729 2968 1804">
    <p class='ocr_par' dir='ltr' id='par_1_72' title="bbox 1987 1729 2968 1804">
     <span class='ocr_line' id='line_1_72' title="bbox 1987 1729 2968 1804; baseline -0.001 -19"><span class='ocrx_word' id='word_1_585' title='bbox 1987 1732 2157 1804; x_wconf 81' lang='lat' dir='ltr'><strong>ipsum</strong></span> <span class='ocrx_word' id='word_1_586' title='bbox 2209 1732 2385 1787; x_wconf 77' lang='lat' dir='ltr'><strong>audite</strong></span> <span class='ocrx_word' id='word_1_587' title='bbox 2412 1752 2431 1785; x_wconf 74' lang='grc' dir='ltr'><strong>ι</strong></span> <span class='ocrx_word' id='word_1_588' title='bbox 2481 1730 2698 1802; x_wconf 73' lang='lat' dir='ltr'><strong>(Matth.</strong></span> <span class='ocrx_word' id='word_1_589' title='bbox 2727 1745 2860 1797; x_wconf 82' lang='lat' dir='ltr'><strong>xm,</strong></span> <span class='ocrx_word' id='word_1_590' title='bbox 2887 1729 2968 1801; x_wconf 82' lang='lat'><strong>5).</strong></span> 
     </span>
    </p>
   </div>
   <div class='ocr_carea' id='block_1_73' title="bbox 2061 1837 3573 1914">
    <p class='ocr_par' dir='ltr' id='par_1_73' title="bbox 2061 1837 3573 1914">
     <span class='ocr_line' id='line_1_73' title="bbox 2061 1837 3573 1914; baseline -0.004 -18"><span class='ocrx_word' id='word_1_591' title='bbox 2061 1841 2128 1897; x_wconf 77' lang='grc' dir='ltr'><strong>ν.</strong></span> <span class='ocrx_word' id='word_1_592' title='bbox 2156 1843 2303 1899; x_wconf 84' lang='lat' dir='ltr'><strong>Idem</strong></span> <span class='ocrx_word' id='word_1_593' title='bbox 2331 1851 2455 1914; x_wconf 91' lang='lat' dir='ltr'><strong>post</strong></span> <span class='ocrx_word' id='word_1_594' title='bbox 2475 1843 2710 1913; x_wconf 87' lang='lat' dir='ltr'><strong>plurima</strong></span> <span class='ocrx_word' id='word_1_595' title='bbox 2736 1848 2793 1897; x_wconf 88' lang='lat' dir='ltr'><strong>ct</strong></span> <span class='ocrx_word' id='word_1_596' title='bbox 2830 1839 3070 1896; x_wconf 88' lang='lat' dir='ltr'><strong>veridica</strong></span> <span class='ocrx_word' id='word_1_597' title='bbox 3101 1839 3169 1894; x_wconf 89' lang='lat' dir='ltr'><strong>de</strong></span> <span class='ocrx_word' id='word_1_598' title='bbox 3188 1837 3424 1894; x_wconf 88' lang='lat' dir='ltr'><strong>naturali</strong></span> <span class='ocrx_word' id='word_1_599' title='bbox 3449 1850 3573 1908; x_wconf 81' lang='lat' dir='ltr'><strong>pro-</strong></span> 
     </span>
    </p>
   </div>
   <div class='ocr_carea' id='block_1_74' title="bbox 1991 1931 3584 2008">
    <p class='ocr_par' dir='ltr' id='par_1_74' title="bbox 1991 1931 3584 2008">
     <span class='ocr_line' id='line_1_74' title="bbox 1991 1931 3584 2008; baseline -0.004 -16"><span class='ocrx_word' id='word_1_600' title='bbox 1991 1937 2226 2008; x_wconf 86' lang='lat' dir='ltr'><strong>prietate</strong></span> <span class='ocrx_word' id='word_1_601' title='bbox 2251 1937 2374 1994; x_wconf 86' lang='lat' dir='ltr'><strong>Filii</strong></span> <span class='ocrx_word' id='word_1_602' title='bbox 2407 1937 2501 1992; x_wconf 90' lang='lat' dir='ltr'><strong>Dei</strong></span> <span class='ocrx_word' id='word_1_603' title='bbox 2525 1937 2598 1991; x_wconf 91' lang='lat' dir='ltr'><strong>ita</strong></span> <span class='ocrx_word' id='word_1_604' title='bbox 2623 1936 2807 1992; x_wconf 89' lang='lat' dir='ltr'><strong>intulit</strong></span> <span class='ocrx_word' id='word_1_605' title='bbox 2835 1933 2862 1973; x_wconf 77' lang='grc' dir='ltr'><strong>ι’</strong></span> <span class='ocrx_word' id='word_1_606' title='bbox 2891 1953 2903 1989; x_wconf 90' lang='lat'><strong>:</strong></span> <span class='ocrx_word' id='word_1_607' title='bbox 2938 1953 2957 1986; x_wconf 76' lang='grc' dir='ltr'>ι</span> <span class='ocrx_word' id='word_1_608' title='bbox 2989 1935 3128 2002; x_wconf 86' lang='lat' dir='ltr'><strong>Quid</strong></span> <span class='ocrx_word' id='word_1_609' title='bbox 3160 1932 3391 1989; x_wconf 82' lang='lat' dir='ltr'><strong>infertur</strong></span> <span class='ocrx_word' id='word_1_610' title='bbox 3417 1931 3584 1987; x_wconf 84' lang='lat' dir='ltr'><strong>hodie</strong></span> 
     </span>
    </p>
   </div>
   <div class='ocr_carea' id='block_1_75' title="bbox 1992 2022 3579 2097">
    <p class='ocr_par' dir='ltr' id='par_1_75' title="bbox 1992 2022 3579 2097">
     <span class='ocr_line' id='line_1_75' title="bbox 1992 2022 3579 2097; baseline -0.004 -14"><span class='ocrx_word' id='word_1_611' title='bbox 1992 2027 2299 2092; x_wconf 65' lang='lat' dir='ltr'><strong>calumniae,</strong></span> <span class='ocrx_word' id='word_1_612' title='bbox 2336 2035 2398 2082; x_wconf 91' lang='lat' dir='ltr'><strong>ut</strong></span> <span class='ocrx_word' id='word_1_613' title='bbox 2422 2027 2642 2097; x_wconf 88' lang='lat' dir='ltr'><strong>adoptio</strong></span> <span class='ocrx_word' id='word_1_614' title='bbox 2668 2025 2906 2082; x_wconf 89' lang='lat' dir='ltr'><strong>nominis</strong></span> <span class='ocrx_word' id='word_1_615' title='bbox 2948 2025 3039 2090; x_wconf 90' lang='lat' dir='ltr'><strong>sit,</strong></span> <span class='ocrx_word' id='word_1_616' title='bbox 3067 2032 3128 2078; x_wconf 94' lang='lat' dir='ltr'><strong>ut</strong></span> <span class='ocrx_word' id='word_1_617' title='bbox 3155 2023 3387 2078; x_wconf 88' lang='lat' dir='ltr'><strong>mendax</strong></span> <span class='ocrx_word' id='word_1_618' title='bbox 3436 2022 3579 2077; x_wconf 82' lang='lat' dir='ltr'><strong>Deus</strong></span> 
     </span>
    </p>
   </div>
   <div class='ocr_carea' id='block_1_76' title="bbox 1991 2112 3584 2183">
    <p class='ocr_par' dir='ltr' id='par_1_76' title="bbox 1991 2112 3584 2183">
     <span class='ocr_line' id='line_1_76' title="bbox 1991 2112 3584 2183; baseline -0.003 -8"><span class='ocrx_word' id='word_1_619' title='bbox 1991 2120 2079 2183; x_wconf 89' lang='lat' dir='ltr'><strong>sit,</strong></span> <span class='ocrx_word' id='word_1_620' title='bbox 2109 2126 2170 2175; x_wconf 90' lang='lat' dir='ltr'><strong>ut</strong></span> <span class='ocrx_word' id='word_1_621' title='bbox 2192 2119 2411 2175; x_wconf 88' lang='lat' dir='ltr'><strong>nomina</strong></span> <span class='ocrx_word' id='word_1_622' title='bbox 2438 2118 2620 2174; x_wconf 85' lang='lat' dir='ltr'><strong>inania</strong></span> <span class='ocrx_word' id='word_1_623' title='bbox 2646 2118 2792 2173; x_wconf 79' lang='lat' dir='ltr'><strong>sint?</strong></span> <span class='ocrx_word' id='word_1_624' title='bbox 2820 2116 3075 2172; x_wconf 86' lang='lat' dir='ltr'><strong>Testatus</strong></span> <span class='ocrx_word' id='word_1_625' title='bbox 3096 2122 3180 2172; x_wconf 88' lang='lat' dir='ltr'><strong>est</strong></span> <span class='ocrx_word' id='word_1_626' title='bbox 3202 2114 3366 2171; x_wconf 86' lang='lat' dir='ltr'><strong>Pater</strong></span> <span class='ocrx_word' id='word_1_627' title='bbox 3389 2113 3459 2170; x_wconf 89' lang='lat' dir='ltr'><strong>de</strong></span> <span class='ocrx_word' id='word_1_628' title='bbox 3486 2112 3584 2171; x_wconf 78' lang='lat' dir='ltr'><strong>Fi-</strong></span> 
     </span>
    </p>
   </div>
   <div class='ocr_carea' id='block_1_77' title="bbox 1992 2207 3578 2280">
    <p class='ocr_par' dir='ltr' id='par_1_77' title="bbox 1992 2207 3578 2280">
     <span class='ocr_line' id='line_1_77' title="bbox 1992 2207 3578 2280; baseline -0.003 -16"><span class='ocrx_word' id='word_1_629' title='bbox 1992 2209 2098 2277; x_wconf 87' lang='lat' dir='ltr'><strong>lio;</strong></span> <span class='ocrx_word' id='word_1_630' title='bbox 2131 2209 2382 2280; x_wconf 83' lang='lat' dir='ltr'><strong>operibus</strong></span> <span class='ocrx_word' id='word_1_631' title='bbox 2404 2209 2519 2264; x_wconf 90' lang='lat' dir='ltr'><strong>suis</strong></span> <span class='ocrx_word' id='word_1_632' title='bbox 2533 2208 2703 2265; x_wconf 86' lang='lat' dir='ltr'><strong>Filius</strong></span> <span class='ocrx_word' id='word_1_633' title='bbox 2718 2209 3085 2265; x_wconf 88' lang='lat' dir='ltr'><strong>testimonium</strong></span> <span class='ocrx_word' id='word_1_634' title='bbox 3104 2207 3282 2262; x_wconf 86' lang='lat' dir='ltr'><strong>Patris</strong></span> <span class='ocrx_word' id='word_1_635' title='bbox 3305 2211 3578 2277; x_wconf 65' lang='lat' dir='ltr'><strong>extequat.</strong></span> 
     </span>
    </p>
   </div>
   <div class='ocr_carea' id='block_1_78' title="bbox 1994 2294 3581 2372">
    <p class='ocr_par' dir='ltr' id='par_1_78' title="bbox 1994 2294 3581 2372">
     <span class='ocr_line' id='line_1_78' title="bbox 1994 2294 3581 2372; baseline -0.003 -16"><span class='ocrx_word' id='word_1_636' title='bbox 1994 2301 2105 2356; x_wconf 92' lang='lat' dir='ltr'><strong>Cur</strong></span> <span class='ocrx_word' id='word_1_637' title='bbox 2155 2317 2264 2357; x_wconf 88' lang='lat' dir='ltr'><strong>non</strong></span> <span class='ocrx_word' id='word_1_638' title='bbox 2292 2301 2542 2357; x_wconf 86' lang='lat' dir='ltr'><strong>videatur</strong></span> <span class='ocrx_word' id='word_1_639' title='bbox 2569 2315 2690 2356; x_wconf 88' lang='lat' dir='ltr'><strong>esse</strong></span> <span class='ocrx_word' id='word_1_640' title='bbox 2738 2300 2793 2356; x_wconf 91' lang='lat' dir='ltr'><strong>in</strong></span> <span class='ocrx_word' id='word_1_641' title='bbox 2821 2316 2886 2356; x_wconf 91' lang='lat' dir='ltr'><strong>eo</strong></span> <span class='ocrx_word' id='word_1_642' title='bbox 2909 2301 3048 2357; x_wconf 91' lang='lat' dir='ltr'><strong>idem</strong></span> <span class='ocrx_word' id='word_1_643' title='bbox 3077 2298 3210 2372; x_wconf 75' lang='lat' dir='ltr'><strong>(AL,</strong></span> <span class='ocrx_word' id='word_1_644' title='bbox 3240 2299 3294 2355; x_wconf 92' lang='lat' dir='ltr'><strong>id</strong></span> <span class='ocrx_word' id='word_1_645' title='bbox 3318 2294 3426 2370; x_wconf 89' lang='lat' dir='ltr'><strong>est]</strong></span> <span class='ocrx_word' id='word_1_646' title='bbox 3454 2294 3581 2352; x_wconf 83' lang='lat' dir='ltr'><strong>Filii</strong></span> 
     </span>
    </p>
   </div>
   <div class='ocr_carea' id='block_1_79' title="bbox 1993 2389 3585 2466">
    <p class='ocr_par' dir='ltr' id='par_1_79' title="bbox 1993 2389 3585 2466">
     <span class='ocr_line' id='line_1_79' title="bbox 1993 2389 3585 2466; baseline -0.003 -18"><span class='ocrx_word' id='word_1_647' title='bbox 1993 2395 2217 2459; x_wconf 88' lang='lat' dir='ltr'><strong>veritas,</strong></span> <span class='ocrx_word' id='word_1_648' title='bbox 2248 2409 2369 2464; x_wconf 62' lang='lat' dir='ltr'><strong>qua:</strong></span> <span class='ocrx_word' id='word_1_649' title='bbox 2411 2400 2467 2447; x_wconf 92' lang='lat' dir='ltr'><strong>et</strong></span> <span class='ocrx_word' id='word_1_650' title='bbox 2495 2392 2722 2449; x_wconf 89' lang='lat' dir='ltr'><strong>docetur</strong></span> <span class='ocrx_word' id='word_1_651' title='bbox 2760 2390 2895 2466; x_wconf 71' lang='lat' dir='ltr'><strong>(AL,</strong></span> <span class='ocrx_word' id='word_1_652' title='bbox 2928 2389 3148 2464; x_wconf 91' lang='lat' dir='ltr'><strong>dicitur]</strong></span> <span class='ocrx_word' id='word_1_653' title='bbox 3196 2398 3250 2447; x_wconf 88' lang='lat' dir='ltr'><strong>et</strong></span> <span class='ocrx_word' id='word_1_654' title='bbox 3299 2389 3585 2460; x_wconf 85' lang='lat' dir='ltr'><strong>probatur.</strong></span> 
     </span>
    </p>
   </div>
   <div class='ocr_carea' id='block_1_80' title="bbox 1995 2480 3587 2554">
    <p class='ocr_par' dir='ltr' id='par_1_80' title="bbox 1995 2480 3587 2554">
     <span class='ocr_line' id='line_1_80' title="bbox 1995 2480 3587 2554; baseline -0.003 -14"><span class='ocrx_word' id='word_1_655' title='bbox 1995 2483 2114 2540; x_wconf 89' lang='lat' dir='ltr'><strong>Non</strong></span> <span class='ocrx_word' id='word_1_656' title='bbox 2148 2492 2232 2540; x_wconf 90' lang='lat' dir='ltr'><strong>est</strong></span> <span class='ocrx_word' id='word_1_657' title='bbox 2259 2499 2357 2554; x_wconf 87' lang='lat' dir='ltr'><strong>per</strong></span> <span class='ocrx_word' id='word_1_658' title='bbox 2385 2482 2557 2539; x_wconf 88' lang='lat' dir='ltr'><strong>Deum</strong></span> <span class='ocrx_word' id='word_1_659' title='bbox 2581 2482 2800 2538; x_wconf 89' lang='lat' dir='ltr'><strong>Patrem</strong></span> <span class='ocrx_word' id='word_1_660' title='bbox 2829 2482 2952 2538; x_wconf 88' lang='lat' dir='ltr'><strong>Filii</strong></span> <span class='ocrx_word' id='word_1_661' title='bbox 2983 2498 3178 2538; x_wconf 88' lang='lat' dir='ltr'><strong>nomen</strong></span> <span class='ocrx_word' id='word_1_662' title='bbox 3206 2482 3260 2536; x_wconf 93' lang='lat' dir='ltr'><strong>in</strong></span> <span class='ocrx_word' id='word_1_663' title='bbox 3284 2480 3502 2537; x_wconf 87' lang='lat' dir='ltr'><strong>Christo</strong></span> <span class='ocrx_word' id='word_1_664' title='bbox 3529 2487 3587 2537; x_wconf 85' lang='lat' dir='ltr'><strong>et</strong></span> 
     </span>
    </p>
   </div>
   <div class='ocr_carea' id='block_1_81' title="bbox 1998 2555 3590 2647">
    <p class='ocr_par' dir='ltr' id='par_1_81' title="bbox 1998 2555 3590 2647">
     <span class='ocr_line' id='line_1_81' title="bbox 1998 2555 3590 2647; baseline -0.001 -20"><span class='ocrx_word' id='word_1_665' title='bbox 1998 2573 2132 2647; x_wconf 79' lang='grc' dir='ltr'><strong>[Αι.,</strong></span> <span class='ocrx_word' id='word_1_666' title='bbox 2161 2573 2252 2646; x_wconf 86' lang='lat' dir='ltr'><strong>ex]</strong></span> <span class='ocrx_word' id='word_1_667' title='bbox 2285 2575 2576 2646; x_wconf 88' lang='lat' dir='ltr'><strong>adoptione</strong></span> <span class='ocrx_word' id='word_1_668' title='bbox 2604 2573 2865 2629; x_wconf 88' lang='lat' dir='ltr'><strong>bonitatis</strong></span> <span class='ocrx_word' id='word_1_669' title='bbox 2896 2592 2910 2627; x_wconf 90' lang='lat'>:</span> <span class='ocrx_word' id='word_1_670' title='bbox 2943 2587 3122 2643; x_wconf 89' lang='lat' dir='ltr'><strong>neque</strong></span> <span class='ocrx_word' id='word_1_671' title='bbox 3146 2555 3437 2627; x_wconf 84' lang='lat' dir='ltr'><strong>sanctitate</strong></span> <span class='ocrx_word' id='word_1_672' title='bbox 3474 2584 3590 2626; x_wconf 84' lang='lat' dir='ltr'><strong>me-</strong></span> 
     </span>
    </p>
   </div>
   <div class='ocr_carea' id='block_1_82' title="bbox 1998 2659 3584 2734">
    <p class='ocr_par' dir='ltr' id='par_1_82' title="bbox 1998 2659 3584 2734">
     <span class='ocr_line' id='line_1_82' title="bbox 1998 2659 3584 2734; baseline -0.003 -16"><span class='ocrx_word' id='word_1_673' title='bbox 1998 2665 2110 2719; x_wconf 88' lang='lat' dir='ltr'><strong>ruit</strong></span> <span class='ocrx_word' id='word_1_674' title='bbox 2140 2665 2245 2719; x_wconf 90' lang='lat' dir='ltr'><strong>hoc</strong></span> <span class='ocrx_word' id='word_1_675' title='bbox 2267 2679 2485 2729; x_wconf 89' lang='lat' dir='ltr'><strong>nomen,</strong></span> <span class='ocrx_word' id='word_1_676' title='bbox 2511 2664 2652 2718; x_wconf 90' lang='lat' dir='ltr'><strong>sicut</strong></span> <span class='ocrx_word' id='word_1_677' title='bbox 2673 2663 2855 2734; x_wconf 87' lang='lat' dir='ltr'><strong>plures</strong></span> <span class='ocrx_word' id='word_1_678' title='bbox 2879 2670 3004 2733; x_wconf 91' lang='lat' dir='ltr'><strong>post</strong></span> <span class='ocrx_word' id='word_1_679' title='bbox 3030 2660 3426 2718; x_wconf 81' lang='lat' dir='ltr'><strong>confessionem</strong></span> <span class='ocrx_word' id='word_1_680' title='bbox 3457 2659 3584 2716; x_wconf 88' lang='lat' dir='ltr'><strong>ﬁdei</strong></span> 
     </span>
    </p>
   </div>
   <div class='ocr_carea' id='block_1_83' title="bbox 1999 2749 3594 2823">
    <p class='ocr_par' dir='ltr' id='par_1_83' title="bbox 1999 2749 3594 2823">
     <span class='ocr_line' id='line_1_83' title="bbox 1999 2749 3594 2823; baseline -0.002 -14"><span class='ocrx_word' id='word_1_681' title='bbox 1999 2753 2096 2809; x_wconf 89' lang='lat' dir='ltr'><strong>Dei</strong></span> <span class='ocrx_word' id='word_1_682' title='bbox 2127 2753 2249 2809; x_wconf 89' lang='lat' dir='ltr'><strong>Filii</strong></span> <span class='ocrx_word' id='word_1_683' title='bbox 2289 2761 2436 2808; x_wconf 88' lang='lat' dir='ltr'><strong>sunt.</strong></span> <span class='ocrx_word' id='word_1_684' title='bbox 2483 2752 2845 2823; x_wconf 83' lang='lat' dir='ltr'><strong>Proprietatis</strong></span> <span class='ocrx_word' id='word_1_685' title='bbox 2893 2752 3039 2807; x_wconf 88' lang='lat' dir='ltr'><strong>enim</strong></span> <span class='ocrx_word' id='word_1_686' title='bbox 3067 2752 3123 2806; x_wconf 91' lang='lat' dir='ltr'><strong>in</strong></span> <span class='ocrx_word' id='word_1_687' title='bbox 3152 2752 3238 2808; x_wconf 86' lang='lat' dir='ltr'><strong>his</strong></span> <span class='ocrx_word' id='word_1_688' title='bbox 3267 2749 3594 2822; x_wconf 86' lang='lat' dir='ltr'><strong>signiﬁcatio</strong></span> 
     </span>
    </p>
   </div>
   <div class='ocr_carea' id='block_1_84' title="bbox 1999 2843 3590 2915">
    <p class='ocr_par' dir='ltr' id='par_1_84' title="bbox 1999 2843 3590 2915">
     <span class='ocr_line' id='line_1_84' title="bbox 1999 2843 3590 2915; baseline -0.001 -15"><span class='ocrx_word' id='word_1_689' title='bbox 1999 2845 2147 2900; x_wconf 90' lang='lat' dir='ltr'><strong>nulla</strong></span> <span class='ocrx_word' id='word_1_690' title='bbox 2175 2853 2262 2900; x_wconf 92' lang='lat' dir='ltr'><strong>est</strong></span> <span class='ocrx_word' id='word_1_691' title='bbox 2286 2863 2300 2900; x_wconf 89' lang='lat'><strong>:</strong></span> <span class='ocrx_word' id='word_1_692' title='bbox 2333 2845 2571 2904; x_wconf 89' lang='lat' dir='ltr'><strong>nominis</strong></span> <span class='ocrx_word' id='word_1_693' title='bbox 2597 2859 2832 2915; x_wconf 89' lang='lat' dir='ltr'><strong>namque</strong></span> <span class='ocrx_word' id='word_1_694' title='bbox 2858 2853 3100 2911; x_wconf 86' lang='lat' dir='ltr'><strong>tantum,</strong></span> <span class='ocrx_word' id='word_1_695' title='bbox 3130 2851 3191 2898; x_wconf 92' lang='lat' dir='ltr'><strong>ut</strong></span> <span class='ocrx_word' id='word_1_696' title='bbox 3218 2844 3328 2899; x_wconf 90' lang='lat' dir='ltr'><strong>Deo</strong></span> <span class='ocrx_word' id='word_1_697' title='bbox 3366 2843 3590 2914; x_wconf 87' lang='lat' dir='ltr'><strong>dignum</strong></span> 
     </span>
    </p>
   </div>
   <div class='ocr_carea' id='block_1_85' title="bbox 2001 2934 3596 3007">
    <p class='ocr_par' dir='ltr' id='par_1_85' title="bbox 2001 2934 3596 3007">
     <span class='ocr_line' id='line_1_85' title="bbox 2001 2934 3596 3007; baseline -0.004 -14"><span class='ocrx_word' id='word_1_698' title='bbox 2001 2945 2104 3004; x_wconf 89' lang='lat' dir='ltr'><strong>est,</strong></span> <span class='ocrx_word' id='word_1_699' title='bbox 2135 2936 2343 2992; x_wconf 86' lang='lat' dir='ltr'><strong>indulta</strong></span> <span class='ocrx_word' id='word_1_700' title='bbox 2375 2935 2618 3007; x_wconf 89' lang='lat' dir='ltr'><strong>dignatio</strong></span> <span class='ocrx_word' id='word_1_701' title='bbox 2642 2944 2746 2990; x_wconf 88' lang='lat' dir='ltr'><strong>est.</strong></span> <span class='ocrx_word' id='word_1_702' title='bbox 2786 2934 2945 2990; x_wconf 84' lang='lat' dir='ltr'><strong>Aliud</strong></span> <span class='ocrx_word' id='word_1_703' title='bbox 3000 2943 3104 3001; x_wconf 89' lang='lat' dir='ltr'><strong>est,</strong></span> <span class='ocrx_word' id='word_1_704' title='bbox 3133 2934 3219 2988; x_wconf 77' lang='lat' dir='ltr'><strong>hic</strong></span> <span class='ocrx_word' id='word_1_705' title='bbox 3242 2943 3339 3000; x_wconf 83' lang='lat' dir='ltr'><strong>est,</strong></span> <span class='ocrx_word' id='word_1_706' title='bbox 3364 2943 3418 2988; x_wconf 89' lang='lat' dir='ltr'><strong>et</strong></span> <span class='ocrx_word' id='word_1_707' title='bbox 3445 2948 3596 2987; x_wconf 77' lang='lat' dir='ltr'><strong>meus</strong></span> 
     </span>
    </p>
   </div>
   <div class='ocr_carea' id='block_1_86' title="bbox 2000 3027 3594 3096">
    <p class='ocr_par' dir='ltr' id='par_1_86' title="bbox 2000 3027 3594 3096">
     <span class='ocr_line' id='line_1_86' title="bbox 2000 3027 3594 3096; baseline -0.001 -12"><span class='ocrx_word' id='word_1_708' title='bbox 2000 3038 2097 3096; x_wconf 75' lang='lat' dir='ltr'><strong>est,</strong></span> <span class='ocrx_word' id='word_1_709' title='bbox 2130 3037 2186 3084; x_wconf 85' lang='lat' dir='ltr'><strong>et</strong></span> <span class='ocrx_word' id='word_1_710' title='bbox 2214 3029 2354 3083; x_wconf 80' lang='lat' dir='ltr'><strong>hunc</strong></span> <span class='ocrx_word' id='word_1_711' title='bbox 2375 3027 2556 3083; x_wconf 79' lang='lat' dir='ltr'><strong>audite</strong></span> <span class='ocrx_word' id='word_1_712' title='bbox 2580 3045 2599 3082; x_wconf 91' lang='lat'><em>:</em></span> <span class='ocrx_word' id='word_1_713' title='bbox 2627 3027 2682 3082; x_wconf 88' lang='lat' dir='ltr'><strong>in</strong></span> <span class='ocrx_word' id='word_1_714' title='bbox 2712 3027 2819 3084; x_wconf 84' lang='lat' dir='ltr'><strong>hoc</strong></span> <span class='ocrx_word' id='word_1_715' title='bbox 2864 3027 3069 3083; x_wconf 82' lang='lat' dir='ltr'><strong>veritas</strong></span> <span class='ocrx_word' id='word_1_716' title='bbox 3095 3033 3196 3092; x_wconf 83' lang='lat' dir='ltr'><strong>est,</strong></span> <span class='ocrx_word' id='word_1_717' title='bbox 3244 3033 3442 3082; x_wconf 77' lang='lat' dir='ltr'><strong>natura</strong></span> <span class='ocrx_word' id='word_1_718' title='bbox 3481 3029 3594 3092; x_wconf 84' lang='lat' dir='ltr'><strong>est,</strong></span> 
     </span>
    </p>
   </div>
   <div class='ocr_carea' id='block_1_87' title="bbox 2002 3122 2322 3179">
    <p class='ocr_par' dir='ltr' id='par_1_87' title="bbox 2002 3122 2322 3179">
     <span class='ocr_line' id='line_1_87' title="bbox 2002 3122 2322 3179; baseline -0.006 -1"><span class='ocrx_word' id='word_1_719' title='bbox 2002 3122 2140 3178; x_wconf 79' lang='lat' dir='ltr'><strong>ﬁdes</strong></span> <span class='ocrx_word' id='word_1_720' title='bbox 2161 3129 2265 3179; x_wconf 89' lang='lat' dir='ltr'><strong>est.</strong></span> <span class='ocrx_word' id='word_1_721' title='bbox 2301 3141 2322 3176; x_wconf 70' lang='grc' dir='ltr'><strong><em>ι</em></strong></span> 
     </span>
    </p>
   </div>
   <div class='ocr_carea' id='block_1_88' title="bbox 2079 3249 3595 3325">
    <p class='ocr_par' dir='ltr' id='par_1_88' title="bbox 2079 3249 3595 3325">
     <span class='ocr_line' id='line_1_88' title="bbox 2079 3249 3595 3325; baseline 0.002 -17"><span class='ocrx_word' id='word_1_722' title='bbox 2079 3249 2164 3308; x_wconf 74' lang='lat' dir='ltr'><strong>VI.</strong></span> <span class='ocrx_word' id='word_1_723' title='bbox 2211 3251 2345 3309; x_wconf 85' lang='lat' dir='ltr'><strong>Item</strong></span> <span class='ocrx_word' id='word_1_724' title='bbox 2393 3252 2448 3308; x_wconf 91' lang='lat' dir='ltr'><strong>in</strong></span> <span class='ocrx_word' id='word_1_725' title='bbox 2471 3255 2822 3325; x_wconf 86' lang='lat' dir='ltr'><strong>sequentibus</strong></span> <span class='ocrx_word' id='word_1_726' title='bbox 2864 3253 2919 3310; x_wconf 89' lang='lat' dir='ltr'><strong>in</strong></span> <span class='ocrx_word' id='word_1_727' title='bbox 2958 3254 3149 3311; x_wconf 90' lang='lat' dir='ltr'><strong>eodem</strong></span> <span class='ocrx_word' id='word_1_728' title='bbox 3176 3253 3316 3311; x_wconf 88' lang='lat' dir='ltr'><strong>libro</strong></span> <span class='ocrx_word' id='word_1_729' title='bbox 3344 3261 3499 3312; x_wconf 88' lang='lat' dir='ltr'><strong>sexto</strong></span> <span class='ocrx_word' id='word_1_730' title='bbox 3523 3265 3546 3296; x_wconf 71' lang='grc' dir='ltr'>ε</span> <span class='ocrx_word' id='word_1_731' title='bbox 3574 3269 3595 3311; x_wconf 89' lang='lat'><strong>:</strong></span> 
     </span>
    </p>
   </div>
   <div class='ocr_carea' id='block_1_89' title="bbox 1926 3333 3600 3418">
    <p class='ocr_par' dir='ltr' id='par_1_89' title="bbox 1926 3333 3600 3418">
     <span class='ocr_line' id='line_1_89' title="bbox 1926 3333 3600 3418; baseline 0.003 -21"><span class='ocrx_word' id='word_1_732' title='bbox 1926 3333 1975 3397; x_wconf 89' lang='lat' dir='ltr'><strong>C</strong></span> <span class='ocrx_word' id='word_1_733' title='bbox 2010 3363 2030 3397; x_wconf 72' lang='grc' dir='ltr'>ι</span> <span class='ocrx_word' id='word_1_734' title='bbox 2064 3342 2363 3411; x_wconf 90' lang='lat' dir='ltr'><strong>Omnibus,</strong></span> <span class='ocrx_word' id='word_1_735' title='bbox 2394 3346 2592 3416; x_wconf 90' lang='lat' dir='ltr'><strong>quibus</strong></span> <span class='ocrx_word' id='word_1_736' title='bbox 2617 3361 2713 3416; x_wconf 88' lang='lat' dir='ltr'><strong>per</strong></span> <span class='ocrx_word' id='word_1_737' title='bbox 2763 3344 2926 3401; x_wconf 87' lang='lat' dir='ltr'><strong>ﬁdem</strong></span> <span class='ocrx_word' id='word_1_738' title='bbox 2971 3345 3112 3401; x_wconf 91' lang='lat' dir='ltr'><strong>Deus</strong></span> <span class='ocrx_word' id='word_1_739' title='bbox 3157 3345 3321 3401; x_wconf 88' lang='lat' dir='ltr'><strong>Pater</strong></span> <span class='ocrx_word' id='word_1_740' title='bbox 3357 3354 3458 3410; x_wconf 84' lang='lat' dir='ltr'><strong>est,</strong></span> <span class='ocrx_word' id='word_1_741' title='bbox 3495 3352 3600 3418; x_wconf 72' lang='lat' dir='ltr'><strong>per</strong></span> 
     </span>
    </p>
   </div>
   <div class='ocr_carea' id='block_1_90' title="bbox 2002 3433 3593 3506">
    <p class='ocr_par' dir='ltr' id='par_1_90' title="bbox 2002 3433 3593 3506">
     <span class='ocr_line' id='line_1_90' title="bbox 2002 3433 3593 3506; baseline 0.003 -16"><span class='ocrx_word' id='word_1_742' title='bbox 2002 3450 2125 3490; x_wconf 88' lang='lat' dir='ltr'><strong>eam</strong></span> <span class='ocrx_word' id='word_1_743' title='bbox 2182 3435 2343 3491; x_wconf 87' lang='lat' dir='ltr'><strong>ﬁdem</strong></span> <span class='ocrx_word' id='word_1_744' title='bbox 2398 3436 2560 3492; x_wconf 88' lang='lat' dir='ltr'><strong>Pater</strong></span> <span class='ocrx_word' id='word_1_745' title='bbox 2615 3445 2732 3503; x_wconf 89' lang='lat' dir='ltr'><strong>est,</strong></span> <span class='ocrx_word' id='word_1_746' title='bbox 2763 3451 2871 3506; x_wconf 89' lang='lat' dir='ltr'><strong>qua</strong></span> <span class='ocrx_word' id='word_1_747' title='bbox 2930 3433 3118 3493; x_wconf 84' lang='lat' dir='ltr'><strong>Jesum</strong></span> <span class='ocrx_word' id='word_1_748' title='bbox 3170 3436 3449 3493; x_wconf 88' lang='lat' dir='ltr'><strong>Christum</strong></span> <span class='ocrx_word' id='word_1_749' title='bbox 3491 3436 3593 3494; x_wconf 83' lang='lat' dir='ltr'><strong>Dei</strong></span> 
     </span>
    </p>
   </div>
   <div class='ocr_carea' id='block_1_91' title="bbox 2003 3524 3591 3583">
    <p class='ocr_par' dir='ltr' id='par_1_91' title="bbox 2003 3524 3591 3583">
     <span class='ocr_line' id='line_1_91' title="bbox 2003 3524 3591 3583; baseline 0.002 -3"><span class='ocrx_word' id='word_1_750' title='bbox 2003 3524 2201 3580; x_wconf 88' lang='lat' dir='ltr'><strong>Filium</strong></span> <span class='ocrx_word' id='word_1_751' title='bbox 2251 3524 2593 3582; x_wconf 87' lang='lat' dir='ltr'><strong>conﬁtemur.</strong></span> <span class='ocrx_word' id='word_1_752' title='bbox 2644 3525 2905 3583; x_wconf 85' lang='lat' dir='ltr'><strong>Conﬁteri</strong></span> <span class='ocrx_word' id='word_1_753' title='bbox 2936 3534 3118 3582; x_wconf 86' lang='lat' dir='ltr'><strong>autem</strong></span> <span class='ocrx_word' id='word_1_754' title='bbox 3163 3525 3361 3583; x_wconf 86' lang='lat' dir='ltr'><strong>Filium</strong></span> <span class='ocrx_word' id='word_1_755' title='bbox 3395 3542 3591 3583; x_wconf 87' lang='lat' dir='ltr'><strong>secun-</strong></span> 
     </span>
    </p>
   </div>
   <div class='ocr_carea' id='block_1_92' title="bbox 2005 3617 3599 3690">
    <p class='ocr_par' dir='ltr' id='par_1_92' title="bbox 2005 3617 3599 3690">
     <span class='ocr_line' id='line_1_92' title="bbox 2005 3617 3599 3690; baseline 0.003 -18"><span class='ocrx_word' id='word_1_756' title='bbox 2005 3617 2133 3672; x_wconf 88' lang='lat' dir='ltr'><strong>dum</strong></span> <span class='ocrx_word' id='word_1_757' title='bbox 2178 3618 2434 3689; x_wconf 84' lang='lat' dir='ltr'><strong>generale</strong></span> <span class='ocrx_word' id='word_1_758' title='bbox 2477 3625 2790 3674; x_wconf 86' lang='lat' dir='ltr'><strong>sanctorum</strong></span> <span class='ocrx_word' id='word_1_759' title='bbox 2818 3633 3038 3684; x_wconf 89' lang='lat' dir='ltr'><strong>nomen,</strong></span> <span class='ocrx_word' id='word_1_760' title='bbox 3085 3620 3215 3690; x_wconf 88' lang='lat' dir='ltr'><strong>quid</strong></span> <span class='ocrx_word' id='word_1_761' title='bbox 3247 3620 3410 3675; x_wconf 87' lang='lat' dir='ltr'><strong>habet</strong></span> <span class='ocrx_word' id='word_1_762' title='bbox 3449 3620 3599 3687; x_wconf 89' lang='lat' dir='ltr'><strong>ﬁdei,</strong></span> 
     </span>
    </p>
   </div>
   <div class='ocr_carea' id='block_1_93' title="bbox 2006 3706 3598 3779">
    <p class='ocr_par' dir='ltr' id='par_1_93' title="bbox 2006 3706 3598 3779">
     <span class='ocr_line' id='line_1_93' title="bbox 2006 3706 3598 3779; baseline 0.005 -19"><span class='ocrx_word' id='word_1_763' title='bbox 2006 3716 2066 3760; x_wconf 89' lang='lat' dir='ltr'><strong>ut</strong></span> <span class='ocrx_word' id='word_1_764' title='bbox 2089 3706 2355 3772; x_wconf 88' lang='lat' dir='ltr'><strong>dicamus,</strong></span> <span class='ocrx_word' id='word_1_765' title='bbox 2378 3723 2520 3766; x_wconf 89' lang='lat' dir='ltr'><strong>unus</strong></span> <span class='ocrx_word' id='word_1_766' title='bbox 2539 3723 2607 3763; x_wconf 85' lang='lat' dir='ltr'><strong>ex</strong></span> <span class='ocrx_word' id='word_1_767' title='bbox 2629 3707 2757 3764; x_wconf 90' lang='lat' dir='ltr'><strong>ﬁliis</strong></span> <span class='ocrx_word' id='word_1_768' title='bbox 2780 3708 2897 3764; x_wconf 79' lang='lat' dir='ltr'><strong>est?</strong></span> <span class='ocrx_word' id='word_1_769' title='bbox 2917 3707 3026 3764; x_wconf 88' lang='lat' dir='ltr'><strong>Sed</strong></span> <span class='ocrx_word' id='word_1_770' title='bbox 3061 3709 3305 3779; x_wconf 90' lang='lat' dir='ltr'><strong>nunquid</strong></span> <span class='ocrx_word' id='word_1_771' title='bbox 3335 3717 3391 3764; x_wconf 92' lang='lat' dir='ltr'><strong>et</strong></span> <span class='ocrx_word' id='word_1_772' title='bbox 3409 3713 3598 3768; x_wconf 61' lang='lat' dir='ltr'><strong>czeteri</strong></span> 
     </span>
    </p>
   </div>
   <div class='ocr_carea' id='block_1_94' title="bbox 2007 3795 3599 3872">
    <p class='ocr_par' dir='ltr' id='par_1_94' title="bbox 2007 3795 3599 3872">
     <span class='ocr_line' id='line_1_94' title="bbox 2007 3795 3599 3872; baseline 0.004 -21"><span class='ocrx_word' id='word_1_773' title='bbox 2007 3795 2065 3851; x_wconf 91' lang='lat' dir='ltr'><strong>in</strong></span> <span class='ocrx_word' id='word_1_774' title='bbox 2094 3797 2198 3852; x_wconf 89' lang='lat' dir='ltr'><strong>hac</strong></span> <span class='ocrx_word' id='word_1_775' title='bbox 2219 3804 2485 3853; x_wconf 66' lang='lat' dir='ltr'><strong>creaturae</strong></span> <span class='ocrx_word' id='word_1_776' title='bbox 2507 3813 2618 3853; x_wconf 72' lang='lat' dir='ltr'><strong>suae</strong></span> <span class='ocrx_word' id='word_1_777' title='bbox 2647 3799 2964 3855; x_wconf 86' lang='lat' dir='ltr'><strong>inﬁrmitate</strong></span> <span class='ocrx_word' id='word_1_778' title='bbox 2978 3815 3086 3856; x_wconf 88' lang='lat' dir='ltr'><strong>non</strong></span> <span class='ocrx_word' id='word_1_779' title='bbox 3109 3799 3203 3855; x_wconf 91' lang='lat' dir='ltr'><strong>ﬁlii</strong></span> <span class='ocrx_word' id='word_1_780' title='bbox 3225 3801 3390 3857; x_wconf 84' lang='lat' dir='ltr'><strong>sunt?</strong></span> <span class='ocrx_word' id='word_1_781' title='bbox 3409 3799 3467 3856; x_wconf 87' lang='lat' dir='ltr'><strong>In</strong></span> <span class='ocrx_word' id='word_1_782' title='bbox 3489 3817 3599 3872; x_wconf 90' lang='lat' dir='ltr'><strong>quo</strong></span> 
     </span>
    </p>
   </div>
   <div class='ocr_carea' id='block_1_95' title="bbox 2006 3883 3603 3955">
    <p class='ocr_par' dir='ltr' id='par_1_95' title="bbox 2006 3883 3603 3955">
     <span class='ocr_line' id='line_1_95' title="bbox 2006 3883 3603 3955; baseline 0.005 -14"><span class='ocrx_word' id='word_1_783' title='bbox 2006 3900 2140 3955; x_wconf 87' lang='lat' dir='ltr'><strong>ergo</strong></span> <span class='ocrx_word' id='word_1_784' title='bbox 2183 3883 2380 3942; x_wconf 77' lang='lat' dir='ltr'><strong>Filium</strong></span> <span class='ocrx_word' id='word_1_785' title='bbox 2427 3886 2524 3943; x_wconf 92' lang='lat' dir='ltr'><strong>Dei</strong></span> <span class='ocrx_word' id='word_1_786' title='bbox 2586 3886 2772 3944; x_wconf 82' lang='lat' dir='ltr'><strong>.lesum</strong></span> <span class='ocrx_word' id='word_1_787' title='bbox 2823 3888 3100 3946; x_wconf 88' lang='lat' dir='ltr'><strong>Christum</strong></span> <span class='ocrx_word' id='word_1_788' title='bbox 3154 3889 3292 3948; x_wconf 88' lang='lat' dir='ltr'><strong>ﬁdes</strong></span> <span class='ocrx_word' id='word_1_789' title='bbox 3353 3891 3603 3949; x_wconf 85' lang='lat' dir='ltr'><strong>confessa</strong></span> 
     </span>
    </p>
   </div>
   <div class='ocr_carea' id='block_1_96' title="bbox 2008 3978 3604 4049">
    <p class='ocr_par' dir='ltr' id='par_1_96' title="bbox 2008 3978 3604 4049">
     <span class='ocr_line' id='line_1_96' title="bbox 2008 3978 3604 4049; baseline 0.005 -18"><span class='ocrx_word' id='word_1_790' title='bbox 2008 3978 2292 4047; x_wconf 80' lang='lat' dir='ltr'><strong>praecellit,</strong></span> <span class='ocrx_word' id='word_1_791' title='bbox 2321 3995 2446 4034; x_wconf 88' lang='lat' dir='ltr'><strong>cum</strong></span> <span class='ocrx_word' id='word_1_792' title='bbox 2475 3980 2522 4034; x_wconf 90' lang='lat' dir='ltr'><strong>ei</strong></span> <span class='ocrx_word' id='word_1_793' title='bbox 2555 3981 2853 4037; x_wconf 87' lang='lat' dir='ltr'><strong>secundum</strong></span> <span class='ocrx_word' id='word_1_794' title='bbox 2882 3980 3052 4046; x_wconf 83' lang='lat' dir='ltr'><strong>ﬁlios,</strong></span> <span class='ocrx_word' id='word_1_795' title='bbox 3095 3981 3192 4038; x_wconf 92' lang='lat' dir='ltr'><strong>ﬁlii</strong></span> <span class='ocrx_word' id='word_1_796' title='bbox 3235 3998 3344 4042; x_wconf 89' lang='lat' dir='ltr'><strong>non</strong></span> <span class='ocrx_word' id='word_1_797' title='bbox 3387 3991 3604 4049; x_wconf 86' lang='lat' dir='ltr'><strong>natura,</strong></span> 
     </span>
    </p>
   </div>
   <div class='ocr_carea' id='block_1_97' title="bbox 2012 4069 3602 4148">
    <p class='ocr_par' dir='ltr' id='par_1_97' title="bbox 2012 4069 3602 4148">
     <span class='ocr_line' id='line_1_97' title="bbox 2012 4069 3602 4148; baseline 0.004 -25"><span class='ocrx_word' id='word_1_798' title='bbox 2012 4069 2107 4124; x_wconf 91' lang='lat' dir='ltr'><strong>sed</strong></span> <span class='ocrx_word' id='word_1_799' title='bbox 2128 4085 2326 4125; x_wconf 90' lang='lat' dir='ltr'><strong>nomen</strong></span> <span class='ocrx_word' id='word_1_800' title='bbox 2367 4071 2483 4127; x_wconf 84' lang='lat' dir='ltr'><strong>sit?</strong></span> <span class='ocrx_word' id='word_1_801' title='bbox 2510 4070 2792 4129; x_wconf 86' lang='lat' dir='ltr'><strong>Christum</strong></span> <span class='ocrx_word' id='word_1_802' title='bbox 2823 4073 3051 4145; x_wconf 87' lang='lat' dir='ltr'><strong>perﬁdia</strong></span> <span class='ocrx_word' id='word_1_803' title='bbox 3079 4075 3182 4131; x_wconf 89' lang='lat' dir='ltr'><strong>ista</strong></span> <span class='ocrx_word' id='word_1_804' title='bbox 3210 4089 3318 4132; x_wconf 89' lang='lat' dir='ltr'><strong>non</strong></span> <span class='ocrx_word' id='word_1_805' title='bbox 3347 4076 3541 4148; x_wconf 88' lang='lat' dir='ltr'><strong>diligit.</strong></span> <span class='ocrx_word' id='word_1_806' title='bbox 3581 4096 3602 4130; x_wconf 72' lang='grc' dir='ltr'><strong><em>ι</em></strong></span> 
     </span>
    </p>
   </div>
   <div class='ocr_carea' id='block_1_98' title="bbox 2090 4179 3613 4262">
    <p class='ocr_par' dir='ltr' id='par_1_98' title="bbox 2090 4179 3613 4262">
     <span class='ocr_line' id='line_1_98' title="bbox 2090 4179 3613 4262; baseline 0.007 -27"><span class='ocrx_word' id='word_1_807' title='bbox 2090 4179 2195 4237; x_wconf 79' lang='lat' dir='ltr'><strong>Vll.</strong></span> <span class='ocrx_word' id='word_1_808' title='bbox 2219 4181 2355 4238; x_wconf 78' lang='lat' dir='ltr'><strong>item</strong></span> <span class='ocrx_word' id='word_1_809' title='bbox 2381 4185 2438 4240; x_wconf 89' lang='lat' dir='ltr'><strong>in</strong></span> <span class='ocrx_word' id='word_1_810' title='bbox 2463 4185 2818 4254; x_wconf 87' lang='lat' dir='ltr'><strong>sequentibus</strong></span> <span class='ocrx_word' id='word_1_811' title='bbox 2841 4187 3087 4258; x_wconf 87' lang='lat' dir='ltr'><strong>ejusdem</strong></span> <span class='ocrx_word' id='word_1_812' title='bbox 3109 4187 3237 4245; x_wconf 89' lang='lat' dir='ltr'><strong>libri</strong></span> <span class='ocrx_word' id='word_1_813' title='bbox 3259 4187 3286 4230; x_wconf 75' lang='grc' dir='ltr'><strong>ιι</strong></span> <span class='ocrx_word' id='word_1_814' title='bbox 3311 4207 3328 4244; x_wconf 90' lang='lat'>:</span> <span class='ocrx_word' id='word_1_815' title='bbox 3358 4207 3378 4241; x_wconf 71' lang='grc' dir='ltr'><strong><em>ο</em></strong></span> <span class='ocrx_word' id='word_1_816' title='bbox 3398 4190 3466 4246; x_wconf 82' lang='lat' dir='ltr'><strong>Et</strong></span> <span class='ocrx_word' id='word_1_817' title='bbox 3488 4192 3613 4262; x_wconf 78' lang='lat' dir='ltr'><strong>qui—</strong></span> 
     </span>
    </p>
   </div>
   <div class='ocr_carea' id='block_1_99' title="bbox 2015 4271 3611 4349">
    <p class='ocr_par' dir='ltr' id='par_1_99' title="bbox 2015 4271 3611 4349">
     <span class='ocr_line' id='line_1_99' title="bbox 2015 4271 3611 4349; baseline 0.006 -21"><span class='ocrx_word' id='word_1_818' title='bbox 2015 4271 2138 4328; x_wconf 89' lang='lat' dir='ltr'><strong>dem</strong></span> <span class='ocrx_word' id='word_1_819' title='bbox 2167 4274 2465 4328; x_wconf 88' lang='lat' dir='ltr'><strong>secundum</strong></span> <span class='ocrx_word' id='word_1_820' title='bbox 2494 4278 2791 4347; x_wconf 64' lang='lat' dir='ltr'><strong>propositae</strong></span> <span class='ocrx_word' id='word_1_821' title='bbox 2820 4293 2851 4331; x_wconf 88' lang='lat' dir='ltr'><strong>a</strong></span> <span class='ocrx_word' id='word_1_822' title='bbox 2880 4278 3037 4333; x_wconf 91' lang='lat' dir='ltr'><strong>nobis</strong></span> <span class='ocrx_word' id='word_1_823' title='bbox 3064 4279 3436 4349; x_wconf 84' lang='lat' dir='ltr'><strong>responsionis</strong></span> <span class='ocrx_word' id='word_1_824' title='bbox 3463 4281 3611 4336; x_wconf 84' lang='lat' dir='ltr'><strong>ordi-</strong></span> 
     </span>
    </p>
   </div>
   <div class='ocr_carea' id='block_1_100' title="bbox 2015 4366 3612 4436">
    <p class='ocr_par' dir='ltr' id='par_1_100' title="bbox 2015 4366 3612 4436">
     <span class='ocr_line' id='line_1_100' title="bbox 2015 4366 3612 4436; baseline 0.006 -18"><span class='ocrx_word' id='word_1_825' title='bbox 2015 4379 2143 4418; x_wconf 91' lang='lat' dir='ltr'><strong>nem</strong></span> <span class='ocrx_word' id='word_1_826' title='bbox 2176 4366 2672 4433; x_wconf 88' lang='lat' dir='ltr'><strong>opportunissimus</strong></span> <span class='ocrx_word' id='word_1_827' title='bbox 2702 4368 2794 4424; x_wconf 90' lang='lat' dir='ltr'><strong>hic</strong></span> <span class='ocrx_word' id='word_1_828' title='bbox 2825 4368 2986 4425; x_wconf 90' lang='lat' dir='ltr'><strong>nobis</strong></span> <span class='ocrx_word' id='word_1_829' title='bbox 3013 4368 3166 4425; x_wconf 91' lang='lat' dir='ltr'><strong>locus</strong></span> <span class='ocrx_word' id='word_1_830' title='bbox 3200 4378 3304 4436; x_wconf 90' lang='lat' dir='ltr'><strong>est,</strong></span> <span class='ocrx_word' id='word_1_831' title='bbox 3338 4380 3400 4425; x_wconf 90' lang='lat' dir='ltr'><strong>ut</strong></span> <span class='ocrx_word' id='word_1_832' title='bbox 3443 4371 3612 4428; x_wconf 89' lang='lat' dir='ltr'><strong>tertio</strong></span> 
     </span>
    </p>
   </div>
   <div class='ocr_carea' id='block_1_101' title="bbox 2017 4444 3613 4519">
    <p class='ocr_par' dir='ltr' id='par_1_101' title="bbox 2017 4444 3613 4519">
     <span class='ocr_line' id='line_1_101' title="bbox 2017 4444 3613 4519; baseline 0.005 -9"><span class='ocrx_word' id='word_1_833' title='bbox 2017 4471 2162 4510; x_wconf 90' lang='lat' dir='ltr'><strong>nunc</strong></span> <span class='ocrx_word' id='word_1_834' title='bbox 2185 4457 2478 4512; x_wconf 88' lang='lat' dir='ltr'><strong>doceamus</strong></span> <span class='ocrx_word' id='word_1_835' title='bbox 2498 4458 2695 4513; x_wconf 91' lang='lat' dir='ltr'><strong>Filium</strong></span> <span class='ocrx_word' id='word_1_836' title='bbox 2723 4459 2818 4514; x_wconf 90' lang='lat' dir='ltr'><strong>Dei</strong></span> <span class='ocrx_word' id='word_1_837' title='bbox 2852 4444 3136 4516; x_wconf 91' lang='lat' dir='ltr'><strong>Dominum</strong></span> <span class='ocrx_word' id='word_1_838' title='bbox 3159 4469 3404 4517; x_wconf 89' lang='lat' dir='ltr'><strong>nostrum</strong></span> <span class='ocrx_word' id='word_1_839' title='bbox 3424 4459 3613 4519; x_wconf 68' lang='lat' dir='ltr'><strong>Iesum</strong></span> 
     </span>
    </p>
   </div>
   <div class='ocr_carea' id='block_1_102' title="bbox 2019 4548 3614 4626">
    <p class='ocr_par' dir='ltr' id='par_1_102' title="bbox 2019 4548 3614 4626">
     <span class='ocr_line' id='line_1_102' title="bbox 2019 4548 3614 4626; baseline 0.004 -22"><span class='ocrx_word' id='word_1_840' title='bbox 2019 4548 2294 4604; x_wconf 89' lang='lat' dir='ltr'><strong>Christum</strong></span> <span class='ocrx_word' id='word_1_841' title='bbox 2325 4550 2394 4607; x_wconf 90' lang='lat' dir='ltr'><strong>ab</strong></span> <span class='ocrx_word' id='word_1_842' title='bbox 2446 4552 2707 4621; x_wconf 88' lang='lat' dir='ltr'><strong>apostolis</strong></span> <span class='ocrx_word' id='word_1_843' title='bbox 2738 4554 3035 4619; x_wconf 88' lang='lat' dir='ltr'><strong>creditum,</strong></span> <span class='ocrx_word' id='word_1_844' title='bbox 3087 4571 3192 4608; x_wconf 84' lang='lat' dir='ltr'><strong>non</strong></span> <span class='ocrx_word' id='word_1_845' title='bbox 3242 4571 3310 4609; x_wconf 79' lang='lat' dir='ltr'><strong>ea:</strong></span> <span class='ocrx_word' id='word_1_846' title='bbox 3337 4570 3614 4626; x_wconf 57' lang='lat' dir='ltr'><strong>nuncupa-</strong></span> 
     </span>
    </p>
   </div>
   <div class='ocr_carea' id='block_1_103' title="bbox 2022 4639 3616 4716">
    <p class='ocr_par' dir='ltr' id='par_1_103' title="bbox 2022 4639 3616 4716">
     <span class='ocr_line' id='line_1_103' title="bbox 2022 4639 3616 4716; baseline 0.004 -23"><span class='ocrx_word' id='word_1_847' title='bbox 2022 4639 2182 4705; x_wconf 83' lang='lat' dir='ltr'><strong>tione,</strong></span> <span class='ocrx_word' id='word_1_848' title='bbox 2214 4639 2304 4694; x_wconf 82' lang='lat' dir='ltr'><strong>sed</strong></span> <span class='ocrx_word' id='word_1_849' title='bbox 2333 4657 2397 4695; x_wconf 76' lang='lat' dir='ltr'><strong>ea:</strong></span> <span class='ocrx_word' id='word_1_850' title='bbox 2422 4652 2647 4708; x_wconf 82' lang='lat' dir='ltr'><strong>natura;</strong></span> <span class='ocrx_word' id='word_1_851' title='bbox 2671 4659 2836 4714; x_wconf 81' lang='lat' dir='ltr'><strong>neque</strong></span> <span class='ocrx_word' id='word_1_852' title='bbox 2863 4659 2928 4699; x_wconf 72' lang='lat' dir='ltr'><strong>ea:</strong></span> <span class='ocrx_word' id='word_1_853' title='bbox 2957 4644 3261 4716; x_wconf 81' lang='lat' dir='ltr'><strong>adoptione,</strong></span> <span class='ocrx_word' id='word_1_854' title='bbox 3306 4644 3400 4700; x_wconf 76' lang='lat' dir='ltr'><strong>sed</strong></span> <span class='ocrx_word' id='word_1_855' title='bbox 3425 4660 3492 4700; x_wconf 73' lang='lat' dir='ltr'><strong>ea:</strong></span> <span class='ocrx_word' id='word_1_856' title='bbox 3515 4661 3616 4700; x_wconf 69' lang='lat' dir='ltr'><strong>Ia-</strong></span> 
     </span>
    </p>
   </div>
   <div class='ocr_carea' id='block_1_104' title="bbox 2028 4731 2309 4786">
    <p class='ocr_par' dir='ltr' id='par_1_104' title="bbox 2028 4731 2309 4786">
     <span class='ocr_line' id='line_1_104' title="bbox 2028 4731 2309 4786; baseline 0.004 -2"><span class='ocrx_word' id='word_1_857' title='bbox 2028 4733 2067 4784; x_wconf 85' lang='lat' dir='ltr'><strong>ti</strong></span> <span class='ocrx_word' id='word_1_858' title='bbox 2072 4731 2249 4786; x_wconf 79' lang='lat' dir='ltr'><strong>vitate.</strong></span> <span class='ocrx_word' id='word_1_859' title='bbox 2289 4750 2309 4785; x_wconf 82' lang='grc'><strong>›</strong></span> 
     </span>
    </p>
   </div>
   <div class='ocr_carea' id='block_1_105' title="bbox 2106 4861 3618 4940">
    <p class='ocr_par' dir='ltr' id='par_1_105' title="bbox 2106 4861 3618 4940">
     <span class='ocr_line' id='line_1_105' title="bbox 2106 4861 3618 4940; baseline 0.008 -24"><span class='ocrx_word' id='word_1_860' title='bbox 2106 4861 2232 4917; x_wconf 79' lang='lat' dir='ltr'><strong>VII].</strong></span> <span class='ocrx_word' id='word_1_861' title='bbox 2256 4864 2388 4919; x_wconf 89' lang='lat' dir='ltr'><strong>ltem</strong></span> <span class='ocrx_word' id='word_1_862' title='bbox 2415 4864 2470 4919; x_wconf 90' lang='lat' dir='ltr'><strong>in</strong></span> <span class='ocrx_word' id='word_1_863' title='bbox 2495 4866 2848 4935; x_wconf 87' lang='lat' dir='ltr'><strong>sequentibus</strong></span> <span class='ocrx_word' id='word_1_864' title='bbox 2869 4877 2891 4907; x_wconf 72' lang='grc' dir='ltr'><strong>ε</strong></span> <span class='ocrx_word' id='word_1_865' title='bbox 2915 4887 2927 4920; x_wconf 88' lang='lat'><strong>-.</strong></span> <span class='ocrx_word' id='word_1_866' title='bbox 2947 4886 2966 4918; x_wconf 65' lang='grc' dir='ltr'>ρ</span> <span class='ocrx_word' id='word_1_867' title='bbox 2986 4866 3103 4923; x_wconf 86' lang='lat' dir='ltr'><strong>Non</strong></span> <span class='ocrx_word' id='word_1_868' title='bbox 3128 4875 3211 4924; x_wconf 88' lang='lat' dir='ltr'><strong>est</strong></span> <span class='ocrx_word' id='word_1_869' title='bbox 3224 4869 3534 4940; x_wconf 81' lang='lat' dir='ltr'><strong>evangelica</strong></span> <span class='ocrx_word' id='word_1_870' title='bbox 3558 4879 3618 4928; x_wconf 87' lang='lat' dir='ltr'><strong>et</strong></span> 
     </span>
    </p>
   </div>
   <div class='ocr_carea' id='block_1_106' title="bbox 2031 4956 3617 5034">
    <p class='ocr_par' dir='ltr' id='par_1_106' title="bbox 2031 4956 3617 5034">
     <span class='ocr_line' id='line_1_106' title="bbox 2031 4956 3617 5034; baseline 0.008 -26"><span class='ocrx_word' id='word_1_871' title='bbox 2031 4956 2323 5025; x_wconf 83' lang='lat' dir='ltr'><strong>apostolica</strong></span> <span class='ocrx_word' id='word_1_872' title='bbox 2347 4957 2500 5024; x_wconf 89' lang='lat' dir='ltr'><strong>ﬁdes,</strong></span> <span class='ocrx_word' id='word_1_873' title='bbox 2527 4959 2725 5015; x_wconf 81' lang='lat' dir='ltr'><strong>Filium</strong></span> <span class='ocrx_word' id='word_1_874' title='bbox 2747 4959 2844 5016; x_wconf 92' lang='lat' dir='ltr'><strong>Dei</strong></span> <span class='ocrx_word' id='word_1_875' title='bbox 2875 4961 3094 5016; x_wconf 90' lang='lat' dir='ltr'><strong>nomine</strong></span> <span class='ocrx_word' id='word_1_876' title='bbox 3117 4961 3301 5031; x_wconf 85' lang='lat' dir='ltr'><strong>potius</strong></span> <span class='ocrx_word' id='word_1_877' title='bbox 3327 4979 3491 5034; x_wconf 88' lang='lat' dir='ltr'><strong>quam</strong></span> <span class='ocrx_word' id='word_1_878' title='bbox 3519 4980 3617 5021; x_wconf 80' lang='lat' dir='ltr'><strong>na—</strong></span> 
     </span>
    </p>
   </div>
   <div class='ocr_carea' id='block_1_107' title="bbox 2031 5047 3619 5126">
    <p class='ocr_par' dir='ltr' id='par_1_107' title="bbox 2031 5047 3619 5126">
     <span class='ocr_line' id='line_1_107' title="bbox 2031 5047 3619 5126; baseline 0.008 -26"><span class='ocrx_word' id='word_1_879' title='bbox 2031 5055 2153 5101; x_wconf 91' lang='lat' dir='ltr'><strong>tura</strong></span> <span class='ocrx_word' id='word_1_880' title='bbox 2188 5048 2411 5103; x_wconf 89' lang='lat' dir='ltr'><strong>credere</strong></span> <span class='ocrx_word' id='word_1_881' title='bbox 2462 5047 2592 5122; x_wconf 69' lang='lat' dir='ltr'><strong>(AL,</strong></span> <span class='ocrx_word' id='word_1_882' title='bbox 2643 5051 2980 5124; x_wconf 83' lang='lat' dir='ltr'><strong>credidisse].</strong></span> <span class='ocrx_word' id='word_1_883' title='bbox 3036 5050 3094 5106; x_wconf 91' lang='lat' dir='ltr'><strong>Si</strong></span> <span class='ocrx_word' id='word_1_884' title='bbox 3117 5054 3262 5108; x_wconf 90' lang='lat' dir='ltr'><strong>enim</strong></span> <span class='ocrx_word' id='word_1_885' title='bbox 3311 5055 3619 5126; x_wconf 85' lang='lat' dir='ltr'><strong>adoptionis</strong></span> 
     </span>
    </p>
   </div>
   <div class='ocr_carea' id='block_1_108' title="bbox 2033 5137 3616 5226">
    <p class='ocr_par' dir='ltr' id='par_1_108' title="bbox 2033 5137 3616 5226">
     <span class='ocr_line' id='line_1_108' title="bbox 2033 5137 3616 5226; baseline 0.011 -32"><span class='ocrx_word' id='word_1_886' title='bbox 2033 5137 2149 5197; x_wconf 69' lang='lat' dir='ltr'><strong>haec</strong></span> <span class='ocrx_word' id='word_1_887' title='bbox 2176 5145 2507 5213; x_wconf 89' lang='lat' dir='ltr'><strong>nuncupatio</strong></span> <span class='ocrx_word' id='word_1_888' title='bbox 2535 5153 2646 5213; x_wconf 87' lang='lat' dir='ltr'><strong>est;</strong></span> <span class='ocrx_word' id='word_1_889' title='bbox 2695 5155 2752 5202; x_wconf 91' lang='lat' dir='ltr'><strong>et</strong></span> <span class='ocrx_word' id='word_1_890' title='bbox 2782 5163 2890 5204; x_wconf 88' lang='lat' dir='ltr'><strong>non</strong></span> <span class='ocrx_word' id='word_1_891' title='bbox 2933 5148 3135 5207; x_wconf 85' lang='lat' dir='ltr'><strong>idcirco</strong></span> <span class='ocrx_word' id='word_1_892' title='bbox 3161 5151 3329 5208; x_wconf 87' lang='lat' dir='ltr'><strong>Filius</strong></span> <span class='ocrx_word' id='word_1_893' title='bbox 3353 5162 3456 5219; x_wconf 88' lang='lat' dir='ltr'><strong>est,</strong></span> <span class='ocrx_word' id='word_1_894' title='bbox 3486 5154 3616 5226; x_wconf 88' lang='lat' dir='ltr'><strong>quia</strong></span> 
     </span>
    </p>
   </div>
   <div class='ocr_carea' id='block_1_109' title="bbox 2032 5238 3616 5316">
    <p class='ocr_par' dir='ltr' id='par_1_109' title="bbox 2032 5238 3616 5316">
     <span class='ocr_line' id='line_1_109' title="bbox 2032 5238 3616 5316; baseline 0.008 -24"><span class='ocrx_word' id='word_1_895' title='bbox 2032 5238 2232 5293; x_wconf 81' lang='lat' dir='ltr'><strong>exierit</strong></span> <span class='ocrx_word' id='word_1_896' title='bbox 2271 5254 2302 5293; x_wconf 89' lang='lat' dir='ltr'><strong>a</strong></span> <span class='ocrx_word' id='word_1_897' title='bbox 2341 5238 2476 5306; x_wconf 88' lang='lat' dir='ltr'><strong>Deo,</strong></span> <span class='ocrx_word' id='word_1_898' title='bbox 2500 5256 2684 5310; x_wconf 59' lang='lat' dir='ltr'><strong>quaero</strong></span> <span class='ocrx_word' id='word_1_899' title='bbox 2720 5244 2864 5299; x_wconf 87' lang='lat' dir='ltr'><strong>unde</strong></span> <span class='ocrx_word' id='word_1_900' title='bbox 2895 5244 3090 5301; x_wconf 89' lang='lat' dir='ltr'><strong>beatus</strong></span> <span class='ocrx_word' id='word_1_901' title='bbox 3114 5243 3333 5301; x_wconf 88' lang='lat' dir='ltr'><strong>Simeon</strong></span> <span class='ocrx_word' id='word_1_902' title='bbox 3382 5245 3616 5316; x_wconf 86' lang='lat' dir='ltr'><strong>Barjona</strong></span> 
     </span>
    </p>
   </div>
   <div class='ocr_carea' id='block_1_110' title="bbox 2032 5327 3613 5409">
    <p class='ocr_par' dir='ltr' id='par_1_110' title="bbox 2032 5327 3613 5409">
     <span class='ocr_line' id='line_1_110' title="bbox 2032 5327 3613 5409; baseline 0.006 -25"><span class='ocrx_word' id='word_1_903' title='bbox 2032 5336 2118 5384; x_wconf 90' lang='lat' dir='ltr'><strong>est</strong></span> <span class='ocrx_word' id='word_1_904' title='bbox 2139 5327 2420 5385; x_wconf 85' lang='lat' dir='ltr'><strong>confessus</strong></span> <span class='ocrx_word' id='word_1_905' title='bbox 2443 5351 2454 5384; x_wconf 87' lang='lat'>:</span> <span class='ocrx_word' id='word_1_906' title='bbox 2489 5330 2569 5386; x_wconf 83' lang='lat' dir='ltr'><strong>Tu</strong></span> <span class='ocrx_word' id='word_1_907' title='bbox 2593 5350 2643 5387; x_wconf 81' lang='lat' dir='ltr'><strong>es</strong></span> <span class='ocrx_word' id='word_1_908' title='bbox 2682 5330 2922 5390; x_wconf 76' lang='lat' dir='ltr'><strong>Christus</strong></span> <span class='ocrx_word' id='word_1_909' title='bbox 2949 5333 2997 5389; x_wconf 84' lang='lat' dir='ltr'><strong>F</strong></span> <span class='ocrx_word' id='word_1_910' title='bbox 2999 5336 3122 5391; x_wconf 79' lang='lat' dir='ltr'><strong>ilius</strong></span> <span class='ocrx_word' id='word_1_911' title='bbox 3148 5336 3246 5390; x_wconf 83' lang='lat' dir='ltr'><strong>Dei</strong></span> <span class='ocrx_word' id='word_1_912' title='bbox 3265 5339 3365 5392; x_wconf 78' lang='lat' dir='ltr'><strong>vivi</strong></span> <span class='ocrx_word' id='word_1_913' title='bbox 3395 5338 3613 5409; x_wconf 64' lang='lat' dir='ltr'><strong>(Matth.</strong></span> 
     </span>
    </p>
   </div>
   <div class='ocr_carea' id='block_1_111' title="bbox 2037 5419 3616 5498">
    <p class='ocr_par' dir='ltr' id='par_1_111' title="bbox 2037 5419 3616 5498">
     <span class='ocr_line' id='line_1_111' title="bbox 2037 5419 3616 5498; baseline 0.008 -25"><span class='ocrx_word' id='word_1_914' title='bbox 2037 5435 2150 5486; x_wconf 75' lang='lat' dir='ltr'><strong>xvr,</strong></span> <span class='ocrx_word' id='word_1_915' title='bbox 2190 5419 2299 5492; x_wconf 81' lang='grc'><strong>16).</strong></span> <span class='ocrx_word' id='word_1_916' title='bbox 2326 5421 2479 5476; x_wconf 83' lang='lat' dir='ltr'><strong>Anne</strong></span> <span class='ocrx_word' id='word_1_917' title='bbox 2517 5440 2638 5479; x_wconf 91' lang='lat' dir='ltr'><strong>cum</strong></span> <span class='ocrx_word' id='word_1_918' title='bbox 2661 5427 2912 5481; x_wconf 90' lang='lat' dir='ltr'><strong>omnibus</strong></span> <span class='ocrx_word' id='word_1_919' title='bbox 2935 5436 3176 5497; x_wconf 88' lang='lat' dir='ltr'><strong>potestas</strong></span> <span class='ocrx_word' id='word_1_920' title='bbox 3206 5429 3277 5484; x_wconf 89' lang='lat' dir='ltr'><strong>sit</strong></span> <span class='ocrx_word' id='word_1_921' title='bbox 3313 5443 3411 5498; x_wconf 89' lang='lat' dir='ltr'><strong>per</strong></span> <span class='ocrx_word' id='word_1_922' title='bbox 3433 5444 3616 5485; x_wconf 85' lang='lat' dir='ltr'><strong>sacra-</strong></span> 
     </span>
    </p>
   </div>
   <div class='ocr_carea' id='block_1_112' title="bbox 2038 5517 3614 5586">
    <p class='ocr_par' dir='ltr' id='par_1_112' title="bbox 2038 5517 3614 5586">
     <span class='ocr_line' id='line_1_112' title="bbox 2038 5517 3614 5586; baseline 0.007 -19"><span class='ocrx_word' id='word_1_923' title='bbox 2038 5521 2277 5569; x_wconf 86' lang='lat' dir='ltr'><strong>mentum</strong></span> <span class='ocrx_word' id='word_1_924' title='bbox 2305 5517 2732 5586; x_wconf 88' lang='lat' dir='ltr'><strong>regenerationis</strong></span> <span class='ocrx_word' id='word_1_925' title='bbox 2763 5517 2818 5572; x_wconf 91' lang='lat' dir='ltr'><strong>in</strong></span> <span class='ocrx_word' id='word_1_926' title='bbox 2841 5518 2980 5575; x_wconf 85' lang='lat' dir='ltr'><strong>ﬁlios</strong></span> <span class='ocrx_word' id='word_1_927' title='bbox 2999 5519 3094 5577; x_wconf 89' lang='lat' dir='ltr'><strong>Dei</strong></span> <span class='ocrx_word' id='word_1_928' title='bbox 3123 5522 3304 5576; x_wconf 86' lang='lat' dir='ltr'><strong>nasci?</strong></span> <span class='ocrx_word' id='word_1_929' title='bbox 3333 5520 3391 5577; x_wconf 90' lang='lat' dir='ltr'><strong>Si</strong></span> <span class='ocrx_word' id='word_1_930' title='bbox 3417 5536 3614 5578; x_wconf 83' lang='lat' dir='ltr'><strong>secun—</strong></span> 
     </span>
    </p>
   </div>
   <div class='ocr_carea' id='block_1_113' title="bbox 2041 5606 3614 5682">
    <p class='ocr_par' dir='ltr' id='par_1_113' title="bbox 2041 5606 3614 5682">
     <span class='ocr_line' id='line_1_113' title="bbox 2041 5606 3614 5682; baseline 0.006 -21"><span class='ocrx_word' id='word_1_931' title='bbox 2041 5606 2169 5661; x_wconf 90' lang='lat' dir='ltr'><strong>dum</strong></span> <span class='ocrx_word' id='word_1_932' title='bbox 2203 5606 2344 5662; x_wconf 85' lang='lat' dir='ltr'><strong>hanc</strong></span> <span class='ocrx_word' id='word_1_933' title='bbox 2391 5611 2850 5679; x_wconf 90' lang='lat' dir='ltr'><strong>nuncupationem</strong></span> <span class='ocrx_word' id='word_1_934' title='bbox 2887 5611 3056 5669; x_wconf 89' lang='lat' dir='ltr'><strong>Filius</strong></span> <span class='ocrx_word' id='word_1_935' title='bbox 3104 5612 3198 5668; x_wconf 90' lang='lat' dir='ltr'><strong>Del</strong></span> <span class='ocrx_word' id='word_1_936' title='bbox 3229 5611 3477 5669; x_wconf 85' lang='lat' dir='ltr'><strong>Christus</strong></span> <span class='ocrx_word' id='word_1_937' title='bbox 3510 5624 3614 5682; x_wconf 78' lang='lat' dir='ltr'><strong>est,</strong></span> 
     </span>
    </p>
   </div>
   <div class='ocr_carea' id='block_1_114' title="bbox 2043 5696 3614 5772">
    <p class='ocr_par' dir='ltr' id='par_1_114' title="bbox 2043 5696 3614 5772">
     <span class='ocr_line' id='line_1_114' title="bbox 2043 5696 3614 5772; baseline 0.007 -22"><span class='ocrx_word' id='word_1_938' title='bbox 2043 5696 2316 5768; x_wconf 89' lang='lat' dir='ltr'><strong>interrogo</strong></span> <span class='ocrx_word' id='word_1_939' title='bbox 2369 5698 2498 5768; x_wconf 90' lang='lat' dir='ltr'><strong>quid</strong></span> <span class='ocrx_word' id='word_1_940' title='bbox 2545 5698 2676 5754; x_wconf 90' lang='lat' dir='ltr'><strong>illud</strong></span> <span class='ocrx_word' id='word_1_941' title='bbox 2736 5699 2841 5767; x_wconf 92' lang='lat' dir='ltr'><strong>sit,</strong></span> <span class='ocrx_word' id='word_1_942' title='bbox 2890 5702 3034 5772; x_wconf 90' lang='lat' dir='ltr'><strong>quod</strong></span> <span class='ocrx_word' id='word_1_943' title='bbox 3083 5701 3244 5760; x_wconf 81' lang='lat' dir='ltr'><strong>Petro</strong></span> <span class='ocrx_word' id='word_1_944' title='bbox 3294 5718 3403 5760; x_wconf 83' lang='lat' dir='ltr'><strong>non</strong></span> <span class='ocrx_word' id='word_1_945' title='bbox 3453 5719 3614 5772; x_wconf 86' lang='lat' dir='ltr'><strong>caro,</strong></span> 
     </span>
    </p>
   </div>
   <div class='ocr_carea' id='block_1_115' title="bbox 2120 5825 2910 5892">
    <p class='ocr_par' dir='ltr' id='par_1_115' title="bbox 2120 5825 2910 5892">
     <span class='ocr_line' id='line_1_115' title="bbox 2120 5825 2910 5892; baseline 0.009 -14"><span class='ocrx_word' id='word_1_946' title='bbox 2120 5835 2142 5863; x_wconf 77' lang='grc' dir='ltr'><strong>ι·</strong></span> <span class='ocrx_word' id='word_1_947' title='bbox 2180 5825 2312 5880; x_wconf 78' lang='lat' dir='ltr'><strong>Ibid.</strong></span> <span class='ocrx_word' id='word_1_948' title='bbox 2344 5826 2448 5879; x_wconf 87' lang='lat' dir='ltr'><strong>col.</strong></span> <span class='ocrx_word' id='word_1_949' title='bbox 2493 5825 2610 5892; x_wconf 79' lang='grc'><strong>181,</strong></span> <span class='ocrx_word' id='word_1_950' title='bbox 2644 5844 2791 5883; x_wconf 91' lang='lat' dir='ltr'><strong>num.</strong></span> <span class='ocrx_word' id='word_1_951' title='bbox 2823 5829 2910 5885; x_wconf 76' lang='lat'><strong>50.</strong></span> 
     </span>
    </p>
   </div>
   <div class='ocr_carea' id='block_1_116' title="bbox 2114 5893 2872 5961">
    <p class='ocr_par' dir='ltr' id='par_1_116' title="bbox 2114 5893 2872 5961">
     <span class='ocr_line' id='line_1_116' title="bbox 2114 5893 2872 5961; baseline 0.004 -12"><span class='ocrx_word' id='word_1_952' title='bbox 2114 5896 2138 5934; x_wconf 77' lang='grc' dir='ltr'>ἀ</span> <span class='ocrx_word' id='word_1_953' title='bbox 2169 5895 2301 5951; x_wconf 88' lang='lat' dir='ltr'><strong>lbid.</strong></span> <span class='ocrx_word' id='word_1_954' title='bbox 2328 5897 2429 5951; x_wconf 86' lang='lat' dir='ltr'><strong>col.</strong></span> <span class='ocrx_word' id='word_1_955' title='bbox 2457 5893 2583 5961; x_wconf 66' lang='lat'><strong>185,</strong></span> <span class='ocrx_word' id='word_1_956' title='bbox 2607 5913 2754 5952; x_wconf 90' lang='lat' dir='ltr'><strong>num.</strong></span> <span class='ocrx_word' id='word_1_957' title='bbox 2785 5899 2872 5953; x_wconf 75' lang='lat'><strong>5‘2.</strong></span> 
     </span>
    </p>
   </div>
   <div class='ocr_carea' id='block_1_117' title="bbox 2122 5966 2886 6029">
    <p class='ocr_par' dir='ltr' id='par_1_117' title="bbox 2122 5966 2886 6029">
     <span class='ocr_line' id='line_1_117' title="bbox 2122 5966 2886 6029; baseline 0.007 -9"><span class='ocrx_word' id='word_1_958' title='bbox 2122 5978 2145 6006; x_wconf 74' lang='grc' dir='ltr'><strong>ε</strong></span> <span class='ocrx_word' id='word_1_959' title='bbox 2168 5966 2280 6022; x_wconf 86' lang='lat' dir='ltr'><strong>Ibid</strong></span> <span class='ocrx_word' id='word_1_960' title='bbox 2309 5967 2409 6022; x_wconf 88' lang='lat' dir='ltr'><strong>col.</strong></span> <span class='ocrx_word' id='word_1_961' title='bbox 2446 5967 2578 6029; x_wconf 81' lang='grc'><strong>186.</strong></span> <span class='ocrx_word' id='word_1_962' title='bbox 2612 5985 2762 6025; x_wconf 88' lang='lat' dir='ltr'><strong>num.</strong></span> <span class='ocrx_word' id='word_1_963' title='bbox 2795 5969 2886 6026; x_wconf 74' lang='grc'><strong>56.</strong></span> 
     </span>
    </p>
   </div>
  </div>
