4346 6636
664 421 724 475 9i
1514 420 1581 477 Β.
1618 420 1683 477 F.
1723 418 1951 477 ALBiNI
1990 418 2123 479 SEU
2162 416 2442 476 ALCUINI
2492 420 2778 479 OPERUM
2815 421 2997 479 PARS
3033 420 3120 479 iii.
3883 420 3959 482 Μ

666 550 840 605 neque
867 533 1088 608 sanguis
1130 533 1418 601 revelavit,
1458 535 1553 591 sed
1607 534 1773 592 Pater
1801 577 1817 603 ,
1847 535 1941 607 qui
1987 535 2043 591 in
2093 534 2248 591 ccelis
2274 534 2323 595 Α
2354 531 2402 605 [ο
2429 533 2667 591 Verbum
2703 537 2850 591 enim
2892 551 3127 607 sponsus
3175 542 3231 592 et
3276 551 3474 606 sponsa
3516 552 3647 594 caro
3688 538 3952 607 humana,

661 628 782 685 est?
815 647 834 683 ι

733 716 824 776 1X.
854 719 990 781 item
1009 734 1077 776 ex
1102 719 1291 776 eodem
1316 718 1529 776 libroaz
1555 738 1573 772 ι
1595 717 1857 777 Scriberis
1874 719 2065 790 utique
2086 733 2253 774 evan-

662 809 854 883 gelista
881 808 1017 882 [Al.,
1060 806 1377 882 Evangelia]
1415 810 1689 867 scribendi
1720 809 1908 867 debuit
1936 807 2135 864 aﬂ'erre
2162 822 2248 863 rae

664 900 898 965 tionem;
924 908 979 955 et
1012 898 1145 973 [Al.,
1183 899 1263 972 ut]
1290 900 1600 967 videamus,
1627 914 1790 971 quam
1822 897 2139 955 ostenderet
2171 895 2254 952 di-

664 1006 797 1047 cens
829 1007 843 1045 :
876 990 1008 1046 Haec
1058 1001 1233 1046 autem
1256 992 1455 1062 scripta
1484 1000 1626 1057 sunt,
1658 998 1718 1046 ut
1744 989 1974 1045 credatis
2001 988 2252 1061 quoniam

662 1080 819 1138 Iesus
846 1092 922 1137 est
943 1081 1183 1140 Christus
1201 1080 1249 1134 F
1250 1081 1375 1137 ilius
1396 1082 1498 1138 Dei
1510 1082 1692 1154 (Joan.
1714 1098 1808 1147 xx,
1830 1078 1946 1152 5i).
1966 1077 2253 1136 Scribendi

664 1175 827 1245 igitur
852 1174 1140 1246 Evangelia
1182 1173 1317 1247 [Αι.,
1339 1174 1644 1249 Evangelii]
1666 1190 1776 1232 non
1810 1173 1972 1231 aliam
2017 1170 2257 1243 praetulit

663 1281 907 1333 causam,
937 1281 1101 1337 quam
1129 1274 1188 1321 ut
1217 1283 1408 1322 omnes
1428 1269 1716 1324 crederent
1733 1263 1922 1322 Iesum
1947 1278 2068 1320 esse
2099 1261 2257 1321 Chri-

663 1366 809 1411 stum
861 1357 958 1413 Dei
1011 1356 1227 1411 Filium.
1278 1356 1340 1416 Si
1382 1357 1579 1414 suilicit
1605 1358 1672 1414 ad
1700 1356 1929 1416 salutem
1971 1355 2255 1412 Christum

662 1449 908 1513 credere,
944 1465 1041 1505 cur
1062 1450 1260 1521 adjecit
1289 1468 1303 1505 :
1329 1448 1533 1506 Filium
1562 1449 1701 1505 Dei?
1729 1448 1788 1507 Si
1811 1464 1943 1506 vero
1978 1448 2256 1506 Christum

664 1547 885 1602 credere
915 1561 978 1602 ea
1006 1545 1220 1601 demum
1257 1544 1390 1601 ﬁdes
1416 1553 1519 1611 est,
1548 1560 1657 1601 non
1703 1543 1985 1601 Christum
2016 1552 2256 1600 tantum-

664 1640 847 1705 modo,
894 1638 989 1693 sed
1034 1637 1311 1692 Christum
1339 1636 1538 1692 Filium
1566 1635 1664 1692 Dei
1689 1635 2006 1701 credidisse,
2037 1649 2145 1689 non
2168 1639 2256 1688 est

663 1745 863 1785 nomen
892 1727 1017 1785 Filii
1061 1728 1117 1784 in
1145 1727 1365 1785 Christo
1393 1728 1673 1799 unigenito
1705 1728 1817 1784 Deo
1845 1741 1914 1781 ex
1950 1723 2255 1796 adoptionis

663 1819 1076 1876 consuetudine.
1126 1838 1147 1873 ι

2351 632 2409 681 et
2437 633 2729 697 utrumque
2755 643 2897 683 unus
2921 626 3094 683 Filius
3115 626 3213 683 Dei
3239 636 3296 683 et
3324 628 3467 683 idem
3495 628 3667 687 Filius
3693 631 3953 700 hominis,

2350 716 2445 772 ubi
2470 717 2649 775 factus
2690 727 2775 775 est
2821 728 2986 790 caput
3008 720 3285 775 Ecclesize.
3337 719 3434 775 Ille
3482 728 3672 776 uterus
3702 721 3953 797 virginis]

2353 806 2539 867 Marias
2578 812 2853 868 thalamus
2881 813 3023 883 ejus,
3054 814 3181 870 inde
3207 815 3475 885 processit
3503 824 3760 888 tanquam
3792 835 3958 890 spon-

2353 916 2449 957 sus
2475 902 2543 957 de
2571 903 2810 959 thalamo
2844 918 2963 959 suo.
3000 924 3019 957 ι

2422 991 2559 1048 XIII.
2578 992 2635 1049 Si
2661 995 2824 1066 igitur
2840 994 3361 1052 DominusChristus
3382 996 3681 1052 secundum
3707 1011 3955 1062 carnem,

2354 1084 2495 1141 sicut
2537 1086 2761 1156 quidam
2809 1086 3055 1157 improba
3101 1087 3208 1143 ﬁde
3251 1088 3519 1158 garriunt,
3552 1089 3839 1160 adoptivus
3873 1097 3961 1147 est

2352 1177 2548 1244 Filius,
2574 1194 2923 1250 nequaquam
2954 1195 3097 1236 unus
3126 1188 3213 1235 est
3238 1180 3432 1248 Filius,
3476 1184 3602 1253 quia
3646 1182 3961 1239 nullatenus

2350 1271 2606 1343 proprius
2634 1270 2804 1326 Filius
2831 1280 2887 1327 et
2925 1272 3212 1341 adoptivus
3238 1272 3429 1340 Filius,
3458 1288 3600 1328 unus
3627 1287 3751 1328 esse
3777 1281 3961 1344 potest

2351 1366 2547 1433 Filius,
2599 1366 2726 1436 quia
2779 1382 2922 1423 unus
2970 1382 3156 1434 verus,
3210 1374 3266 1421 et
3315 1367 3455 1424 alter
3492 1383 3601 1423 non
3641 1383 3806 1423 verus
3835 1381 3962 1423 esse

2353 1459 2707 1530 dignoscitur.
2756 1460 2897 1527 Quid
2937 1460 3033 1515 Dei
3072 1460 3526 1530 omnipotentiam
3574 1458 3678 1516 sub
3712 1467 3962 1516 nostram

2351 1554 2734 1609 necessitatem
2765 1567 2934 1622 prava
2955 1553 3265 1608 temeritate
3292 1553 3669 1622 constringere
3698 1551 3963 1607 nitimur?

2353 1640 2476 1699 Non
2514 1650 2841 1697 estnostra:
2903 1641 3255 1696 mortalitatis
3324 1641 3441 1713 iege
3490 1642 3721 1712 ligatus;
3777 1641 3960 1697 omnia

2355 1732 2516 1798 enim,
2564 1748 2891 1803 quiscunque
2935 1732 3063 1798 vult,
3106 1731 3366 1787 Dominus
3401 1732 3529 1804 facit
3567 1733 3625 1788 in
3660 1732 3790 1789 coelo
3827 1743 3875 1789 et
3902 1732 3964 1789 in

2359 1832 2504 1877 terra
2540 1820 2713 1894 (Psal.
2742 1837 2897 1887 cxm,
2921 1821 2999 1894 5).
3050 1821 3107 1877 Si
3155 1830 3339 1879 autem
3384 1822 3557 1879 voluit
3603 1837 3671 1879 ex
3703 1822 3959 1895 virginali

738 1911 805 1969 Χ.
863 1912 1159 1970 Videamus
1202 1928 1422 1984 quoque
1487 1912 1648 1983 quale
1709 1910 2080 1967 testimonium
2128 1910 2259 1966 bea—
2289 1906 2334 1968 Β
2362 1920 2520 1969 utero
2566 1913 2848 1985 preprium
2884 1913 2988 1969 sibi
3029 1928 3222 1969 creare
3248 1914 3469 1982 Filium,
3515 1915 3639 1986 quis
3681 1931 3847 1993 ausus
3880 1924 3969 1972 est

664 2017 754 2062 tus
772 2004 1009 2062 Joannes
1031 2004 1295 2077 Baptista,
1319 2012 1442 2076 post
1464 2004 1787 2060 descensum
1815 2001 2054 2073 Spiritus
2082 2001 2257 2057 sancti

664 2099 720 2154 in
753 2097 932 2170 specie
975 2097 1239 2152 columba:
1266 2111 1428 2166 super
1466 2110 1611 2161 eum,
1662 2093 1889 2166 protulit
1913 2093 1983 2151 de
2018 2092 2152 2148 illo:
2189 2092 2261 2148 Et

661 2206 755 2262 ego
790 2189 901 2246 vidi
924 2200 970 2245 et
997 2188 1350 2244 testimonium
1370 2187 1610 2259 perltibai
1629 2229 1644 2255 ,
1673 2186 1800 2258 quia
1846 2184 1932 2241 hic
1979 2193 2056 2241 est
2082 2183 2260 2241 Filius

669 2281 764 2336 Dei
792 2279 975 2351 (Joan.
1006 2296 1047 2347 ι,
1080 2279 1195 2351 54).
1218 2279 1296 2336 De
1333 2293 1440 2349 quo
1484 2277 1796 2334 testimonio
1826 2276 2021 2331 beatus
2070 2273 2261 2347 Augu-

666 2375 842 2430 stinus
865 2375 921 2431 in
951 2374 1173 2430 homilia
1214 2373 1444 2443 septima
1475 2387 1640 2441 super
1681 2369 1949 2426 Joannem
1987 2369 2262 2441 evangeli-

664 2476 807 2523 stam
858 2468 933 2523 ita
980 2467 1057 2522 ait
1106 2466 1134 2507 ιι
1166 2485 1178 2520 :
1214 2483 1233 2516 i
1275 2463 1555 2520 Pcrhibuit
1600 2460 1839 2517 Joannes
1863 2460 2259 2526 testimonium,

662 2562 791 2634 quia
824 2561 977 2617 vidit.
1009 2558 1182 2627 Quale
1217 2557 1590 2614 testimonium
1638 2552 1960 2627 perhibuit?
1984 2550 2126 2618 Quia
2152 2553 2264 2623 ipse

660 2665 742 2711 est
777 2653 953 2711 Filius
980 2653 1103 2709 Dei.
1135 2650 1431 2724 Oportebat
1460 2665 1591 2721 ergo
1614 2656 1676 2702 ut
1707 2647 1794 2703 ille
1816 2646 2139 2717 baptizaret,
2170 2645 2263 2716 qui

666 2756 751 2804 est
772 2749 945 2805 Filius
968 2746 1063 2803 Dei
1092 2746 1307 2811 unicus,
1358 2758 1467 2799 non
1493 2742 1803 2813 adoptatus.
1835 2738 2091 2810 Adoptati
2136 2735 2265 2792 Filii

666 2842 905 2899 ministri
928 2847 1056 2897 sunt
1084 2838 1231 2896 unici
1273 2855 1285 2891 :
1321 2835 1525 2894 Unicus
1551 2833 1717 2890 habet
1741 2838 2104 2905 potestatem,
2135 2828 2267 2884 ado-

667 2935 806 3007 ptati
844 2932 1229 2990 ministerium.
1266 2949 1286 2983 ι

741 3028 835 3085 XI.
862 3027 998 3082 item
1042 3025 1097 3080 in
1126 3024 1317 3079 eadem
1352 3019 1575 3077 homilia
1597 3017 1779 3092 (Num.
1816 3015 1906 3087 i5)
1935 3033 1948 3070 :
1987 3033 2008 3067 ι
2041 3010 2269 3070 Messias

670 3123 959 3186 Iiebraicc,
998 3118 1190 3175 Graece
1219 3116 1505 3180 Christus,
1534 3112 1729 3169 Latine
1755 3109 1985 3167 Unctus.
2031 3107 2117 3162 Ab
2159 3120 2266 3161 un-

670 3216 853 3274 ctione
881 3212 1027 3267 enim
1047 3209 1246 3266 dicitur
1272 3203 1594 3281 [Christus],
1625 3220 1655 3258 a
1679 3203 1920 3258 chrisma
1940 3198 2129 3255 unctio
2159 3203 2262 3253 est.

2359 2007 2560 2074 dicere,
2607 2023 2733 2063 eum
2778 2023 2886 2064 non
2926 2009 3125 2079 posse?
3159 2008 3420 2063 Potestati
3464 2009 3581 2080 ejus
3621 2011 3740 2081 quis
3769 2011 3968 2065 resistit

2363 2098 2543 2171 (Rom.
2573 2113 2646 2161 nt,
2675 2099 2805 2171 i9)?
2838 2097 2950 2155 Cur
2977 2108 3192 2156 secreta
3227 2099 3523 2157 voluntatis
3567 2100 3714 2158 illius
3742 2101 3829 2157 vel
3859 2116 3965 2172 po-

2362 2190 2579 2245 testatis
2625 2190 2885 2263 indagare
2918 2190 3117 2262 aliquis
3160 2192 3358 2248 audet?
3402 2190 3499 2248 Vel
3541 2207 3713 2264 quare
3740 2192 3969 2248 credere

2364 2300 2473 2339 non
2500 2283 2761 2340 debemus
2787 2281 2908 2353 ejus
2946 2284 3259 2341 testimonio
3284 2284 3353 2341 de
3375 2282 3515 2341 Filio
3547 2300 3667 2351 suo,
3695 2300 3856 2356 quem
3883 2292 3970 2341 to-

2364 2375 2467 2429 ties
2498 2374 2555 2428 in
2579 2371 2874 2444 Evangelio
2902 2388 3061 2429 suum
3092 2373 3415 2441 nominavit,
3447 2381 3502 2428 et
3534 2390 3645 2430 non
3692 2372 3971 2430 alienum?

2364 2466 2487 2538 ipse
2527 2481 2745 2537 quoque
2782 2465 2954 2521 Filius
2996 2465 3213 2522 Patrem
3253 2482 3380 2523 eum
3415 2469 3613 2539 szrpius
3642 2467 3967 2525 nominavit.

2364 2561 2656 2617 Videamus
2696 2559 2827 2630 quid
2872 2560 2991 2630 ipse
3053 2575 3201 2617 caeco
3245 2561 3530 2632 respondit
3580 2561 3964 2633 interroganti,

2366 2652 2491 2722 quis
2514 2658 2662 2706 esset
2686 2649 2859 2706 Filius
2886 2650 3008 2718 Dei,
3036 2661 3098 2707 ut
3122 2652 3371 2709 crederet
3399 2653 3453 2708 in
3478 2666 3625 2708 eum.
3670 2651 3971 2724 Respondit

2366 2747 2552 2814 itaque
2578 2762 2592 2799 :
2619 2743 2689 2799 Et
2717 2743 2892 2798 vidisti
2921 2760 3064 2811 eum,
3090 2753 3137 2799 et
3167 2745 3260 2816 qui
3298 2745 3534 2817 loquitur
3558 2755 3725 2799 tecum
3757 2746 3867 2815 ipse
3894 2755 3973 2800 est

2369 2836 2555 2910 (Joan.
2588 2851 2672 2899 ix,
2699 2836 2813 2907 57).
2862 2834 3112 2891 Nondum
3152 2836 3298 2893 enim
3327 2851 3506 2893 caecus
3534 2836 3624 2893 ille
3654 2835 3974 2906 spiritallter

2367 2928 2635 2985 intellexit
2654 2926 2850 2981 Filium
2880 2926 3009 2993 Dei;
3042 2934 3225 2983 tamen
3263 2928 3476 2984 audivit
3510 2928 3580 2982 ab
3606 2941 3711 2982 eo:
3737 2925 3809 2981 Et
3836 2927 3977 2983 vidi-

2368 3020 2435 3074 sti
2458 3034 2601 3074 eum.
2646 3017 2841 3085 Quem,
2890 3018 2998 3074 nisi
3029 3017 3226 3074 Filium
3252 3018 3394 3074 Dei?
3424 3018 3491 3073 Et
3514 3018 3604 3090 qui
3634 3017 3868 3090 loquitur
3894 3026 3975 3073 te—

2369 3126 2509 3178 cum,
2537 3109 2649 3181 ipse
2674 3117 2769 3164 est.
2821 3107 2972 3176 Quis,
3024 3108 3136 3165 nisi
3178 3107 3351 3166 Filius
3392 3108 3527 3164 Dei?
3569 3107 3664 3163 Ille
3700 3109 3973 3165 unitatem
4058 3116 4062 3119 ‘

2369 3219 2618 3277 persona
2662 3205 3024 3262 humanitatis
3071 3214 3126 3261 et
3171 3204 3474 3261 divinitatis
3526 3202 3875 3268 monstravit,
3910 3212 3977 3260 ut

669 3306 861 3364 Graece
886 3317 1017 3373 ergo
1029 3299 1282 3355 Christus
1301 3296 1530 3353 Unctus.
1554 3293 1649 3350 ille
1672 3291 2022 3364 singulariter
2043 3296 2262 3353 unctus,
2289 3296 2340 3361 ο
2368 3297 2683 3353 crederetur
2722 3296 2814 3353 ille
2843 3298 3028 3363 homo,
3057 3298 3152 3368 qui
3178 3297 3330 3352 visus
3359 3304 3463 3363 est,
3494 3311 3621 3352 vere
3646 3311 3768 3352 esse
3792 3294 3968 3353 Filius

671 3399 941 3472 praecipue
969 3400 1184 3457 unctus,
1233 3388 1378 3446 unde
1411 3388 1576 3462 763
1605 3401 1796 3444 omnes
1839 3384 2138 3442 Christiani
2161 3398 2264 3437 un-

675 3500 892 3565 gentur,
944 3489 1034 3544 ille
1071 3485 1363 3559 praecipue.
1419 3480 1700 3552 Quomodo
1746 3478 1801 3534 in
1825 3477 2044 3535 Psaimo
2090 3477 2263 3543 dicit,

678 3588 845 3645 audi:
894 3581 1185 3656 Propterea
1221 3580 1373 3634 unxit
1416 3585 1467 3631 te
1492 3574 1660 3643 Deus,
1679 3573 1823 3629 Deus
1849 3581 1993 3638 tuus,
2034 3570 2147 3627 oleo
2176 3586 2266 3626 ea:-

676 3681 978 3740 sultationis
1008 3694 1120 3750 prae
1149 3671 1495 3747 participibus
1514 3670 1619 3725 tuis
1646 3667 1820 3741 (Psal.
1848 3683 2001 3735 xmv,
2025 3667 2103 3741 8).
2129 3666 2267 3723 Par-

680 3775 876 3847 ticipcs
900 3771 1046 3830 enim
1087 3767 1208 3841 ejus
1248 3780 1438 3822 omnes
1460 3762 1660 3830 sancti,
1685 3763 1780 3819 sed
1810 3761 1901 3817 ille
1921 3760 2271 3833 singulariter

679 3867 917 3925 Sanctus
943 3863 1293 3926 Sanctorum,
1332 3856 1687 3929 singulariter
1718 3861 1949 3920 unctus,
1981 3852 2271 3927 singulari-

679 3969 767 4016 ter
790 3957 1060 4015 Christus.
1094 3973 1115 4007 ι

752 4044 867 4105 XII.
893 4046 1033 4115 Quid
1061 4058 1200 4116 opus
1226 4049 1309 4100 est
1332 4038 1732 4114 professionem
1758 4038 2121 4094 Nathanaeiis
2143 4052 2272 4109 pro-

680 4140 934 4197 testantis
962 4136 1147 4192 verbis
1175 4147 1509 4206 exaggerare
1539 4150 1554 4186 :
1585 4129 1757 4185 Rabbi
1785 4137 1843 4184 tu
1870 4147 1924 4185 es
1950 4127 2129 4185 Filius
2150 4127 2270 4193 Dei,

679 4242 739 4287 tu
767 4246 820 4286 es
851 4246 944 4285 rex
969 4226 1141 4282 Israel
1171 4226 1355 4297 (Joan.
1401 4242 1452 4291 ι,
1492 4222 1613 4295 49);
1653 4223 1719 4279 de
1754 4238 1862 4292 quo
1891 4223 2109 4279 Veritas
2154 4222 2273 4292 ipsa

679 4332 793 4378 tam
823 4320 1092 4376 laudabile
1113 4317 1341 4390 protulit
1363 4315 1731 4371 testimonium
1752 4316 1939 4372 dicens
1964 4333 1977 4369 :
2004 4314 2140 4370 Ecce
2161 4332 2275 4371 vere

681 4411 953 4477 Israelita,
974 4410 1030 4465 in
1050 4425 1153 4480 quo
1175 4407 1328 4462 dolus
1352 4423 1457 4461 non
1477 4415 1555 4461 est
1580 4404 1743 4478 (Ibid.
1768 4404 1901 4474 4'7)?
1951 4423 1970 4457 ι
2006 4403 2143 4460 Nam
2172 4404 2276 4461 iste

590 4494 595 4501 ’
682 4502 1007 4568 Nathanael,
1025 4503 1166 4555 sicut
1179 4498 1513 4569 Augustinus
1523 4498 1651 4553 dicit
1669 4500 1840 4570 (num.
1856 4496 1969 4569 20),
1983 4496 2143 4552 talem
2156 4510 2276 4565 pro-

686 4595 809 4651 tulit
834 4608 1022 4649 vocem
1048 4590 1157 4646 :Tu
1180 4607 1233 4645 es
1246 4589 1419 4644 Filius
1440 4588 1558 4656 Dei,
1580 4598 1637 4643 tu
1659 4604 1712 4643 es
1737 4605 1828 4642 rex
1845 4586 2034 4653 Israel,
2057 4587 2273 4659 qualem

2370 3389 2486 3445 Dei.
2536 3387 2633 3463 liis
2673 3388 3001 3444 testimoniis
3044 3388 3294 3445 veritatis
3341 3391 3651 3456 roboratus,
3704 3405 3737 3446 o
3782 3392 3969 3455 homo,

2366 3479 2478 3536 noli
2519 3478 2771 3551 judicare
2804 3480 3045 3551 judicem
3086 3489 3263 3549 tuum,
3297 3482 3394 3537 sed
3420 3483 3588 3538 adora
3616 3483 3790 3539 Deum
3819 3493 3974 3539 tuum

2370 3580 2688 3644 regnantem
2712 3571 2767 3626 in
2794 3571 2970 3636 oculis,
2994 3587 3157 3642 quem
3183 3570 3371 3645 Magus
3393 3574 3642 3630 adoravit
3663 3575 3974 3647 vagientem

2372 3664 2523 3738 μὴ..
2547 3665 2906 3738 vagitantem]
2938 3665 2993 3720 in
3016 3666 3339 3723 cunabulis:
3369 3669 3578 3725 honora
3605 3670 3886 3727 sedentem
3913 3670 3972 3728 in

2371 3759 2570 3813 throno
2610 3756 2937 3827 majestatis,
3000 3773 3163 3827 quem
3209 3769 3387 3816 mater
3434 3772 3624 3817 natum
3680 3764 3865 3834 posuit
3915 3764 3974 3820 in

2370 3850 2638 3922 praesepio
2664 3850 3071 3920 hospitalitatis,
3102 3859 3158 3907 et
3187 3853 3299 3909 noli
3330 3852 3510 3910 facere
3538 3854 3793 3924 injuriam
3817 3871 3975 3915 crea-

2374 3942 2478 3997 tori
2506 3951 2621 4008 tuo,
2652 3941 2794 3998 sicut
2820 3951 3041 3999 sanctus
3062 3944 3399 4015 Augustinus
3428 3946 3560 4003 dicit
3583 3948 3636 4004 in
3664 3949 3886 4007 homilia
3914 3952 3973 4007 in

2374 4032 2550 4088 Natali
2598 4032 2906 4089 Dominid:
2965 4052 2985 4085 ‹
3041 4033 3222 4102 Quare
3266 4036 3429 4092 modo
3473 4046 3701 4109 putatur
3747 4040 3970 4111 injuria,

2376 4125 2593 4196 quando
2621 4124 2786 4192 Deus,
2831 4127 2975 4195 quod
3015 4127 3132 4198 ipse
3161 4125 3308 4193 fecit,
3339 4128 3478 4184 mire
3508 4128 3563 4184 in
3591 4146 3650 4186 se
3676 4131 3974 4189 clementer

2372 4217 2610 4287 excepit,
2650 4224 2705 4272 et
2742 4217 2796 4272 in
2838 4218 3057 4274 homine
3099 4232 3160 4274 se
3187 4234 3318 4275 vere
3343 4219 3517 4277 videri
3556 4221 3745 4293 voluit,
3778 4224 3834 4280 in
3862 4240 3973 4297 quo

2375 4317 2502 4364 ante
2538 4308 2857 4380 imaginarie
2903 4307 3075 4365 voluit
3108 4324 3168 4365 se
3209 4310 3403 4377 videri,
3442 4311 3701 4383 deditque
3743 4323 3805 4370 ut
3842 4330 3976 4387 pro-

2374 4402 2576 4474 prietas
2625 4411 2770 4458 esset
2817 4402 2951 4474 ipse,
2996 4403 3085 4473 qui
3134 4411 3281 4471 ante,
3336 4411 3397 4459 ut
3447 4405 3746 4465 similitudo
3792 4416 3960 4476 esset,

2377 4496 2667 4568 acciperet.
2707 4514 2725 4548 s

2449 4590 2823 4662 ingrediamur
2864 4604 3081 4660 quoque
3123 4590 3351 4645 aliorum
3397 4600 3709 4648 sanctorum
3742 4592 3971 4649 Patrum

684 4692 838 4741 tanto
862 4691 987 4754 post
1009 4682 1222 4747 Petrus,
1251 4681 1469 4750 quando
1498 4679 1549 4735 ei
1572 4680 1831 4735 Dominus
1859 4679 1933 4732 ait
1958 4696 1971 4733 :
2002 4678 2192 4734 Beatus
2220 4696 2273 4733 es
2301 4668 2353 4729 D
2378 4683 2709 4740 aromaticas
2740 4682 2925 4747 cellas,
2954 4688 3009 4735 et
3035 4696 3295 4736 eruamus
3333 4682 3458 4736 inde
3484 4681 3688 4751 aliquid
3726 4683 3795 4738 ad
3825 4684 3972 4739 salu-

685 4777 875 4833 .Simou
903 4774 1166 4845 Barjona,
1206 4773 1332 4843 quia
1364 4789 1471 4827 non
1509 4772 1605 4825 tibi
1638 4770 1876 4826 reuelauit
1905 4787 2030 4825 caro
2058 4779 2108 4824 et
2145 4787 2274 4825 san-

681 4869 828 4937 guis,
847 4866 937 4923 sed
960 4864 1123 4920 Pater
1141 4881 1307 4930 meus,
1330 4865 1420 4935 qui
1445 4872 1521 4918 est
1546 4865 1603 4917 in
1629 4862 1756 4918 caelo
1778 4861 1992 4933 (Matth.
2020 4878 2129 4926 xvi,
2150 4862 2271 4934 i7);

687 4969 747 5015 et
771 4959 844 5015 ibi
888 4957 1189 5013 nominavit
1230 4962 1467 5026 petram,
1510 4962 1567 5010 et
1594 4952 1833 5008 laudavit
1871 4952 2276 5009 ﬁrmamentum

689 5050 968 5107 Ecclesiae.
994 5049 1052 5104 in
1080 5049 1181 5105 ista
1209 5048 1314 5103 [ide
1342 5048 1433 5104 hic
1449 5046 1561 5118 jam
1591 5045 1759 5100 dicit:
1786 5042 1863 5098 Tu
1885 5061 1938 5098 es
1961 5043 2133 5099 Filius
2155 5044 2271 5110 Dei,

692 5154 750 5198 tu
782 5160 834 5197 es
876 5158 967 5196 rea:
1006 5140 1194 5195 Israel.
1231 5160 1251 5192 ι
1286 5139 1417 5195 item
1455 5140 1509 5193 in
1545 5143 1738 5194 octava
1774 5136 1993 5191 homilia
2031 5136 2275 5207 ejusdem

692 5235 876 5308 operis
917 5234 1059 5290 idem
1106 5232 1363 5303 praefatus
1390 5233 1553 5287 Pater
1590 5230 1657 5284 de
1686 5230 1894 5283 unitate
1919 5228 2039 5283 Filii
2070 5229 2161 5283 Dei
2202 5229 2277 5283 ita

694 5326 830 5382 dicit
859 5325 1029 5398 (num.
1054 5322 1110 5393 4)
1140 5342 1153 5378 :
1203 5342 1222 5374 ‹
1253 5324 1512 5379 Dominus
1556 5329 1736 5376 autem
1785 5336 2010 5375 securus
2039 5322 2280 5377 moriens

698 5418 848 5473 dedit
884 5417 1202 5486 sanguinem
1232 5430 1387 5469 suum
1422 5428 1519 5484 pro
1549 5427 1633 5478 ea,
1667 5426 1828 5480 quam
1862 5426 2152 5484 resurgens
2179 5413 2281 5467 ha—

698 5512 875 5577 beret,
903 5526 1063 5582 quam
1094 5510 1195 5565 sibi
1235 5510 1347 5581 jam
1376 5507 1729 5578 conjunxerat
1762 5506 1817 5560 in
1842 5514 1998 5561 utero
2024 5506 2277 5580 Virginis.

774 5675 804 5705 ι
833 5658 893 5718 S.
925 5660 1095 5716 Hilar.
1128 5659 1230 5713 loc.
1262 5658 1380 5721 cit.,
1406 5656 1510 5713 col.
1542 5655 1667 5721 i90,
1698 5672 1844 5711 num.
1874 5655 1963 5709 41.

776 5733 805 5775 ι)
842 5732 899 5790 S.
934 5732 1069 5800 Aug.
1104 5730 1155 5785 in
1194 5728 1349 5787 Jonn.
1383 5736 1539 5783 tract.
1570 5744 1665 5794 vit,
1698 5744 1848 5782 num.
1878 5726 1931 5782 4.
1962 5727 2283 5800 Patrologim

707 5815 858 5863 tumo
888 5796 1103 5867 XXXV,
1128 5802 1231 5858 col.
1258 5800 1412 5856 1459.

617 5872 622 5877 ’
784 5888 804 5917 τ
840 5875 1103 5935 Restitnta
1135 5889 1197 5929 ex
1221 5871 1377 5929 editis
1398 5887 1517 5946 quae
1542 5870 1738 5929 omissa
1770 5879 1897 5929 sunt
1929 5870 1982 5927 in
2006 5885 2105 5928 ms.

2377 4783 2489 4830 tem
2516 4773 2808 4847 legentium
2839 4781 2894 4826 et
2922 4771 3347 4841 supplementum
3379 4774 3559 4842 cperis
3596 4774 3788 4829 nostri.

2449 4865 2587 4921 XIV.
2612 4866 2907 4921 Videamus
2933 4863 3063 4934 quid
3089 4862 3282 4918 beatus
3316 4861 3550 4935 Cyrillus
3570 4863 3971 4922 Alexandrinus

2379 4960 2690 5030 episcopus,
2740 4956 2896 5025 cujus
2944 4954 3269 5010 documenta
3322 4964 3511 5010 contra
3557 4954 3865 5011 Nestorium
3914 4958 3969 5011 in

2382 5057 2535 5105 sexta
2582 5045 2791 5118 synodo
2834 5044 3071 5101 maxime
3116 5044 3452 5109 claruerunt,
3490 5046 3557 5100 de
3599 5046 3701 5101 hac
3744 5047 3969 5116 inquisi-

2382 5142 2528 5195 tione
2580 5136 2834 5194 senserit.
2890 5135 3034 5191 Dicit
3085 5135 3230 5193 enim
3286 5135 3342 5189 in
3392 5135 3654 5205 Epistula,
3701 5153 3864 5208 quam
3914 5139 3969 5194 in

2385 5244 2673 5288 commune
2701 5227 3089 5285 ecclesiasticis
3119 5227 3338 5297 scripsit
3365 5228 3665 5293 ordinibus,
3696 5230 3840 5285 inter
3865 5231 3971 5287 alia

2383 5324 2464 5379 sic
2487 5333 2511 5362 ο
2541 5340 2553 5375 :
2586 5339 2604 5372 ι
2639 5318 2865 5384 Quando
2891 5320 3049 5385 enim,
3094 5319 3291 5389 inquit,
3340 5321 3625 5375 introducit
3648 5322 3972 5393 primogeni-

2385 5426 2495 5470 tum
2525 5416 2580 5467 in
2608 5413 2781 5467 orbem
2810 5422 3070 5466 terrarum
3099 5412 3227 5465 dicit
3251 5427 3268 5464 :
3306 5411 3375 5466 Et
3404 5412 3623 5468 adorent
3648 5431 3764 5468 cum
3793 5432 3972 5472 omnes

2386 5503 2559 5575 angeli
2584 5503 2682 5558 Dei
2710 5501 2901 5573 (Hebr.
2928 5518 2968 5565 ι,
3001 5502 3078 5573 6).
3114 5501 3219 5558 Sed
3249 5520 3348 5559 nos
3378 5504 3617 5574 quidem,
3651 5506 3755 5561 etsi
3783 5515 3973 5563 sancto

2461 5658 2487 5697 ἀ
2522 5657 2675 5713 Hunc
2705 5664 2909 5713 textum
2959 5656 3013 5711 in
3058 5657 3399 5713 sermonibus
3435 5660 3500 5714 de
3531 5656 3705 5712 Natali
3734 5656 3973 5721 Domini.

2390 5730 2484 5804 qui
2512 5728 2568 5804 S_.
2593 5729 2892 5804 Ahugustino
2915 5728 3284 5804 ascribuntur,
3319 5746 3425 5785 non
3454 5729 3771 5804 reperimus.

2469 5812 2491 5838 ε
2523 5800 2578 5856 S.
2603 5796 2838 5870 Cyiillus
2866 5798 3021 5855 Alex.
3068 5799 3225 5870 epist.
3252 5800 3305 5865 ‘l,
3338 5808 3469 5858 tom.
3497 5796 3539 5855 ν
3573 5797 3809 5870 Opernm
3841 5796 3971 5856 edit.

2393 5872 2567 5929 Daris.
2603 5859 2761 5943 i658,
2791 5880 2934 5944 part.
2966 5886 3026 5939 ιι,
3056 5859 3178 5945 pag.
3210 5870 3294 5927 ω.
