4346 6688
231 581 304 636 95
1089 576 1509 635 DOGMATICA.
1550 607 1619 618 -—
1657 575 1786 632 LIB.
1823 577 1985 635 ADV.
2027 575 2353 637 IUERESIN
2392 576 2677 635 FELICIS.
3456 573 3525 633 95

231 699 384 756 uncti
431 712 619 754 sumus
678 694 887 768 Spiritu
906 736 920 763 ,
970 696 1276 766 adoptionis
1322 694 1540 765 quidem
1593 694 1830 749 ditamur
1855 693 1906 753 Α
1933 693 2133 760 solum,
2167 694 2266 750 sed
2296 694 2462 751 totius
2488 693 2748 759 hominis,
2776 690 2971 747 animre
2998 699 3053 747 et
3082 690 3346 763 corporis.
3368 704 3526 746 vera-

230 792 431 863 gratia,
478 804 846 860 vocamurque
893 787 1058 844 etiam
1084 788 1179 843 Dei
1228 785 1306 860 [id
1327 796 1424 851 est,
1454 784 1581 858 Dii],
1630 793 1831 842 nostra:

230 899 367 939 vero
430 891 637 937 naturae
706 896 1018 937 mensuram
1071 897 1180 938 non
1233 880 1577 951 ignoremus;
1642 896 1832 937 sumus

233 973 401 1047 764,
426 974 570 1028 enim
612 974 665 1028 in
704 982 851 1029 terra
893 984 948 1028 et
974 975 1282 1033 habitamus
1334 975 1476 1030 inter
1513 991 1731 1040 servos;
1779 982 1835 1029 at

235 1066 329 1121 ille
358 1073 441 1120 est
468 1082 576 1119 non
613 1066 667 1119 in
697 1066 896 1134 quibus
926 1081 1045 1132 nos,
1076 1066 1173 1120 sed
1202 1072 1393 1119 natura
1433 1073 1489 1120 et
1515 1080 1641 1120 vere
1664 1065 1834 1120 Filius

233 1169 292 1215 et
319 1161 564 1215 omnium
594 1160 875 1215 Dominus.
914 1179 933 1212 ι

309 1252 427 1311 XV.
468 1254 613 1309 Idem
652 1254 705 1307 in
735 1254 925 1307 eadem
951 1260 1076 1322 post
1101 1267 1275 1321 pauca
1306 1268 1319 1304 :
1358 1269 1374 1301 ε
1411 1250 1675 1318 Quocirca
1709 1250 1832 1320 qui-

234 1350 363 1407 dem
411 1363 481 1403 ex
527 1348 741 1403 duabus
788 1348 954 1401 rebus
1002 1344 1401 1410 indubitanter,
1451 1345 1734 1399 divinitate
1781 1351 1837 1399 et

236 1439 577 1496 humanitate
596 1436 919 1492 Emmanuel
933 1444 1038 1490 est.
1064 1436 1450 1491 Verumtamen
1480 1450 1620 1488 unus
1644 1433 1833 1489 Domi-

236 1549 345 1590 nus
367 1531 528 1589 Jesus
551 1530 823 1595 Christus,
855 1542 1105 1599 unusque
1139 1536 1193 1581 et
1219 1542 1345 1581 vere
1367 1525 1555 1588 Filius,
1580 1526 1727 1582 Deus
1760 1525 1837 1579 si-

237 1624 354 1681 mul
384 1633 439 1679 et
460 1623 656 1687 homo;
688 1630 742 1677 et
771 1636 881 1675 non
908 1620 1070 1675 homo
1099 1620 1242 1675 Deus
1273 1617 1447 1673 factus
1486 1619 1588 1673 sub
1614 1616 1837 1689 mquaii-

238 1727 355 1773 tate
379 1718 598 1781 horum,
628 1715 719 1785 qui
745 1729 845 1785 per
868 1713 1135 1785 gratiam;
1168 1712 1261 1767 sed
1290 1711 1434 1767 Deus
1461 1713 1640 1783 potius
1674 1725 1836 1765 verus

240 1810 295 1864 in
326 1810 563 1863 humana
602 1805 776 1861 forma
813 1820 1081 1875 apparens
1124 1812 1346 1873 propter
1383 1818 1500 1857 nos.
1551 1800 1654 1855 Dat
1682 1801 1837 1856 nobis

238 1909 425 1955 autem
470 1897 632 1955 ﬁdem
676 1898 743 1953 ad
786 1897 891 1952 hoc
931 1904 986 1951 et
1030 1894 1323 1964 Deiloquus
1368 1892 1569 1948 Paulus
1614 1892 1834 1947 dicens:

238 1991 377 2047 Cum
409 2000 584 2045 autem
625 1991 845 2044 venisset
878 1986 1153 2059 plenitudo
1194 1987 1463 2056 temporis,
1508 1985 1651 2038 misit
1693 1984 1837 2039 Deus

237 2079 445 2136 Filium
476 2097 628 2136 suum
669 2054 965 2149 factum‘ea:
989 2076 1228 2142 muliere,
1261 2054 1461 2147 factum
1488 2075 1583 2129 sub
1609 2074 1738 2145 lege,
1778 2083 1834 2128 ut
1868 2054 1915 2114 Β

236 2193 331 2230 ros
351 2175 442 2246 qui
462 2173 559 2229 sub
584 2173 695 2245 lege
720 2182 892 2239 erant,
922 2172 1218 2237 redimeret,
1248 2181 1304 2225 ut
1333 2170 1664 2241 adoptionem
1694 2167 1837 2238 ﬁlio-

240 2284 360 2322 rum
391 2266 488 2320 Dei
521 2267 867 2338 reciperemus
892 2284 911 2319 ι
940 2262 1085 2336 (Gal.
1113 2280 1187 2329 ιν,
1217 2267 1268 2327 4,
1300 2263 1376 2331 5).

315 2357 456 2414 XVI.
486 2358 552 2413 Et
580 2374 688 2413 non
707 2358 876 2413 multo
902 2365 1025 2428 post
1057 2357 1110 2412 in
1146 2356 1333 2413 eadem
1362 2353 1589 2427 epistola
1616 2371 1627 2406 :
1655 2372 1672 2404 ι
1696 2353 1842 2421 Quo-

238 2450 409 2507 modo
447 2465 582 2521 ergo
608 2450 866 2521 proprius
895 2448 988 2505 Dei
1016 2448 1185 2504 Filius
1219 2448 1532 2503 nominatus
1576 2454 1661 2501 est
1686 2443 1843 2500 Chri-

239 2558 385 2608 stus,
424 2544 515 2614 qui
555 2544 723 2598 etiam
766 2543 998 2597 traditus
1039 2549 1123 2596 est
1167 2558 1197 2597 a
1227 2540 1340 2595 Deo
1385 2549 1438 2593 et
1467 2540 1626 2594 Patre
1673 2552 1841 2593 causa

238 2637 490 2692 omnium
526 2635 721 2691 salutis
760 2642 816 2690 et
850 2635 1007 2689 vitm?
1046 2634 1299 2689 Traditus
1331 2642 1413 2688 est
1447 2633 1592 2687 enim
1618 2640 1844 2704 propter

237 2737 468 2801 peccata
499 2737 707 2793 nostra,
734 2736 789 2783 et
832 2728 948 2798 ipse
977 2728 1292 2798 iniquitates
1336 2728 1629 2783 multorum
1661 2734 1844 2796 porta-

240 2820 326 2874 vit
371 2818 427 2874 in
473 2834 700 2889 corpore
746 2834 846 2875 suo
894 2819 950 2874 in
999 2819 1168 2889 ligno,
1219 2819 1514 2873 secundum
1558 2819 1843 2891 Propheta:

240 2929 458 2969 vocem.
499 2912 687 2968 Palam
724 2928 855 2984 ergo
889 2921 995 2978 est,
1030 2913 1157 2983 quia
1183 2912 1412 2981 unitatis
1445 2928 1533 2969 res
1564 2921 1843 2982 assumpta

242 3008 556 3063 necessarie
601 3006 881 3078 proprium
910 3005 1109 3061 Filium
1159 3005 1455 3060 declaravit
1481 3005 1596 3070 Dei,
1639 3006 1730 3075 qui
1776 3021 1843 3060 ex

241 3106 433 3154 sancta
460 3096 685 3170 Virgine
727 3104 830 3153 est.
891 3095 1103 3167 Corpus
1141 3097 1289 3151 enim
1334 3102 1419 3151 est
1467 3113 1574 3151 non
1618 3095 1843 3149 alterius

243 3190 550 3264 cuiuspiam
593 3191 889 3250 secundum
936 3207 1057 3257 nos,
1107 3191 1200 3246 sed
1244 3190 1419 3260 magis
1446 3189 1727 3260 proprium
1775 3202 1843 3243 ex

244 3284 411 3340 Patre
438 3284 725 3340 existentis
749 3283 948 3348 Verbi,
978 3292 1166 3338 natum
1208 3298 1274 3337 ex
1303 3297 1388 3337 ea.
1427 3299 1447 3334 ι

323 3380 481 3437 XVII.
532 3379 999 3436 Considerandum
1030 3393 1245 3448 quoque
1288 3385 1394 3443 est,
1427 3376 1572 3448 quod
1619 3383 1842 3433 sanctus

240 3471 581 3531 Athanasius
618 3472 674 3527 in
711 3470 941 3540 epistola
977 3469 1043 3524 ad
1075 3469 1375 3539 Epictetum
1406 3468 1472 3523 de
1500 3466 1625 3522 ﬁdei
1656 3467 1844 3524 catho-

241 3567 369 3623 licae
409 3565 670 3621 ﬁrmitate
711 3563 913 3619 dixerit
942 3574 1006 3616 ιε
1047 3582 1064 3613 ι
1100 3562 1384 3630 Quomodo
1409 3569 1614 3626 autem,
1645 3562 1841 3634 inquit,

241 3668 307 3714 et
351 3657 629 3729 ambigere
680 3655 915 3721 audent,
966 3654 1058 3725 qui
1108 3654 1367 3710 dicuntur
1415 3651 1747 3719 Christiani,
1798 3653 1844 3707 si

248 3750 406 3824 (Pro,
438 3749 553 3823 an],
584 3748 679 3821 qui
720 3764 787 3804 ex
815 3748 984 3803 Maria
1014 3746 1280 3819 processit
1312 3745 1474 3812 Deus,
1506 3744 1677 3800 Filius
1725 3745 1846 3814 qui-

246 3845 373 3899 dem
405 3841 708 3898 substantia
737 3847 794 3897 et
820 3846 1015 3896 natura
1040 3839 1133 3895 Dei
1158 3848 1267 3904 est;
1302 3837 1599 3893 secundum
1624 3852 1846 3894 carnem

248 3941 437 3990 autem
462 3949 530 3988 ex
558 3934 767 3989 semine
795 3932 963 3988 David
991 3939 1094 3997 est,
1121 3947 1189 3987 ex
1219 3947 1386 3987 carne
1414 3940 1596 3987 autem
1645 3940 1848 3988 sanctae

250 4027 462 4084 Mariae.
509 4027 653 4095 Quid
684 4034 865 4083 autem
891 4027 1085 4098 putas?
1112 4025 1414 4083 Temerarii
1447 4023 1576 4081 facti
1609 4033 1756 4091 sunt,
1789 4032 1850 4081 ut

248 4118 500 4174 dicerent
524 4117 824 4183 Christum,
854 4117 948 4187 qui
985 4130 1151 4173 carne
1183 4130 1377 4187 passus
1411 4123 1495 4171 est
1539 4123 1595 4171 et
1632 4114 1850 4171 cruciﬁ-

253 4228 388 4277 xus,
420 4227 530 4267 non
574 4225 699 4267 esse
723 4211 1012 4267 Dominum
1054 4208 1431 4274 Salvatorem,
1470 4215 1525 4263 et
1552 4208 1753 4274 Deum,
1796 4213 1851 4263 et

252 4302 452 4358 Filium
478 4300 676 4357 Patris.
708 4300 817 4355 Aut
846 4302 1116 4370 quomodo
1141 4300 1436 4356 Christiani
1467 4298 1654 4354 volunt
1677 4299 1853 4354 nomi—

253 4392 399 4455 nari,
432 4392 524 4463 qui
558 4391 741 4446 dicunt
782 4392 832 4444 in
864 4391 1139 4445 hominem
1179 4399 1450 4453 sanctum,
1480 4388 1638 4443 sicuti
1684 4404 1851 4443 unum

252 4486 647 4556 prophetarum
672 4483 887 4538 venisse
917 4482 1177 4547 Verbum,
1208 4491 1263 4537 et
1311 4498 1417 4535 non
1457 4480 1730 4535 hominem
1772 4479 1855 4533 fa-

1935 784 2073 839 citer
2099 783 2246 840 salus
2270 782 2412 839 facta
2438 793 2541 841 est.
2592 782 2898 839 Humanum
2925 782 3264 847 naturaliter,
3291 781 3431 850 quod
3453 795 3526 837 ex

1934 874 2105 930 Maria
2151 876 2449 931 secundum
2493 876 2704 931 divinas
2730 873 3063 945 Scripturas,
3093 882 3147 930 et
3175 889 3365 929 verum
3405 882 3529 929 erat

1938 965 2236 1023 Salvatoris
2267 965 2533 1039 [corpus].
2569 985 2589 1020 ι

2006 1056 2188 1112 XVIII.
2214 1057 2346 1112 Item
2363 1056 2538 1114 Julius
2558 1058 2937 1113 sanctissimus
2960 1056 3147 1111 Romae
3163 1057 3450 1127 episc0pus
3471 1056 3527 1112 in

1937 1148 2162 1221 epistola
2214 1150 2280 1203 ad
2324 1148 2731 1204 Prosdocimum
2781 1148 2857 1202 ita
2907 1149 2983 1201 ait
3012 1148 3082 1198 b:
3140 1165 3156 1197 ι
3196 1147 3531 1201 Prmdicatur

1937 1249 2117 1295 autem
2146 1240 2211 1295 ad
2232 1239 2617 1310 plenitudinem
2647 1240 2768 1293 ﬁdei
2801 1247 2855 1294 et
2876 1239 3193 1293 incarnatus
3228 1240 3293 1292 de
3322 1238 3530 1308 virgine

1939 1335 2109 1391 Maria
2134 1336 2230 1391 Dei
2256 1334 2442 1398 Filius,
2478 1344 2533 1389 ct
2570 1334 2905 1389 inhabitasse
2940 1334 2993 1387 in
3025 1334 3364 1399 hominibus;
3419 1347 3526 1386 non

1938 1428 1992 1482 in
2023 1427 2242 1483 homine
2269 1433 2549 1497 operatur.
2575 1424 2691 1481 IIoc
2719 1426 2862 1480 enim
2898 1427 2950 1480 in
2976 1426 3255 1495 prophetis
3281 1432 3365 1479 est
3391 1435 3444 1479 et
3477 1425 3530 1478 in

1939 1517 2200 1587 apostolis
2229 1535 2241 1570 :
2274 1516 2569 1589 [perfectus
2593 1516 2734 1571 Deus
2763 1517 2817 1571 in
2849 1530 3032 1581 carne,
3066 1526 3121 1569 ct
3144 1515 3307 1570 homo
3331 1515 3380 1588 ε]
3410 1530 3535 1586 per-

1938 1610 2114 1666 fectus
2143 1611 2199 1666 in
2226 1610 2462 1683 Spiritu;
2496 1625 2606 1666 non
2632 1610 2736 1665 duo
2758 1609 2877 1674 lilii,
2905 1625 3045 1663 unus
3070 1608 3287 1679 quidem
3318 1608 3535 1679 proprie

1938 1705 2109 1762 Filius
2136 1721 2421 1761 assumens
2444 1705 2744 1772 hominem,
2774 1704 2913 1759 alter
2958 1714 3140 1759 autem
3167 1705 3416 1760 mortalis
3445 1721 3533 1760 as-

1940 1805 2189 1867 sumptus
2222 1812 2253 1850 a
2282 1796 2394 1851 Deo
2423 1813 2436 1848 :
2474 1796 2570 1852 sed
2598 1812 2739 1851 unus
2773 1796 3087 1865 unigenitus
3136 1795 3191 1849 in
3218 1795 3379 1861 cmlo,
3413 1795 3535 1850 uni-

1939 1888 2156 1958 genitus
2186 1888 2242 1942 in
2274 1895 2418 1943 terra
2441 1887 2605 1942 Deus.
2638 1906 2658 1940 ι

2011 1975 2151 2031 XIX.
2184 1976 2317 2032 Item
2344 1976 2704 2033 Felicissimid
2736 1979 2976 2048 episcopi
2998 1979 3185 2034 Romre
3208 1986 3264 2035 et
3280 1979 3538 2051 martyris

1941 2068 2008 2123 ad
2036 2068 2328 2123 Maximum
2354 2069 2668 2139 episc0pum
2694 2078 2749 2123 et
2775 2070 2981 2124 elerum
3002 2069 3345 2127 Alexantlrize
3368 2085 3539 2126 sacra:

1941 2159 2064 2213 ﬁdei
2092 2159 2471 2214 conﬁrmatio:
2508 2178 2526 2210 ι
2565 2160 2641 2215 De
2671 2160 3049 2216 lucarnatione
3080 2169 3258 2217 autem
3289 2161 3450 2216 Verbi
3476 2170 3533 2216 et

1940 2254 2045 2309 lide
2075 2254 2350 2310 credimus
2387 2254 2439 2309 in
2463 2254 2751 2310 Dominum
2779 2263 3025 2311 nostrum
3050 2254 3236 2311 Iesum
3262 2255 3540 2311 Christum

1941 2347 2007 2401 de
2033 2346 2243 2417 virgine
2285 2345 2455 2401 Maria
2490 2356 2702 2412 natum,
2733 2348 2859 2417 quia
2905 2347 3022 2418 ipse
3058 2355 3143 2402 est
3177 2347 3543 2418 sempiternus

1942 2440 2037 2494 Dei
2066 2440 2235 2495 Filius
2281 2449 2338 2496 et
2367 2441 2624 2506 Verbum,
2660 2449 2713 2495 et
2758 2456 2865 2496 non
2914 2441 3078 2496 homo
3115 2455 3145 2494 a
3178 2440 3287 2494 Deo
3332 2455 3545 2495 assum-

1941 2538 2088 2601 ptus,
2116 2540 2176 2585 ut
2201 2532 2338 2585 alter
2368 2540 2513 2587 esset
2537 2541 2738 2602 praeter
2769 2532 2939 2587 illum.
2979 2532 3164 2602 Neque
3191 2532 3336 2588 enim
3363 2531 3545 2587 homi-

1943 2637 2068 2676 nem
2099 2623 2394 2693 assumpsit
2419 2623 2513 2677 Dci
2536 2622 2727 2687 Filius,
2756 2631 2814 2677 ut
2846 2625 2917 2678 sit
2939 2622 3078 2679 alter
3106 2632 3305 2693 prazter
3330 2624 3541 2693 ipsum;

1944 2714 2039 2770 sed
2085 2715 2229 2770 Deus
2278 2716 2520 2771 existens
2568 2716 2864 2786 perfectus,
2919 2716 3098 2773 factus
3147 2726 3234 2773 est
3289 2717 3451 2773 simul
3489 2724 3547 2773 et

1943 2805 2105 2861 humo
2141 2805 2436 2877 perlectus,
2472 2808 2788 2863 incarnatus
2819 2808 2886 2861 de
2918 2808 3157 2880 Virgine.
3195 2827 3214 2861 ι

2015 2920 2175 2993 765
2207 2918 2324 2974 XX.
2359 2919 2493 2976 Item
2542 2921 2734 2977 beatus
2773 2919 3072 2992 Gregorius
3124 2921 3543 2977 Nazianzenus:

1951 3032 1969 3063 ι
2006 3011 2123 3066 Non
2153 3012 2424 3082 decipiant
2454 3013 2705 3068 homines
2730 3028 2831 3067 nec
2858 3013 3201 3083 decipiantur
3238 3014 3355 3068 sine
3383 3028 3548 3069 sensu

1946 3103 2304 3173 suscipientes
2330 3102 2670 3159 Dominicum
2696 3104 2996 3168 hominem,
3037 3106 3177 3159 sicut
3200 3105 3301 3175 ipsi
3330 3105 3546 3174 dicunt:

1946 3194 2119 3265 magis
2142 3201 2324 3250 autem
2352 3194 2641 3251 Dominum
2666 3203 2911 3250 nostrum
2940 3203 2996 3250 et
3022 3194 3191 3250 Deum
3221 3210 3236 3250 :
3266 3194 3372 3252 Nec
3401 3197 3547 3251 enim

1946 3283 2220 3339 hominem
2247 3284 2541 3339 dividimus
2561 3299 2595 3339 a
2624 3285 2848 3351 deitate,
2874 3285 2971 3341 sed
2997 3302 3163 3352 unum
3196 3294 3253 3341 et
3293 3287 3549 3343 eumdem

1946 3376 2373 3448 dogmatizamus
2388 3394 2401 3443 ;
2416 3378 2571 3447 prius
2582 3376 2803 3448 quidem
2820 3395 2928 3436 non
2951 3379 3248 3446 hominem,
3268 3380 3362 3436 sed
3378 3379 3549 3436 Deum

1946 3482 2002 3529 et
2025 3472 2222 3529 Filium
2254 3474 2429 3529 solum
2469 3481 2524 3529 et
2547 3480 2673 3529 ante
2701 3473 2899 3530 saecula
2924 3489 3031 3531 non
3056 3473 3281 3528 mistum
3296 3472 3538 3543 corpori,

1944 3577 2001 3621 et
2026 3580 2368 3636 quiscunque
2398 3572 2526 3619 sunt
2548 3563 2829 3635 corporis;
2860 3563 2913 3619 in
2938 3561 3047 3619 ﬁne
3073 3570 3255 3619 autem
3283 3571 3337 3619 et
3374 3562 3553 3619 homi-

1945 3674 2071 3715 nem
2119 3664 2456 3727 assumptum
2481 3673 2581 3727 pro
2615 3665 2801 3713 nostra
2847 3657 3023 3713 salute
3065 3656 3379 3728 passibllem
3428 3672 3552 3712 car-

1945 3766 2034 3817 ne,
2066 3751 2455 3821 impassibilem
2497 3749 2732 3815 deitatc;
2767 3748 3242 3819 circumscriptum
3291 3763 3549 3819 corpore,

1946 3842 2479 3913 ineircumscriptum
2504 3842 2823 3908 divinitate;
2857 3841 3109 3898 eumdem
3164 3849 3445 3898 terrenum
3493 3848 3553 3896 et

1946 3936 2250 4002 caelestem,
2274 3936 2541 3992 visibilem
2569 3945 2627 3992 et
2672 3935 3090 4007 intelligibilem,
3149 3935 3447 4006 capabilem
3494 3945 3557 3991 et

1949 4025 2328 4095 incapabilem,
2350 4033 2414 4081 ut
2433 4026 2489 4080 in
2519 4035 2632 4082 toto
2654 4026 2877 4082 homine
2928 4025 3229 4095 eodemque
3255 4032 3312 4081 et
3331 4024 3442 4082 Deo
3466 4033 3550 4081 to-

1950 4126 2037 4172 tus
2063 4118 2225 4173 homo
2256 4118 2673 4186 reformaretur,
2696 4118 2789 4188 qui
2820 4118 2921 4172 sub
2968 4124 3193 4188 peccato
3247 4117 3541 4174 ceciderat.

1953 4205 2010 4261 Si
2037 4207 2158 4275 quis
2179 4222 2287 4261 non
2324 4206 2421 4263 Dei
2468 4207 2791 4278 genitricem
2844 4205 3070 4262 Mariam
3128 4206 3382 4273 aestimat,
3436 4207 3555 4264 sine

1952 4299 2152 4356 deitate
2175 4307 2277 4356 est.
2306 4298 2364 4354 Si
2392 4299 2515 4368 quis
2535 4300 2691 4371 quasi
2714 4315 2812 4370 per
2836 4298 3071 4354 fistulam
3101 4297 3342 4369 Virginis
3372 4306 3554 4355 trans-

1953 4392 2084 4458 isse,
2112 4401 2299 4448 etnon
2332 4393 2387 4446 in
2426 4392 2543 4463 ipsa
2567 4391 2817 4457 formari,
2846 4388 3039 4447 tleiﬁce
3086 4390 3249 4446 simul
3277 4399 3332 4447 et
3355 4390 3554 4447 huma-

1954 4501 2051 4551 ne;
2086 4486 2274 4542 deiilee
2298 4485 2537 4557 quidem,
2574 4487 2703 4557 quia
2729 4486 2846 4542 sine
2873 4485 3024 4549 viro;
3049 4485 3289 4540 humane
3327 4492 3544 4552 autem,

253 4585 406 4632 ctum
441 4584 746 4631 sumentem
787 4592 853 4629 ex
886 4574 1049 4629 Maria
1080 4588 1309 4643 corpus;
1350 4573 1445 4628 sed
1477 4573 1705 4628 alterum
1734 4587 1856 4627 esse
1957 4580 2085 4648 quia
2109 4580 2226 4651 lege
2255 4588 2467 4650 partus,
2494 4580 2784 4635 anathema
2836 4578 2928 4634 sit.
2983 4575 3043 4633 Si
3090 4578 3214 4648 quis
3257 4574 3558 4634 formatum

254 4668 562 4735 Christum,
592 4675 649 4722 et
682 4666 912 4720 alterum
945 4666 1037 4721 Del
1069 4665 1326 4729 Verbum,
1377 4664 1519 4733 (100d
1570 4671 1696 4718 ante
1746 4664 1857 4719 Ma-
1958 4670 2405 4740 dicithominem,
2428 4682 2485 4727 et
2514 4672 2590 4728 ita
2628 4666 3037 4743 subingressum
3094 4671 3287 4738 Deum,
3332 4667 3561 4728 damna-

258 4760 399 4815 riam
439 4768 497 4813 et
537 4769 664 4814 ante
707 4759 902 4813 smcula
954 4759 1121 4813 Filius
1167 4759 1434 4814 existebat
1479 4757 1692 4813 Patris?
1750 4757 1859 4812 Aut
1892 4780 1940 4839 ι)
1966 4772 2052 4817 tus
2082 4770 2194 4829 est;
2232 4779 2339 4819 non
2369 4763 2515 4820 enim
2540 4764 2796 4821 nativitas
2825 4764 2920 4820 Dei
2957 4764 3099 4819 istud
3131 4772 3235 4831 est,
3287 4764 3383 4821 sed
3428 4763 3558 4836 fuga

259 4853 534 4921 quomodo
580 4867 702 4907 esse
729 4850 1022 4906 Christiani
1067 4859 1315 4921 possunt,
1343 4850 1435 4920 qui
1463 4850 1647 4907 dicunt
1694 4848 1859 4903 alium

259 4960 385 5000 esse
416 4943 632 5009 Filium,
670 4944 837 4999 alium
869 4943 962 4998 Dei
989 4943 1267 4998 Verbum?
1310 4939 1430 4996 Non
1473 4957 1572 5011 per
1616 4940 1863 5011 adoptio-

262 5054 391 5094 nem
423 5038 540 5092 luee
580 5037 719 5093 facta
761 5046 907 5101 sunt,
941 5037 1115 5091 absit!
1154 5038 1295 5092 sicut
1329 5036 1549 5107 quidam
1585 5035 1863 5089 existima-

264 5138 415 5195 runt,
449 5133 564 5196 sed,
596 5131 738 5185 sicut
765 5140 850 5185 est
876 5130 1103 5195 veritas,
1133 5130 1355 5184 homine
1390 5128 1533 5185 facto
1560 5128 1860 5192 Salvatore,

264 5222 437 5277 totius
482 5223 702 5277 humani
741 5222 955 5291 generis
983 5222 1130 5277 salus
1160 5221 1307 5278 facta
1336 5230 1436 5278 est.
1472 5222 1528 5277 Si
1558 5220 1703 5277 enim
1738 5221 1864 5277 ado-

267 5310 455 5382 ptione
500 5320 619 5366 erat
670 5312 726 5367 in
780 5328 1008 5383 corpore
1060 5312 1336 5378 Verbum,
1392 5313 1691 5368 secundum
1746 5313 1865 5368 illos

270 5402 441 5473 (quod
466 5411 647 5458 sutem
682 5404 973 5474 adeptione
1002 5403 1221 5471 dicitur,
1252 5404 1539 5474 phantasia
1578 5404 1683 5473 est)
1714 5418 1867 5474 repe-

272 5494 445 5548 rietur
477 5502 534 5549 et
553 5496 795 5562 putative
824 5494 970 5549 salus
996 5500 1051 5549 et
1074 5495 1404 5550 resurrectio
1430 5495 1709 5551 hominum
1737 5495 1866 5561 dici,

274 5585 574 5641 secundum
606 5586 985 5657 impiissimum
1024 5585 1387 5643 Manicheum.
1429 5587 1539 5645 Sed
1580 5605 1687 5644 non
1716 5590 1869 5659 equi—

276 5680 404 5737 dem
451 5681 738 5751 phantasia
787 5688 872 5737 est
930 5681 1078 5737 salus
1121 5692 1349 5748 nostra;
1400 5698 1577 5753 neque
1624 5684 1870 5753 corporis

352 5845 378 5873 ει
410 5830 468 5889 S.
493 5835 844 5899 Athanasius,
871 5843 1002 5889 tom.
1035 5836 1056 5890 Ι
1084 5836 1318 5906 Operum
1367 5836 1494 5892 edit.
1526 5837 1698 5893 Paris.
1729 5846 1867 5907 part.

372 5920 492 5961 Dan.
518 5905 643 5961 902.
669 5907 795 5961 905.
823 5907 945 5961 906.

280 5907 1281 6056 ἰἶξΡᾚξῐὲἾῗτῖιῗὲἷίι-ἓέᾘὶιτ]ιρῃλᾼοι.
1315 5998 1330 6035 ι
1370 5981 1581 6037 concilii
1616 5980 1871 6052 Ephesini

281 6048 414 6101 edit.
454 6048 623 6103 (Ioleli
654 6058 781 6105 tom.
816 6050 897 6113 lli,
930 6050 1031 6105 col.
1072 6049 1226 6105 1055.

1963 4856 2281 4911 nativitatis.
2312 4855 2369 4912 Si
2393 4856 2517 4928 quis
2546 4857 2839 4913 introducit
2865 4860 2999 4913 duos
3026 4857 3184 4923 ﬁlios,
3210 4872 3379 4912 unum
3430 4856 3552 4928 qui-

1963 4944 2083 5001 dem
2107 4960 2175 4999 ex
2200 4944 2312 5001 Deo
2341 4955 2397 5001 et
2413 4946 2593 5013 Patre,
2627 4948 2923 5003 secundum
2956 4956 3136 5003 autem
3158 4963 3225 5004 ex
3262 4944 3429 5002 Maria
3459 4963 3558 5003 na-

1977 5047 2111 5101 tum,
2136 5046 2192 5092 et
2211 5039 2448 5107 seipsum
2484 5054 2549 5094 ex
2579 5040 2869 5109 adoptione
2896 5040 3129 5105 excidet,
3152 5054 3272 5111 quae
3285 5041 3563 5111 promissa

1964 5136 2049 5182 est
2067 5136 2215 5184 recte
2241 5129 2608 5187 credentibus.
2638 5130 2857 5186 Naturae
2883 5132 3025 5186 enim
3041 5131 3177 5197 dum,
3206 5129 3351 5187 Deus
3371 5138 3427 5187 et
3452 5132 3553 5188 ho-

1964 5235 2072 5284 mo,
2106 5222 2249 5290 quod
2280 5229 2364 5276 est
2398 5221 2578 5277 anima
2606 5230 2662 5278 et
2690 5236 2924 5293 corpus;
2948 5222 3069 5278 Filii
3089 5231 3267 5278 autem
3290 5235 3397 5278 non
3425 5224 3558 5289 duo,

1968 5329 2068 5368 nec
2098 5313 2202 5368 Dii.
2246 5314 2436 5385 Neque
2461 5316 2606 5369 enim
2636 5315 2723 5371 hic
2747 5318 2851 5371 duo
2890 5314 3153 5379 homines,
3211 5314 3338 5370 licet
3393 5314 3568 5371 etiam

1966 5404 2165 5461 Paulus
2194 5405 2509 5462 interiorem
2538 5406 2811 5464 hominem
2841 5416 2897 5463 et
2916 5407 3244 5464 exteriorem
3265 5407 3568 5478 appellare-

1970 5498 2059 5564 rit,
2098 5506 2170 5563 et,
2202 5498 2247 5552 si
2289 5506 2506 5566 oportet
2549 5501 2987 5569 compendiosius
3025 5500 3225 5563 dicere,
3254 5501 3403 5556 aliud
3430 5499 3559 5571 qui-

1970 5589 2093 5645 dem
2124 5598 2181 5643 et
2206 5588 2370 5653 aliud,
2403 5604 2468 5645 ex
2497 5592 2692 5661 quibus
2729 5591 2978 5648 Salvator
2996 5600 3081 5649 est
3109 5592 3397 5665 (siquidem
3453 5605 3566 5648 non

1971 5682 2114 5737 idem
2147 5691 2232 5737 est
2253 5683 2525 5741 invisibile
2572 5684 2814 5750 visibilc;
2872 5692 2927 5741 et
2961 5686 3079 5742 sine
3138 5693 3403 5757 tempore,
3460 5683 3559 5740 sub

2048 5852 2067 5874 ο
2106 5840 2231 5894 llaec
2263 5842 2628 5897 restituuntur
2652 5858 2717 5897 ex
2744 5843 2921 5900 editis.

2044 5910 2070 5951 ά
2102 5910 2281 5987 Cede;
2312 5912 2451 5969 male
2474 5914 2634 5987 habet
2657 5913 2992 5987 Edicissimi,
3021 5915 3301 5987 scriptoris
3314 5910 3532 5987 incuria

1975 5997 2073 6053 pro
2101 5980 2293 6037 Felicis
2323 5986 2659 6040 sanctissimi.
2691 5985 2881 6040 Exstat
2908 5980 3293 6045 ea’auctoritas
3314 5983 3514 6042 Felicis

1980 6069 2129 6126 νιῳςρ
2159 6054 2258 6111 loc.
2287 6070 2411 6111 mox
2438 6056 2531 6112 cit.
2564 6056 2753 6114 eoncii.
2781 6056 2975 6117 Euhes.
