4346 6634
570 343 643 400 95
1390 340 1452 396 Β.
1493 340 1557 397 F.
1599 338 1826 396 ALBINI
1865 337 1999 396 SEU
2033 337 2311 396 ALCUINI
2349 337 2634 395 OPERUM
2668 339 2850 397 PARS
2888 339 2974 397 III.
3794 341 3868 400 οδ

569 457 870 531 tempore);
901 473 1009 512 non
1035 457 1173 513 alius
1205 467 1386 512 autem
1418 465 1472 512 et
1500 458 1658 523 alius,
1711 456 1882 512 absit!
1921 465 2153 527 utraque
2181 462 2228 519 Α
2255 457 2542 528 cipiamus,
2573 474 2694 530 qua:
2725 459 2927 515 coloris
2983 458 3264 528 nigredine
3307 459 3557 531 designat
3608 469 3863 529 peccato-

564 552 716 607 enhn
751 562 976 604 summa:
1002 547 1258 603 unitionis
1288 548 1343 602 in
1370 547 2010 618 oontemperatione,Deo
2038 547 2159 618 qui-

566 645 691 700 dem
719 642 1093 706 inhumanam,
1123 640 1344 696 homine
1373 648 1555 696 autem
1592 638 1863 695 deiﬁcato.
1905 659 1924 692 ι

640 732 784 789 XXI.
816 734 951 789 Item
976 731 1188 788 Atticus
1225 733 1513 804 episc0pus
1533 730 2078 800 Constantinopoleos
2093 743 2152 784 ιε

570 843 592 877 ε
631 826 742 881 Nisi
771 825 915 881 enim
939 824 1025 880 ille
1051 834 1371 881 nasceretur
1400 823 1715 889 carnaliter,
1745 838 1852 878 non
1896 830 1952 877 tu
2001 837 2160 877 rena-

568 917 804 973 secteris
827 914 1167 985 spiritaliter.
1210 914 1324 971 Nisi
1365 913 1454 969 ille
1485 913 1834 968 sustinuisset
1874 912 2017 968 servi
2045 911 2158 967 for-

565 1023 735 1072 mam,
761 1022 870 1062 non
895 1014 949 1060 tu
984 1004 1303 1077 dignitatem
1350 1004 1653 1075 adoptionis
1699 1004 1939 1060 lucratus
1984 1017 2155 1059 esses.

565 1096 798 1169 Propter
837 1107 940 1152 hoc
967 1097 1114 1152 enim
1135 1097 1190 1151 in
1218 1107 1365 1152 terra
1395 1095 1654 1161 caelestis,
1678 1101 1742 1150 ut
1785 1104 1844 1150 tu
1892 1095 1948 1150 in
2003 1094 2159 1151 ccelis

568 1189 869 1244 servareris
895 1195 1168 1243 terrenus.
1204 1187 1441 1259 Propter
1485 1187 1589 1242 hoc
1608 1185 1861 1241 Christus
1905 1187 2162 1256 semetipo

562 1295 684 1335 sum
714 1281 1035 1346 exinanivit,
1066 1289 1126 1336 ut
1154 1295 1255 1336 nos
1301 1294 1493 1335 omnes
1533 1278 1600 1334 de
1647 1277 1982 1349 plenitudine
2039 1276 2158 1348 ejus

562 1375 914 1443 accipiamus.
939 1372 1086 1429 Illius
1116 1388 1262 1429 mors
1284 1382 1374 1427 tua
1403 1372 1547 1428 facta
1571 1379 1654 1427 est
1693 1369 2092 1426 immortalitas.
2131 1389 2150 1421 ι

634 1465 799 1522 XXII.
831 1467 965 1524 Item
994 1467 1305 1523 Theodotus
1331 1466 1616 1536 episcopus
1640 1464 1941 1535 Cyprorum
1966 1463 2020 1517 in
2041 1476 2163 1517 ser—

563 1575 727 1615 mone
751 1560 818 1614 de
848 1559 1131 1614 nativitate
1155 1556 1371 1615 Domini
1393 1567 1515 1630 post
1544 1557 1651 1613 alia
1683 1558 1848 1612 etiam
1880 1556 1983 1611 ista
2031 1571 2155 1626 pro-

567 1650 692 1706 tulit
715 1650 745 1690 b
779 1668 791 1703 :
826 1668 845 1702 ι
870 1650 1013 1719 Quid
1034 1651 1241 1723 igitur?
1267 1649 1500 1707 Advenit
1522 1649 1666 1704 Deus
1695 1648 1938 1704 existens
1961 1647 2029 1702 ad
2059 1648 2161 1702 ho-

561 1743 757 1807 mines,
783 1757 889 1797 non
916 1742 1094 1797 locum
1125 1757 1193 1797 ex
1220 1741 1340 1796 loco
1395 1747 1632 1803 mutans,
1683 1738 1780 1794 sed
1829 1737 2152 1792 invisibilem

2260 564 2377 605 rem
2429 551 2729 622 populum,
2787 551 3091 608 fmditatem
3152 551 3492 608 meritorum.
3556 551 3860 621 Aliquando

2259 657 2391 698 vero
2437 643 2729 713 Aﬁthiopia:
2773 645 2995 701 nomine
3042 645 3355 714 specialiter
3402 643 3676 716 gentilitas
3719 643 3860 698 desi-

2260 733 2417 803 gnari
2445 733 2612 799 solet,
2639 733 2974 789 inﬁdelitatis
3013 735 3166 806 prius
3212 735 3366 807 nigra
3393 736 3665 806 peccatis,
3696 750 3861 806 quam

2263 823 2511 878 veniente
2564 823 2796 879 Domino
2855 824 3110 880 Habacuc
3161 825 3422 895 pmpheta
3475 825 3609 878 vidit
3667 824 3863 879 timore

2259 913 2610 983 perterritam
2653 921 2710 968 et
2742 914 2816 968 ait
2853 932 2866 968 :
2901 914 3273 970 Tabernacula
3318 913 3636 985 Ailhiopum
3691 930 3860 986 expa-

2257 1011 2482 1058 vescent
2519 1004 2866 1060 tabernacula
2907 1014 3068 1060 terrae
3115 1004 3330 1062 Madian
3366 1004 3599 1078 (Habnc.
3644 1021 3727 1070 ιιι,
3779 1006 3857 1078 7).

2260 1092 2430 1149 David
2457 1111 2674 1166 quoque
2694 1097 2961 1166 propheta
2990 1098 3203 1164 videns,
3225 1099 3369 1169 quod
3395 1098 3464 1153 ad
3510 1097 3754 1153 Iudaeam
3778 1113 3865 1155 re-

2260 1185 2571 1241 dimendam
2596 1187 2807 1242 veniret
2836 1188 3095 1244 Dominus
3121 1205 3134 1254 ;
3165 1189 3261 1243 sed
3281 1196 3409 1243 ante
3439 1189 3721 1260 gentilitas
3743 1205 3865 1246 cre-

2260 1279 2436 1345 deret,
2467 1295 2630 1351 quam
2656 1279 2842 1336 Judrea
2876 1289 3223 1351 sequeretur,
3245 1281 3388 1336 sicut
3417 1281 3677 1352 scriptum
3730 1291 3816 1338 est
3845 1300 3860 1338 :

2260 1371 2444 1427 Donec
2497 1372 2776 1444 plenitudo
2822 1374 3066 1446 gentium
3122 1376 3390 1440 intraret,
3459 1383 3512 1430 et
3561 1379 3643 1432 sic
3686 1378 3870 1434 omnis

2258 1459 2426 1515 Israel
2450 1462 2632 1517 salvus
2657 1461 2813 1518 ﬁeret
2846 1461 3028 1532 (Rom.
3073 1479 3147 1525 xt.
3199 1463 3317 1537 23),
3365 1465 3538 1519 dicit:
3586 1465 3867 1538 ΑΞιΙιὶυρὶα

2257 1554 2542 1623 prwveniet
2573 1569 2762 1608 manus
2792 1553 2907 1624 ejus
2929 1554 3040 1607 Deo
3061 1552 3237 1626 (Psal.
3263 1569 3431 1618 van,
3490 1555 3605 1624 32),
3656 1557 3708 1610 id
3758 1567 3865 1621 cst,

2259 1643 2582 1713 priusquam
2615 1642 2804 1700 Iudaea
2827 1645 3040 1709 credat,
3068 1643 3385 1699 salvandam
3409 1659 3470 1700 se
3498 1645 3658 1700 oﬁ'ert
3682 1648 3864 1702 omni-

2260 1732 2470 1802 potenti
2494 1731 2747 1798 Domino,
2771 1733 3016 1802 peccatis
3041 1732 3198 1803 nigra
3226 1734 3524 1802 gentilitas.
3569 1733 3866 1806 Topazium

560 1842 814 1890 naturam
841 1834 1134 1891 ostendens
1157 1833 1444 1897 visibilem,
1480 1841 1534 1889 et
1585 1833 1734 1887 visus
1778 1839 1840 1887 ut
1890 1831 2057 1885 homo
2104 1822 2238 1884 etB
2263 1837 2395 1879 vero
2416 1824 2695 1895 pretiosus
2720 1823 2859 1894 lapis
2877 1830 2990 1888 est;
3025 1832 3084 1878 et
3127 1824 3254 1894 quia
3299 1822 3488 1880 Graeca
3537 1825 3720 1896 lingua
3760 1831 3868 1882 πᾶν

560 1935 819 1997 tanquam
846 1936 1108 1999 cognatus
1136 1926 1446 1982 hominibus
1470 1939 1756 1996 apparens,
1801 1923 1945 1978 sicut
1991 1922 2158 1978 etiam

559 2017 891 2089 evangelista
920 2018 1222 2087 prmdieans
1250 2017 1405 2082 dicit,
1450 2017 1576 2087 quia
1639 2014 1865 2069 Verbum
1906 2029 2030 2067 caro
2075 2013 2159 2082 fa-

559 2118 699 2162 ctum
721 2117 818 2163 est.
847 2107 1128 2177 Quomodo
1164 2107 1422 2181 possibile
1448 2116 1535 2162 est
1569 2107 1739 2161 Deum
1768 2105 2009 2160 Verbum
2039 2103 2157 2158 ﬁeri

563 2197 842 2254 hominem
873 2199 1127 2271 requiris,
1175 2209 1233 2256 et
1274 2200 1494 2256 modum
1542 2199 1639 2255 Dei
1691 2197 2079 2253 miraculosum
2125 2211 2158 2251 a

560 2291 717 2346 nobis
743 2292 954 2364 exigis?
983 2291 1040 2346 Si
1068 2291 1560 2363 comprehensibile
1597 2291 1754 2347 nobis
1781 2302 1949 2356 esset,
2015 2289 2160 2360 quod

559 2381 1110 2454 incomprehensibile
1131 2391 1214 2439 est
1227 2398 1498 2450 sermone,
1525 2383 1846 2439 miraculum
1864 2399 1972 2438 non
1989 2390 2155 2447 esset,

558 2473 657 2529 sed
682 2487 847 2528 causa
875 2481 1118 2541 naturae;
1147 2474 1192 2529 si
1217 2489 1347 2530 vero
1377 2473 1706 2529 miraculum
1735 2480 1793 2528 et
1812 2473 2028 2543 signum
2051 2481 2155 2539 est,

559 2564 702 2633 quod
738 2562 940 2618 factum
967 2572 1076 2631 est,
1123 2565 1256 2621 cede
1298 2566 1568 2620 rationem
1611 2564 1841 2618 Domino
1892 2561 2157 2618 miracula

559 2653 815 2719 facienti;
845 2654 973 2724 quia
1000 2655 1144 2710 enim
1173 2654 1377 2710 factum
1405 2663 1492 2711 est
1519 2654 1664 2710 scire
1692 2661 1748 2708 te
1789 2653 1950 2719 volo;
2003 2662 2058 2709 et
2090 2669 2158 2708 ex

560 2760 626 2801 eo
648 2742 792 2840 quod
823 2741 1027 2800 factum
1048 2755 1158 2812 est,
1184 2744 1422 2800 fructum
1447 2745 1554 2800 ﬁde
1602 2745 1837 2800 lucrare.
1896 2744 2158 2814 Operanti

559 2833 710 2893 cede.
745 2855 763 2889 ι
799 2835 868 2891 Et
885 2843 1009 2906 post
1035 2850 1206 2906 pauca
1241 2853 1254 2889 :
1289 2854 1310 2886 ι
1334 2833 1575 2906 liocegit
1592 2834 1981 2890 miraculorum
2002 2850 2159 2889 crea-

561 2938 669 2994 tor,
699 2928 766 2983 ad
795 2943 948 2984 suam
979 2927 1313 2984 voluntatem
1345 2936 1598 2983 naturam
1629 2928 1870 2991 trahens,
1900 2937 1955 2981 et
1973 2928 2158 2996 paruit

560 3030 754 3077 natura
773 3019 1027 3089 jnssioni.
1070 3018 1190 3074 Noli
1215 3034 1348 3090 ergo
1390 3019 1448 3075 in
1498 3018 1871 3075 inﬁrmitatem
1906 3020 2160 3075 humana:

561 3117 767 3166 natura:
787 3110 999 3166 cadere.
1026 3108 1146 3165 Noli
1175 3110 1376 3175 dicere,
1405 3110 1674 3180 quomodo
1701 3108 1938 3165 hominis
1961 3119 2154 3165 natura

2261 1931 2414 1970 omne
2445 1915 2666 1980 dicitur,
2697 1928 2798 1984 pro
2838 1928 2906 1969 eo
2931 1914 3078 1984 quod
3128 1915 3278 1969 omni
3324 1915 3506 1971 colore
3560 1915 3872 1987 resplendet

2259 2007 2559 2075 topazium,
2587 2007 2745 2076 quasi
2787 2006 3104 2075 t0pandium
3163 2015 3407 2061 vocatur.
3459 2005 3597 2060 Dum
3645 2022 3773 2062 vero
3813 2009 3868 2062 in

2258 2096 2430 2152 Deum
2455 2112 2720 2153 conversa
2750 2097 3030 2168 gentilitas
3057 2096 3313 2162 credidit,
3341 2112 3410 2151 ex
3455 2113 3523 2152 ea
3577 2098 3734 2153 multi
3787 2100 3865 2154 ita

2259 2197 2386 2244 sunt
2414 2189 2557 2244 dono
2589 2188 2824 2260 Spiritus
2849 2187 3185 2258 locupletati,
3212 2196 3275 2243 ut
3301 2187 3459 2259 quasi
3501 2189 3688 2245 multis
3714 2191 3865 2248 colo—

2259 2280 2434 2345 ribus,
2459 2280 2539 2335 sic
2569 2279 2757 2334 multis
2808 2280 3102 2334 virtutibus
3121 2279 3358 2333 luceant.
3388 2277 3497 2334 Sed
3541 2295 3608 2335 ne
3661 2296 3860 2354 accep-

2258 2372 2330 2426 tis
2358 2370 2586 2441 quisque
2611 2370 2906 2424 virtutibus
2921 2368 3233 2434 extollatur,
3263 2386 3292 2424 a
3322 2379 3512 2426 sancto
3537 2372 3659 2428 viro
3714 2389 3865 2432 nunc

2259 2464 2456 2520 dicitur
2481 2481 2588 2521 non
2622 2465 2997 2533 aquuabitur
3044 2464 3095 2519 ei
3152 2467 3431 2536 topazium
3476 2466 3543 2522 de
3561 2465 3864 2537 Ethiopia.

2258 2555 2337 2610 Ac
2367 2557 2414 2610 si
2443 2564 2629 2626 aperte
2656 2555 2963 2611 diceretur:
2985 2555 3174 2610 Nullus
3197 2565 3512 2611 sanctorum
3533 2557 3871 2629 quibuslibet

2259 2647 2554 2703 virtutibus
2579 2647 2794 2726 plenus,
2830 2661 2898 2700 ex
2953 2647 3057 2701 ista
3114 2655 3298 2703 tamen
3340 2649 3619 2719 nigredine
3674 2651 3863 2706 mundi

2260 2738 2519 2796 collectus
2543 2740 2748 2808 aequari
2785 2747 2986 2810 potest,
3016 2739 3083 2795 de
3114 2755 3222 2809 quo
3257 2739 3464 2794 dictum
3517 2749 3601 2795 est
3648 2759 3662 2795 :
3710 2740 3865 2808 Quod

2258 2841 2507 2886 nascetur
2533 2847 2598 2885 ea:
2621 2840 2670 2884 te
2696 2840 2961 2894 sanctum,
2987 2830 3256 2884 vocabitur
3295 2828 3471 2884 Filius
3516 2830 3614 2884 Dei
3643 2830 3795 2904 (Luc.
3820 2847 3862 2898 ι,

2257 2923 2369 2992 39).
2413 2921 2522 2977 Nos
2561 2923 2761 2992 quippe
2816 2923 2994 2976 sancti
3031 2920 3318 2989 efﬁcimur,
3367 2938 3475 2976 non
3530 2930 3710 2977 tamen
3762 2938 3865 2977 na-

2257 3016 2495 3079 scimur,
2525 3015 2654 3085 quia
2705 3014 2824 3084 ipsa
2873 3023 3082 3068 naturae
3133 3013 3504 3084 corruptibilis
3552 3017 3868 3073 conditione

2255 3105 2718 3176 constringimur,
2768 3113 2830 3159 ut
2877 3121 3000 3160 cum
3054 3107 3321 3176 propheta
3376 3106 3618 3161 dicamus
3660 3126 3673 3160 :
3727 3106 3868 3162 Ecce

559 3200 730 3272 coepit
746 3200 1246 3269 Deum?Quomodo
1260 3168 1404 3257 Deus
1417 3168 1900 3256 iactusesthomo?
1919 3200 2156 3268 Quomo.
2181 3168 2228 3231 C
2257 3196 2397 3248 enim
2448 3168 2534 3249 in.
2550 3168 2916 3267 iniquitatibus
2956 3168 3234 3266 conceptus
3275 3212 3392 3250 sum
3411 3237 3428 3262 ,
3475 3207 3523 3251 et
3561 3197 3618 3250 in
3662 3197 3864 3253 delictis

561 3293 634 3349 do
655 3292 795 3350 Deus
809 3293 1047 3350 Verbum
1078 3291 1222 3348 facta
1242 3302 1328 3350 est
1341 3310 1470 3350 caro
1493 3294 1759 3350 visibilis?
1783 3293 1890 3350 Sed
1923 3295 2050 3364 quia
2073 3294 2156 3349 fa-

561 3391 713 3439 ctum
739 3391 845 3452 est,
870 3385 1067 3453 crede;
1097 3388 1316 3442 modum
1347 3401 1477 3444 vero
1491 3395 1548 3442 et
1563 3387 1831 3442 rationem
1853 3387 1988 3443 cede
2004 3404 2163 3443 crea-

565 3477 693 3532 tori.
734 3497 754 3530 ι

637 3568 825 3624 XXIII.
855 3568 1154 3627 Audiamus
1177 3586 1414 3643 quoque,
1449 3571 1582 3642 quid
1622 3570 1817 3626 beatus
1866 3571 2162 3642 Gregorius

566 3659 812 3730 pontifex
839 3659 1152 3733 apostolica:
1175 3663 1321 3717 sedis
1343 3674 1400 3717 et
1428 3662 1619 3717 doctor
1644 3662 1909 3717 mirabilis
1945 3663 1998 3717 in
2022 3662 2161 3717 libro

565 3749 746 3822 primo
767 3753 945 3823 operis
965 3752 1318 3822 pulcherrimi
1347 3753 1632 3809 Moralium
1664 3755 1811 3809 dicat
1842 3765 1862 3792 ε
1903 3773 1914 3808 :
1956 3773 1973 3805 ι
2001 3752 2162 3807 Erat-

562 3857 666 3913 que
687 3843 766 3897 vir
801 3842 892 3897 ille
921 3859 1145 3914 magnus
1165 3845 1301 3899 inter
1319 3860 1499 3899 omnes
1531 3842 1832 3898 Orientales
1845 3844 1988 3916 (Job.
2017 3859 2058 3909 ι,
2082 3844 2160 3914 5).

569 3931 727 4000 Quod
753 3933 1086 4004 Redemptor
1126 3943 1313 3990 noster
1366 3934 1562 3991 Oriens
1624 3936 1842 4000 dicitur,
1894 3936 2166 4006 Propheta

570 4030 807 4078 testante
832 4023 1166 4094 perhibetur,
1198 4025 1292 4095 qui
1312 4025 1391 4079 ait
1418 4039 1432 4079 :
1457 4025 1594 4080 Ecce
1622 4026 1700 4079 vir
1742 4024 1930 4080 Oriens
1977 4042 2166 4081 nomen

569 4117 686 4186 ejus
726 4112 913 4186 (Zach.
943 4131 1022 4181 Vl,
1057 4115 1166 4186 l2).
1190 4114 1394 4171 Omnes
1420 4130 1573 4185 ergo,
1605 4116 1696 4186 qui
1723 4116 1777 4170 in
1805 4116 1910 4171 hoc
1953 4117 2166 4172 oriente

573 4205 681 4262 ﬁde
703 4205 1027 4273 consistunt,
1057 4215 1204 4262 recte
1239 4206 1548 4264 Orientales
1598 4215 1895 4274 vocantur;
1929 4208 2023 4262 sed
2038 4209 2164 4278 quia

572 4312 767 4352 omnes
787 4297 950 4368 766
992 4297 1242 4354 homines
1289 4299 1665 4354 tantummodo
1716 4299 1997 4365 homines;
2051 4301 2167 4369 ipse

571 4394 759 4440 autem
781 4383 977 4442 Oriens
1003 4387 1147 4442 Deus
1174 4395 1231 4443 et
1255 4389 1440 4454 homo,
1469 4397 1620 4444 recte
1647 4388 1846 4444 dicitur
1873 4403 1888 4441 :
1910 4387 2044 4443 Erat
2059 4405 2166 4443 ma-

575 4493 710 4549 gnus
733 4478 870 4533 inter
896 4495 1073 4532 omnes
1105 4477 1422 4534 Orientales.
1449 4479 1528 4536 Ac
1548 4479 1595 4534 si
1622 4488 1808 4549 aperte
1836 4479 2114 4534 diceretur
2145 4498 2159 4534 :

575 4567 800 4633 Omnes,
828 4569 920 4638 qui
947 4568 1000 4623 in
1029 4569 1133 4624 ﬁde
1161 4569 1596 4635 Deonascuntur,
1611 4577 1850 4639 superat,
1878 4570 2002 4639 quia
2030 4585 2159 4637 non,

577 4667 642 4714 ut
677 4667 906 4714 caeteros
934 4659 1173 4730 adoptio,
1201 4661 1296 4715 sed
1328 4668 1522 4715 natura
1549 4659 1696 4714 illum
1711 4660 2006 4715 divinitatis
2018 4661 2166 4715 exalo

581 4750 812 4820 tat;qu
837 4749 940 4805 etsi
987 4750 1324 4807 humanitate
1374 4750 1587 4806 ueteris
1638 4750 1888 4820 apparuit
1939 4751 2163 4817 similis,

580 4841 866 4899 divinitate
896 4850 1076 4898 tamen
1103 4843 1302 4897 mansit
1325 4855 1488 4913 super
1513 4842 1694 4896 omnia
1724 4840 2031 4912 singularis.
2069 4861 2089 4893 ι

657 4930 845 4989 XXIV.
879 4934 1009 4991 Item
1041 4934 1092 4989 in
1122 4933 1259 4990 libro
1274 4943 1468 4989 octavo
1496 4934 1706 4989 decimo
1724 4933 1964 5003 ejusdem
1979 4931 2170 5003 Operis

584 5024 778 5082 beatus
832 5025 1128 5098 Gregorius
1148 5028 1214 5082 de
1241 5025 1562 5080 excellentia
1617 5023 1921 5080 nativitatis
1945 5023 2170 5088 Christi,

584 5124 644 5171 et
669 5127 927 5186 quantum
955 5134 986 5174 a
1031 5117 1188 5174 nobis
1211 5116 1446 5181 differat,
1477 5117 1752 5172 admirans
1775 5116 1852 5170 ait
1877 5114 1903 5154 δ
1935 5133 1948 5168 :
1989 5132 2008 5165 ι
2049 5112 2175 5168 Non

585 5208 955 5280 “regnabitur
978 5211 1025 5263 ei
1067 5211 1333 5279 topazium
1361 5208 1426 5261 de
1460 5207 1737 5277 EthiOpia
1791 5205 1931 5279 (Job.
1981 5221 2173 5271 xxvm,

589 5299 702 5373 £9).
726 5299 864 5369 Quid
894 5301 1247 5373 Ethiopiam.
1280 5301 1384 5356 nisi
1421 5309 1743 5371 praesentem
1784 5297 2043 5353 mundum
2089 5313 2178 5353 ac-

676 5483 701 5512 ι
732 5473 858 5528 Loc.
897 5473 991 5528 cit.
1021 5474 1212 5530 concil.
1244 5475 1462 5544 Ephes.,
1503 5471 1592 5544 ubi
1642 5471 1731 5544 hic
1780 5472 1930 5527 locus
1979 5474 2178 5527 citatur

593 5557 851 5614 tanquam
881 5544 1239 5614 Amphilochii
1267 5542 1499 5614 episcopi
1529 5542 1712 5614 Iconii.

672 5613 998 5670 b’Theodoti
1035 5617 1261 5686 Ancyrae
1291 5613 1524 5686 episcopi
1559 5613 1776 5686 homilia
1831 5615 1884 5668 in
1935 5613 2179 5669 Natalem

597 5685 810 5745 Domini
843 5688 980 5742 lecta
1001 5686 1102 5741 fuit
1123 5685 1174 5740 in
1196 5686 1398 5754 synodo
1425 5685 1715 5754 Ephesina,
1747 5693 1802 5736 et
1833 5695 2007 5741 exstat
2043 5695 2173 5741 tom.

598 5757 662 5820 ιιι
693 5759 894 5817 Concil.
921 5760 1115 5825 Coleti,
1161 5754 1262 5814 col.
1308 5755 1435 5813 1531
1472 5756 1614 5810 circa
1643 5754 1822 5811 dinem.

2258 3289 2455 3366 peperit
2510 3304 2593 3341 me
2646 3296 2816 3342 mater
2862 3305 2978 3341 mea
3024 3284 3210 3347 (Psal.
3268 3304 3337 3354 ι,
3395 3286 3482 3361 7).
3534 3289 3626 3344 Ille
3680 3298 3864 3345 autem

2262 3378 2408 3432 solus
2436 3378 2706 3433 veraciter
2732 3387 2955 3433 sanctus
2983 3387 3148 3433 natus
3177 3387 3282 3443 est,
3312 3380 3428 3449 qui,
3454 3387 3513 3434 ut
3536 3379 3711 3451 ipsam
3737 3395 3870 3437 con-

2263 3471 2523 3525 ditionem
2547 3480 2756 3526 natura:
2778 3472 3043 3537 vinceret,
3081 3486 3146 3525 ex
3198 3472 3573 3527 commistione
3629 3473 3867 3529 carnalis

2264 3562 2471 3632 c0pulze
2489 3571 2785 3631 conceptus
2804 3577 2912 3617 non
2941 3571 3046 3617 est.
3082 3560 3222 3617 Huic
3277 3577 3337 3618 se
3390 3562 3672 3633 sapientize
3708 3564 3866 3632 quasi

2263 3651 2535 3721 quoddam
2562 3653 2836 3722 topazium
2849 3653 2917 3708 de
2944 3651 3222 3723 Ethiopia
3250 3654 3456 3724 aequari
3495 3655 3689 3721 voluit,
3736 3671 3864 3712 cum

2264 3747 2484 3816 quidam
2510 3748 2871 3804 haeresiarcha
2894 3747 3030 3803 dixit
3063 3767 3076 3802 :
3107 3748 3226 3804 Non
3249 3748 3465 3803 invideo
3494 3747 3717 3805 Christo
3745 3747 3862 3806 Deo

2265 3837 2450 3903 facto;
2483 3837 2528 3892 si
2557 3837 2701 3903 volo,
2731 3847 2786 3892 et
2818 3838 2934 3909 ipse
2962 3852 3184 3909 possum
3241 3837 3361 3895 ﬁeri
3417 3857 3432 3893 :
3488 3840 3580 3910 qui
3627 3838 3812 3896 Jesum
3845 3858 3860 3894 :

2265 3931 2554 3986 Dominum
2576 3937 2824 3985 nostrum
2852 3944 2959 3985 non
2987 3945 3088 3999 per
3112 3930 3430 4002 mysterium
3453 3923 3828 4001 ooncéptionis
3845 3969 3863 3996 ,

2266 4028 2360 4082 sed
2380 4041 2478 4097 per
2505 4024 2808 4095 profectum
2847 4025 3034 4096 gratiae
3086 4025 3256 4080 Deum
3305 4027 3536 4096 putavit,
3602 4040 3863 4098 perversa

2265 4117 2585 4187 allegatione
2615 4124 2888 4180 astruens,
2907 4130 3032 4170 eum
3063 4132 3294 4186 parvum
3324 4117 3604 4171 hominem
3649 4126 3860 4186 natum,

2264 4210 2361 4265 sed
2389 4218 2450 4262 ut
2471 4209 2614 4263 Deus
2643 4217 2790 4264 esset
2814 4223 2912 4277 per
2941 4211 3196 4263 meritum
3227 4208 3558 4280 profecisse;
3592 4219 3757 4280 atque
3793 4211 3866 4267 ob

2265 4299 2370 4354 hoc
2395 4298 2688 4363 aestimans,
2721 4306 2777 4352 et
2818 4313 2876 4352 se
2902 4307 2957 4353 et
2999 4298 3270 4368 quoslibet
3305 4298 3443 4352 alios
3472 4299 3522 4353 ei
3565 4315 3727 4370 posse
3773 4315 3869 4356 co-

2265 4389 2490 4460 tequari,
2508 4389 2598 4457 qui
2618 4387 2712 4442 ﬁlii
2730 4388 2824 4442 Dei
2843 4404 2940 4457 per
2961 4390 3190 4459 gratiam
3208 4388 3375 4456 ﬁunt;
3405 4403 3513 4444 non
3535 4390 3862 4463 intelligens,

2266 4495 2374 4535 non
2397 4480 2680 4534 attendens
2708 4481 2834 4549 quia
2865 4497 2970 4534 non
2999 4479 3369 4550 adwquabitur
3403 4481 3452 4533 ei
3501 4484 3769 4550 topazium
3794 4481 3862 4536 de

2273 4572 2570 4642 1Ethiopia.
2602 4571 2761 4626 Aliud
2791 4580 2877 4627 est
2935 4571 3080 4626 enim
3124 4578 3310 4624 natum
3361 4570 3596 4625 hominis
3635 4570 3865 4640 gratiam

2272 4663 2575 4734 adoptionis
2607 4664 2922 4733 percipere;
2975 4661 3124 4717 aliud
3168 4677 3334 4716 unum
3371 4660 3720 4732 singulariter
3768 4676 3868 4732 per

2273 4755 2568 4812 divinitatis
2603 4756 2902 4826 potentiam
2953 4755 3125 4808 Deum
3151 4767 3218 4808 ex
3262 4754 3379 4824 ipso
3427 4761 3689 4823 conceptu
3739 4767 3866 4824 pro-

2274 4847 2475 4903 diisse:
2505 4862 2602 4902 nec
2626 4847 2829 4916 aequari
2861 4853 3040 4916 potest
3062 4845 3230 4915 gloria
3261 4846 3522 4918 unigeniti
3561 4845 3744 4900 habita
3771 4861 3868 4916 per

2276 4944 2547 5001 naturam,
2573 4936 2694 4992 aliis
2715 4945 2934 5004 accepta
2961 4950 3058 5005 per
3087 4937 3340 5006 gratiam.
3377 4934 3640 4991 Mediator
3664 4937 3861 5006 quippe

2276 5029 2372 5084 Dei
2404 5039 2566 5099 atque
2595 5029 2895 5094 hominum,
2922 5028 3086 5084 homo
3104 5027 3356 5085 Christus
3392 5025 3569 5093 Iesus,
3595 5044 3701 5083 non
3727 5029 3868 5084 sicut

2277 5127 2380 5181 iste
2408 5125 2698 5181 haereticus
2723 5124 2937 5194 desipit,
2969 5123 3104 5177 alter
3125 5124 3178 5179 in
3211 5123 3566 5186 humanitate,
3619 5123 3757 5180 alter
3810 5123 3865 5178 in

2280 5216 2490 5272 Deitate
2514 5224 2630 5281 est;
2660 5231 2766 5271 non
2798 5229 2966 5285 purus
2986 5215 3147 5269 homo
3171 5223 3466 5284 conceptus
3489 5222 3653 5285 atque
3664 5215 3862 5278 editus,

2281 5316 2404 5379 post
2429 5321 2524 5380 per
2547 5310 2824 5371 meritum,
2846 5316 2904 5362 ut
2928 5306 3070 5360 Deus
3099 5313 3263 5370 esset,
3291 5307 3518 5375 accepit,
3577 5306 3671 5361 sed
3727 5322 3868 5360 nun-

2353 5488 2374 5514 ε
2409 5474 2466 5530 S.
2496 5476 2806 5547 Gregorius,
2831 5475 2955 5530 libr.
2984 5491 3001 5529 ι
3028 5473 3236 5537 Moral..
3267 5491 3384 5546 cup.
3418 5475 3503 5541 l8,
3537 5475 3591 5529 in
3619 5473 3720 5531 Job
3743 5490 3860 5546 cap.

2280 5547 2565 5744 ζ’θῖὶειῗίόῗ
2586 5618 2709 5672 libr.
2755 5635 2871 5684 vm,
2913 5633 3030 5688 cap.
3061 5617 3152 5686 52,
3189 5617 3242 5672 in
3271 5615 3390 5672 Job.
3418 5632 3536 5688 cap.
3571 5631 3767 5680 xxvm,
3810 5630 3865 5669 γ.
