4346 6784
285 578 362 641 D7
1120 563 1540 627 DOGMATICA.
1585 593 1653 605 ——
1688 560 1815 619 LIB.
1859 554 1999 613 ΜΝ

1865 554 2018 613 ADV.
2062 552 2386 612 "IERESIN
2426 547 2709 607 FELICIS.
3511 540 3581 601 93

294 696 466 751 tiante
490 686 684 760 angelo
708 693 765 743 et
792 680 1115 740 adveniente
1140 679 1369 750 Spiritu,
1402 691 1528 731 mox
1554 673 1797 731 Verbum
1836 669 1892 725 in
1919 673 1972 733 Α
1998 666 2102 722 llic
2124 677 2197 723 est
2221 664 2396 721 Filius
2420 679 2591 719 meus.
2612 662 2758 760 Suus
2781 659 2968 730 utique
2991 673 3099 714 non
3123 672 3219 729 per
3243 655 3590 760 adoptionem

290 791 473 849 utero,
501 795 630 839 mox
658 778 799 834 intra
824 780 1044 830 uterum
1072 772 1313 829 Verbum
1335 784 1503 833 caro;
1533 774 1591 823 et
1640 770 1896 820 manente

293 866 730 933 incommutabili
762 862 1026 929 essentia,
1048 876 1169 931 qua:
1199 858 1252 915 ei
1277 865 1361 914 est
1386 871 1512 913 cum
1523 855 1689 910 Patre
1704 859 1897 909 etcum

294 971 489 1021 sancto
517 959 729 1032 Spiritu
782 963 1078 1018 coazterna,
1116 950 1415 1022 assumpsit
1457 949 1605 1004 intra
1652 944 1899 1016 virginea

293 1058 535 1122 viscera,
563 1053 658 1109 ubi
677 1060 735 1107 et
763 1046 1117 1121 impassibilis
1144 1044 1255 1114 pati
1286 1050 1342 1098 et
1370 1037 1699 1097 immortalis
1733 1034 1898 1100 mori,

295 1152 356 1204 et
381 1152 621 1202 internus
642 1148 772 1197 ante
797 1135 999 1193 saacula
1028 1130 1347 1203 temporalis
1366 1137 1553 1202 posset
1605 1139 1729 1183 esse
1759 1124 1816 1179 in
1838 1122 1902 1178 ﬁ-

297 1251 370 1294 ne
389 1233 717 1291 seculorum
750 1246 766 1285 :
798 1235 856 1284 et
890 1242 991 1298 per
1020 1221 1293 1279 inelfabile
1316 1227 1722 1277 sacramentum
1768 1228 1901 1269 con-

298 1335 461 1399 ceptu
492 1330 684 1379 sancto
712 1328 769 1376 et
785 1328 944 1391 partu
974 1312 1274 1373 inviolabili
1302 1309 1603 1370 secundum
1614 1304 1903 1399 veritatem

297 1394 589 1487 utriusque
618 1420 826 1468 naturae
849 1416 1014 1464 natus
1038 1414 1120 1461 est
1144 1417 1287 1460 unus
1307 1401 1407 1457 Dei
1428 1399 1700 1464 Filius,ut
1711 1394 1905 1451 eadem

300 1509 459 1580 virgo
482 1514 539 1561 et
566 1503 767 1559 ancilla
790 1498 1008 1555 Domini
1034 1505 1181 1554 esset
1206 1503 1263 1551 et
1301 1501 1497 1552 mater.
1557 1489 1649 1546 Sic
1709 1488 1907 1580 quippe

304 1599 357 1657 ei
385 1579 455 1654 ab
500 1592 782 1651 Elisabeth
827 1590 1031 1645 dicitur
1063 1606 1077 1643 :
1109 1584 1262 1641 Unde
1306 1585 1404 1640 hoc
1451 1582 1601 1647 mihi,
1631 1588 1687 1634 ut
1733 1579 1908 1634 veniat

304 1696 478 1744 mater
505 1682 722 1739 Domini
750 1679 853 1735 mei
894 1676 965 1733 ad
1007 1692 1091 1733 me
1115 1674 1271 1747 (Luc.
1300 1690 1344 1740 ι,
1369 1670 1589 1745 45)ἳΕι
1616 1669 1730 1741 ipsa
1756 1667 1909 1736 virgo

306 1777 621 1851 concipiens
649 1774 816 1830 dicit:
835 1770 975 1827 Ecce
1000 1767 1198 1826 ancilla
1208 1766 1449 1832 Domini,
1466 1765 1561 1835 ﬁat
1577 1762 1706 1817 mihi
1724 1776 1913 1817 secun-

306 1869 439 1927 dum
469 1867 683 1924 verbum
711 1873 863 1920 tuum
890 1860 1044 1935 (Luc.
1067 1876 1110 1926 ι,
1133 1858 1249 1931 38).
1275 1857 1345 1914 Et
1362 1854 1613 1928 quamvis
1636 1854 1751 1925 ipse
1765 1851 1914 1907 aliud

307 1977 379 2020 ex
396 1961 582 2026 Patre,
614 1956 762 2014 aliud
787 1971 852 2013 ex
882 1954 1119 2026 virgine,
1146 1967 1256 2009 non
1292 1957 1475 2007 tamen
1502 1947 1644 2004 alius
1692 1961 1760 2001 ex
1806 1945 1903 2001 Pa-

1998 758 2210 829 gratiae,
2240 771 2415 826 neque
2440 769 2537 827 per
2573 752 2891 823 religionem
2918 761 3205 815 creaturae,
3247 757 3308 805 ut
3348 747 3592 806 haeretici

1997 852 2219 918 volunt;
2261 849 2359 906 sed
2397 848 2481 904 sui
2518 847 2851 920 proprietate
2894 844 3113 917 generis
3141 851 3197 900 et
3230 842 3461 899 veritate
3496 853 3597 899 na-

1998 952 2155 1001 turae.
2208 940 2360 997 Multi
2404 938 2552 996 enim
2597 946 2914 994 sanctorum
2963 932 3056 990 ﬁlii
3100 935 3199 991 Dei
3246 935 3499 991 dicuntur
3538 934 3601 989 et

2001 1042 2148 1102 sunt,
2189 1034 2284 1090 sed
2314 1032 2403 1088 hic
2436 1031 2554 1088 sine
2591 1027 2998 1098 comparatione
3034 1024 3166 1099 [Al.,
3200 1018 3601 1098 compassione]

2002 1141 2145 1182 unus
2186 1125 2298 1181 Deo
2338 1123 2488 1179 Patri
2533 1120 2702 1176 Filius
2740 1118 3055 1190 unigenitus
3095 1125 3151 1174 et
3188 1131 3350 1174 verus
3386 1124 3442 1173 et
3474 1129 3601 1186 pro-

2003 1231 2177 1287 prius,
2213 1230 2321 1270 non
2359 1211 2575 1269 aliunde
2600 1226 2765 1282 quam
2796 1211 2864 1267 de
2895 1210 3059 1265 Patre
3093 1218 3287 1276 natus;
3327 1208 3455 1279 quia
3491 1216 3603 1264 tam

2004 1321 2169 1362 verus
2191 1312 2350 1375 pater
2368 1303 2533 1359 Pater
2551 1310 2657 1367 est,
2686 1316 2849 1374 quam
2870 1316 3034 1357 verus
3052 1310 3109 1358 et
3130 1302 3273 1357 Deus
3297 1308 3410 1367 est;
3444 1300 3605 1357 sicuti

2006 1398 2171 1455 etiam
2201 1394 2336 1471 [Al.,
2357 1394 2495 1469 tam]
2524 1408 2686 1451 verus
2712 1393 2855 1450 ﬁlius
2875 1392 3093 1467 [Filius]
3114 1402 3220 1460 est,
3248 1409 3413 1464 quam
3444 1407 3609 1449 verus

2009 1499 2064 1547 et
2085 1489 2371 1546 Dominus.
2388 1484 2639 1543 Perfecta
2656 1500 2789 1558 ergo
2810 1486 2946 1542 ﬁdes
2963 1493 3049 1542 est
3064 1485 3349 1542 Trinitatis
3366 1494 3610 1552 ostensa,

2009 1596 2137 1637 cum
2164 1590 2219 1637 et
2246 1579 2408 1636 Pater
2437 1580 2717 1637 Christum
2756 1580 3044 1637 Dominum
3070 1595 3135 1636 ac
3163 1580 3334 1636 Deum
3363 1589 3612 1636 nostrum

2010 1669 2208 1728 Filium
2247 1688 2407 1728 suum
2445 1687 2565 1728 esse
2604 1678 2875 1737 testatur;
2916 1680 2971 1727 et
3012 1670 3249 1741 Spiritus
3286 1680 3527 1736 sanctus,
3558 1669 3615 1726 id

2013 1772 2121 1830 est,
2151 1764 2484 1828 Paracletus,
2523 1763 2579 1819 in
2609 1772 2761 1819 tanto
2797 1760 2925 1818 ﬁdei
2963 1772 3306 1820 sacramento
3343 1761 3491 1818 Patri
3521 1761 3616 1820 Fi-

2012 1857 2195 1926 lioque
2215 1852 2580 1935 coniungitur,
2604 1862 2667 1910 ut
2694 1869 2883 1911 verum
2910 1853 3149 1919 Patrem,
3177 1868 3367 1910 verum
3393 1853 3613 1922 Filium,

2016 1964 2206 2005 verum
2244 1949 2409 2004 etiam
2447 1947 2712 2020 Spiritum
2751 1956 3003 2004 sanctum
3037 1946 3262 2005 credere
3290 1956 3405 2005 tres
3431 1964 3621 2020 perso—

308 2061 416 2117 tre,
445 2051 586 2105 alius
608 2063 682 2105 ex
706 2047 941 2118 virgine,
968 2043 1064 2101 sed
1095 2044 1212 2114 ipse
1238 2049 1325 2098 est
1346 2049 1587 2097 aeternus
1609 2053 1678 2093 ex
1728 2036 1914 2101 Patre.
1947 2027 1994 2089 Β
2019 2057 2139 2109 nas,
2172 2042 2266 2099 sed
2290 2056 2456 2096 unam
2485 2041 2824 2097 divinitatem
2853 2039 3157 2107 Trinitatis,
3188 2056 3461 2113 unamque
3488 2042 3619 2098 sub-

310 2143 428 2216 ipse
454 2139 770 2214 temporalis
810 2153 882 2195 ex
920 2142 1119 2203 matre,
1169 2134 1287 2203 ipse
1339 2132 1434 2204 qui
1489 2130 1643 2196 fecit,
1676 2130 1792 2200 ipse
1821 2128 1916 2197 qui

310 2233 491 2290 factus
516 2239 634 2297 est;
664 2229 828 2302 767
852 2229 970 2299 ipse
996 2225 1278 2300 speciosus
1302 2224 1478 2280 forma
1499 2237 1612 2293 pra:
1657 2220 1790 2276 ﬁliis
1813 2219 1915 2275 ho-

310 2325 523 2382 minum
553 2336 653 2394 per
680 2320 1022 2377 divinitatem
1054 2314 1228 2390 (Paul.
1253 2329 1405 2381 ιιιν,
1428 2311 1520 2387 '5),
1564 2321 1623 2367 et
1665 2312 1802 2383 ipse,
1850 2308 1920 2364 de

311 2431 424 2488 quo
449 2415 656 2471 dictum
674 2420 762 2469 est
795 2430 808 2467 :
845 2411 1094 2467 Vidimus
1114 2422 1260 2474 eum,
1286 2413 1473 2462 etnon
1501 2410 1623 2460 erat
1645 2409 1917 2473 aspectus,

311 2515 504 2565 etnon
526 2513 610 2561 est
630 2503 843 2575 species
868 2502 920 2559 ei
952 2514 1131 2572 neque
1158 2498 1327 2554 decor
1370 2511 1469 2568 per
1519 2494 1921 2554 humanitatem

314 2596 476 2671 (hui.
504 2610 626 2661 ιιιι,
651 2592 741 2665 2);
771 2592 888 2663 ipse
914 2598 1043 2647 ante
1079 2588 1279 2645 saecula
1303 2587 1371 2643 de
1398 2586 1562 2643 Patre
1585 2584 1708 2641 sine
1731 2583 1919 2648 Matre,

314 2688 437 2759 ipse
462 2687 518 2741 in
543 2684 653 2740 ﬁne
674 2682 996 2738 saeculorum
1027 2680 1095 2736 de
1126 2678 1297 2733 Matre
1321 2677 1439 2734 sine
1461 2676 1639 2732 Patre.
1679 2692 1699 2726 ι

386 2775 562 2834 XXV.
603 2776 740 2832 item
790 2774 986 2829 beatus
1028 2770 1337 2827 Alexander
1382 2763 1929 2837 Constantinopoleos

316 2871 607 2942 episcopus
618 2865 930 2922 Alexandro
942 2862 1310 2919 Alexandrino
1333 2861 1587 2932 episcopo
1603 2857 1856 2914 scribens
1871 2856 1927 2911 in

317 2959 550 3031 epistola
575 2971 742 3027 quam
773 2970 874 3025 pro
902 2953 1009 3010 ﬁde
1036 2952 1306 3009 catholica
1336 2950 1556 3021 scripsit
1581 2957 1707 3020 post
1733 2946 1931 3018 praefa-

318 3051 528 3106 tionem
556 3061 854 3119 congruam
885 3046 961 3099 ita
990 3042 1259 3100 subinfert
1284 3053 1312 3083 ι
1346 3059 1361 3095 :
1397 3060 1417 3092 ε
1459 3039 1633 3096 Porro
1665 3048 1931 3096 creatura:

320 3139 461 3209 ejus,
509 3139 760 3195 homines
803 3146 859 3193 et
904 3135 1082 3206 angeli
1130 3133 1537 3189 benedictioues
1581 3141 1926 3202 acceperunt,

320 3230 622 3286 virtutibus
646 3225 911 3301 proﬁcere
939 3225 1352 3288 contendentes,
1378 3223 1760 3293 mandatisque
1794 3222 1930 3292 legi-

321 3320 500 3386 timis,
526 3325 796 3390 quatenus
821 3331 931 3371 non
959 3322 1268 3386 peccarent.
1302 3314 1565 3369 Dominus
1590 3328 1719 3371 vero
1748 3323 1936 3369 noster

325 3381 653 3469 naturaliter
682 3405 853 3462 Filius
874 3381 1055 3461 Patris
1076 3406 1318 3461 existens
1351 3406 1422 3463 ab
1447 3407 1702 3462 omnibus
1737 3406 1933 3461 adora-
1960 3381 2008 3445 (ἶ

323 3513 439 3560 tur.
465 3502 548 3559 Illi
574 3503 906 3572 deponentes
934 3500 1188 3571 spiritum
1217 3499 1501 3555 servitutis
1525 3514 1591 3553 ex
1618 3500 1776 3555 bonis
1804 3514 1936 3569 ope-

325 3597 484 3653 ribus
512 3602 569 3651 et
595 3593 845 3666 profectu
876 3591 1138 3662 Spiritum
1177 3591 1456 3647 ﬁliationis
1487 3593 1816 3664 accipientes
1841 3607 1939 3662 per

328 3685 639 3745 naturalem
679 3684 879 3739 Filium
911 3681 1043 3751 justi
1084 3682 1222 3738 ﬁunt
1257 3690 1314 3738 et
1349 3682 1451 3751 ipsi
1486 3682 1776 3752 adoptione
1805 3682 1935 3748 ﬁlii;

330 3777 494 3833 istius
529 3784 711 3831 autem
753 3775 1029 3843 propriam
1066 3779 1123 3829 et
1159 3773 1464 3829 naturalem
1506 3774 1942 3843 praecipuamque

333 3869 652 3924 illiationem
675 3867 878 3921 Paulus
906 3864 1073 3921 etiam
1094 3865 1465 3922 manifestavit
1486 3865 1556 3921 de
1575 3865 1687 3923 Deo
1711 3865 1900 3922 dicens
1923 3884 1936 3920 :

334 3959 443 4026 Qui
464 3958 677 4031 proprio
707 3954 852 4011 Filio
876 3971 974 4012 suo
1016 3971 1122 4011 non
1159 3957 1408 4028 pepercit,
1434 3956 1525 4011 sed
1549 3971 1645 4027 pro
1682 3955 1850 4019 nobis,
1887 3956 1944 4011 id

332 4057 452 4118 est,
489 4048 585 4119 qui
620 4056 815 4104 natura
840 4062 952 4103 non
987 4060 1177 4102 sumus
1206 4046 1334 4113 ﬁlii,
1364 4047 1585 4102 tradidit
1612 4063 1732 4102 eum
1760 4045 1939 4117 (Rom.

332 4156 460 4206 uti,
499 4139 624 4211 32);
664 4139 735 4194 ad
768 4139 1171 4197 distinctionem
1196 4154 1431 4208 namque
1453 4154 1563 4195 non
1597 4140 1945 4210 propriorum

336 4231 492 4287 ﬂium
528 4229 810 4303 proprium
848 4228 1047 4285 Filium
1081 4244 1203 4286 esse
1235 4230 1391 4285 dixit.
1427 4231 1487 4286 lu
1523 4231 1814 4303 Evangelia
1851 4247 1948 4286 au-

338 4334 477 4389 tem,
502 4321 606 4378 Hic
629 4332 707 4378 est
733 4319 780 4375 F
783 4320 932 4389 ilius,
957 4323 1152 4393 inquit,
1179 4340 1325 4379 meus
1352 4323 1593 4395 dilectus,
1616 4326 1674 4380 in
1695 4342 1799 4397 quo
1823 4326 1950 4380 bene

335 4413 639 4489 complacui
665 4412 883 4485 (Matth.
916 4430 1004 4479 ut,
1038 4414 1149 4487 l’i).
1185 4435 1204 4468 ι

414 4502 606 4562 XXVI.
644 4503 993 4561 Chromatius
1031 4519 1247 4577 quoque
1293 4515 1497 4563 saneta
1524 4506 1787 4564 Romanae
1810 4509 1951 4563 anti—

341 4606 461 4655 stes
490 4593 770 4659 Ecclesiae,
800 4594 855 4649 in
884 4593 1064 4651 libello
1089 4610 1253 4664 quem
1278 4596 1347 4653 de
1369 4606 1496 4653 octo
1520 4596 1955 4654 Beatitudinibus

2020 2134 2283 2189 stantiam
2313 2148 2424 2188 non
2457 2132 2787 2188 dubitemus.
2825 2151 2844 2185 ι

2089 2224 2302 2281 XXVII.
2322 2224 2430 2281 Sed
2457 2222 2619 2294 hujus
2638 2223 2765 2281 ﬁdei
2780 2223 3066 2280 veritatem
3085 2225 3279 2281 beatus
3290 2223 3625 2296 Augustinus

2018 2317 2208 2373 multis
2236 2316 2525 2373 conﬁrmat
2552 2315 2910 2381 testimoniis,
2943 2330 3065 2385 quae
3102 2317 3333 2386 sparsim
3364 2317 3417 2371 in
3456 2331 3623 2387 opus-

2019 2409 2159 2465 culis
2188 2408 2305 2465 suis
2325 2406 2632 2478 legentibus
2651 2415 2706 2463 et
2724 2406 2983 2463 studiosis
3002 2415 3318 2463 occurrunt.
3340 2405 3457 2463 Non
3476 2408 3627 2463 enim

2022 2500 2354 2557 dormientes
2398 2497 2576 2572 [Leg.,
2613 2496 3029 2571 dormientibus]
3072 2499 3129 2553 in
3168 2497 3506 2564 inﬁdelitate,
3532 2498 3629 2554 sed

2024 2592 2304 2664 sapientia:
2347 2590 2694 2647 studentibus
2735 2588 2982 2644 veritatis
3024 2588 3266 2645 thesauri
3308 2595 3629 2659 patescunt;

2024 2684 2169 2741 unde
2194 2693 2251 2739 et
2277 2683 2332 2737 in
2355 2681 2651 2755 Evangelio
2676 2680 2794 2751 ipsa
2825 2681 3103 2752 Sapientia
3126 2681 3295 2736 dixit:
3326 2679 3633 2750 Justiﬁcata

2026 2785 2102 2831 est
2136 2775 2395 2846 sapientia
2429 2791 2463 2827 a
2497 2773 2625 2844 [iliis
2651 2773 2763 2828 suis
2793 2772 3010 2845 (Matt/1.
3042 2789 3131 2841 xx,
3161 2772 3271 2845 l9).
3304 2772 3459 2830 Unde
3486 2773 3633 2831 idem

2028 2868 2194 2924 Pater
2234 2867 2289 2921 in
2334 2864 2565 2937 praefato
2602 2881 2770 2937 opere
2809 2864 3168 2922 Homiliarum
3211 2866 3371 2922 titulo
3412 2875 3637 2936 quarto-

2030 2958 2242 3015 decimo
2288 2959 2397 3014 tale
2436 2958 2665 3030 protulit
2704 2957 3075 3014 testimoninm
3110 2970 3132 2998 ο
3179 2973 3196 3013 :
3241 2977 3261 3010 ι
3306 2958 3448 3015 Audi
3486 2960 3637 3016 enim

2030 3052 2207 3106 adhuc
2252 3051 2397 3120 quod
2440 3050 2706 3121 sequitur,
2756 3051 2883 3120 quia
2928 3051 2996 3105 de
3034 3050 3174 3105 Filio
3219 3050 3477 3106 dixerat:
3510 3049 3641 3109 Non

2030 3145 2171 3197 enim
2198 3143 2269 3197 ad
2304 3159 2608 3198 mensuram
2647 3142 2739 3197 dat
2766 3142 2909 3197 Deus
2952 3142 3232 3213 Spiritum.
3278 3142 3442 3197 Pater
3464 3131 3645 3216 diligit.

2035 3232 2240 3287 Filium
2264 3242 2315 3288 et
2333 3235 2513 3288 omnia
2535 3234 2680 3288 dedit
2695 3233 2752 3288 in
2772 3248 2935 3287 manu
2956 3233 3073 3303 ejus
3095 3231 3276 3305 (Joan.
3300 3248 3385 3299 tu,
3405 3231 3497 3300 δι,
3517 3231 3636 3308 35).

2035 3323 2237 3394 Adjicit
2267 3342 2280 3377 :
2312 3324 2506 3379 Omnia
2534 3324 2679 3378 dedit
2705 3325 2763 3378 in
2788 3338 2951 3379 manu
2971 3322 3108 3394 ejus,
3137 3330 3197 3377 ut
3226 3339 3415 3380 nosses
3440 3330 3497 3378 et
3524 3323 3638 3392 hic,

2037 3433 2202 3488 quam
2251 3416 2505 3473 distincte
2543 3416 2751 3473 dictum
2795 3425 2879 3472 est
2923 3434 2937 3469 :
2994 3414 3154 3471 Pater
3195 3415 3369 3488 diligit
3414 3414 3641 3474 Filium.

2038 3510 2221 3580 Quare
2248 3511 2434 3566 enim?
2476 3507 2642 3566 Pater
2667 3524 2777 3566 non
2812 3509 2989 3582 diligit
3011 3507 3315 3565 Joannem?
3357 3509 3425 3565 Et
3459 3518 3646 3567 tamen

2038 3620 2149 3660 non
2193 3603 2376 3659 omnia
2421 3600 2569 3657 dedit
2612 3601 2668 3657 in
2716 3616 2881 3658 manu
2927 3600 3065 3670 ejus.
3115 3600 3275 3657 Pater
3318 3618 3427 3658 non
3467 3602 3647 3675 diligit

2039 3696 2304 3754 Paulum?
2347 3695 2416 3751 Et
2441 3702 2623 3751 tamen
2651 3709 2761 3750 non
2800 3694 2983 3750 omnia
3025 3694 3174 3750 dedit
3220 3694 3272 3749 in
3313 3709 3476 3748 manu
3506 3693 3643 3763 ejus.

2040 3782 2205 3839 Pater
2236 3782 2412 3854 diligit
2445 3780 2683 3837 Filium:
2724 3780 2822 3839 sed
2859 3782 3132 3851 quomodo
3167 3778 3335 3853 733
3369 3780 3530 3835 Pater
3558 3779 3649 3834 Fi-

2042 3873 2200 3937 lium,
2222 3887 2332 3927 non
2357 3871 2630 3942 quomodo
2660 3869 2922 3926 Dominus
2950 3885 3200 3937 servum;
3231 3870 3505 3941 quomodo
3525 3870 3650 3925 uni-

2043 3979 2187 4028 cum,
2214 3981 2326 4019 non
2352 3964 2627 4035 quomodo
2656 3963 2993 4034 adoptatum.
3029 3981 3046 4015 ι

2117 4054 2353 4112 XXVIII.
2372 4056 2506 4112 Item
2522 4056 2577 4110 in
2598 4054 2862 4111 Sermone
2876 4071 2991 4110 xm
3005 4055 3030 4095 ἀ
3049 4071 3064 4110 :
3085 4076 3103 4106 ι
3122 4056 3189 4111 Et
3203 4072 3414 4121 revera,
3429 4054 3648 4122 fratres,

2044 4156 2180 4218 puto
2202 4147 2330 4218 quia
2354 4146 2565 4216 justum
2588 4154 2694 4214 est,
2726 4146 3033 4202 humiliavit
3056 4161 3117 4201 se
3143 4156 3368 4217 propter
3394 4163 3513 4213 nos,
3535 4148 3652 4219 glo-

2048 4241 2325 4299 riﬁCemus
2356 4241 2507 4295 illum
2543 4256 2661 4296 nos.
2698 4239 2818 4296 Non
2852 4241 2998 4296 enim
3037 4241 3210 4297 Filius
3251 4242 3487 4299 hominis
3525 4259 3655 4315 pro-

2049 4344 2171 4404 pter
2194 4347 2257 4388 se
2280 4342 2382 4398 est,
2425 4333 2520 4389 sed
2544 4342 2770 4404 propter
2792 4349 2893 4390 nos
2918 4349 2933 4386 :
2962 4349 3093 4406 ergo
3120 4342 3240 4392 erat
3272 4336 3443 4393 Filius
3476 4336 3653 4395 homi-

2052 4427 2138 4482 nis
2167 4423 2258 4479 iilo
2292 4426 2471 4489 modo,
2512 4438 2638 4481 cum
2670 4425 2908 4481 Verbum
2934 4440 3066 4482 caro
3103 4426 3305 4483 factum
3336 4437 3441 4496 est,
3470 4439 3529 4486 et
3557 4430 3655 4488 ha-

2050 4518 2247 4575 bitavit
2265 4518 2322 4572 in
2346 4517 2522 4573 nobis.
2546 4516 2671 4573 ideo
2697 4517 2841 4573 hunc
2867 4518 3014 4573 enim
3040 4518 3185 4574 Deus
3212 4516 3373 4577 Pater
3394 4522 3652 4595 signavit.

2053 4609 2285 4680 Signare
2313 4610 2443 4680 quid
2470 4616 2577 4675 est,
2609 4609 2715 4664 nisi
2748 4610 3029 4679 proprium
3054 4612 3257 4682 aliquid
3286 4629 3508 4685 ponere.
3540 4615 3655 4675 Hoc

343 4687 708 4789 fﬁlﬂiiniﬁ‘
738 4685 871 4789 die.“
900 4687 930 4728 δ
960 4700 975 4740 τ
1012 4704 1033 4737 ί
1064 4685 1580 4789 Ῐηλωῖξιθιτξοωίξη
1612 4689 1868 4758 baptismi
1897 4698 1953 4789 ei
1982 4730 2032 4789 ο
2054 4710 2139 4756 est
2183 4701 2420 4769 signare,
2462 4713 2666 4768 ponere
2710 4698 2935 4769 aliquid,
2985 4714 3096 4771 quo
3143 4716 3250 4758 non
3294 4704 3657 4765 confundatur

342 4781 524 4838 Filius
559 4779 690 4853 [Alii
723 4778 927 4834 addunt
958 4794 977 4832 :
1006 4779 1254 4852 manens]
1282 4779 1495 4837 videtur
1518 4779 1572 4835 in
1602 4792 1860 4850 corpore;
1900 4786 1955 4833 et

349 4874 593 4945 Spiritus
618 4881 842 4929 sanctus
864 4873 918 4926 in
949 4874 1129 4943 specie
1149 4872 1414 4929 columbae
1439 4870 1748 4939 descendit;
1772 4882 1829 4929 et
1850 4888 1953 4927 vox

350 4967 533 5024 Patris
560 4966 629 5022 de
655 4965 797 5022 caelo
827 4966 1066 5031 auditur,
1100 4975 1162 5021 ut
1189 4965 1477 5022 Trinitatis
1501 4967 1685 5021 unitas
1711 4967 1953 5023 declare-

351 5068 467 5124 tur,
506 5059 634 5129 quia
671 5072 774 5113 nec
806 5056 969 5112 Pater
1009 5057 1128 5113 sine
1169 5055 1307 5111 Filio
1347 5056 1569 5126 intelligi
1602 5064 1813 5127 potest,
1855 5073 1957 5113 nec

353 5149 530 5207 Filius
554 5149 674 5204 sine
701 5146 909 5215 Spiritu
936 5156 1125 5203 sancto
1147 5148 1420 5217 cognosci.
1461 5147 1591 5203 Vide
1615 5145 1751 5218 [Αι.,
1780 5147 1954 5219 Unde]

353 5241 543 5313 igitur,
570 5238 733 5308 quale
756 5235 934 5292 Patris
959 5238 1025 5294 de
1049 5236 1186 5293 Filio
1210 5238 1581 5293 testimonium
1602 5239 1671 5292 sit
1696 5240 1957 5295 dicentis:

433 5387 463 5416 ι
500 5373 621 5429 Non
653 5372 962 5429 Alexander
993 5372 1280 5442 episcopus
1315 5368 1856 5442 Constantinopoleos
1893 5376 1959 5429 ad

360 5444 733 5513 Alexandrum
786 5442 1210 5497 Alexandrinum
1265 5443 1607 5513 episcopum,
1664 5454 1824 5512 prout
1873 5446 1963 5502 hic

362 5515 579 5572 incuria
604 5512 852 5569 fortassis
891 5513 1244 5581 descriptoris
1276 5512 1526 5581 ponitur;
1568 5514 1662 5569 sed
1691 5514 1779 5570 hic
1805 5517 1870 5569 ad
1901 5516 1965 5569 il-

363 5586 481 5641 lum
503 5586 621 5641 hac
645 5584 883 5655 scripsit.
910 5583 1103 5638 Exstat
1126 5598 1263 5655 vero
1280 5583 1396 5638 haec
1416 5584 1642 5655 epistola
1665 5599 1787 5641 cum
1813 5595 1964 5642 textu

367 5656 461 5713 hic
484 5655 580 5710 cit.
611 5652 1185 5724 apud‘Theodoretum
1215 5653 1336 5707 libr.
1370 5670 1408 5714 ι,
1443 5668 1560 5722 cap.
1589 5652 1641 5708 4.

444 5726 475 5766 ιι
514 5723 705 5781 Exstat
731 5725 820 5778 hic
850 5724 1000 5778 locus
1034 5740 1140 5779 non
1179 5724 1233 5776 in
1271 5723 1453 5778 libello
1483 5725 1550 5779 de
1576 5735 1701 5781 octo
1727 5726 1969 5782 Beatitu-

370 5796 613 5860 dinihus,
644 5796 739 5866 sed
766 5795 820 5847 in
844 5795 1076 5863 quodam
1105 5792 1421 5866 Chromatii
1432 5792 1738 5866 fragmento
1766 5797 1819 5849 in
1845 5813 1963 5866 cap.

372 5883 461 5930 ιιι,
484 5882 519 5920 v
569 5866 624 5931 ι,
653 5865 870 5929 Matth,
894 5874 1023 5918 tom.
1056 5866 1092 5918 V
1112 5863 1215 5917 BB.
1244 5863 1346 5919 PP.
1382 5863 1511 5918 Fuit
1532 5863 1664 5920 vero
1682 5867 1769 5922 hic
1797 5863 1969 5922 Chro-

375 5937 575 5993 matius
597 5937 883 6005 cpiscopus
909 5935 1290 6003 Aquileiensis,
1321 5949 1429 5990 non
1460 5935 1752 6001 Romanus,
1782 5953 1970 6006 quam-

373 6006 460 6062 vis
498 6007 792 6071 Romanus,
831 6007 1091 6062 incertum
1130 6021 1238 6075 quo
1273 6019 1459 6073 sensu,
1494 6006 1778 6077 episcopus
1804 6009 1967 6063 etiam

2057 4809 2184 4849 cum
2208 4792 2442 4848 ueteris.
2467 4791 2694 4862 Signare
2720 4801 2826 4859 est,
2856 4792 3069 4865 signum
3094 4796 3142 4850 ei
3173 4812 3395 4865 ponere.
3418 4797 3657 4857 Cuicuno

2056 4902 2161 4959 que
2188 4887 2266 4941 rei
2293 4886 2449 4955 ponis
2476 4885 2712 4957 signum,
2742 4886 2862 4941 ideo
2887 4886 3044 4957 ponis
3070 4890 3309 4959 signum,
3338 4908 3408 4947 ne
3429 4894 3656 4952 confusa

2056 4994 2181 5035 cum
2222 4978 2343 5033 aliis
2372 4984 2501 5033 ante
2540 4992 2646 5033 non
2689 4979 2859 5048 possit
2897 4981 3137 5049 agnosci.
3184 4979 3344 5039 Pater
3369 5000 3500 5057 ergo
3530 5001 3656 5045 eum

2056 5069 2311 5140 signavit.
2356 5067 2495 5135 Quid
2523 5076 2607 5122 est
2647 5067 2915 5139 signavit?
2960 5068 3246 5142 Proprium
3289 5075 3542 5143 quiddam
3579 5080 3657 5135 illi

2058 5160 2223 5223 dedit,
2249 5176 2317 5215 ne
2337 5159 2548 5215 caeteris
2577 5169 2922 5230 comparetur
2946 5161 3276 5219 hominibus.
3302 5166 3426 5221 [deo
3451 5168 3657 5226 dictum

2059 5260 2141 5306 est
2174 5270 2182 5298 :
2222 5248 2383 5305 Unxit
2410 5260 2459 5304 te
2496 5249 2637 5305 Deus
2661 5248 2807 5305 Deus
2845 5260 2967 5305 tuus
3005 5252 3118 5306 oIco
3151 5255 3510 5314 exsultationis
3546 5276 3661 5330 pro

2064 5383 2365 5466 appelletur
2398 5383 2455 5466 in
2481 5382 2639 5466 codd.
2669 5399 2799 5466 mss.
2830 5384 2975 5466 illius
2999 5387 3202 5466 scripta
3230 5389 3653 5466 continentibus.

2108 5454 2630 5529 orte__descriptores
2668 5455 2792 5529 inde
2832 5456 3039 5526 decepti
3086 5454 3325 5525 fuerunt,
3357 5460 3498 5529 quod
3531 5477 3656 5517 san~

2067 5533 2188 5601 ctus
2212 5522 2848 5601 Hieronymusgumdem
2875 5522 3115 5601 san—ctum
3144 5522 3333 5601 papam
3359 5522 3655 5601 appellave-

2068 5597 2141 5651 rit
2172 5594 2331 5663 epist.
2369 5592 2430 5652 8l
2478 5595 2544 5649 ad
2578 5592 2847 5650 Bullinum
2890 5608 3021 5652 tom.
3063 5597 3105 5662 l,
3144 5592 3348 5654 et'lihr.
3390 5592 3442 5655 ii
3470 5611 3657 5657 contra

2069 5664 2338 5723 Bufﬁnum
2366 5673 2497 5719 tom.
2533 5662 2591 5720 π.
2635 5665 2766 5720 Vide
2796 5666 3073 5723 Memoires
3102 5670 3163 5725 D.
3200 5669 3504 5725 Tillemont.
3532 5688 3652 5725 nan.

2071 5682 2338 5723 numnum
2366 5682 2497 5719 tom.
2533 5682 2591 5720 ιι.
2641 5682 2766 5720 Ytue
2796 5682 3073 5723 memorres
3104 5682 3163 5725 υ.
3200 5682 3505 5737 'l'lllemont,
3532 5688 3652 5745 pag.

2067 5735 2484 5818 snsi,“tom.__Xl,
2528 5744 2582 5818 et
2616 5735 2678 5790 D.
2713 5734 2927 5818 Qeillier
2955 5737 3094 5818 (list.
3138 5739 3268 5795 δέη.
3307 5736 3398 5796 des
3433 5742 3658 5800 Auteurs

2071 5805 2525 5875 Ecclésiastiques,
2561 5814 2690 5861 tom.
2719 5806 2934 5932 lippag.
2963 5810 3051 5865 8‘2.

2147 5891 2168 5916 ε
2211 5876 2267 5931 S.
2296 5879 2457 5932 Αυα..
2489 5886 2645 5932 tract.
2682 5892 2770 5932 xiv
2801 5895 2854 5932 in
2911 5896 3035 5932 oan.

2147 5891 2168 5916 ε
2211 5876 2267 5931 S.
2296 5879 2457 5945 Aug.,
2489 5886 2645 5932 tract.
2682 5892 2770 5932 xiv
2801 5876 2854 5933 in
2879 5876 3035 5935 Joan.
3070 5898 3214 5938 num.
3247 5882 3333 5939 il.

2144 5948 2168 5987 δ
2208 5948 2370 6016 ldcm,
2403 5956 2557 6003 tract.
2590 5964 2714 6016 xxv,
2747 5966 2891 6005 num.
2926 5952 3010 6005 lt.
