4346 6628
654 283 727 337 99
1499 266 1557 319 Β.
1600 266 1661 317 ll.
1697 255 1919 315 ALBLNI
1961 258 2090 311 SEU
2130 255 2305 307 ALCL

2298 250 2407 306 JlNl
2449 247 2733 302 UPI‘JIUM
2774 242 2952 297 PARS
2989 240 3073 296 III.

3844 224 3949 278 100

653 388 994 463 participibus
1028 384 1130 438 tuis
1170 378 1342 454 (Psal.
1378 393 1522 442 xuv,
1555 374 1631 445 8).
1677 373 1840 463 Ergo
1866 369 2082 463 signare
2131 361 2260 463 quid
2288 369 2335 422 Α
2366 354 2967 463 ναξξξζίειέιύιιειίιξα
2991 347 3179 463 inille
3219 364 3325 402 non
3455 342 3637 463 (Jugis:
3663 354 3801 444 xvn,
3837 337 3950 463 L8).

659 455 775 538 est?
792 455 1087 548 Exceptum
1113 474 1312 528 habere
1333 470 1435 524 hoc
1455 475 1561 532 est,
1580 480 1690 536 prae
1706 458 2057 533 participibus
2081 455 2212 510 suis.
2229 472 2247 505 ι

733 570 928 630 XXIX.
962 569 1095 625 Item
1128 568 1182 622 in
1211 564 1477 621 Sermone
1525 559 1767 632 ejusdem
1794 554 1977 625 operis
2024 563 2155 605 xxxv
2178 558 2207 589 ει
2239 563 2252 600 :

623 664 630 671 ’
665 683 691 719 ι
726 664 893 719 Nemo
919 660 1149 717 ascendit
1176 659 1233 713 in
1256 655 1465 719 cadum,
1506 653 1607 707 nisi
1637 651 1725 722 qui
1747 648 1814 703 de
1835 644 1963 702 caelo
1993 639 2257 698 descendit

668 755 840 812 Filius
879 752 1124 816 hominis,
1167 750 1255 820 qui
1299 758 1373 803 est
1411 748 1466 801 in
1504 743 1633 801 ccelo
1677 742 1858 814 (Joan.
1886 754 1970 804 ιιι,
2000 734 2111 807 15).
2140 730 2258 787 Non

667 848 902 913 dixerat,
949 844 1143 908 Filius,
1187 841 1384 911 inquit,
1428 836 1681 899 hominis,
1725 832 1817 903 qui
1856 835 1975 885 erat
2016 828 2075 883 in
2120 823 2259 880 etelo

665 940 841 1017 [Ειιὶι.
876 954 891 993 :
919 936 1038 993 Non
1062 936 1219 1000 dixit,
1263 941 1400 997 erat,
1427 931 1521 986 sed
1550 928 1741 991 Filius,
1784 922 1979 993 inquit,
2024 915 2261 975 hominis

664 1009 761 1106 qui
786 1041 871 1087 est
910 1033 963 1087 in
990 1027 1173 1101 coelo].
1202 1025 1261 1081 In
1296 1034 1443 1080 terra
1472 1022 1815 1092 loquebatur,
1857 1022 1913 1071 et
1942 1014 1997 1068 in
2036 1009 2174 1066 ecelo
2204 1022 2263 1062 se

663 1098 789 1186 esse
832 1123 1062 1181 dicebat.
1110 1098 1180 1175 ιὲι
1225 1133 1332 1174 non
1375 1117 1453 1171 ita
1495 1114 1673 1170 dixit:
1708 1108 1879 1165 Nemo
1927 1101 2160 1158 ascendit
2206 1098 2264 1152 in

669 1216 878 1282 cadum,
924 1214 1025 1270 nisi
1062 1212 1154 1285 qui
1197 1210 1262 1264 de
1309 1206 1435 1261 coelo
1475 1202 1770 1266 descendit,
1818 1196 1994 1251 Filius
2037 1190 2263 1285 hominis

667 1280 871 1384 [Είιίιη⁷
894 1280 1232 1374 Filius'Dei],
1260 1301 1350 1371 qui
1372 1307 1446 1353 est
1474 1298 1529 1351 in
1557 1293 1706 1350 calo.
1735 1291 1854 1358 Quo
1873 1285 2129 1360 pertinet,
2159 1280 2264 1336 nisi

668 1412 733 1461 ut
767 1400 1131 1472 intelligamus
1171 1394 1316 1466 quod
1349 1393 1515 1448 etiam
1553 1387 1783 1461 pristino
1824 1394 2074 1439 sermone
2106 1388 2266 1432 com-

669 1494 926 1552 mendavi
976 1487 1230 1549 charitati
1290 1496 1487 1541 vestrae
1512 1522 1529 1548 ,
1587 1495 1750 1536 unam
1802 1487 2115 1547 personam
2147 1482 2268 1524 esse

672 1588 950 1645 Christum
974 1585 1142 1640 Deum
1167 1588 1223 1637 et
1239 1578 1516 1636 hominem
1536 1615 1551 1639 ,
1591 1587 1698 1630 non
1726 1571 1884 1631 duas,
1910 1581 1980 1621 ne
2007 1563 2141 1619 ﬁdes
2172 1574 2269 1614 no-

673 1688 789 1737 stra
815 1692 924 1733 non
950 1675 1023 1731 sit
1048 1671 1308 1735 Trinitas,
1341 1668 1436 1726 sed
1463 1660 1832 1736 quaternitas?
1857 1656 2109 1714 Christus
2137 1664 2267 1721 ergo

674 1784 817 1826 unus
837 1776 951 1832 est;
979 1766 1217 1821 Verbum
1239 1760 1419 1817 anima
1449 1771 1601 1814 caro.
1622 1767 1765 1809 unus
1788 1748 2072 1808 Christus;
2097 1740 2267 1797 Filius

678 1860 779 1918 Dei
798 1868 854 1915 et
870 1857 1041 1915 Filius
1064 1852 1323 1919 hominis,
1348 1864 1485 1906 unus
1507 1846 1790 1909 Christus;
1820 1839 1995 1896 Filius
2016 1835 2111 1891 Dei
2132 1848 2273 1889 sem-

674 1969 798 2027 per,
820 1952 991 2009 Filius
1011 1947 1247 2007 hominis
1268 1959 1336 2001 ex
1363 1952 1631 2011 tempore,
1654 1945 1836 1992 tamen
1860 1946 2000 1986 unus
2021 1928 2273 1984 Christus

679 2017 979 2102 secundum
1003 2040 1267 2097 unitatem
1284 2048 1551 2107 personae.
1572 2030 1630 2085 In
1652 2029 1792 2085 caelo
1814 2032 1955 2091 erat,
1981 2021 2197 2093 quando
2218 2017 2273 2072 in

678 2145 828 2193 terra
849 2135 1197 2206 loquebatur:
1214 2131 1293 2186 sic
1310 2124 1612 2186 eratFilius
1631 2120 1868 2177 hominis
1889 2119 1943 2173 in
1961 2114 2123 2179 crnlo,
2141 2126 2275 2183 quo—

679 2228 840 2286 modo
850 2226 1021 2284 Filius
1033 2223 1130 2280 Dei
1145 2229 1264 2278 erat
1285 2220 1341 2275 in
1362 2227 1527 2274 terra.
1544 2213 1715 2270 Filius
1726 2211 1822 2267 Dei
1847 2210 1900 2265 in
1924 2219 2071 2264 terra
2093 2220 2275 2262 susce-
2300 2254 2303 2257 λ

679 2329 774 2392 pta
785 2332 980 2384 carne;
998 2315 1171 2372 Filius
1191 2310 1429 2369 hominis
1443 2308 1499 2365 in
1513 2305 1653 2363 coelo
1673 2304 1728 2359 in
1752 2303 1959 2359 unitate
1971 2313 2236 2370 personae.
2250 2317 2269 2349 ›

754 2408 925 2467 XXI.
940 2409 1082 2466 Ecce
1100 2403 1371 2478 quomodo
1394 2402 1496 2458 iste
1506 2400 1669 2455 Pater
1686 2391 2013 2451 venerabilis
2034 2389 2278 2460 adoptio-

681 2504 770 2562 nis
780 2501 984 2559 nomini
998 2514 1169 2570 nuper
1186 2497 1404 2552 inducto
1419 2489 1657 2549 occurrit
1671 2490 1684 2542 !
1704 2484 1983 2555 Quomodo
2000 2498 2107 2539 non
2119 2487 2278 2536 erunt

683 2600 917 2665 quatuor
929 2603 1194 2661 personat,
1216 2587 1260 2642 si
1285 2582 1494 2657 [Forte,
1516 2576 1745 2650 scilicet]
1761 2577 1942 2638 Pater,
1967 2581 2023 2628 et
2042 2571 2280 2642 Spiritus

688 2660 1011 2748 sanctus,iet
1041 2680 1209 2737 Filius
1238 2675 1511 2747 proprius,
1535 2680 1590 2727 et
1621 2670 1760 2725 ﬁlius
1788 2662 2110 2737 adoptivus?
2145 2660 2279 2717 Nam

687 2777 830 2835 sicut
851 2788 992 2844 saepe
1014 2771 1271 2834 diximus,
1302 2765 1479 2823 omnis
1506 2763 1599 2836 qui
1625 2778 1818 2819 sanum
1836 2758 2004 2829 sapit,
2030 2756 2137 2811 duo
2161 2770 2281 2810 esse

688 2869 941 2938 intelligit
964 2865 1242 2938 proprium
1273 2870 1329 2918 et
1358 2859 1687 2930 adoptivum,
1708 2856 1863 2911 sicut
1893 2853 2000 2907 duo
2044 2858 2169 2906 sunt
2190 2865 2282 2903 ve—

690 2977 810 3020 rum
825 2971 878 3017 et
892 2976 996 3015 non
1012 2972 1222 3013 verum.
1237 2955 1483 3023 thuam
1506 2950 1729 3021 impium
1747 2953 1831 3001 est
1847 2944 1953 3000 dici
1969 2942 2106 2997 duos
2120 2940 2279 3004 ﬁlios,

690 3070 859 3115 unum
874 3051 1172 3124 proprium,
1188 3049 1417 3112 alterum
1434 3039 1744 3114 adoptivum
1760 3041 1773 3094 Σ
1790 3038 1989 3093 Contra
2005 3049 2166 3103 quam
2184 3034 2281 3085 im-

690 3098 1172 3219 tigrim;an
1334 3098 1602 3209 profess-io
1629 3133 1684 3187 in
1705 3129 1970 3203 symbolo,
1993 3098 2137 3196 quod
2158 3126 2283 3178 bea-
2309 3098 2353 3159 Ο

694 3249 783 3296 tus
800 3237 1039 3296 Isidorus
1065 3235 1121 3289 in
1150 3229 1500 3304 Etymologiis
1526 3224 1846 3295 composuit,
1877 3219 2159 3275 manifeste
2186 3231 2283 3284 pu-

693 3339 846 3404 gnat,
885 3329 1072 3387 dicens
1094 3327 1123 3366 ιι
1154 3344 1168 3379 :
1207 3344 1226 3376 ‹
1260 3325 1398 3393 Ergo
1424 3322 1515 3375 Dei
1541 3318 1710 3375 Filius
1747 3312 1978 3371 hominis
2007 3310 2181 3365 factus
2203 3314 2286 3362 est

695 3397 890 3486 Filius,
912 3425 1071 3473 natus
1091 3414 1380 3470 secundum
1412 3412 1691 3465 veritatem
1722 3412 1929 3458 natura:
1953 3418 2018 3455 ex
2055 3401 2165 3453 Deo
2190 3397 2285 3451 Dei

696 3512 902 3579 Filius;
927 3519 982 3567 et
1004 3508 1302 3567 secundum
1328 3504 1610 3559 veritatem
1635 3509 1842 3552 natura:
1862 3511 1931 3550 ex
1951 3493 2172 3549 homine
2193 3491 2289 3546 ho-

698 3605 866 3664 minis
900 3602 1093 3666 Filius,
1130 3606 1190 3653 ut
1212 3598 1412 3652 veritas
1439 3590 1698 3663 unigeniti
1737 3586 1934 3662 [Edit.,
1959 3582 2148 3655 geniti]
2181 3597 2287 3636 non

701 3692 1011 3765 adoptione,
1026 3683 1571 3765 neque'appellatione
1587 3679 1783 3751 [Edit.,
1797 3672 2181 3746 apparitione],
2196 3671 2291 3726 sed

704 3788 760 3844 in
781 3797 1009 3853 utraque
1031 3779 1313 3835 nativitate
1326 3776 1445 3829 Filii
1466 3789 1662 3828 nomen
1684 3769 1954 3826 nascendo
1970 3768 2213 3829 haberet,
2231 3773 2291 3819 ut

703 3884 848 3935 esset
867 3888 1027 3931 verus
1043 3872 1185 3929 Deus
1196 3880 1251 3925 et
1262 3883 1422 3923 verus
1442 3866 1605 3921 homo
1626 3877 1764 3917 uinus
1785 3861 1972 3916 Filius.
1997 3879 2014 3911 ι
2033 3858 2292 3928 Nonergo

705 3971 840 4027 duos
868 3966 1134 4031 Christos,
1157 3977 1332 4033 neque
1352 3960 1489 4016 duos
1508 3957 1695 4021 Filios,
1724 3955 1818 4011 sed
1847 3955 2015 4009 Deum
2040 3960 2094 4008 et
2121 3950 2294 4006 homi-

705 4074 831 4115 nem
859 4073 1024 4114 unum
1049 4054 1263 4117 Filium,
1296 4066 1456 4123 quem
1485 4056 1769 4120 propterea
1798 4045 2133 4115 unigenitum
2162 4043 2297 4096 dici-

706 4166 845 4217 mus,
885 4156 1192 4205 manentem
1231 4146 1288 4201 in
1324 4143 1533 4199 duabus
1560 4139 1904 4203 substantiis,
1934 4137 2076 4192 sicut
2108 4136 2157 4190 ei
2201 4150 2295 4188 na-

706 4249 843 4296 tura:
871 4239 1071 4294 veritas
1092 4236 1336 4293 contulit.

780 4330 971 4389 XXXI.
994 4330 1124 4385 Item
1145 4327 1569 4399 praenominatus
1584 4326 1744 4379 Pater
1764 4322 2095 4392 Augustinus
2116 4321 2169 4373 in
2192 4318 2297 4374 Ho-

708 4423 823 4479 mil.
847 4437 973 4477 xxvi
998 4420 1127 4475 dicit
1154 4422 1207 4473 in
1248 4434 1313 4472 eo
1354 4417 1494 4483 loco,
1535 4417 1638 4487 ubi,
1674 4414 2007 4468 Dominicam
2046 4411 2292 4481 exposuit

709 4511 1030 4570 sententiam
1066 4529 1079 4564 :
1116 4510 1219 4575 Qui
1248 4526 1279 4561 a
1311 4508 1583 4577 semetipso
1623 4505 1873 4576 loquitur,
1914 4502 2137 4574 gloriam
2172 4519 2294 4573 pro--

708 4598 877 4676 prium
916 4601 1101 4672 quwrit
1140 4598 1321 4671 (Joan.
1357 4614 1453 4662 vn,
1494 4596 1604 4666 l8).
1639 4606 1659 4631 ε
1698 4613 1715 4643 ‹
1753 4594 1892 4661 Quid
1923 4602 1978 4647 tu
2017 4593 2179 4648 homo
2216 4591 2297 4644 Ιὶιη

710 4707 833 4751 cere
855 4692 1037 4757 debes,
1078 4690 1192 4762 qui,
1228 4688 1442 4760 tutando
1480 4686 1681 4756 aliquid
1718 4686 1843 4739 boui
1882 4684 2037 4749 facis,
2069 4684 2299 4754 gloriam

712 4794 863 4841 tuam
879 4784 1077 4855 quaeris
1094 4802 1107 4849 ;
1130 4782 1344 4854 quando
1361 4789 1537 4836 autem
1557 4778 1760 4848 aliquid
1778 4777 1899 4832 mali
1914 4775 2063 4839 facis,
2086 4777 2195 4830 Deo
2208 4792 2298 4830 ca-

711 4877 971 4935 lumniam
992 4874 1306 4934 meditaris?
1324 4874 1544 4931 Intende
1568 4872 1686 4937 tibi,
1704 4878 1950 4926 creatura
1966 4884 2046 4935 es,
2068 4883 2299 4939 agnosce

715 4977 1035 5027 creatorem.
1070 4965 1273 5023 Servus
1299 4980 1379 5029 es,
1410 4979 1478 5018 ne
1505 4971 1817 5019 contemnas
1844 4961 2031 5014 Deum.
2062 4960 2298 5027 Adopta-

716 5071 803 5117 tus
826 5074 909 5127 es,
939 5061 1036 5116 sed
1062 5075 1171 5115 non
1198 5057 1409 5113 meritis
1441 5058 1576 5121 tuis;
1614 5069 1794 5124 quzere
1831 5051 2056 5122 gloriam
2090 5050 2227 5119 ejus,
2268 5064 2298 5103 a

716 5170 827 5228 quo
853 5154 1020 5210 habes
1042 5150 1183 5206 hanc
1208 5149 1441 5219 gratiam
1478 5148 1641 5202 homo
1666 5145 1969 5214 adoptatus,
2000 5142 2153 5211 cujus
2190 5141 2305 5212 glo-

718 5248 856 5305 riam
884 5244 1162 5319 quaesivit,
1191 5242 1285 5313 qui
1339 5248 1423 5297 est
1470 5240 1537 5293 ab
1586 5237 1675 5292 illo
1726 5236 1922 5292 unicus
1968 5245 2145 5291 natus.
2201 5234 2304 5299 Qui

719 5349 895 5398 autem
932 5338 1119 5411 qua'rit
1174 5336 1397 5407 gloriam
1444 5333 1557 5405 ejus
1595 5332 1685 5401 qui
1708 5330 1848 5411 misit
1874 5329 2045 5393 illum,
2104 5328 2185 5381 hic
2220 5344 2305 5381 ve-

797 5509 824 5539 ⁸
859 5496 1039 5553 Tract.
1068 5511 1213 5551 xxv“
1244 5494 1297 5548 in
1322 5492 1477 5549 Joan.
1509 5508 1656 5546 num.
1686 5489 1738 5545 4.

794 5567 826 5609 δ
860 5568 917 5623 ln
966 5565 1313 5637 Etymologiis
1363 5579 1476 5637 non
1519 5562 1818 5637 reperimus
1869 5559 2022 5637 hunc
2064 5566 2303 5637 textum,

766 5653 886 5695 uem
925 5629 1110 5693 videas
1150 5629 1406 5705 invopere
1445 5633 1512 5689 de
1560 5629 1812 5691 Doctrina
1856 5640 1911 5685 et
1954 5630 2056 5684 ﬁde
2099 5629 2302 5685 Decies.

766 5655 886 5695 uem
925 5655 1110 5693 vineas
1150 5655 1205 5693 in
1244 5655 1290 5704 οι

726 5655 1060 5783 Saguntum,
1089 5722 1206 5779 cap.
1238 5706 1290 5761 Ξ.

2427 446 2642 503 XXXII.
2684 445 2827 500 Dicit
2860 444 3025 499 etiam
3066 440 3208 496 idem
3246 436 3502 508 praefatus
3540 432 3702 488 Pater
3747 431 3801 486 in
3842 427 3956 484 Ho-

2356 539 2471 595 mil.
2504 553 2696 599 xxxm,
2727 538 2782 591 in
2807 534 3145 605 expositione
3170 528 3289 599 ejus
3315 526 3620 590 sententiae,
3647 518 3811 593 quam
3839 523 3956 593 ipsa

2359 631 2575 688 Veritas
2615 627 2815 684 Judreis
2859 623 3316 682 calumniantibus
3356 617 3637 689 respondit
3684 634 3697 670 :
3753 615 3815 671 Si
3863 631 3958 685 ego

2350 720 2574 794 judico,
2605 719 2873 790 judicium
2903 732 3076 771 meum
3114 728 3292 769 verum
3320 721 3395 767 est
3442 710 3623 783 (Joan.
3674 724 3797 773 vm,
3843 706 3957 777 l6).

2359 813 2386 853 (ί
2417 813 2570 870 Unde
2595 825 2725 880 ergo
2742 824 2930 865 verum
2961 813 3044 863 est
3070 804 3337 874 judicium
3365 800 3501 871 ejus,
3523 800 3626 855 nisi
3644 797 3812 870 769
3832 798 3962 868 quia

2361 923 2523 965 verus
2559 913 2642 961 est
2674 903 2883 959 Filius?
2916 921 2937 956 ι
2979 901 3124 957 Ecce
3147 913 3337 954 verum
3376 912 3497 952 eum
3536 893 3835 949 nominavit
3870 890 3963 944 Fi—

2362 1003 2519 1067 lium,
2546 1016 2653 1055 non
2683 998 3027 1069 adoptivum;
3059 1003 3114 1052 et
3149 1008 3279 1051 vere
3312 990 3648 1055 nominavit,
3686 989 3812 1059 quia
3840 994 3965 1041 tan.-

2365 1104 2477 1151 tum
2519 1101 2603 1148 est
2648 1091 2793 1147 inter
2832 1104 3019 1144 rerum
3067 1086 3262 1143 Filium
3306 1093 3362 1140 et
3406 1082 3718 1153 adoptivum
3764 1079 3965 1144 ﬁlium,

2364 1194 2626 1256 quantum
2667 1184 2808 1237 inter
2835 1194 3025 1235 verum
3054 1186 3110 1233 et
3145 1194 3255 1235 non
3290 1190 3500 1233 verum.
3544 1170 3823 1241 Quomodo
3856 1169 3965 1224 ali-

2364 1276 2492 1348 quid
2523 1274 2578 1329 in
2606 1273 2824 1328 Christo
2856 1270 3143 1333 invenitur,
3184 1268 3291 1325 nisi
3320 1267 3544 1331 veritas,
3574 1264 3667 1335 qui
3695 1263 3771 1317 ait
3798 1281 3809 1315 :
3851 1260 3967 1331 Ego

2365 1385 2483 1424 sum
2510 1367 2611 1431 via,
2645 1374 2692 1420 ει
2721 1364 2935 1429 veritas,
2965 1373 3013 1418 et
3037 1364 3143 1417 vita
3175 1360 3355 1433 (Joan.
3382 1375 3497 1422 xw,
3528 1357 3619 1430 6)?
3648 1355 3713 1411 Et
3734 1355 3971 1424 Aposto-

2367 1459 2452 1515 lus
2481 1477 2495 1513 :
2528 1456 2768 1511 Christus
2793 1463 2870 1511 est
2898 1455 3088 1509 ueritas
3115 1450 3168 1524 (ι
3195 1452 3357 1507 Joan.
3386 1465 3438 1512 v,
3465 1447 3547 1521 6).

2437 1548 2675 1605 XXXIII.
2700 1547 2834 1603 Item
2850 1548 2906 1602 in
2922 1545 3152 1602 Homilia
3178 1558 3407 1607 xxxvm,
3426 1542 3518 1597 ubi
3541 1540 3608 1596 de
3628 1538 3799 1611 ipsius
3823 1538 3969 1591 reri-

2363 1642 2498 1696 tatis
2519 1638 2839 1696 excellentia
2860 1638 3137 1701 disseruit,
3157 1636 3263 1691 ait:
3288 1646 3309 1674 ε
3332 1652 3350 1685 ι
3370 1634 3491 1704 Ipsa
3507 1640 3592 1688 est
3613 1632 3815 1686 veritas
3830 1629 3972 1685 Ver-

2298 1727 2345 1789 B
2369 1736 2498 1790 hum
2519 1732 2634 1793 Dei,
2680 1732 2827 1788 Deus
2853 1732 2996 1802 apud
3028 1731 3224 1796 Deum,
3262 1728 3574 1799 unigenitus
3596 1725 3785 1781 Filius.
3838 1723 3973 1778 "me

2370 1828 2575 1882 veritas
2598 1840 2819 1881 carnem
2849 1824 3039 1879 induta
3066 1831 3147 1878 est
3182 1830 3405 1893 propter
3430 1835 3552 1887 nos,
3601 1826 3664 1873 ut
3707 1818 3773 1872 de
3800 1817 3972 1871 Maria

2370 1918 2583 1990 virgine
2604 1922 2945 1981 nasceretur,
2969 1924 3024 1969 et
3052 1914 3369 1985 impleretur
3394 1910 3710 1984 prophetia:
3762 1908 3970 1963 Veritas

2372 2010 2438 2065 de
2476 2019 2621 2065 terra
2664 2017 2783 2062 orta
2820 2015 2897 2062 est
2921 2005 3094 2079 (Psal.
3125 2021 3350 2071 Lxxxtv,
3382 2003 3493 2075 12).
3549 2001 3675 2058 Hac
3713 2016 3847 2072 ergo
3870 2016 3972 2055 ve-

2374 2104 2511 2161 ritas
2535 2118 2660 2160 cum
2685 2101 2886 2158 ludatis
2906 2100 3237 2172 loqueretur,
3282 2098 3486 2155 latebat
3508 2099 3561 2153 in
3597 2112 3800 2161 carne;
3836 2096 3977 2150 late-

2374 2198 2473 2253 bat
2497 2205 2700 2262 autem,
2756 2211 2868 2251 non
2923 2202 2983 2250 ut
3013 2202 3324 2266 negaretur,
3366 2194 3460 2249 sed
3512 2202 3570 2246 ut
3623 2188 3969 2254 diﬁ‘erretnr;

2378 2287 2765 2362 [dill'erretur],
2796 2287 2942 2369 utin
2963 2301 3126 2342 carne
3158 2293 3440 2358 pateretur
3465 2302 3480 2351 ;
3508 2284 3560 2339 in
3588 2299 3755 2339 carne
3784 2291 3973 2338 autem

2376 2386 2750 2451 pateretur,ut
2774 2394 2906 2435 caro
2933 2377 3140 2449 peccati
3166 2376 3545 2433 redimeretur.
3593 2375 3758 2432 Stans
3783 2376 3975 2444 itaque

2378 2473 2703 2544 conspicuus
2737 2472 3030 2528 secundum
3070 2468 3442 2526 inﬁmitatem
3497 2470 3681 2525 carnis
3706 2469 3975 2524 Dominus

2378 2574 2567 2621 noster
2587 2564 2745 2620 Iesus
2772 2564 3044 2628 Christus,
3103 2572 3158 2618 et
3185 2562 3482 2620 secundum
3511 2562 3858 2633 maiestatem
3889 2560 3977 2615 di-

2380 2659 2620 2715 vinitatis
2637 2658 2903 2725 occultus,
2949 2657 3085 2714 dixit
3112 2658 3179 2713 ad
3200 2674 3296 2715 eos
3330 2659 3423 2730 qui
3448 2660 3520 2725 ei,
3574 2658 3701 2713 dum
3725 2656 3842 2714 haec
3889 2655 3976 2709 Io-

2381 2760 2659 2822 queretur,
2693 2750 3072 2807 crediderunt:
3138 2749 3199 2806 Si
3224 2752 3520 2807 manseritis
3547 2752 3603 2805 in
3654 2750 3805 2805 rerbo
3834 2764 3975 2812 meo,

2382 2864 2497 2904 vere
2521 2846 2763 2917 discipuli
2797 2847 2899 2901 mei
2927 2848 3073 2901 eritis
3127 2846 3310 2919 (Joan.
3349 2862 3472 2909 vm,
3525 2844 3650 2919 3i);
3686 2845 3776 2915 qui
3825 2845 3976 2898 enim

2382 2938 2778 3009 perseveraverit
2823 2953 2986 3006 usque
3008 2937 3063 2991 in
3088 2937 3270 3006 ﬁnem,
3323 2936 3408 2991 hic
3431 2934 3605 2991 salvus
3633 2936 3731 2988 erit
3755 2933 3975 3005 (Matth.

2388 3045 2443 3093 x,
2471 3027 2597 3097 22);
2631 3036 2679 3081 et
2704 3028 3021 3097 cognoscetis
3047 3028 3335 3091 veritatem,
3364 3042 3484 3098 qum
3508 3026 3669 3081 modo
3695 3041 3791 3081 vos
3820 3026 3979 3091 latet,

2385 3130 2440 3174 et
2459 3119 2697 3188 loquitur
2721 3118 2897 3181 vobis,
2942 3128 2989 3172 et
3030 3119 3219 3174 veritas
3250 3118 3486 3173 liberabit
3526 3136 3614 3173 vos
3662 3118 3822 3189 (Ibid.
3862 3118 3977 3186 52).

2386 3210 2530 3264 Nihil
2565 3218 2650 3264 est
2689 3210 2831 3264 enim
2872 3209 3015 3265 aliud
3070 3211 3287 3281 proprie
3337 3208 3553 3274 liberat,
3599 3208 3699 3263 nisi
3745 3209 3979 3263 liberum

2386 3304 2548 3372 facit;
2605 3303 2873 3374 quomodo
2925 3303 3059 3358 nihil
3088 3302 3340 3358 estaliud
3388 3302 3578 3364 salvat,
3631 3302 3733 3356 nisi
3765 3301 3981 3355 salvum

2388 3398 2538 3455 facit.
2606 3399 2751 3458 Nihil
2790 3399 2936 3453 aliud
2970 3407 3054 3453 est
3077 3400 3231 3461 ditat,
3280 3398 3383 3453 nisi
3437 3398 3657 3453 divitem
3683 3396 3841 3461 facit;
3900 3396 3983 3450 sic

2389 3492 2583 3546 liberat
2634 3491 2769 3546 nihil
2813 3499 2896 3545 est
2947 3490 3113 3555 aliud,
3168 3491 3271 3545 nisi
3308 3490 3537 3545 liberum
3581 3490 3727 3543 facit.
3766 3509 3783 3540 ι
3849 3488 3984 3553 Quis

2391 3586 2529 3639 alius
2555 3584 2750 3639 liberat
2783 3599 2901 3650 nos,
2947 3584 3053 3638 nisi
3104 3582 3374 3648 Christus,
3428 3582 3630 3653 quiest
3677 3582 3878 3634 veritas
3927 3590 3987 3632 et

2388 3693 2552 3734 verus
2578 3677 2763 3742 Filius,
2822 3684 3055 3731 etvetus
3083 3676 3367 3740 liberator,
3393 3674 3459 3729 de
3483 3690 3590 3743 quo
3614 3674 3726 3742 ipse
3748 3671 3987 3727 Joannes

2390 3770 2720 3840 evangelista
2756 3770 2858 3823 ait:
2892 3766 3075 3822 Sciens
3103 3775 3275 3821 autem
3300 3766 3456 3821 Iesus
3477 3765 3596 3836 quia
3620 3765 3761 3817 dedit
3796 3764 3841 3817 ei
3874 3760 3986 3815 Pa—

2391 3874 2469 3917 ter
2500 3861 2673 3916 omnia
2700 3860 2757 3914 in
2803 3874 2992 3913 manus
3024 3857 3206 3930 (Joan.
3240 3874 3364 3925 χιιι,
3395 3857 3472 3929 5).
3544 3855 3600 3909 Si
3625 3870 3730 3910 non
3754 3852 3903 3909 dedit
3928 3853 3982 3907 ei

2391 3961 2454 4007 ut
2471 3964 2637 4007 verus
2662 3958 2809 4006 esset
2831 3948 3020 4014 Filius,
3061 3964 3169 4004 non
3203 3949 3385 4004 omnia
3432 3946 3577 4002 dedit
3602 3946 3655 4001 ci
3688 3945 3745 4001 in
3768 3959 3985 4009 manus,

2395 4045 2446 4099 id
2472 4052 2576 4107 est,
2630 4043 2684 4098 in
2709 4048 3066 4113 potestatem;
3119 4047 3177 4094 et
3230 4036 3426 4093 falsum
3477 4045 3562 4092 est
3604 4036 3749 4106 quod
3802 4042 3988 4088 tantus

2395 4138 2527 4193 dicit
2569 4136 2925 4207 evangelista,
2970 4134 3116 4205 quod
3169 4133 3552 4205 impiissimum
3592 4139 3677 4186 est
3723 4130 3985 4199 cogitare.

2396 4231 2537 4286 Dicit
2560 4229 2702 4284 enim
2750 4229 2864 4298 ipse
2892 4225 3152 4281 Dominus
3186 4224 3469 4280 Christus:
3518 4222 3555 4276 Ι
3561 4222 3791 4276 udicium
3814 4236 3987 4274 meum

2396 4337 2571 4375 verum
2594 4327 2688 4381 est,
2734 4319 2859 4389 quia
2882 4316 3027 4371 solus
3073 4331 3176 4370 non
3222 4331 3360 4379 sum,
3407 4312 3498 4367 sed
3526 4328 3639 4383 ego,
3689 4319 3737 4365 et
3778 4312 3867 4381 qui
3906 4328 3989 4364 me

2397 4410 2536 4464 misit
2584 4406 2748 4463 Pater
2799 4405 2984 4479 (Joan.
3034 4420 3172 4470 Vlll,
3226 4402 3362 4473 I6);
3427 4411 3687 4471 tanquam
3741 4400 3983 4455 diceret:

2396 4502 2520 4557 ldeo
2539 4500 2801 4572 judicium
2818 4513 2997 4552 meum
3028 4510 3213 4550 verum
3242 4502 3344 4557 est,
3373 4493 3498 4563 quia
3524 4506 3687 4545 verus
3702 4489 3871 4545 Filius
3893 4490 3991 4545 Dei

2398 4607 2542 4656 sum,
2568 4591 2695 4661 quia
2722 4604 2909 4643 verum
2938 4587 3151 4656 loquor,
3181 4585 3306 4653 quia
3338 4586 3453 4653 ipsa
3482 4582 3686 4636 veritas
3724 4595 3824 4651 ego
3846 4595 3986 4639 sum.

2471 4681 2707 4739 XXXIV.
2725 4680 2805 4735 Ad
2821 4677 3286 4735 continuationem
3301 4675 3462 4745 hujus
3472 4687 3664 4729 sensus
3677 4669 3995 4727 idem‘Pate‘r

2400 4777 2454 4831 in
2494 4772 2724 4828 llomilia
2751 4769 3026 4825 tricesima
3050 4776 3201 4822 sexta
3238 4766 3311 4821 ita
3341 4766 3584 4837 loquitur
3612 4765 3679 4819 de
3706 4778 3796 4830 eo,
3847 4762 3993 4833 quod

2398 4867 2648 4923 Christus
2673 4865 2781 4917 ait:
2814 4861 2987 4915 Multa
3009 4861 3174 4915 habeo
3200 4860 3265 4915 dc
3298 4860 3438 4916 vobis
3470 4859 3614 4930 loqui
3653 4868 3701 4913 et
3720 4857 3991 4928 judicare,

2397 4961 2488 5015 sed
2510 4958 2599 5030 qui
2644 4971 2725 5010 me
2761 4955 2902 5010 misit
2941 4972 3099 5010 ueras.
3132 4962 3208 5009 cst
3240 4952 3421 5025 (Joau.
3446 4968 3563 5015 vm,
3588 4950 3681 5023 26)
3713 4969 3728 5016 ;
3762 4949 3783 4988 τ
3816 4969 3835 5002 ι
3868 4958 3992 5006 tan-

2400 5070 2564 5125 quam
2591 5053 2823 5111 diceret:
2865 5049 2989 5106 Ideo
3010 5064 3198 5105 verum
3228 5049 3365 5108 dico.
3417 5046 3544 5118 quia
3570 5045 3739 5101 Filius
3782 5044 3994 5100 veracis

2400 5149 2607 5204 veritas
2632 5162 2771 5211 sum,
2803 5143 2963 5200 Pater
2981 5159 3149 5198 verax
3172 5150 3273 5204 est,
3299 5141 3470 5196 Filius
3486 5140 3711 5195 veritas.
3737 5158 3756 5190 ι
3784 5138 3850 5192 Ει
3871 5145 3996 5207 post

2404 5255 2607 5312 pauca:
2666 5255 2685 5288 ι
2722 5236 2809 5290 Ait
2828 5236 2971 5291 enim
2998 5234 3340 5305 apertissime
3379 5233 3494 5303 ipse
3544 5232 3831 5287 Dominus:
3880 5229 3996 5300 Ego

2406 5350 2523 5387 sum
2553 5332 2634 5387 uia
2665 5340 2711 5383 et
2734 5330 2924 5383 ueritas
2945 5338 2992 5383 et
3025 5329 3151 5382 vita.
3180 5327 3344 5399 Ergo,
3370 5328 3417 5383 si
3452 5325 3625 5382 Filius
3641 5324 3867 5388 veritas,
3892 5321 3995 5379 Par

2483 5498 2504 5525 ε
2545 5465 2730 5541 ΤιίιειΪ
2760 5502 2910 5547 xxix,
2938 5499 3089 5538 num.
3117 5484 3169 5539 8.

2480 5557 2507 5597 ά
2546 5557 2727 5612 Tract.
2758 5571 2923 5620 xxxv,
2956 5569 3105 5609 num.
3137 5553 3181 5609 7.

2490 5640 2513 5667 ε
2556 5629 2740 5682 Traet.
2766 5642 2878 5689 xu,
2906 5640 3056 5680 num.
3084 5625 3133 5677 l.

2492 5698 2511 5736 τ
2553 5699 2735 5754 Tract.
2763 5712 2950 5763 xxxrx,
2979 5708 3129 5751 num.
3156 5694 3206 5751 7.
