4346 6678
247 397 352 454 101
1051 400 1471 460 DOGMATICA.
1513 436 1583 446 —
1622 406 1749 462 LIB.
1791 405 1953 466 ADV.
1995 407 2323 467 lleRESIN
2365 410 2646 470 FELICIS.
3436 427 3540 485 102

251 522 341 571 ter
366 511 519 587 quid,
548 512 655 569 nisi
677 513 821 585 quod
849 513 926 571 ait
949 515 1193 573 Veritas:
1240 518 1346 585 Qui
1394 536 1476 575 me
1516 522 1659 576 misit
1694 538 1851 577 uerax
1880 532 1926 591 Α
1953 523 2151 582 Filium
2179 526 2439 597 {aqualem
2475 544 2575 601 per
2607 531 2787 589 omnia
2825 535 2960 592 sibi:
3004 536 3057 593 in
3091 546 3234 598 terra
3266 554 3336 602 cx
3373 547 3541 619 Virgi—

251 614 354 660 est.
388 603 557 659 Filius
582 605 806 672 veritas,
832 603 1199 664 Paterverax.
1230 608 1370 677 Quid
1391 609 1511 682 plus
1532 611 1624 678 sit,
1645 627 1854 683 qumro,
1960 616 2065 672 nali
2112 625 2267 674 utero
2302 622 2580 691 proprium
2623 639 2861 697 quoque,
2909 626 3035 704 licet
3087 633 3140 687 in
3185 633 3358 692 forma
3396 603 3543 697 servi

245 695 353 754 sed
376 694 741 766 aequalitatem
759 696 995 755 invenio.
1028 718 1048 755 ι
1106 698 1258 757 Hanc
1277 709 1457 757 autem
1493 703 1781 759 veritatem
1801 702 1854 758 in
1957 706 2245 776 minorem,
2284 711 2339 766 in
2376 710 2549 769 forma
2578 694 2875 774 divinilatis
2901 700 3163 791 mqualem
3194 742 3303 782 non
3325 732 3543 800 potuit?

248 788 478 846 Christo
502 786 872 863 ipséJoannes
891 792 1222 865 evangelista
1251 793 1305 848 in
1333 792 1579 864 Epistola
1603 809 1701 850 sua
1723 808 1855 864 pro-
1955 795 2097 854 Ecce
2122 800 2297 871 qualis
2329 800 2547 876 legifer!
2584 807 2677 877 qui
2709 810 2816 867 tuis
2845 786 3055 883 legibus
3076 814 3247 874 Deum
3272 786 3546 880 constrins

251 889 489 939 testatur
540 882 729 939 dicens
762 900 775 937 :
819 878 888 937 Ut
918 883 1084 939 simus
1126 886 1186 940 in
1234 901 1353 940 vero
1390 882 1532 941 Filio
1570 887 1686 958 ejus
1722 885 1854 943 Iesu
1955 904 2083 961 gere
2108 898 2162 946 te
2188 907 2348 963 posse
2368 902 2548 966 putas,
2606 895 2862 970 Apostolo
2900 878 3248 977 increpante:
3280 910 3325 966 Ο
3352 912 3545 969 homo!

248 970 486 1039 Clm'sto,
499 971 592 1041 qui
602 982 678 1027 est
695 988 846 1029 uerus
865 972 1064 1028 Deus'et
1078 975 1181 1030 vita
1192 984 1389 1030 (eterna
1409 976 1462 1049 (Ι
1475 976 1638 1033 Joan.
1662 993 1719 1044 ν,
1736 977 1851 1050 20).

245 1056 386 1116 item
410 1059 465 1115 in
496 1060 792 1133 Evangelio
816 1060 1057 1130 ejusdem
1092 1062 1234 1119 idem
1259 1064 1403 1120 Deus
1440 1063 1714 1135 Christus,
1741 1068 1853 1124 ele-

242 1151 393 1209 vatis
422 1152 476 1207 in
502 1151 702 1209 coelum
730 1153 926 1221 oculis,
951 1154 1088 1210 dixit
1111 1155 1181 1210 ad
1206 1153 1458 1214 Patrem:
1493 1156 1625 1213 Htec
1647 1169 1723 1214 est
1746 1176 1849 1214 au-

244 1252 351 1300 tem
375 1246 481 1302 uita
507 1254 726 1314 (eterna,
754 1256 814 1301 ut
842 1259 1156 1319 cognoscant
1179 1258 1229 1304 te
1248 1249 1418 1306 solum
1455 1269 1632 1308 verum
1656 1253 1846 1325 Deum,

243 1344 298 1390 et
324 1352 479 1409 quem
506 1336 693 1392 misisti
713 1336 898 1393 .t’esum
919 1336 1187 1395 Christum
1218 1340 1402 1415 (Joan.
1426 1360 1566 1411 xvu,
1586 1345 1665 1418 5).

319 1425 539 1485 XXXV.
562 1447 582 1480 ι
608 1426 757 1483 Ordo
777 1436 961 1484 autem
972 1429 1263 1487 verborum
1273 1440 1376 1500 est,
1391 1435 1688 1491 secundum
1702 1437 1848 1508 quod

243 1519 442 1577 beatus
467 1520 804 1594 Augustinus
816 1522 921 1577 ait:
948 1521 1077 1578 Haec
1098 1533 1183 1579 est
1196 1533 1381 1581 autem
1408 1528 1520 1583 vita
1539 1538 1768 1597 aeterna,
1784 1539 1846 1586 ut

244 1623 583 1688 cognoscant
610 1624 683 1681 te,
698 1624 753 1673 et
780 1631 941 1687 quem
956 1618 1151 1675 misisti
1166 1619 1352 1678 Iesum
1366 1622 1641 1681 Christum
1669 1625 1843 1682 solum

243 1722 437 1764 verum
466 1707 659 1764 Deum.
693 1728 715 1764 ι
778 1707 964 1767 Missio
1008 1711 1126 1767 haec
1156 1712 1464 1771 incarnatio
1496 1725 1584 1773 est
1616 1714 1843 1785 Christi,

243 1815 412 1874 quem
440 1800 494 1857 in
520 1800 626 1856 hoc
655 1800 774 1856 loco
796 1816 986 1858 verum
1014 1803 1185 1860 Deum
1213 1807 1534 1875 nominavit,
1549 1817 1603 1863 et
1626 1809 1680 1864 in
1710 1808 1840 1876 alio,

1955 983 2158 1054 tuquis
2183 1001 2260 1053 es,
2296 987 2389 1058 qui
2408 990 2720 1061 respondeas
2744 992 2876 1051 Deo.
2918 996 2987 1052 Et
3025 999 3193 1055 alibi:
3243 1000 3288 1058 Ο
3316 1003 3546 1062 altitudo

1952 1070 2256 1130 divitian
2273 1079 2545 1148 sapientia
2568 1090 2616 1136 et
2634 1083 2864 1140 scientia:
2898 1087 3033 1144 Dei!
3070 1107 3230 1162 quam
3268 1094 3544 1151 inserata-

1952 1164 2076 1222 bilia
2098 1177 2222 1223 sunt
2237 1169 2613 1259 judiciaejus,
2634 1186 2682 1231 et
2702 1179 3084 1253 inuestigabiles
3111 1189 3205 1243 uia:
3237 1189 3373 1260 ejus.
3408 1190 3543 1258 Quis

1947 1255 2085 1311 enim
2129 1262 2365 1331 cognouit
2392 1258 2601 1320 sensum
2644 1266 2881 1339 Domini,
2931 1283 3023 1329 aut
3049 1277 3165 1347 quis
3204 1282 3545 1340 consiliarius

1945 1348 2063 1418 ejus
2087 1349 2190 1420 fuit
2212 1351 2394 1424 (Rom.
2415 1371 2494 1423 ιι,
2515 1357 2609 1427 35,
2633 1360 2767 1435 διν
2814 1362 2983 1422 Serus
3003 1371 3321 1429 consiliator
3343 1376 3541 1436 venisti

1945 1436 2078 1509 Deo,
2120 1442 2213 1512 qui
2237 1444 2445 1537 absque
2471 1455 2524 1505 te
2544 1465 2653 1507 non
2673 1454 2852 1523 potuit
2877 1458 3023 1528 quod
3048 1462 3237 1518 voluit.
3286 1465 3540 1537 ingratus

1945 1530 2079 1587 mihi
2103 1532 2307 1592 videris
2354 1536 2743 1599 beneﬁciorum
2785 1545 2928 1616 ejus,
2978 1551 3071 1622 qui
3128 1564 3202 1620 te,
3248 1530 3377 1612 dum
3424 1575 3533 1619 non

1944 1638 2118 1694 esses,
2168 1629 2239 1684 ad
2261 1629 2550 1703 imaginem
2578 1640 2785 1695 creavit
2810 1657 2981 1709 suam,
3016 1647 3397 1721 perditumque
3433 1670 3534 1726 per

1944 1716 2224 1806 proprium
2254 1719 2449 1806 Filium
2470 1738 2627 1780 suum
2660 1730 2865 1800 majore
2897 1733 3158 1806 dignitate
3178 1740 3247 1794 ad
3288 1716 3535 1801 eamdem

1946 1804 2221 1873 reparavit
2263 1805 2574 1879 imaginem.
2623 1811 2693 1869 Et
2741 1817 2795 1871 in
2831 1804 3119 1889 adoptione
3147 1823 3243 1882 tibi
3272 1828 3534 1898 aequalem

244 1900 308 1949 ut
336 1893 590 1956 diximus,
616 1909 810 1950 verum
844 1893 1077 1951 Filium:
1135 1906 1192 1952 et
1236 1898 1291 1953 in
1332 1899 1495 1973 hujus
1531 1903 1840 1974 cegnitione
1870 1886 1920 1951 Β
1943 1906 2066 1950 esse
2110 1896 2334 1965 3558115»
2393 1902 2486 1970 qui
2514 1912 2566 1957 ιθ
2594 1904 2907 1977 adoptivum
2946 1910 3108 1968 feeit?
3165 1916 3536 1979 Liberatorem

240 1982 375 2041 ﬁdei
400 1984 456 2042 in
485 1991 717 2057 utroque
738 1986 859 2043 loco
898 1988 1069 2043 vitam
1106 1998 1368 2047 teternam
1407 2007 1529 2050 esse
1561 1996 1831 2066 praedixit.

239 2072 318 2132 Et
337 2075 384 2132 si
411 2074 529 2132 ιιωο
550 2083 638 2131 est
666 2077 777 2133 vita
800 2086 1024 2146 teterna,
1052 2087 1113 2136 ut
1141 2078 1326 2138 Iesum
1354 2083 1629 2142 Christum
1653 2102 1839 2145 verum

241 2169 420 2226 Deum
459 2175 517 2225 et
539 2184 730 2225 verum
782 2170 999 2241 Filium,
1053 2174 1170 2230 sive
1192 2175 1249 2231 in
1304 2176 1601 2248 majestatis
1645 2180 1835 2253 gloria,

240 2261 364 2319 sive
391 2261 447 2318 in
466 2261 790 2320 humilitatis
816 2267 1188 2339 assumptione
1213 2284 1607 2343 cognoscamus
1632 2279 1690 2330 et
1717 2290 1839 2332 cre-

240 2352 463 2421 damus,
518 2368 856 2426 consequens
882 2364 970 2412 est
1005 2365 1066 2413 ut
1100 2374 1376 2431 nunquam
1428 2361 1629 2421 habeat
1667 2366 1838 2421 vitam

238 2452 526 2513 aeternam,
571 2444 662 2516 qui
711 2445 872 2515 hujus
921 2448 1167 2506 veritatis
1193 2451 1248 2505 in
1278 2450 1496 2508 Christo
1533 2453 1693 2510 ﬁdem
1728 2473 1836 2513 non

237 2536 516 2604 habuerit,
570 2538 783 2594 dicente
823 2539 1015 2595 eodem
1061 2539 1316 2597 Joanne:
1372 2542 1555 2599 Omnis
1580 2545 1835 2616 Spiritus,

234 2628 335 2702 qui
345 2628 499 2686 soluit
518 2629 723 2697 Iesum,
737 2647 802 2685 ea:
821 2630 930 2685 Deo
944 2648 1048 2687 non
1067 2642 1163 2700 est,
1189 2644 1238 2688 et
1264 2635 1347 2689 hic
1369 2644 1443 2691 est
1461 2635 1834 2703 Antio/aristas,

233 2721 435 2793 dequo
481 2720 725 2787 audistis,
755 2723 1018 2795 quomodo
1047 2722 1341 2799 [quoniam]
1379 2728 1539 2793 uenit,
1591 2735 1642 2782 et
1696 2745 1835 2783 nunc

238 2810 352 2869 iam
375 2813 433 2867 in
458 2811 658 2867 mundo
672 2820 750 2867 est
799 2810 855 2884 (Ι
880 2812 1041 2867 Joan.
1073 2829 1149 2881 iv,
1201 2813 1278 2886 5).
1350 2813 1490 2883 Quid
1516 2825 1602 2873 est
1625 2817 1836 2873 solvere

232 2901 447 2966 Jesum.
481 2902 586 2958 nisi
616 2916 728 2957 non
754 2902 980 2959 credere
1018 2917 1143 2960 eum
1170 2904 1254 2959 vel
1297 2920 1487 2960 verum
1507 2904 1701 2973 Deum,
1750 2907 1835 2963 vel

234 3009 432 3053 verum
454 2992 654 3050 Filium
674 2993 771 3050 Dei
814 2994 871 3052 in
900 3003 1132 3066 utraque
1159 3010 1281 3052 esse
1311 3008 1525 3066 natura,
1579 3000 1670 3071 qui
1695 3017 1836 3058 unus

235 3091 326 3141 est
342 3083 487 3139 Deus
513 3091 570 3139 et
594 3098 737 3139 unus
764 3082 933 3140 Filius
973 3092 1029 3139 et
1050 3101 1189 3141 unus
1208 3084 1457 3143 Christus
1503 3088 1555 3144 in
1583 3092 1833 3147 substan-

238 3173 320 3230 tia
345 3171 647 3231 divinitatis
671 3180 833 3243 atque
857 3172 1249 3232 humanitatis?
1300 3175 1415 3234 Non
1448 3179 1588 3236 sicut
1613 3182 1833 3251 quidam

240 3265 487 3335 improba
515 3269 760 3321 caecitate
800 3264 948 3320 illum
975 3266 1029 3321 in
1075 3267 1352 3324 divinitate
1399 3243 1677 3342 proprium
1737 3276 1833 3331 Dci
1862 3243 1906 3306 Ο

235 3355 423 3416 Patris
443 3371 569 3413 esse
602 3354 819 3422 Filium,
858 3356 1165 3427 adoptivum
1191 3373 1321 3415 vero
1341 3360 1581 3432 ejusdem
1612 3364 1709 3421 Dei
1736 3365 1835 3423 Pa-

233 3447 344 3504 tris
362 3448 419 3503 in
448 3448 788 3503 humanitate
824 3446 1113 3504 aiIirmant.
1170 3449 1300 3505 Etsi
1327 3452 1400 3507 ita
1427 3465 1589 3519 esset,
1613 3458 1835 3514 omnino

234 3539 349 3596 duo
378 3539 542 3611 770
562 3538 685 3594 Filii
712 3547 928 3608 essent;
973 3542 1101 3611 quia
1120 3557 1481 3614 nequaquam,
1539 3557 1597 3603 ut
1627 3550 1835 3620 praefati

234 3645 457 3695 sumus,
514 3645 622 3685 una
649 3644 772 3685 esse
803 3639 984 3701 potest
1023 3646 1252 3703 persona
1282 3635 1336 3688 in
1366 3638 1585 3707 proprio
1616 3639 1751 3696 Filio
1782 3656 1836 3699 ct

239 3724 300 3779 in
355 3721 639 3793 adoptivo;
683 3724 813 3795 quia
861 3738 1001 3782 unus
1056 3739 1123 3780 ex
1164 3724 1271 3781 illis
1324 3742 1485 3784 verus
1513 3739 1598 3785 cst
1635 3732 1834 3791 Filius:

237 3812 385 3869 alter
413 3813 597 3884 itaque
617 3828 723 3868 non
750 3828 932 3871 verus.
1009 3814 1180 3887 igitur
1219 3818 1513 3887 diversum,
1568 3839 1757 3881 verum
1783 3837 1841 3883 et

238 3920 352 3962 non
379 3920 593 3972 verum,
635 3920 759 3961 esse
793 3908 915 3978 quis
942 3923 1050 3963 non
1074 3919 1351 3980 agnoscat,
1408 3915 1511 3969 nisi
1542 3916 1840 3992 lethargico

236 3999 626 4069 etphrenetico
654 3999 864 4056 laboret
885 4002 938 4055 in
954 4002 1143 4058 morbo
1163 4003 1186 4057 ?
1213 4002 1347 4059 Nam
1370 3992 1591 4065 sanctus
1611 4010 1842 4068 Ambro-

240 4091 359 4149 sius
382 4091 439 4146 in
463 4092 605 4148 libro
631 4094 808 4164 primo
854 4094 1135 4153 catholicas
1170 4096 1296 4153 ﬁdei
1325 4100 1403 4155 ait
1430 4113 1456 4141 ε
1484 4119 1497 4155 :
1561 4121 1581 4153 ‹
1610 4103 1729 4159 Non
1756 4115 1842 4162 est

240 4199 414 4240 unum
439 4186 726 4256 adoptivus
753 4194 808 4242 et
834 4201 1027 4243 verus:
1074 4202 1175 4244 nec
1198 4189 1368 4246 Filius
1404 4191 1631 4261 diceret,
1677 4213 1840 4252 unum

240 4290 448 4343 sumus,
499 4276 546 4331 si
576 4291 636 4333 se
659 4291 785 4333 cum
832 4292 981 4348 vero,
1040 4280 1134 4351 qui
1186 4296 1348 4339 verus
1401 4301 1509 4341 non
1537 4296 1674 4354 erat,
1727 4289 1841 4362 ipse

243 4365 542 4423 conferret.
577 4387 597 4422 ι

317 4458 563 4516 XXXVI.
587 4459 868 4536 interrogo
885 4471 958 4529 te,
970 4463 1184 4535 profani
1207 4474 1448 4523 assertor
1468 4485 1670 4529 erroris
1689 4491 1701 4527 :
1721 4475 1841 4531 ani-

242 4567 337 4609 ma
362 4552 665 4619 rationalis,
715 4566 838 4624 qua:
860 4556 914 4610 in
955 4563 1008 4611 te
1031 4566 1137 4625 est,
1183 4565 1241 4613 et
1271 4566 1443 4615 totum
1472 4576 1672 4635 corpus
1690 4573 1841 4622 tuum

244 4642 507 4712 viviﬁcat,
550 4652 789 4717 vegetat,
834 4656 891 4703 et
929 4658 1131 4717 movet,
1166 4660 1223 4705 et
1250 4658 1309 4705 ut
1336 4655 1509 4709 sancti
1536 4654 1726 4713 Patres
1750 4674 1841 4715 vo-

247 4738 391 4803 lunt,
432 4740 681 4810 corporis
718 4740 929 4813 origine
958 4741 1157 4814 [Deest,
1196 4743 1326 4820 non]
1379 4748 1697 4818 seminatur,
1748 4754 1842 4809 sed

246 4841 315 4885 ex
341 4829 511 4885 nihilo
533 4840 716 4886 creata
737 4833 954 4889 aliunde
981 4837 1195 4906 corpori
1240 4838 1578 4905 immittitur;
1630 4858 1699 4899 an
1735 4860 1841 4899 non

248 4921 325 4978 sit
345 4918 493 4978 Patri
522 4931 615 4979 tuo
645 4926 895 4995 adoptiva
926 4927 1053 4994 ﬁlia,
1085 4938 1139 4983 et
1166 4946 1297 4987 caro
1329 4937 1705 4991 tantummodo
1719 4952 1845 5007 pro-

245 5015 372 5089 pria
403 5014 552 5072 ﬁlia?
590 5018 674 5072 An
697 5024 754 5073 tu
794 5026 958 5085 totus,
1014 5021 1196 5076 anima
1219 5030 1276 5078 et
1295 5039 1549 5096 corpore,
1597 5043 1739 5084 unus
1790 5039 1845 5085 ct

244 5106 506 5182 proprius
530 5110 673 5180 patri
703 5116 796 5163 tuo
821 5110 898 5164 sis
939 5110 1117 5169 ﬁlius?
1184 5113 1325 5182 Quid
1362 5116 1409 5172 si
1463 5118 1625 5176 homo
1667 5136 1734 5177 ex
1780 5137 1845 5177 ea

251 5202 579 5268 substantia,
632 5216 755 5273 qua:
780 5218 888 5259 non
916 5218 985 5260 ex
1013 5220 1073 5262 se
1097 5218 1407 5277 generatur,
1453 5216 1671 5286 corpori
1718 5231 1848 5273 con-

245 5294 437 5364 juncta
456 5294 735 5363 proprium
762 5303 818 5351 et
841 5300 1261 5369 verum-poterit
1287 5301 1491 5359 habere
1529 5303 1718 5373 ﬁlium,
1751 5325 1849 5365 cur

252 5385 426 5441 Deum
451 5387 800 5457 impotentem
822 5397 1003 5459 putas,
1045 5394 1189 5464 quod
1242 5396 1522 5465 pr0prium
1550 5414 1656 5454 non
1675 5404 1848 5472 possit

252 5486 309 5531 et
336 5472 525 5532 verum
564 5478 633 5533 de
654 5478 862 5550 Spiritu
884 5478 1073 5540 sancto
1120 5499 1189 5540 ex
1215 5485 1383 5542 Maria
1431 5490 1638 5561 virgine
1659 5503 1846 5551 natum

252 5570 461 5626 habere
496 5571 733 5628 Filium?
772 5573 1025 5646 Nunquid
1075 5584 1130 5632 tu
1179 5577 1595 5652 lcgcsimpOncs
1631 5586 1702 5652 ei,
1754 5589 1847 5657 qui

248 5661 443 5715 munia
490 5678 827 5734 qmnquo
862 5665 973 5720 vult
1004 5664 1161 5734 facit,
1212 5669 1267 5726 in
1292 5670 1430 5726 caelo
1469 5681 1524 5727 et
1555 5675 1608 5728 in
1663 5678 1850 5732 terra?

260 5750 315 5804 in
336 5746 476 5805 cmlo
507 5753 759 5809 voluitex
783 5770 883 5811 sua
931 5758 1237 5816 substantia
1285 5762 1617 5818 aeternaliter
1647 5766 1850 5823 habere

332 5878 357 5904 ι
402 5864 459 5917 S.
487 5866 823 5935 Ambrosius,
854 5868 919 5927 de
939 5866 1073 5929 Fide
1102 5868 1228 5929 libr.
1257 5888 1298 5943 ι,
1335 5888 1453 5949 cap.
1502 5876 1588 5945 l7,
1634 5895 1688 5934 ιι.
1725 5880 1845 5935 ιιι.

1939 1993 1995 2039 et
2026 1983 2314 2043 liberatum
2361 2007 2470 2047 una
2490 2001 2544 2049 et
2584 1997 2779 2068 aequali
2811 1999 3052 2060 ﬁlietatis
3079 2005 3315 2065 dictione
3350 2012 3539 2072 volens

1937 2091 2060 2134 esse
2078 2082 2451 2150 constrictum,
2504 2086 2632 2143 dum
2659 2089 2777 2159 ipsa
2807 2092 3019 2151 Veritas
3060 2097 3194 2155 dicit
3221 2119 3234 2155 :
3267 2102 3328 2158 Si
3359 2102 3535 2165 Filius

1936 2182 2025 2223 uos
2049 2166 2370 2241 liberaverit,
2399 2191 2517 2231 vere
2544 2177 2696 2237 liberi
2713 2184 2859 2238 eritis
2907 2184 3092 2258 (Joan.
3126 2206 3248 2259 vm,
3272 2194 3384 2270 36).
3449 2198 3534 2257 Tu

1936 2274 2069 2317 vero
2090 2262 2148 2318 in
2175 2265 2341 2322 corde
2370 2276 2466 2326 tuo
2487 2271 2827 2333 inﬁdelitatis
2853 2278 3084 2348 calamo,
3132 2283 3259 2342 licet
3286 2262 3533 2349 in'evan-

1934 2351 2126 2425 gelicis
2153 2368 2265 2413 non
2284 2356 2511 2429 legisses
2536 2361 2758 2433 litteris,
2804 2368 3065 2440 scriptum
3089 2373 3284 2432 babes:
3326 2377 3384 2436 Si
3404 2383 3537 2439 ado-

1935 2442 2117 2513 ptivus
2148 2461 2245 2504 vos
2268 2447 2607 2520 liberaverit,
2651 2472 2780 2514 vere
2801 2458 2957 2518 liberi
2987 2465 3159 2531 eritis,
3192 2477 3249 2524 et
3271 2480 3324 2528 te
3350 2471 3543 2549 legen-

1936 2535 2082 2593 tibus
2124 2541 2337 2597 occulte
2355 2542 2573 2602 Ariante
2596 2549 2878 2618 perﬁdiam
2917 2561 3203 2624 pravitatis
3225 2535 3534 2626 διιδίηῶϋὶ-

1935 2627 2166 2697 gendam
2196 2632 2487 2705 relinquis;
2535 2641 2666 2710 quia
2717 2643 2763 2699 si
2792 2659 2899 2700 una
2933 2660 3163 2718 persona
3189 2666 3273 2712 est
3319 2667 3375 2714 et
3394 2675 3536 2720 unus

1934 2715 2107 2775 Filius
2136 2719 2280 2778 Deus
2312 2733 2369 2780 et
2395 2726 2579 2798 homo,
2619 2739 2675 2786 et
2711 2732 2877 2791 homo
2908 2715 2994 2795 est
3031 2743 3319 2815 adoptivus
3367 2715 3534 2822 ﬁlius,

1935 2824 2161 2870 necesse
2194 2825 2280 2871 est
2305 2826 2364 2873 ut
2397 2818 2542 2878 Deus
2595 2838 2813 2897 quoque
2849 2830 2924 2887 sit
2966 2834 3271 2906 adoptivus.
3345 2818 3537 2903 Nonne

1934 2903 2105 2960 multo
2133 2906 2435 2980 elegantius
2457 2922 2626 2983 esset,
2672 2932 2739 2974 ex
2766 2903 3089 2982 dominante
3104 2940 3302 2989 natura
3332 2934 3387 2990 in
3408 2934 3535 2995 Filii

1935 2999 2339 3069 proprietatem,
2391 3006 2688 3078 subjectum
2716 3026 2837 3069 esse
2862 3015 3251 3086 gloriﬁcatam?

2008 3120 2251 3179 XXXVII
2300 3124 2473 3195 Rade,
2500 3129 2746 3199 obsecro,
2796 3135 2863 3191 de
2889 3139 3053 3195 corde
3082 3149 3178 3198 tuo
3207 3143 3369 3216 hujus
3404 3148 3535 3206 ado-

1938 3212 2140 3282 ptionis
2176 3229 2371 3273 nomen
2399 3218 2455 3273 in
2495 3218 2717 3278 Christo
2771 3225 2902 3291 Deo,
2950 3238 3009 3284 ut
3035 3231 3113 3287 sis
3138 3233 3193 3289 in
3235 3212 3366 3293 vero
3395 3238 3537 3297 Filio

1940 3301 2060 3369 Dei,
2102 3310 2158 3359 et
2194 3305 2360 3362 vitam
2412 3308 2469 3364 in
2505 3308 2598 3368 illo
2628 3314 2828 3372 habeas
2869 3326 3150 3379 aitemam.
3229 3324 3346 3383 Heu
3390 3346 3539 3389 c:eca

1939 3394 2208 3461 pravitas!
2258 3412 2380 3468 quae
2405 3399 2533 3456 dum
2581 3404 2796 3474 sapiens
2850 3424 2971 3467 esse
3011 3414 3183 3473 videri
3233 3426 3533 3494 contendit,

1940 3484 2106 3540 stulta
2150 3489 2485 3557 ostenditur;
2544 3501 2599 3548 ct
2635 3495 2763 3551 dum
2790 3497 2897 3555 alta
2927 3501 3226 3566 divinitatis
3276 3484 3535 3585 mysteria

1939 3584 2366 3648 prmsumptuosa
2419 3582 2649 3640 audacia
2694 3592 2929 3644 scrutari
2965 3597 3267 3667 praesumit,
3324 3582 3538 3662 dicente

1943 3667 2257 3739 Scriptura:
2294 3670 2500 3730 Altiora
2528 3685 2579 3731 te
2607 3695 2670 3733 ne
2696 3682 2967 3751 qua’siet'is
3013 3685 3205 3757 (Eccli.
3232 3707 3315 3757 ιιι,
3337 3694 3451 3764 ‘22),
3483 3699 3537 3751 in

1942 3759 2265 3828 profundam
2289 3766 2498 3822 erroris
2543 3767 2754 3826 foveam
2797 3776 3130 3847 praecipitata
3157 3783 3323 3838 cadit.

1943 3848 2089 3903 cnim
2110 3850 2272 3908 homo
2314 3852 2483 3912 Filius
2501 3858 2748 3930 virginis,
2779 3861 2985 3933 Spiritu
3008 3879 3196 3928 sancto
3217 3886 3533 3948 conceptus,

1944 3940 2012 3995 ab
2039 3940 2197 3997 initio
2217 3946 2587 4016 conceptionis
2611 3964 2722 4005 sure
2750 3952 2892 4009 Deus
2931 3971 3094 4015 verus
3115 3940 3411 4034 conceptus
3428 3977 3534 4035 est,

1943 4040 1999 4086 et
2027 4040 2270 4105 tempore
2306 4048 2612 4108 opportuno
2646 4043 2788 4101 Deus
2824 4063 2981 4106 verus
3004 4063 3183 4111 natus.
3238 4057 3379 4115 Ecce
3392 4061 3539 4120 Deus

1943 4121 2107 4180 Pater
2138 4125 2308 4182 Deum
2340 4145 2529 4186 verum
2578 4136 2729 4191 nasci
2775 4138 2963 4208 voluit,
3006 4145 3081 4199 ita
3125 4156 3188 4204 ut
3238 4165 3345 4206 una
3389 4164 3540 4213 esset

1946 4214 2041 4270 Dei
2093 4223 2158 4277 et,
2180 4218 2416 4276 hominis
2462 4237 2717 4293 persona,
2760 4237 2818 4284 et
2848 4245 2990 4291 unus
3023 4247 3172 4292 esset
3202 4238 3374 4299 Filius
3414 4244 3535 4312 Dei,

1947 4305 2089 4364 Deus
2117 4316 2173 4366 et
2189 4312 2374 4368 homo.
2452 4313 2733 4382 Quomodo
2759 4321 2932 4379 noluit
2953 4340 3078 4383 eum
3118 4346 3307 4388 verum
3336 4305 3533 4396 Filium

1945 4413 2085 4464 esse,
2112 4416 2273 4471 quem
2298 4419 2485 4461 verum
2520 4408 2687 4463 voluit
2711 4426 2835 4468 esse
2854 4413 3064 4474 Deum?
3117 4420 3229 4479 Aut
3268 4425 3400 4482 illud
3440 4445 3539 4501 po-

1946 4491 2069 4559 tuit,
2118 4503 2174 4550 et
2217 4495 2321 4551 hoc
2345 4512 2450 4554 non
2479 4501 2690 4569 potuit?
2750 4504 2852 4562 Ubi
2874 4517 2959 4564 est
2978 4526 3123 4569 nunc
3139 4491 3537 4590 omnipotentis

1873 4582 2065 4669 DDei,
2125 4584 2282 4657 cujus
2309 4587 2571 4647 voluntati
2620 4594 2797 4651 nullus
2834 4602 3073 4659 resistit?
3147 4608 3205 4664 Si
3255 4582 3433 4682 potuit
3481 4628 3537 4672 et

1947 4672 2141 4741 noluit,
2185 4692 2282 4735 cur
2308 4677 2502 4735 invidit
2530 4682 2579 4737 ei
2619 4687 2903 4745 veritatem
2929 4692 3079 4763 Filii,
3131 4701 3216 4753 cui
3255 4672 3362 4759 non
3393 4706 3536 4763 invi-

1944 4765 2024 4821 dit
2051 4767 2333 4841 veritatem
2373 4772 2633 4831 Deitatis?
2680 4779 2748 4834 Et
2783 4784 2912 4850 quid
2936 4797 3041 4854 est,
3084 4794 3227 4861 quod
3267 4796 3397 4854 dicit
3439 4816 3537 4871 pa-

1945 4864 2102 4915 terna
2132 4875 2266 4915 vox:
2322 4861 2424 4918 Hic
2446 4875 2522 4922 est
2553 4866 2724 4927 Filius
2747 4890 2893 4930 meus
2921 4879 3165 4951 dilectus,
3199 4886 3255 4942 in
3281 4861 3535 4961 (promi/ti

1946 4950 2070 5005 bene
2099 4952 2427 5025 complacui?
2459 4958 2768 5033 Iterumque
2791 4967 2843 5022 in
2868 4982 3080 5029 monte:
3115 4950 3219 5033 lito
3253 4950 3331 5036 sit
3358 4981 3538 5043 Filius

1946 5058 2091 5098 meus
2117 5044 2362 5113 dilectus,
2388 5048 2442 5103 in
2460 5067 2565 5123 quo
2588 5055 2715 5131 milli
2739 5057 2863 5113 bene
2890 5066 3183 5135 complacui
3197 5089 3217 5138 ,'
3246 5073 3413 5143 ipsum
3437 5093 3539 5133 att.-

1946 5136 2074 5195 dite.
2126 5138 2384 5198 Diabolus
2413 5145 2623 5203 dubitat
2644 5150 2690 5205 si
2708 5150 2804 5208 Dei
2831 5154 3002 5233 Filius
3028 5172 3175 5217 esset
3192 5136 3355 5234 quem
3375 5169 3533 5239 vidit,

1946 5235 2001 5281 et
2029 5227 2151 5284 ideo
2180 5230 2235 5285 in
2256 5245 2353 5288 sua
2374 5240 2669 5296 tentatione
2702 5242 2805 5300 hoc
2820 5248 2929 5317 egit
2958 5227 3193 5320 semper,
3210 5227 3283 5312 ut
3301 5260 3466 5318 sciret
3486 5227 3537 5319 si

1947 5314 2042 5372 Dei
2066 5327 2209 5375 esset
2236 5318 2424 5378 Filius.
2447 5322 2511 5380 Hi
2528 5342 2654 5384 vero
2665 5314 2970 5404 ad0ptionis
2992 5314 3308 5413 assertores,
3329 5350 3534 5420 majore

1947 5414 2365 5485 przesumptione
2394 5432 2557 5487 quam
2582 5422 2845 5494 diabolus,
2876 5431 3094 5500 publice
3117 5449 3316 5509 negant
3342 5414 3533 5504 verum

1948 5503 2145 5559 Filium
2173 5502 2270 5561 Dei
2291 5522 2442 5574 esse;
2502 5513 2598 5567 sed
2624 5526 2820 5573 nostrae
2872 5502 3532 5605 adoptionisvparticipem

1948 5593 2225 5666 afﬁrmare
2241 5614 2349 5654 non
2379 5602 2590 5663 timent.
2639 5606 2774 5664 Nam
2796 5618 2850 5665 et
2872 5613 2998 5683 ipse
3034 5593 3293 5679 Domitius
3319 5593 3533 5695 adiura-

1952 5696 2037 5742 tus
2065 5704 2095 5742 a
2123 5692 2376 5759 pontiﬁce
2431 5710 2529 5765 per
2570 5713 2767 5755 nomen
2812 5703 2908 5759 Dei
2956 5707 3101 5775 vivi,
3150 5713 3194 5766 si
3220 5692 3397 5770 Filius
3434 5716 3529 5773 Dei

1950 5788 2115 5845 esset,
2154 5778 2312 5852 771
2362 5786 2669 5857 respOndit:
2725 5788 2839 5864 Ego
2863 5811 2979 5852 sum
3015 5797 3210 5872 (Marc.
3256 5819 3364 5873 slv,
3415 5806 3528 5880 62).
