4346 6624
751 322 859 380 103

1582 311 1644 368 Β.
1680 308 1744 366 F.
1785 305 2012 364 ALBINI
2053 301 2185 362 SEU
2225 293 2505 356 ALCUI‘NI
2544 292 2832 352 OPERUM
2872 288 3051 349 PARS
3088 286 3174 344 III.

3923 275 4027 332 1οι

747 437 846 494 Isti
865 447 997 492 vero
1023 429 1242 487 dicunt:
1272 426 1397 484 Non
1443 435 1551 490 est;
1582 439 1682 479 nec
1712 420 2082 478 testimonium
2104 422 2342 485 paterna:
2372 414 2420 472 Α
2446 409 2576 476 lem,
2605 410 2890 465 veritatem
2930 408 2981 460 in
3006 420 3064 461 se
3086 402 3274 458 forma
3310 398 3592 467 utriusque
3641 395 3974 451 demonstrat
4006 410 4025 448 :

749 524 922 592 vocis,
974 535 1077 578 nec
1103 518 1275 589 ipsius
1317 515 1414 571 Dei
1432 484 1634 569 Christi
1674 509 2046 566 testimonium
2075 484 2343 573 rscipicn-
2441 511 2581 557 utet
2624 502 2917 556 humanam
2945 498 3139 566 probet
3187 490 3532 563 imparilitas,
3560 494 3617 543 et
3641 487 3874 543 divinam
3932 484 4033 542 do—

751 624 856 678 tes,
905 591 998 684 qui
1043 609 1147 665 alio
1175 608 1296 665 loco
1321 606 1426 661 ait:
1481 603 1615 658 Etsi
1657 618 1752 673 ego
1792 597 2143 654 testimonium
2163 591 2342 666 perhi-

754 709 847 762 beo
869 683 1162 772 demeipso,
1185 697 1536 754 testimonium
1557 709 1728 748 meum
1742 706 1914 746 verum
1939 696 2038 752 est,
2067 687 2192 758 quia
2210 683 2343 747 scio,

752 792 896 850 unde
923 793 1090 857 uenio,
1117 799 1167 844 et
1191 805 1295 861 quo
1329 786 1459 841 vado
1490 783 1674 857 (Ioan.
1697 797 1819 846 vm,
1853 779 1962 852 14).
2012 776 2082 832 Ει
2106 776 2337 831 iterum:

756 883 871 956 Ego
892 901 1033 949 sum,
1083 879 1173 952 qui
1192 878 1544 934 testimonium
1597 872 1840 941 perhibeo
1861 870 1926 924 de
1948 867 2163 938 nteipso,
2196 873 2245 919 et
2273 873 2348 917 te-

755 953 1056 1033 stimonium
1071 971 1299 1046 perhibet
1318 969 1382 1023 de
1396 985 1494 1033 me,
1507 967 1594 1038 qui
1612 965 1752 1020 misit
1765 980 1847 1017 me
1864 959 2025 1015 Pater
2046 956 2208 1030 (Ibid.
2235 953 2346 1024 I8).

758 1069 887 1125 Haec
909 1077 969 1122 ut
994 1067 1145 1130 libet,
1169 1064 1260 1134 qui
1287 1063 1449 1131 legat,
1479 1057 1755 1126 intelligat.
1805 1053 1914 1108 Nos
1940 1051 2008 1105 ad
2035 1055 2349 1104 sanctorum

757 1162 981 1219 Patrum
1015 1157 1261 1224 exempla
1287 1153 1580 1225 colligenda
1623 1156 1979 1206 revertamur.

827 1246 1116 1307 XXXVIII.
1143 1247 1278 1302 Nam
1301 1251 1522 1299 sanctus
1538 1242 1870 1313 Augustinus
1893 1238 1948 1292 in
1973 1233 2203 1291 Humilia
2218 1247 2354 1304 qna-

758 1343 1067 1416 dragesima
1084 1348 1237 1396 sexta
1265 1352 1406 1408 saepe
1425 1335 1550 1391 dicti
1576 1332 1768 1405 Operis
1783 1331 1863 1386 sic
1889 1330 2004 1384 ait!
2028 1346 2042 1381 :
2074 1345 2093 1378 ‹
2115 1324 2354 1380 Fremuit

760 1437 971 1509 spiritu,
1006 1443 1055 1487 et
1101 1431 1327 1486 turbavit
1373 1429 1601 1499 seipsum
1626 1468 1641 1492 ,
1682 1434 1731 1482 et
1776 1423 1933 1488 dixit,
1974 1421 2062 1475 ubi
2108 1417 2354 1491 posuistis

759 1507 881 1583 eum
917 1525 1100 1598 (Joan.
1134 1537 1212 1588 ιι,
1260 1520 1393 1591 35)?
1440 1519 1637 1574 Nescio
1690 1514 1821 1586 quid
1853 1512 2008 1568 nobis
2060 1507 2359 1565 insinuavit

761 1615 1041 1674 fremendo
1055 1613 1270 1682 spiritu,
1293 1605 1625 1664 etturbando
1646 1605 1904 1675 seipsum.
1929 1601 2062 1668 Quis
2076 1598 2218 1652 enim
2232 1610 2357 1652 eum

762 1707 934 1782 possit
984 1705 1091 1761 nisi
1145 1702 1384 1774 seipsum
1428 1694 1931 1764 turbaretltaque,
1982 1689 2179 1746 fratres
2226 1686 2356 1751 mei,

2444 592 2615 649 claret
2639 590 2939 660 :equalitas.
2972 585 3240 652 Majestati
3271 582 3436 652 igitur
3482 579 3602 634 Filii
3636 578 3732 633 Dei
3767 590 4033 647 corporea

2444 683 2701 739 nativitas
2720 680 2854 736 nihil
2883 677 3122 742 abstulit,
3171 672 3309 729 nihil
3334 671 3561 728 contulit
3587 687 3601 735 ;
3629 670 3755 739 quia
3775 669 4035 724 substan-

2446 777 2524 832 tia
2572 773 3030 832 incommutabilis
3069 787 3171 828 nec
3224 768 3395 825 minui
3448 767 3626 838 potuit
3672 779 3774 820 nec
3823 763 4030 834 augeri.

2447 867 2602 936 Quod
2651 867 2792 923 enim
2826 865 3061 922 Verbum
3091 877 3225 919 caro
3281 857 3484 914 factum
3532 865 3647 920 est,
3682 868 3787 910 non
3818 855 3924 909 hoc
3961 853 4036 907 si-

2447 956 2688 1028 gniﬁcat,
2723 956 2946 1028 quodin
2976 968 3198 1010 carnem
3221 953 3292 1010 sit
3315 949 3410 1005 Dei
3439 955 3632 1002 natura
3680 953 3912 1009 mutata,
3942 942 4040 1000 sed

2448 1049 2593 1120 quod
2621 1064 2653 1103 a
2682 1048 2862 1104 Verbo
2890 1047 2941 1102 in
2965 1046 3228 1101 unitatem
3269 1055 3515 1112 persona:
3541 1039 3612 1094 sit
3642 1053 3773 1094 caro
3815 1049 4040 1105 suscep-

2453 1149 2541 1208 ta;
2574 1141 2629 1194 in
2657 1139 2813 1210 cujus
2853 1139 3040 1207 utique
3091 1136 3312 1191 nomine
3338 1133 3497 1188 homo
3553 1139 3699 1184 totus
3747 1129 4040 1198 accipitur,

2451 1248 2577 1288 cum
2611 1247 2718 1302 quo
2739 1230 2881 1285 intra
2907 1228 3137 1299 virginis
3159 1228 3370 1281 viscera
3397 1231 3586 1278 sancto
3615 1220 3818 1292 Spiritu
3850 1220 4042 1273 fecun-

2453 1324 2601 1388 data,
2634 1330 2689 1378 et
2715 1336 2992 1391 nunquam
3006 1319 3316 1390 virginitate
3343 1317 3605 1378 caritura,
3630 1322 3741 1369 tam
3763 1313 4046 1382 insepara-

2452 1415 2635 1470 biliter
2674 1414 2767 1469 Dei
2791 1413 2958 1468 Filius
2987 1421 3073 1467 est
3096 1411 3301 1474 unitos,
3334 1419 3397 1464 ut
3422 1411 3513 1479 qui
3557 1416 3675 1462 erat
3705 1407 4045 1475 intempora-
4145 1435 4150 1440 -

2457 1505 2582 1560 liter
2631 1505 2699 1559 de
2719 1505 2954 1560 essentia
2984 1503 3162 1558 Patris
3189 1503 3427 1573 genitus,
3473 1501 3589 1571 ipse
3618 1499 3690 1553 sit
3728 1493 4048 1568 temporali-

2458 1604 2543 1651 ter
2568 1595 2637 1650 de
2656 1603 2813 1650 utero
2840 1593 3067 1664 virginis
3093 1604 3272 1648 natus.
3300 1611 3320 1645 ι

2528 1702 2644 1758 XL.
2671 1701 2803 1758 Item
2835 1702 2892 1756 in
2916 1701 3021 1756 alia
3045 1701 3267 1757 humilia
3295 1711 3318 1740 ο
3345 1719 3360 1754 :
3396 1718 3414 1752 ε
3444 1699 3858 1771 Agnoscendum
3889 1714 4048 1762 sane,

763 1772 938 1872 primo
954 1797 1044 1853 hic
1067 1772 1323 1851 attendite
1347 1797 1695 1864 potestatem,
1712 1793 1769 1843 et
1780 1781 2133 1852 sicinquirite
2152 1777 2357 1849 signiti—
2387 1772 2434 1833 Β
2459 1798 2479 1852 ε

2338 1808 2357 1819 ·
2387 1772 2434 1833 Β
2459 1795 2819 1861 dilectissimi,
2847 1805 2902 1852 et
2932 1800 3045 1851 toto
3069 1795 3231 1850 corde
3254 1800 3340 1849 est
3359 1791 3748 1858 conﬁtendum,
3765 1789 3907 1861 quod
3932 1790 4054 1847 hzrc

763 1890 1054 1949 cationem.
1086 1885 1346 1942 Turbaris
1392 1892 1448 1940 tu
1497 1881 1729 1946 nolens;
1781 1876 2034 1933 turbatur
2059 1873 2310 1929 Christus
2337 1911 2354 1936 ,

764 1982 890 2057 quia
916 1981 1105 2037 voluit.
1130 1977 1392 2034 Esurivit.
1409 1973 1590 2040 Iesus,
1620 1986 1812 2029 verum
1836 1977 1953 2034 est,
2006 1969 2134 2037 quia
2162 1963 2354 2019 voluit.

773 2055 1040 2133 Durmivit
1064 2067 1245 2134 Iesus,
1275 2081 1465 2124 verum
1491 2072 1598 2132 est,
1626 2063 1754 2135 quia
1785 2060 1973 2118 voluit.
1994 2055 2360 2114 Contristatus

765 2171 857 2222 est
881 2160 1040 2220 Iesus
1066 2199 1082 2228 ,
1113 2173 1304 2214 verum
1347 2165 1451 2221 est,
1493 2155 1588 2212 sed
1616 2155 1742 2224 quia
1770 2150 1959 2207 voluit.
2004 2147 2247 2203 Mortuus
2276 2151 2364 2199 est

768 2255 948 2322 Iesus,
984 2270 1174 2311 verum
1204 2261 1306 2319 est,
1337 2248 1665 2329 quiaqvoluit.
1694 2247 1754 2303 In
1773 2245 1918 2301 illius
1942 2247 2215 2316 potestate
2239 2245 2363 2296 erat

771 2353 854 2409 sic
872 2348 957 2407 vel
1006 2349 1089 2405 sic
1119 2344 1281 2414 allici,
1326 2345 1412 2401 vel
1441 2357 1550 2399 non
1571 2339 1732 2396 afﬁci.
1762 2338 1982 2400 Veram,
2016 2333 2214 2404 inquit,
2244 2329 2363 2386 ani-

773 2458 922 2503 mam
959 2440 1202 2512 suscepit
1225 2447 1280 2494 et
1302 2451 1557 2501 carnem,
1584 2433 1751 2490 totius
1795 2429 2031 2486 hominis
2071 2426 2174 2482 sibi
2199 2439 2363 2496 coap-

773 2545 895 2593 taus
921 2534 976 2589 in
1002 2545 1248 2604 personae
1291 2529 1552 2584 unitatem
1597 2532 1869 2580 naturam.
1921 2517 2057 2574 Nam
2084 2524 2140 2572 et
2180 2516 2364 2571 anima

776 2627 1004 2701 apostoli
1029 2625 1199 2680 verbo
1226 2621 1498 2677 illustrata
1522 2626 1649 2683 est;
1694 2615 1878 2670 anima
1915 2610 2068 2667 Pauli
2100 2618 2155 2666 et
2182 2609 2365 2663 anima

775 2721 922 2777 Petri
973 2717 1138 2772 verbo
1195 2715 1466 2770 iIIustrata
1508 2719 1627 2774 est;
1679 2708 1911 2764 aliorum
1961 2701 2326 2775 apostolorum
2347 2737 2364 2765 ,

780 2822 1091 2870 sanctorum
1138 2809 1530 2880 prophetarum
1575 2801 1742 2858 verbo
1771 2799 2049 2854 illustrare
2075 2802 2204 2851 sunt
2249 2792 2368 2848 ani-

779 2919 902 2969 mae,
951 2901 1046 2959 sed
1071 2901 1138 2955 de
1163 2897 1310 2953 nulla
1363 2896 1568 2951 dictum
1593 2899 1678 2947 est
1708 2910 1720 2944 :
1775 2889 1889 2961 Ego
1933 2897 1984 2942 et
2024 2896 2175 2958 pater
2202 2901 2366 2939 unum

781 3017 960 3058 sumus
992 2996 1175 3071 (Joan.
1217 3011 1272 3060 ιι,
1314 2993 1430 3065 30).
1455 2990 1648 3045 Anima
1697 2985 1903 3042 Christi
1927 2991 1982 3038 et
2003 2995 2134 3038 caro
2161 2978 2367 3036 Christi

2457 1888 2737 1960 generatio
2760 1928 2776 1953 ,
2827 1903 2936 1958 qua
2961 1887 3200 1944 Verbum
3246 1895 3302 1942 et
3331 1899 3462 1942 caro
3490 1925 3507 1953 ,
3542 1885 3598 1940 id
3639 1893 3748 1950 est,
3802 1882 3948 1939 Deus
3993 1891 4056 1938 et

2456 1983 2642 2049 homo,
2669 1997 2810 2039 unus
2833 1981 2931 2037 Dei
2981 1979 3172 2045 Filius,
3221 1991 3473 2048 unusque
3514 1977 3766 2033 Christus
3793 1974 4052 2038 eﬂicitur,

2457 2090 2626 2148 super
2649 2089 2865 2132 omnem
2887 2072 3151 2144 originem
3178 2073 3429 2128 humanae
3443 2068 3734 2126 creationis
3757 2065 3996 2123 excellit.
4029 2087 4050 2118 ι

2458 2170 2592 2225 Item
2635 2175 2759 2238 post
2785 2180 2958 2238 pauca
2987 2167 3042 2220 in
3066 2165 3257 2221 eadem
3283 2161 3510 2219 homilia
3543 2178 3557 2216 :
3603 2179 3623 2213 ‹
3659 2160 3929 2216 Nativltas
3959 2173 4057 2215 au-

2461 2268 2569 2316 tem
2593 2257 2806 2316 Domini
2831 2258 3003 2313 nostri
3027 2254 3152 2312 Iesu
3174 2254 3376 2310 Christi
3403 2268 3619 2310 omnem
3640 2249 4058 2324 intelligentiam

2459 2358 2702 2423 superat,
2730 2357 2787 2406 et
2812 2357 3008 2406 cuncta
3034 2347 3281 2419 exempla
3313 2345 3652 2402 transcendit
3683 2363 3695 2399 :
3725 2359 3829 2401 nec
3871 2350 4063 2416 potest

2461 2458 2588 2502 esse
2616 2442 2744 2499 ullis
2765 2439 3168 2513 comparabilis,
3199 2454 3322 2510 quae
3364 2445 3452 2493 est
3478 2437 3618 2493 inter
3642 2437 3825 2492 omnia
3871 2435 4064 2510 singu-

2463 2536 2616 2593 laris.
2654 2556 2674 2590 ι

2535 2626 2698 2698 772
2728 2623 2864 2681 XLI.
2911 2624 3206 2682 Videamus
3233 2623 3379 2694 quod
3415 2629 3601 2678 tantus
3638 2620 3800 2676 Pater
3842 2627 3900 2678 et
3943 2629 4065 2678 tam

2465 2718 2758 2792 praeclarus
2789 2718 2976 2776 doctor
3017 2731 3236 2774 omnem
3264 2715 3672 2785 intelligentiam
3720 2711 3926 2769 Christi
3958 2727 4063 2767 na-

2467 2810 2742 2866 tivitatem
2766 2810 3034 2866 excedere
3073 2808 3409 2880 pronuntiat.
3439 2805 3579 2873 Quid
3623 2805 3716 2862 isti
3754 2806 3880 2862 novi
3905 2819 4069 2862 scru-

2467 2908 2673 2957 tatores
2697 2915 3016 2956 arcanorum
3040 2899 3133 2955 Dei
3155 2913 3214 2953 se
3235 2899 3550 2954 existimant
3567 2895 3891 2970 intelligere,
3912 2893 4068 2965 quod

2470 2992 2678 3061 antiqui
2705 2990 2899 3048 Patres
2940 3000 2997 3046 et
3023 2990 3274 3047 catholici
3321 2990 3572 3045 doctOnes
3595 3003 3654 3044 se
3698 2987 3914 3045 nescire
3943 3002 4070 3059 pro-

780 3107 906 3149 cum
935 3091 1112 3188 verbo
1261 3103 1368 3142 una
1394 3097 1626 3157 PCI‘SOM
1655 3089 1757 3145 εει,
1784 3093 1926 3134 unus
1963 3075 2215 3188 (ξιπίεῐιιξ
2247 3079 2363 3188 ei“;
2394 3124 2444 3188 ϐ
2474 3084 2601 3142 fessi
2643 3094 2772 3142 sunt
2798 3102 2814 3152 ;
2839 3086 2983 3141 sicut
3029 3082 3197 3140 Isaias
3220 3097 3435 3154 quoque
3479 3083 3747 3153 propheta
3799 3096 4067 3138 arcanum

779 3201 853 3248 ac
877 3200 976 3256 per
999 3184 1125 3249 hoc,
1152 3180 1244 3238 ubi
1270 3192 1480 3235 summa
1506 3181 1768 3247 potestas,
1801 3167 2096 3225 secundum
2122 3166 2369 3221 volunta-

788 3279 861 3334 tis
878 3251 1072 3334 nutum
1092 3275 1342 3330 turbatur
1366 3267 1676 3331 inﬁrmitas,
1701 3265 1803 3319 hoc
1832 3270 1932 3327 est,
1959 3258 2198 3316 turbavit
2213 3251 2369 3329 [Ἀθη

785 3369 1048 3444 turbabit]
1079 3367 1454 3437 semetipsum.
1498 3383 1516 3415 I

845 3469 1065 3527 XXXIX
1076 3510 1088 3524 .
1105 3467 1524 3524 Consideremus
1535 3476 1750 3533 quoque
1763 3459 1890 3531 quid
1905 3458 2015 3515 Leo
2025 3471 2164 3528 papa
2175 3455 2377 3512 Roma-

786 3579 911 3628 nus,
934 3562 1021 3617 vir
1042 3561 1095 3615 in
1118 3558 1224 3614 tide
1245 3555 1514 3614 catholica
1541 3553 1947 3615 veracissimns,
1969 3556 2026 3605 et
2051 3550 2104 3604 in
2121 3547 2376 3617 eloquen-

791 3657 868 3712 tia
897 3651 1239 3711 clarissimus
1260 3647 1330 3704 de
1359 3647 1557 3702 divinae
1580 3645 1634 3699 in
1657 3643 1873 3700 Christo
1901 3650 1956 3696 et
1975 3641 2226 3696 humanae
2248 3650 2378 3691 con-

791 3745 964 3805 sortio
979 3749 1188 3800 natura:
1207 3746 1448 3796 enarret.
1473 3735 1566 3790 Ait
1593 3734 1739 3790 enim
1766 3732 1838 3786 ita
1863 3732 1918 3785 in
1942 3728 2188 3793 humilia,
2215 3740 2378 3796 quam

791 3840 863 3897 de
886 3836 1169 3893 nativitate
1202 3829 1414 3887 Domini
1445 3826 1620 3882 nostri
1651 3823 1776 3879 Iesu
1805 3821 2010 3876 Christi
2054 3817 2273 3888 scripsit
2299 3817 2327 3856 δ
2364 3833 2375 3867 :

795 3949 818 3984 ι
855 3929 1058 3986 Verum
1090 3933 1192 3988 est,
1247 3920 1393 3992 quod
1424 3920 1618 3974 beatus
1669 3914 1906 3970 Joannes
1957 3909 2164 3980 Spiritu
2191 3915 2383 3962 sancto

793 4023 987 4096 plenus
1019 4017 1289 4075 intonuit:
1335 4012 1402 4068 In
1428 4009 1686 4085 principio
1730 4016 1840 4062 erat
1880 4002 2128 4068 Verbum,
2155 4012 2206 4056 et
2258 3999 2386 4053 Ver-

799 4091 924 4173 bum
957 4123 1072 4170 erat
1094 4109 1236 4181 apud
1260 4107 1450 4170 Deum,
1476 4112 1524 4158 et
1557 4101 1696 4158 Deus
1714 4107 1827 4154 erat
1862 4094 2108 4151 Verbum.
2140 4091 2255 4146 Hoc
2273 4101 2386 4144 erat

796 4217 856 4272 in
879 4211 1135 4287 principio
1162 4205 1302 4279 apud
1331 4204 1499 4259 Deum
1518 4242 1532 4265 ,
1561 4198 1736 4254 omnia
1760 4212 1850 4265 per
1876 4195 2046 4264 ipsum
2073 4188 2216 4259 facta
2243 4195 2384 4249 sunt,

801 4315 850 4364 et
877 4284 988 4361 sine
1013 4303 1126 4374 ipso
1165 4300 1365 4371 factum
1393 4303 1470 4352 est
1501 4288 1649 4346 nihil.
1685 4288 1753 4344 Et
1795 4284 2046 4342 similiter
2067 4293 2254 4335 verum
2281 4284 2386 4342 est,

801 4399 946 4473 quod
965 4399 1107 4453 idem
1135 4391 1458 4464 praedicator
1487 4384 1717 4456 adjecit:
1758 4379 1986 4436 Verbum
2036 4391 2161 4431 caro
2189 4374 2389 4473 (actum

2473 3177 2776 3234 nativitatis
2798 3178 2946 3234 illius
2993 3191 3117 3233 esse
3162 3184 3397 3232 testatur
3444 3172 3717 3230 ineffabile
3744 3190 3759 3242 ;
3789 3181 3847 3229 et
3873 3174 3982 3230 hoc
4010 3174 4069 3228 in

2473 3285 2540 3327 eo
2562 3271 2702 3337 loco,
2723 3269 2815 3326 ubi
2842 3270 2911 3327 de
2937 3268 3301 3325 humanitatis
3323 3266 3557 3339 injuriis,
3586 3281 3726 3337 quas
3751 3279 3858 3336 pro
3876 3273 4073 3321 nostra

2473 3375 2736 3433 passurus
2754 3368 2874 3416 erat
2898 3357 3093 3424 salute,
3125 3357 3340 3414 locutus
3367 3363 3454 3413 est
3479 3373 3493 3410 :
3524 3353 3678 3412 Sicut
3702 3353 3817 3409 ouis
3839 3354 3908 3409 ad
3932 3355 4077 3409 occi-

2474 3454 2677 3508 sionem
2725 3451 2969 3518 ducetur,
3012 3459 3061 3506 et
3080 3450 3234 3521 quasi
3281 3463 3449 3519 agnus
3479 3461 3658 3502 coram
3701 3445 3955 3500 tondente
3983 3444 4078 3499 ob-

2477 3551 2724 3597 mutescet
2755 3559 2773 3606 ;
2803 3549 2854 3596 et
2881 3557 2986 3595 non
3030 3539 3234 3610 aperuit
3258 3555 3316 3593 os
3357 3553 3535 3602 suum,
3582 3544 3631 3590 et
3659 3535 3726 3590 de
3745 3537 3997 3607 angustia
4027 3546 4078 3589 et

2477 3635 2758 3704 dejudicio
2780 3631 3019 3688 sublatus
3044 3640 3144 3696 est,
3169 3628 3555 3701 generationem
3580 3625 3696 3698 ejus
3709 3627 3824 3697 quis
3851 3643 4081 3680 enarra-

2483 3724 2556 3777 bit
2581 3721 2736 3793 (lsai.
2766 3737 2883 3788 LIII,
2907 3721 2961 3785 7,
2990 3719 3045 3793 8)
3069 3720 3094 3773 τ

2555 3830 2713 3888 XLII.
2749 3831 2902 3889 Sicut
2930 3840 2986 3887 et
3011 3833 3114 3888 iste
3135 3831 3276 3886 idem
3299 3829 3410 3886 Leo
3437 3829 3492 3884 in
3522 3827 3625 3884 alia
3657 3829 3948 3883 continuat
3976 3827 4084 3882 ho-

2484 3925 2635 3981 milia
2659 3923 2686 3964 ἀ
2719 3942 2733 3978 :
2765 3942 2784 3976 α
2814 3923 3039 3978 Excedit
3061 3922 3299 3991 quidem,
3331 3922 3527 3990 inquit,
3553 3919 3912 3982 dilectissimi,
3942 3916 4086 3973 mul-

2488 4026 2709 4086 tumque
2731 4016 3096 4088 supereminet
3140 4013 3360 4068 humani
3397 4011 3597 4082 eloquii
3635 4009 3950 4066 facultatem
4001 4007 4086 4063 di-

2488 4108 2599 4163 vini
2620 4107 2802 4180 operis
2821 4105 3157 4178 magnitudo,
3175 4112 3232 4159 et
3255 4104 3380 4159 inde
3398 4103 3575 4159 oritur
3596 4101 3884 4157 ditiicultas
3909 4099 4085 4163 fandi,

2490 4198 2634 4254 unde
2657 4198 2815 4254 adest
2851 4198 2988 4252 ratio
3016 4211 3124 4250 non
3151 4195 3363 4251 tacendi
3390 4212 3402 4247 :
3447 4194 3577 4263 quia
3606 4193 3662 4250 in
3687 4189 3818 4248 Iesu
3860 4190 4086 4246 Christo

2490 4288 2629 4344 Filio
2655 4288 2753 4345 Dei
2775 4303 2884 4344 non
2913 4287 3088 4342 solum
3111 4283 3180 4341 ad
3199 4285 3441 4340 divinam
3463 4285 3776 4346 essentiam,
3803 4281 3898 4336 sed
3917 4281 4087 4334 etiam

2493 4382 2562 4437 ad
2590 4382 2885 4436 humanam
2912 4386 3193 4450 exspectat
3226 4377 3380 4450 (ML,
3423 4383 3714 4449 spectant;
3741 4375 3915 4440 Edit.,
3938 4389 4093 4445 spec-

803 4465 900 4554 Eu,
934 4497 982 4542 et
1019 4483 1268 4541 habitavit
1293 4480 1348 4533 in
1374 4478 1520 4533 nobis
1542 4516 1557 4541 ,
1587 4483 1635 4529 et
1665 4473 1888 4527 vidimus
1931 4468 2158 4540 gloriam
2200 4465 2387 4534 ipsius,
2417 4481 2471 4545 υ
2496 4473 2598 4547 ωε]
2628 4484 2878 4528 naturam
2912 4513 2928 4539 ,
2967 4473 3111 4542 quod
3158 4471 3363 4527 dictum
3423 4479 3509 4526 est
3559 4483 3659 4540 per
3706 4467 4042 4538 Prophetam
4072 4485 4086 4522 :

805 4582 1028 4655 gloriam
1051 4577 1202 4650 quasi
1234 4570 1486 4644 unigeniti
1511 4587 1544 4623 a
1580 4566 1759 4621 Patre.
1795 4564 1856 4617 In
1880 4568 2112 4630 utraque
2143 4572 2273 4628 ergo
2295 4572 2394 4611 na-

807 4652 932 4730 tura
953 4671 1094 4727 idem
1123 4677 1207 4723 est
1249 4665 1342 4720 Dei
1390 4662 1562 4718 Filius
1603 4664 1789 4714 nostra
1817 4652 2140 4722 suscipiens,
2189 4657 2394 4719 etpro-

807 4765 928 4838 pria
957 4777 1066 4819 non
1086 4758 1341 4815 amittens
1361 4795 1376 4821 ,
1398 4755 1454 4810 in
1479 4751 1695 4807 homine
1725 4747 1999 4803 hominem
2021 4755 2310 4805 renovans,
2338 4739 2393 4793 in

813 4835 876 4915 se
913 4849 1368 4913 incommutabilis
1416 4856 1794 4918 perseverans.
1840 4838 2020 4893 Deitas
2061 4835 2207 4889 enim
2233 4873 2248 4898 ,
2276 4845 2397 4902 qua:

813 4947 927 5005 illic
979 4943 1189 5019 [Forte,
1217 4938 1315 5011 illi]
1352 4950 1478 4992 cum
1503 4934 1665 4990 Patre
1695 4927 1998 4985 communis
2036 4931 2155 4988 est,
2187 4920 2396 4977 nullum

817 5015 1201 5097 detrimentum
1237 5026 1639 5099 omnipotentiae
1686 5021 1871 5085 subiit,
1901 5034 2001 5076 nec
2027 5018 2121 5073 Dei
2167 5015 2400 5070 ianuam

818 5131 963 5189 servi
988 5126 1162 5185 forma
1191 5123 1411 5179 violavit
1441 5140 1452 5174 2
1479 5119 1605 5190 quia
1641 5129 1855 5173 summa
1879 5120 1934 5168 et
1959 5112 2289 5182 sempiterna
2313 5122 2398 5164 es-

822 5222 1018 5287 sentia,
1068 5233 1189 5291 quae
1215 5233 1274 5272 se
1301 5216 1369 5272 ad
1414 5211 1634 5270 humani
1679 5207 1895 5280 generis
1933 5203 2210 5261 inclinavit
2259 5199 2402 5258 salu-

824 5327 959 5384 tem,
985 5331 1086 5371 nos
1115 5314 1330 5384 quidem
1361 5310 1415 5365 in
1459 5322 1612 5364 suam
1662 5304 1887 5378 gloriam
1941 5300 2252 5366 transtulit,
2307 5297 2404 5356 sed

2496 4567 2896 4622 Generationem
2927 4566 3043 4635 ejus
3092 4565 3208 4636 quis
3241 4562 3556 4618 enarrabit?
3597 4560 3896 4629 Utramque
3939 4561 4088 4614 enim

2495 4660 2856 4715 substantiam
2879 4659 2934 4716 in
2961 4672 3124 4711 unam
3152 4655 3470 4710 convenisse
3506 4666 3798 4724 personam
3823 4650 3928 4705 uisi
3957 4650 4092 4706 ﬁdes

2495 4752 2702 4817 credat,
2744 4765 2927 4805 sermo
2959 4765 3066 4804 non
3095 4746 3332 4817 explicat
3364 4766 3376 4800 :
3412 4754 3466 4802 et
3506 4745 3630 4801 ideo
3651 4758 3926 4812 nunquam
3958 4741 4090 4797 deii-

2495 4841 2572 4899 cit
2598 4841 2823 4895 materia
2850 4839 3044 4904 laudis,
3071 4838 3195 4908 quia
3223 4850 3499 4906 nunquam
3528 4831 3889 4902 suﬁicitcopia
3907 4829 4090 4885 lauda-

2497 4934 2653 4988 toris.
2683 4930 3028 4987 Gaudeamus
3055 4929 3234 5000 igitur,
3284 4927 3427 4999 quod
3445 4926 3512 4980 ad
3540 4922 3898 4996 eloquendum
3927 4929 4092 4976 tante

2500 5022 2892 5079 misericordiae
2936 5026 3338 5076 sacramentum
3365 5018 3602 5088 impares
3627 5030 3856 5082 sumus;
3886 5021 3944 5069 et
3965 5030 4089 5070 cum

2501 5114 2692 5171 salutis
2733 5120 2932 5169 nostrae
2978 5111 3317 5168 altitudinem
3354 5106 3655 5183 [promere]
3691 5121 3801 5163 non
3827 5105 4092 5168 valemus,

2502 5208 2802 5263 sentiamus
2847 5206 3001 5261 nobis
3025 5205 3229 5259 bonum
3273 5217 3417 5267 esse,
3460 5201 3606 5272 quod
3647 5201 3939 5256 vincimur.
3978 5221 3996 5253 ι
4032 5200 4096 5254 Et

2503 5307 2628 5370 post
2642 5313 2814 5369 pauca
2840 5296 2982 5353 idem
3011 5294 3173 5351 Pater
3202 5294 3256 5350 in
3305 5295 3496 5350 eadem
3518 5293 3740 5350 humilia
3773 5303 3798 5332 ο
3829 5310 3842 5345 :
3879 5310 3897 5342 ι
3926 5292 4096 5347 Ilece-

826 5407 972 5481 φῖοὰ
1020 5383 1155 5466 erat,
1191 5417 1311 5457 esse
1341 5414 1447 5454 non
1472 5397 1696 5453 desistit.
1755 5395 1909 5452 Unde
1938 5408 2061 5450 cum
2096 5391 2409 5461 unigenitus
2508 5389 2638 5445 dant
2665 5389 2875 5459 procul,
2901 5394 3064 5458 atque
3092 5388 3146 5441 in
3171 5388 3422 5442 tenebras
3451 5401 3580 5442 suas
3612 5385 3872 5441 recedant
3895 5383 4097 5459 μέση..

829 5479 927 5560 Dei
955 5499 1221 5555 minorem
1250 5510 1308 5550 se
1340 5493 1498 5547 Patre
1521 5488 1810 5546 conﬁtetur
1827 5530 1842 5555 ,
1874 5486 1960 5543 cui
1988 5501 2048 5541 se
2075 5485 2205 5540 dicit
2227 5497 2408 5553 mqua-
2509 5481 2660 5555 eant]
2685 5481 3063 5537 hmreticarum
3089 5488 3334 5537 monstra
3359 5479 3671 5550 opinionum
3698 5486 3754 5538 et
3781 5479 4098 5536 insanarum

902 5647 928 5677 ι
960 5635 1017 5688 S.
1052 5634 1209 5700 Aug.,
1248 5633 1404 5684 tract.
1435 5623 1650 5700 ηιξ-ιιι
1681 5637 1883 5700 caput
1930 5619 2111 5700 Ioan.,
2145 5636 2291 5678 num.
2320 5620 2406 5678 I8.

902 5702 1009 5770 bs.
1033 5692 1320 5771 Leo'p'apa,
1347 5711 1508 5771 sem.
1533 5692 1764 5771 27,_cap.
1800 5698 1820 5748 ι
1855 5692 1982 5749 eti.

905 5786 928 5813 ⁸
960 5767 1124 5844 Idem,
1155 5765 1317 5830 serui.
1347 5767 1437 5834 30,
1470 5781 1585 5838 cap.
1613 5765 1664 5819 4.

2583 5615 2608 5656 ἀ
2643 5615 2809 5678 Idem,
2839 5629 3005 5670 serm.
3035 5613 3128 5684 29,
3150 5629 3252 5684 cap
3291 5615 3342 5668 I.
3397 5624 3416 5684 ς

2590 5699 2614 5726 ο
2641 5685 2799 5753 lbid.,
2834 5701 2996 5741 serm.
3024 5683 3111 5750 50,
3137 5683 3254 5754 cap.
3289 5685 3342 5750 5,
3383 5683 3436 5749 6,
3471 5684 3520 5737 7.
