4346 6630
755 392 858 448 107

1568 374 1629 431 Β.
1669 372 1732 430 F.
1773 367 2003 427 ALBINI
2040 364 2173 424 SEU
2206 358 2489 420 ALCUINI
2524 355 2815 418 OPERUM
2855 353 3036 412 PARS
3073 352 3161 410 III.

3927 342 4049 397 108

752 514 1003 576 quaerens
1030 506 1283 567 tanquam
1307 491 1529 556 fratres,
1559 494 1618 545 et
1637 492 1951 545 contestans
1989 492 2173 537 coram
2192 473 2348 533 Chri.
2372 474 2424 536 Δ
2448 472 2758 576 suscitetur,
2789 477 2846 525 et
2872 465 3164 576 catholicae.
3202 460 3326 521 fidei
3357 458 3617 521 interiore
3646 456 3845 514 mentis
3878 456 4058 511 oculo

755 569 841 651 sto
866 598 920 646 et
957 587 1145 644 electis
1171 583 1398 655 angelis,
1426 589 1488 635 ut
1529 575 1896 635 Ecclesiarum
1921 587 2023 644 pax
2053 569 2207 626 salva
2235 580 2348 624 ser-

754 692 935 747 vetur,
974 687 1031 735 et
1067 674 1367 733 concordia:
1394 668 1779 738 charitatisque
1825 662 2096 720 vinculum
2125 657 2349 715 indisso-

753 772 920 831 lubile
962 773 1178 825 maneat
1220 762 1591 821 sacerdotibus
1634 758 1752 819 Dei,
1798 753 2054 826 quoniam
2097 762 2348 820 magnum

756 873 833 920 est
880 860 1087 932 pietatis
1139 861 1544 916 sacramentum,
1597 846 1737 920 quod
1785 842 2126 912 manifestum
2172 837 2350 932 estin

759 925 937 1015 carne,
978 944 1333 1019 justiﬁcatum
1377 949 1450 997 est
1480 940 1536 994 in
1580 938 1789 1009 spiritu,
1838 931 2085 1005 apparuit
2124 925 2348 998 angelis,

756 1016 1103 1114 prtedicatum
1132 1043 1205 1089 est
1247 1031 1505 1104 gentibus,
1547 1028 1800 1082 creditum
1826 1031 1901 1081 est
1923 1023 1981 1076 in
2007 1020 2104 1077 hoc
2131 1016 2347 1081 mundo,

759 1111 1082 1201 assumptum
1128 1134 1205 1179 est
1248 1126 1306 1178 in
1334 1121 1503 1193 gloria
1549 1117 1602 1189 (ι
1634 1117 1765 1173 Tim.
1798 1131 1886 1183 ιιι,
1917 1112 2028 1184 16),
2062 1111 2209 1184 [eum
2236 1124 2354 1201 mnf

759 1230 925 1275 nente
970 1218 1060 1273 illa
1119 1210 1576 1270 incommutabilis
1621 1208 1785 1264 Verbi
1829 1204 2093 1269 essentia,
2134 1216 2256 1271 quae
2301 1200 2352 1255 ei

761 1326 885 1367 cum
914 1309 1073 1364 Patre
1094 1315 1295 1362 etcum
1336 1301 1539 1373 Spiritu
1566 1310 1754 1355 sancio
1781 1292 2150 1365 intemporalis
2193 1300 2356 1361 atque

762 1411 1029 1460 eomterna
1054 1408 1158 1465 est,
1185 1400 1258 1453 ita
1284 1398 1425 1453 intra
1444 1392 1690 1463 virginea
1718 1391 1929 1449 viscera
1966 1386 2203 1447 Verbum
2227 1396 2357 1441 caro

763 1493 836 1549 sit
864 1492 1087 1555 factum,
1139 1496 1199 1543 ut
1226 1502 1324 1558 per
1353 1483 1621 1541 ineffabile
1650 1485 2049 1539 sacramentum
2080 1490 2189 1531 uno
2235 1489 2359 1530 con-

764 1591 947 1652 ceptu,
977 1592 1191 1649 unoque
1226 1586 1387 1647 partu
1419 1574 1714 1631 secundum
1752 1570 2036 1629 veritatem
2071 1565 2359 1636 utriusque

766 1684 976 1731 natura:
1008 1673 1195 1729 eadem
1228 1669 1379 1738 virgo
1419 1674 1472 1721 et
1510 1664 1705 1720 ancilla
1735 1660 1946 1723 Domini
1987 1666 2134 1720 esset
2161 1666 2218 1714 et
2241 1671 2361 1714 ma-

768 1776 849 1829 ter
869 1765 910 1838 ].
936 1785 953 1818 ι
986 1764 1117 1819 Item
1148 1769 1269 1833 post
1301 1775 1474 1830 pauca
1503 1759 1559 1814 in
1596 1756 1785 1816 eadem
1815 1752 2037 1813 humilia
2063 1769 2077 1806 :
2103 1748 2125 1824 [
2153 1769 2174 1801 ι
2209 1750 2362 1807 Licet

2448 563 2629 622 lumen
2656 558 3045 632 aliquantulum
3071 555 3317 625 attingat.

2517 650 2706 713 XLIX.
2752 648 3052 706 Audiamus
3084 643 3455 703 testimonium
3495 640 3722 702 Joannis
3770 638 4059 712 Chrysan-

2449 744 2585 801 tomi
2614 743 2681 805 de
2704 737 3107 811 magnificentia
3150 734 3352 792 Christi
3381 734 3505 790 Filii
3553 733 3669 788 Dei.
3720 732 3864 787 Dicit
3895 731 4061 789 enim

2450 834 2505 889 in
2525 831 2746 888 humilia
2770 828 3031 894 secunda,
3048 826 3141 887 ubi
3163 826 3457 896 Epistulam
3479 825 3624 882 beati
3640 823 3794 881 Pauli
3814 820 4065 891 apostoli

2450 924 2519 978 ad
2548 922 2807 980 Hebraeos
2830 918 3080 992 exposuit
3116 917 3145 957 δ
3172 935 3184 971 :
3219 933 3238 968 ι
3278 915 3467 980 Tanto,
3516 915 3714 986 inquit,
3744 914 3936 968 melior
3966 914 4064 985 [a-

2450 1021 2567 1068 ctus
2595 1019 2672 1067 est
2718 1009 2940 1083 angelis,
2982 1014 3177 1080 quanto
3215 1006 3545 1075 differentias
3591 1021 3780 1060 nomen
3819 1003 4064 1059 ἡαπ-θαί-

2452 1105 2580 1159 tavit
2608 1101 2795 1176 (Hebr.
2824 1117 2867 1167 I,
2892 1098 2969 1172 4).
3004 1100 3059 1154 In
3095 1098 3200 1155 hoc
3226 1097 3370 1168 quod
3398 1096 3534 1152 dixit
3575 1096 3775 1166 factus,
3804 1110 3906 1167 pro
3937 1109 4072 1156 sus-

2453 1200 2643 1263 ceptus
2668 1189 2928 1261 intelligc,
2955 1199 3213 1257 tanquam
3243 1186 3291 1242 si
3316 1186 3538 1249 diceret,
3586 1185 3783 1241 melius
3820 1193 3905 1241 est
3938 1199 4073 1239 sus-

2454 1291 2644 1354 ceptus
2667 1284 2735 1339 ab
2778 1280 3005 1351 angelis.
3054 1280 3124 1335 Et
3166 1280 3310 1333 unde
3338 1280 3441 1334 hoc
3475 1279 3797 1334 asseverat?
3829 1278 3907 1331 Ex
3941 1276 4073 1347 ipso

2454 1376 2694 1432 nomine.
2742 1373 3166 1435 Animadvertis,
3199 1371 3324 1441 quia
3365 1371 3505 1427 solet
3551 1370 3647 1425 filii
3690 1385 3890 1426 nomen
3932 1383 4076 1438 pro-

2455 1472 2744 1541 prietatem
2774 1466 3111 1539 cognationis
3141 1464 3337 1539 [Edit.,
3363 1463 3709 1536 cognitionis]
3730 1465 4069 1531 ostendere;

2458 1569 2515 1617 et
2542 1575 2697 1625 sane,
2746 1559 2855 1615 nisi
2895 1565 3042 1614 esset
3075 1558 3327 1628 proprius
3372 1556 3556 1622 filius;
3593 1556 3847 1626 proprius
3874 1564 4072 1613 autem

2459 1649 2604 1706 filius
2628 1651 2765 1707 nihil
2784 1659 2871 1707 est
2894 1650 3059 1717 aliud,
3085 1665 3252 1720 quam
3275 1650 3343 1709 de
3370 1649 3487 1719 ipso
3517 1650 3752 1722 genitus.
3779 1648 4080 1717 Quomodo

2460 1750 2642 1813 potest.
2682 1751 2738 1800 et
2782 1744 2888 1804 hoc
2939 1743 3345 1812 amplitudinem
3396 1742 3623 1799 honoris
3664 1756 3911 1803 asserere
3940 1742 3968 1796 ἲ
4012 1740 4078 1797 Si

766 1817 895 1926 erg;
933 1858 986 1911 in
1015 1871 1124 1910 uno
1150 1817 1381 1908 Domino
1400 1817 1404 1821 Ι
1424 1858 1613 1905 nostro
1658 1845 1876 1903 Christo
1902 1860 2033 1900 vero
2071 1817 2169 1898 Dei
2198 1851 2362 1911 atque
2395 1817 2439 1879 Β
2465 1835 2610 1889 enim
2639 1834 2816 1926 gratia
2850 1841 2996 1889 esset
3035 1834 3200 1899 filius,
3227 1850 3338 1897 non
3366 1832 3539 1891 solum
3569 1832 3815 1892 differret
3842 1832 3994 1902 apud
4015 1846 4080 1889 se

768 1948 1001 2004 hominis
1030 1945 1167 2000 Filio
1191 1944 1359 1999 ‘Verbi
1380 1949 1434 1995 et
1457 1939 1638 1997 carnis
1664 1952 1771 2000 una
1807 1935 1971 2011 774
2003 1948 2241 2006 persona
2269 1934 2363 1999 sit,

769 2058 889 2113 qua:
913 2039 1343 2111 inseparabiliter
1376 2045 1537 2106 atque
1562 2034 1791 2090 indivise
1815 2045 2133 2088 communes
2165 2030 2368 2086 habeat

769 2134 1032 2197 actiones,
1065 2129 1421 2200 intelligenda:
1452 2136 1633 2187 tamen
1678 2131 1804 2181 sunt
1855 2124 2097 2194 ipsorum
2138 2135 2368 2191 operum

768 2223 1082 2297 qualitates,
1108 2228 1163 2277 et
1209 2220 1434 2281 sincerae
1476 2216 1599 2273 fidei
1644 2213 2098 2283 contemplatione
2139 2225 2369 2271 cernene

768 2317 898 2373 dum
931 2300 1037 2378 est,
1061 2312 1128 2368 ad
1148 2326 1272 2382 quae
1311 2309 1643 2380 provehatur
1668 2304 1953 2367 humilitas
1978 2304 2183 2370 carnis,
2209 2310 2265 2361 et
2298 2301 2370 2357 ad

770 2421 891 2478 quae.
920 2404 1210 2460 inclinetur
1239 2402 1465 2457 altitudo
1493 2400 1733 2463 deitatis.
1760 2418 1778 2450 ι
1802 2396 1823 2469 ]

846 2492 1049 2551 XLVII.
1073 2491 1206 2547 Item
1228 2490 1484 2563 praefatus
1498 2487 1607 2543 Leo
1628 2488 1682 2542 in
1697 2484 1924 2542 homilia
1948 2484 2015 2539 de
2035 2483 2294 2540 Passione
2316 2494 2365 2538 ll:

778 2605 800 2637 ‹
832 2584 1237 2658 Amplectentes
1260 2582 1425 2652 igitur
1461 2578 1820 2643 dilectissimi,
1861 2575 2185 2632 Christianae
2212 2572 2369 2647 [11s,

775 2675 1097 2747 Christiani]
1149 2674 1264 2745 spei
1308 2674 1502 2744 pignus
1533 2685 1639 2726 non
1688 2668 2067 2729 divellamura
2111 2679 2372 2735 compage

777 2769 1026 2845 corporis
1057 2765 1282 2831 Christi,
1309 2765 1363 2818 in
1389 2780 1491 2836 quo
1535 2761 1757 2824 habitat,
1788 2760 1929 2815 sicut
1956 2756 2246 2829 Apostolus
2274 2757 2367 2821 ait,

775 2859 1046 2933 plenitudo
1074 2856 1363 2911 divinitatis
1405 2850 1748 2923 corporaliter
1773 2860 1820 2905 et
1849 2850 1972 2906 estis
1994 2850 2050 2905 in
2078 2848 2171 2903 illo
2194 2846 2373 2919 repleti

778 2954 1004 3027 (Coloss.
1034 2968 1096 3017 II,
1130 2950 1242 3023 10).
1292 2949 1426 3005 Nam
1452 2963 1575 3005 cum
1603 2948 1921 3016 incorporea
1947 2945 2020 3001 sit
2065 2944 2375 3002 substantia

778 3050 896 3115 Dei,
927 3045 1199 3120 quomodo
1233 3041 1588 3113 corporaliter
1619 3040 1675 3096 in
1720 3038 1942 3099 Christo
1983 3036 2217 3102 habitat,
2268 3036 2373 3092 nisi

780 3140 905 3211 quia
934 3152 1064 3193 caro
1094 3134 1267 3189 nostri
1294 3130 1509 3205 generis
1538 3128 1682 3185 facta
1707 3137 1791 3184 est
1820 3140 1950 3182 caro
1977 3124 2237 3182 deitatis?
2267 3143 2288 3185 ι

850 3225 1081 3287 XLVIII.
1116 3224 1252 3293 Quid
1300 3220 1516 3278 dicam?
1542 3219 1628 3276 An
1670 3218 1844 3289 magis
1893 3214 2139 3279 miranda
2181 3221 2267 3271 est
2291 3214 2376 3269 vel

784 3316 1092 3376 miseranda
1121 3315 1336 3371 eiecitas
1363 3310 1624 3384 perfidiae,
1650 3323 1773 3380 qua:
1795 3322 1858 3363 ex
1889 3322 1995 3361 una
2027 3317 2182 3377 parte
2206 3306 2379 3361 omni-

784 3413 1035 3482 potentim
1058 3409 1231 3465 credit
1261 3406 1377 3472 Dei,
1416 3420 1485 3461 ex
1523 3405 1692 3460 altera
1723 3403 1969 3473 derogat.
2017 3400 2205 3457 Potuit
2232 3403 2379 3458 enim

785 3508 965 3562 facere
995 3511 1054 3557 ut
1083 3503 1245 3556 homo
1272 3499 1440 3553 Deum
1464 3502 1770 3568 generaret,
1788 3501 1843 3550 et
1869 3507 1976 3548 non
1996 3492 2173 3563 potuit
2200 3490 2381 3549 facere

788 3606 845 3653 ut
874 3596 976 3651 sibi
1007 3593 1203 3650 Filium
1226 3587 1506 3661 proprium
1534 3588 1689 3658 virgo
1731 3594 2035 3657 generaret.
2066 3582 2211 3652 Quid
2233 3584 2380 3640 enim

790 3686 1059 3743 difficilius
1086 3692 1189 3747 est,
1220 3690 1315 3737 aut
1344 3687 1403 3734 ut
1432 3679 1595 3734 homo
1640 3676 1810 3732 Deum
1850 3681 2154 3747 generaret,
2198 3681 2294 3729 aut
2321 3682 2383 3734 ut

791 3781 954 3836 homo
976 3774 1254 3848 pr0prium
1284 3772 1394 3826 Deo
1418 3770 1613 3824 Filium
1638 3766 1967 3840 generaret?
1994 3765 2233 3837 Utraque
2256 3772 2382 3821 sunt

790 3867 931 3939 apud
973 3866 1221 3923 homines
1270 3859 1648 3932 impossibilia,
1694 3857 1789 3914 sed
1836 3865 2065 3927 utraque
2114 3854 2226 3913 Deo
2256 3862 2384 3910 sunt

2468 1923 2665 2001 [Edit.,
2694 1921 2809 1984 loco
2838 1924 2978 1996 apud
3011 1939 3069 1979 se
3094 1923 3284 1978 habent
3309 1939 3326 1977 :
3355 1938 3386 1976 a
3412 1921 3617 1995 Patre],
3649 1924 3743 1982 sed
3767 1924 3937 1979 etiam
3969 1922 4079 1982 mi-

2466 2031 2569 2070 nor
2596 2022 2743 2072 esset
2768 2016 2838 2071 ab
2882 2015 3107 2086 angelis.
3139 2014 3422 2081 Quomodo
3450 2015 3555 2069 hoc
3598 2014 3822 2084 inquis?
3849 2013 3996 2081 Quia
4022 2020 4081 2067 et

2466 2105 2714 2163 homines
2751 2104 2886 2175 justi
2935 2105 3187 2182 appellati
3242 2113 3369 2159 sunt
3422 2104 3539 2160 filii.
3586 2103 3821 2168 Proinde
3870 2117 4085 2160 nomen

2466 2198 2563 2253 lilii
2590 2198 2694 2257 nisi
2718 2198 3108 2269 proprietatem
3135 2198 3407 2265 ostendat,
3436 2213 3546 2258 non
3567 2196 3713 2253 valet
3751 2196 4078 2262 ostendere,

2467 2290 2593 2361 quia
2623 2288 2930 2346 differentia
2975 2297 3061 2345 est
3106 2291 3248 2344 inter
3291 2297 3577 2345 creaturas
3617 2299 3673 2343 et
3701 2288 4072 2344 conditorem.

2466 2381 2702 2445 Adverte
2726 2382 2912 2453 itaque
2938 2380 3069 2452 quid
3097 2381 3270 2441 dixit:
3310 2377 3411 2435 Cui
3450 2377 3758 2450 angelorum
3786 2378 4082 2450 aliquando

2468 2472 2604 2529 dixit
2627 2490 2647 2527 :
2670 2470 2847 2528 Filius
2875 2489 3022 2528 meus
3045 2490 3098 2529 es
3125 2482 3203 2539 tu,
3234 2489 3329 2544 ego
3372 2471 3527 2528 hodie
3561 2471 3717 2542 genui
3740 2480 3790 2525 te
3816 2468 4015 2543 (Hebr.
4040 2486 4087 2537 i,

2469 2566 2523 2638 5)
2550 2567 2574 2621 7
2600 2566 2731 2639 [Hie
2749 2568 2999 2639 quaedam
3023 2567 3248 2629 omissa,
3281 2580 3403 2635 quin
3427 2566 3481 2618 in
3519 2563 3679 2625 editis
3699 2560 3965 2636 exstant.]
3986 2558 4083 2617 Ni-

2469 2659 2547 2715 hil
2570 2657 2718 2715 aliud
2747 2657 3080 2724 manifestat,
3107 2657 3212 2712 nisi
3232 2656 3362 2727 quia
3392 2672 3459 2710 ex
3489 2655 3605 2725 ipsa
3634 2654 3872 2713 essentia
3896 2652 4085 2717 Patris

2470 2756 2554 2803 est
2575 2749 2808 2820 genitus.
2843 2746 2998 2803 Sicut
3016 2748 3161 2803 enim
3183 2760 3304 2801 esse
3343 2744 3543 2807 dicitur
3571 2756 3638 2803 ex
3664 2741 3918 2813 praesenti
3945 2750 4086 2797 tem-

2469 2855 2605 2911 pore
2628 2856 2643 2894 :
2669 2841 2749 2897 sic
2772 2840 2971 2913 quippe
3000 2839 3175 2909 magis
3197 2838 3264 2893 de
3284 2836 3398 2893 Deo
3417 2835 3526 2892 dici
3553 2834 3842 2891 conveniat
3874 2832 4083 2906 [Edit.,

2471 2931 2770 3004 convenit].
2804 2930 3000 2997 Filius,
3034 2930 3232 2999 inquit,
3262 2946 3411 2984 meus
3437 2945 3491 2983 es
3519 2936 3599 2995 tu,
3629 2944 3723 2998 ego
3748 2926 3903 2981 hodie
3924 2924 4085 2995 genui

2474 3032 2542 3078 te.
2577 3020 2733 3090 Quod
2760 3022 2964 3077 dictum
2994 3030 3100 3087 est,
3130 3019 3310 3086 hodie,
3348 3018 3636 3089 praesentis
3663 3022 3748 3072 est
3778 3015 4043 3085 temporis
4068 3031 4087 3080 ;

2476 3119 2654 3183 potest
2674 3119 2859 3165 tamen
2883 3116 2939 3164 et
2963 3111 3261 3165 secundum
3284 3123 3504 3163 carnem
3527 3107 3629 3161 hoc
3647 3105 3817 3179 accipi
3841 3105 4085 3172 dictum;

2401 3170 2448 3233 ο
2478 3218 2601 3259 cum
2627 3202 2769 3259 enim
2801 3200 3163 3255 nominaverit
3183 3214 3426 3263 carnem,
3456 3196 3569 3266 jam
3604 3198 3722 3256 sine
3749 3194 3860 3252 ullo
3892 3195 4088 3251 timore

2474 3308 2656 3364 pravae
2697 3291 3024 3362 suspicionis
3069 3290 3365 3359 eloquitur.
3403 3287 3617 3343 Etenim
3666 3301 3796 3343 caro
3842 3300 4087 3341 cominu-

2476 3384 2625 3440 nicat
2654 3384 2966 3447 altioribus,
2999 3383 3143 3443 sicut
3167 3389 3221 3436 et
3256 3380 3513 3440 divinitas
3542 3378 3854 3437 hominibus
3885 3375 4087 3450 [Edit.,

2475 3472 2791 3547 humilibus]
2820 3473 3225 3530 communicare
3251 3473 3471 3542 dignata
3499 3478 3642 3531 est...

2548 3589 2613 3651 L.
2666 3590 2866 3646 Beatus
2894 3587 3261 3658 Hieronymus
3287 3602 3459 3647 sacrae
3500 3587 3775 3654 interpres
3820 3584 4087 3650 historia,

2477 3690 2537 3747 et
2578 3682 2851 3739 maximus
2902 3680 3185 3741 catholicae
3237 3680 3360 3734 fidei
3411 3679 3607 3734 doctor
3636 3685 3691 3732 et
3735 3674 3991 3736 defensor
4030 3676 4091 3735 in

2482 3772 2763 3836 Tractatu,
2784 3786 2948 3841 quem
2974 3771 3032 3826 in
3057 3770 3355 3841 Epistulam
3382 3770 3531 3827 beati
3555 3768 3707 3824 Pauli
3735 3768 3804 3824 ad
3825 3766 4091 3836 Ephesios

2481 3868 2632 3934 fecit,
2664 3866 2739 3921 ita
2765 3866 2833 3920 de
2869 3864 3101 3920 naturali
3145 3862 3403 3918 flliatione
3432 3861 3529 3916 Dei
3555 3860 3758 3916 Christi
3778 3867 3834 3914 et
3861 3858 3928 3913 de
3955 3858 4089 3913 ado-

788 3957 1083 4031 possibilia.
1122 3954 1224 4021 Qui
1270 3952 1446 4023 potuit
1473 3950 1737 4020 virginem
1780 3945 1958 4003 facere
2002 3955 2230 4002 matrem
2260 3943 2384 4000 Filii
2481 3962 2668 4033 pnone
2705 3966 2894 4018 nostra
2939 3956 3197 4013 disserui;
3228 3967 3249 3994 c
3282 3972 3297 4010 ε
3328 3973 3347 4006 ι
3385 3953 3495 4010 Nec
3537 3968 3641 4010 ηοη
3670 3953 3863 4017 etiam,
3889 3951 4088 4020 inquit.

791 4050 910 4116 Dei,
939 4050 1114 4119 potuit
1140 4044 1321 4099 facere
1350 4042 1518 4096 tilium
1550 4039 1776 4111 virginis
1816 4052 2003 4093 verum
2037 4050 2157 4092 esse
2187 4034 2383 4090 Filium
2484 4052 2587 4107 hoc
2635 4046 3003 4112 inferendum,
3054 4045 3197 4115 quod
3249 4059 3372 4100 cum
3422 4044 3772 4113 praedesque;
3820 4055 3921 4095 nos
3975 4039 4091 4099 sive

793 4144 886 4199 Dei
921 4138 1075 4213 (nihil
1103 4137 1246 4193 enim
1275 4142 1377 4198 est,
1426 4134 1569 4188 sicut
1615 4140 1837 4187 sanctus
1881 4132 2204 4186 Ambrosius
2230 4130 2307 4183 ait
2330 4129 2387 4182 in
2488 4141 2650 4213 775
2684 4138 2953 4211 ρι-εειῑηίθι
2983 4137 3126 4193 Deus
3151 4140 3203 4191 in
3229 4136 3571 4206 adoptionem
3613 4134 3848 4196 ﬁlim-um
3875 4146 3975 4203 ρει-
3997 4130 4089 4187 ιε,

795 4235 951 4298 libro,
979 4246 1141 4303 quem
1170 4228 1387 4297 scripsit
1411 4227 1477 4280 de
1497 4223 1871 4279 Incarnatione
1903 4222 2125 4285 Christi,
2153 4221 2205 4274 in
2232 4219 2389 4275 Chri—
2488 4246 2610 4287 sum
2634 4229 2934 4293 Christum,
2960 4236 3142 4282 tamen
3184 4242 3292 4281 ηοη
3336 4234 3461 4280 ante
3503 4225 3596 4280 mi;
3634 4240 3757 4281 esse
3783 4237 4088 4294 possumus!

794 4313 2027 4394 stoimperfectummuiaadoptivisﬁliusad
2052 4312 2390 4373 nobilitatem
2490 4323 2595 4378 nisi
2645 4320 2741 4375 filii
2780 4321 2897 4391 ejus
2941 4317 3070 4374 Jesu
3120 4318 3321 4374 Christi
3374 4317 3539 4371 fidem
3579 4325 3635 4375 et
3685 4315 4089 4386 intelligentiam

795 4418 998 4489 proprii
1030 4415 1124 4469 filii
1151 4428 1258 4468 non
1302 4419 1478 4480 potest
1515 4408 1820 4478 pervenire.
1865 4406 1947 4459 An
1991 4405 2280 4463 dicendum
2306 4410 2393 4461 est
2494 4414 2842 4483 recipiamus,
2896 4411 2964 4473 Et
3001 4411 3095 4465 ille
3131 4410 3350 4480 quidem
3384 4417 3578 4468 natura
3622 4406 3794 4464 Filius
3840 4418 3947 4473 est,
3994 4423 4089 4464 nos

798 4508 953 4563 nobis
977 4506 1251 4563 Christum
1303 4515 1425 4557 esse
1468 4501 1525 4554 in
1567 4499 1748 4570 aliquo
1778 4496 2201 4566 imperfectum?
2245 4496 2314 4551 Et
2346 4495 2392 4550 si
2425 4516 2467 4572 ο
2495 4518 2626 4561 vero
2652 4502 2962 4571 adoptione.
3014 4499 3108 4554 Ille
3143 4516 3421 4570 nunquam
3466 4499 3638 4555 Filius
3678 4515 3786 4555 non
3826 4499 3947 4565 fuit,
3992 4515 4087 4564 nos

797 4598 1047 4656 Christus
1084 4594 1364 4664 adoptivus
1393 4592 1536 4646 filius
1576 4599 1682 4655 est,
1714 4605 1845 4660 ergo
1894 4586 2241 4657 imperfectus
2280 4597 2386 4654 est,
2494 4604 2783 4664 antequam
2813 4606 3081 4657 essemus,
3121 4591 3489 4660 prasdestinati
3521 4607 3727 4655 sumus,
3749 4599 3806 4646 et
3830 4600 3959 4646 tunc
3978 4593 4086 4664 spi-

799 4702 964 4759 quem
989 4694 1101 4740 tota
1130 4682 1395 4741 catholica
1429 4681 1603 4737 credit
1624 4678 1865 4734 Ecclesia
1893 4675 2061 4734 Deum
2087 4676 2390 4746 perfectum
2495 4684 2661 4737 ritum
2706 4681 3012 4751 adeptionis
3047 4681 3382 4750 accepimus,
3425 4681 3642 4752 quando
3681 4680 4005 4738 credidimus
4031 4682 4084 4738 in

799 4794 921 4837 esse
957 4788 1012 4836 et
1059 4779 1331 4833 hominem
1378 4773 1699 4846 perfectum.
1746 4769 2032 4839 Quomodo
2083 4771 2230 4828 enim
2278 4770 2392 4825 sola
2496 4773 2691 4829 Filium
2721 4772 2879 4827 Dei.»

804 4873 1024 4930 tilietate
1052 4867 1399 4939 imperfectus
1437 4874 1537 4929 est,
1577 4864 1702 4920 dum
1753 4863 1806 4916 in
1838 4878 1947 4917 una
1986 4876 2217 4930 persona
2252 4862 2393 4916 Deus
2569 4867 2655 4922 LI.
2697 4867 2932 4926 Sanctus
2961 4866 3102 4922 idem
3131 4882 3349 4937 quoque
3396 4867 3643 4926 scribens
3685 4868 3756 4929 de
3804 4872 4085 4932 concordia

803 4975 859 5018 et
887 4966 1047 5019 homo
1081 4974 1220 5016 unus
1246 4957 1415 5012 Filius
1460 4965 1544 5011 est
1590 4964 1644 5010 et
1686 4969 1828 5008 unus
1873 4952 2143 5017 Christus,
2171 4961 2226 5014 et
2255 4966 2395 5005 unus
2499 4956 4084 5029 evangelistarumadEuprepiamintercagtepaadlocumd;

806 5054 1047 5109 omnium
1077 5051 1132 5106 in
1162 5063 1219 5104 se
1250 5047 1587 5103 credentium
1638 5042 1928 5098 Salvator?
1967 5042 2168 5103 Iterum
2215 5056 2399 5097 rever-
2508 5068 2525 5099 ι
2554 5047 2681 5102 Ηλυε
2711 5047 2963 5113 dicimus,
2998 5064 3105 5103 ηοη
3135 5064 3243 5118 quo
3293 5050 3459 5109 auum
3502 5050 3690 5115 Deum,
3737 5050 3902 5115 alium
3927 5051 4087 5114 hom.

814 5158 996 5201 tamur
1025 5144 1093 5200 ad
1131 5151 1440 5202 sanctonini
1483 5136 1726 5209 exempla
1776 5136 2079 5198 doctorum,
2123 5142 2179 5189 et
2206 5149 2403 5202 magno
2506 5153 2629 5201 nem
2661 5152 2781 5195 esse
2810 5139 3118 5205 credamus,
3151 5149 3206 5194 ει
3246 5139 3381 5196 duas
3426 5154 3691 5210 personas
3734 5139 3993 5200 faciamus
4033 5142 4085 5201 in

812 5236 1250 5293 testimoniorum
1274 5232 1509 5302 pondere
1542 5227 1754 5283 infidele
1790 5235 1952 5296 caput
1981 5226 2251 5281 haeretica:
2282 5241 2405 5294 pra-
2506 5246 2615 5283 uno
2644 5228 2784 5285 Filio
2809 5229 2927 5295 Dei,
2951 5231 3093 5285 sicut
3130 5245 3269 5285 nova
3305 5232 3530 5289 haeresis
3558 5232 3947 5299 calumniatur;
3996 5233 4089 5293 sed

814 5326 997 5382 vitatis
1023 5324 1410 5394 Opprimamus,
1442 5329 1500 5374 ut
1529 5320 1609 5374 vel
1654 5320 1733 5372 sic
1761 5317 1829 5372 de
1858 5332 2048 5372 somno
2074 5314 2409 5375 infidelitatis
2508 5337 2650 5376 unus
2680 5331 2845 5391 atque
2875 5321 3017 5377 idem
3053 5319 3225 5377 Filius
3250 5322 3344 5377 Dei
3372 5330 3430 5380 et.
3460 5322 3602 5381 ﬁlius
3651 5323 3886 5382 hominis
3930 5330 4085 5379 esset.

817 5454 1019 5516 ansulis
1040 5452 1424 5513 conelusimus,
1456 5465 1560 5507 non
1597 5456 1722 5504 sunt
1765 5446 1938 5502 sancti
1977 5444 2290 5513 Augustini,
2312 5447 2407 5501 sed

818 5527 988 5590 sancti
1019 5524 1212 5578 Leonis
1241 5536 1411 5591 papm,
1437 5520 1753 5591 deprompta
1778 5532 1845 5578 ex
1872 5516 2030 5586 epist.
2058 5516 2183 5582 165,
2208 5531 2322 5587 cap.
2351 5517 2400 5571 6.

892 5588 1077 5647 'Vlhid.
1106 5588 1280 5645 Sarni.
1310 5588 1398 5655 65,
1429 5588 1544 5658 cup.
1570 5588 1621 5643 5.

892 5669 918 5704 ιι
956 5665 1013 5717 S.
1051 5663 1205 5718 Joan.
1249 5656 1551 5729 ChrysosL,
1578 5657 1828 5729 homiLQ
1859 5656 1912 5709 in
1938 5656 2112 5729 (Epist.
2146 5658 2210 5711 ad
2241 5656 2402 5711 Hebr.

819 5755 884 5795 οι
915 5728 1597 5803 ἱηιρτῃτριίιιὶοιιείηυιὶδιιι
1628 5728 1967 5789 Scholastici.

2586 5464 2607 5491 ε
2640 5452 2695 5505 S.
2730 5451 2949 5509 Hieron.
2985 5453 3037 5509 in
3060 5468 3179 5524 cap.
3211 5470 3225 5508 I
3254 5453 3422 5524 Epist.
3452 5456 3519 5509 ad
3540 5455 3737 5523 Ephes.
3766 5470 3816 5507 ν.
3849 5454 3899 5509 5.

2533 5595 2542 5604 '
2578 5524 2604 5604 f1
2649 5524 2965 5579 Tractatum
3008 5525 3064 5578 S.
3100 5525 3417 5604 Hiemnymi
3456 5526 3524 5579 de
3555 5526 3844 5604 cencordia
3869 5540 4086 5604 evange-

2510 5594 2762 5648 listarum
2799 5610 2959 5648 nemo
2995 5594 3517 5667 recensuitflgnota
3572 5596 3860 5667 liuprepia,
3884 5594 4087 5665 ignotus

2512 5678 2729 5733 quoque
2760 5672 3025 5720 tractatus
3056 5665 3311 5734 deinceps
3332 5666 3554 5721 citatus.
