  <div class='ocr_page' id='page_1' title='image "/cluster/home/n/w/nwhite01/storage/ocr_20150623/101/umn.31951002477394h/068.png"; bbox 0 0 4346 6678; ppageno 0'>
   <div class='ocr_carea' id='block_1_1' title="bbox 381 472 489 527">
    <p class='ocr_par' dir='ltr' id='par_1_1' title="bbox 381 472 489 527">
     <span class='ocr_line' id='line_1_1' title="bbox 381 472 489 527; baseline -0.009 0"><span class='ocrx_word' id='word_1_1' title='bbox 381 472 489 527; x_wconf 69' lang='grc'><strong>109</strong></span> 
     </span>
    </p>
   </div>
   <div class='ocr_carea' id='block_1_2' title="bbox 1228 468 2804 528">
    <p class='ocr_par' dir='ltr' id='par_1_2' title="bbox 1228 468 2804 528">
     <span class='ocr_line' id='line_1_2' title="bbox 1228 468 2804 528; baseline 0.003 -4"><span class='ocrx_word' id='word_1_2' title='bbox 1228 468 1644 526; x_wconf 78' lang='lat' dir='ltr'><strong>DOCMATICA.</strong></span> <span class='ocrx_word' id='word_1_3' title='bbox 1682 500 1752 511; x_wconf 70' lang='lat'><strong>~—</strong></span> <span class='ocrx_word' id='word_1_4' title='bbox 1789 469 1917 525; x_wconf 83' lang='lat' dir='ltr'><strong>LIB.</strong></span> <span class='ocrx_word' id='word_1_5' title='bbox 1958 469 2117 525; x_wconf 81' lang='lat' dir='ltr'><strong>ADV.</strong></span> <span class='ocrx_word' id='word_1_6' title='bbox 2163 470 2489 527; x_wconf 63' lang='lat' dir='ltr'><strong>HERESIN</strong></span> <span class='ocrx_word' id='word_1_7' title='bbox 2527 471 2804 528; x_wconf 72' lang='lat' dir='ltr'><strong>FELlCiS.</strong></span> 
     </span>
    </p>
   </div>
   <div class='ocr_carea' id='block_1_3' title="bbox 3552 478 3655 535">
    <p class='ocr_par' dir='ltr' id='par_1_3' title="bbox 3552 478 3655 535">
     <span class='ocr_line' id='line_1_3' title="bbox 3552 478 3655 535; baseline -0.078 0"><span class='ocrx_word' id='word_1_8' title='bbox 3552 478 3655 535; x_wconf 73' lang='lat' dir='ltr'><strong>illi</strong></span> 
     </span>
    </p>
   </div>
   <div class='ocr_carea' id='block_1_4' title="bbox 374 580 3654 657">
    <p class='ocr_par' dir='ltr' id='par_1_4' title="bbox 374 580 3654 657">
     <span class='ocr_line' id='line_1_4' title="bbox 374 580 3654 657; baseline 0.003 -20"><span class='ocrx_word' id='word_1_9' title='bbox 374 580 653 654; x_wconf 83' lang='lat' dir='ltr'><strong>Quidquid</strong></span> <span class='ocrx_word' id='word_1_10' title='bbox 679 581 920 653; x_wconf 78' lang='lat' dir='ltr'><strong>loquitur</strong></span> <span class='ocrx_word' id='word_1_11' title='bbox 941 581 1085 637; x_wconf 80' lang='lat' dir='ltr'><strong>aliud</strong></span> <span class='ocrx_word' id='word_1_12' title='bbox 1123 582 1411 640; x_wconf 82' lang='lat' dir='ltr'><strong>referimus</strong></span> <span class='ocrx_word' id='word_1_13' title='bbox 1454 585 1524 639; x_wconf 90' lang='lat' dir='ltr'><strong>ad</strong></span> <span class='ocrx_word' id='word_1_14' title='bbox 1572 584 1809 640; x_wconf 75' lang='lat' dir='ltr'><strong>divinam</strong></span> <span class='ocrx_word' id='word_1_15' title='bbox 1857 583 1974 653; x_wconf 83' lang='lat' dir='ltr'><strong>ejus</strong></span> <span class='ocrx_word' id='word_1_16' title='bbox 2002 593 2051 646; x_wconf 67' lang='grc' dir='ltr'>Α</span> <span class='ocrx_word' id='word_1_17' title='bbox 2078 584 2306 649; x_wconf 88' lang='lat' dir='ltr'><strong>rarium,</strong></span> <span class='ocrx_word' id='word_1_18' title='bbox 2329 585 2426 642; x_wconf 89' lang='lat' dir='ltr'><strong>sed</strong></span> <span class='ocrx_word' id='word_1_19' title='bbox 2456 596 2751 652; x_wconf 70' lang='lat' dir='ltr'><strong>aeternum,</strong></span> <span class='ocrx_word' id='word_1_20' title='bbox 2779 602 2879 657; x_wconf 90' lang='lat' dir='ltr'><strong>pro</strong></span> <span class='ocrx_word' id='word_1_21' title='bbox 2923 589 3080 645; x_wconf 91' lang='lat' dir='ltr'><strong>nobis</strong></span> <span class='ocrx_word' id='word_1_22' title='bbox 3123 592 3304 647; x_wconf 80' lang='lat' dir='ltr'><strong>omnia</strong></span> <span class='ocrx_word' id='word_1_23' title='bbox 3357 592 3654 650; x_wconf 86' lang='lat' dir='ltr'><strong>secundum</strong></span> 
     </span>
    </p>
   </div>
   <div class='ocr_carea' id='block_1_5' title="bbox 373 672 1972 748">
    <p class='ocr_par' dir='ltr' id='par_1_5' title="bbox 373 672 1972 748">
     <span class='ocr_line' id='line_1_5' title="bbox 373 672 1972 748; baseline 0.002 -20"><span class='ocrx_word' id='word_1_24' title='bbox 373 674 628 748; x_wconf 81' lang='lat' dir='ltr'><strong>gloriam,</strong></span> <span class='ocrx_word' id='word_1_25' title='bbox 661 672 809 729; x_wconf 83' lang='lat' dir='ltr'><strong>aliud</strong></span> <span class='ocrx_word' id='word_1_26' title='bbox 830 672 901 729; x_wconf 88' lang='lat' dir='ltr'><strong>ad</strong></span> <span class='ocrx_word' id='word_1_27' title='bbox 924 682 1167 730; x_wconf 79' lang='lat' dir='ltr'><strong>matram</strong></span> <span class='ocrx_word' id='word_1_28' title='bbox 1195 674 1455 742; x_wconf 86' lang='lat' dir='ltr'><strong>salutem,</strong></span> <span class='ocrx_word' id='word_1_29' title='bbox 1479 692 1580 747; x_wconf 90' lang='lat' dir='ltr'><strong>pro</strong></span> <span class='ocrx_word' id='word_1_30' title='bbox 1610 679 1810 747; x_wconf 83' lang='lat' dir='ltr'><strong>quibus</strong></span> <span class='ocrx_word' id='word_1_31' title='bbox 1863 694 1972 731; x_wconf 82' lang='lat' dir='ltr'><strong>non</strong></span> 
     </span>
    </p>
   </div>
   <div class='ocr_carea' id='block_1_6' title="bbox 370 764 1973 839">
    <p class='ocr_par' dir='ltr' id='par_1_6' title="bbox 370 764 1973 839">
     <span class='ocr_line' id='line_1_6' title="bbox 370 764 1973 839; baseline 0 -16"><span class='ocrx_word' id='word_1_32' title='bbox 370 766 624 835; x_wconf 78' lang='lat' dir='ltr'><strong>rapinam</strong></span> <span class='ocrx_word' id='word_1_33' title='bbox 648 764 940 820; x_wconf 71' lang='lat' dir='ltr'><strong>arbitratus</strong></span> <span class='ocrx_word' id='word_1_34' title='bbox 974 774 1049 820; x_wconf 80' lang='lat' dir='ltr'><strong>est</strong></span> <span class='ocrx_word' id='word_1_35' title='bbox 1091 783 1200 822; x_wconf 75' lang='lat' dir='ltr'><strong>esse</strong></span> <span class='ocrx_word' id='word_1_36' title='bbox 1225 768 1446 839; x_wconf 69' lang='lat' dir='ltr'><strong>a&#39;quatis</strong></span> <span class='ocrx_word' id='word_1_37' title='bbox 1492 769 1620 832; x_wconf 82' lang='lat' dir='ltr'><strong>Deo,</strong></span> <span class='ocrx_word' id='word_1_38' title='bbox 1650 768 1741 823; x_wconf 82' lang='lat' dir='ltr'><strong>scd</strong></span> <span class='ocrx_word' id='word_1_39' title='bbox 1784 776 1973 823; x_wconf 84' lang='lat' dir='ltr'><strong>semet-</strong></span> 
     </span>
    </p>
   </div>
   <div class='ocr_carea' id='block_1_7' title="bbox 367 857 1974 932">
    <p class='ocr_par' dir='ltr' id='par_1_7' title="bbox 367 857 1974 932">
     <span class='ocr_line' id='line_1_7' title="bbox 367 857 1974 932; baseline 0 -17"><span class='ocrx_word' id='word_1_40' title='bbox 367 862 556 928; x_wconf 67' lang='lat' dir='ltr'><strong>ipsum</strong></span> <span class='ocrx_word' id='word_1_41' title='bbox 579 858 891 923; x_wconf 74' lang='lat' dir='ltr'><strong>sxinanivit;</strong></span> <span class='ocrx_word' id='word_1_42' title='bbox 920 857 1092 928; x_wconf 75' lang='lat' dir='ltr'><strong>{actus</strong></span> <span class='ocrx_word' id='word_1_43' title='bbox 1116 858 1359 915; x_wconf 81' lang='lat' dir='ltr'><strong>obcdiens</strong></span> <span class='ocrx_word' id='word_1_44' title='bbox 1381 860 1535 915; x_wconf 83' lang='lat' dir='ltr'><strong>Patri</strong></span> <span class='ocrx_word' id='word_1_45' title='bbox 1554 878 1717 932; x_wconf 74' lang='lat' dir='ltr'><strong>usque</strong></span> <span class='ocrx_word' id='word_1_46' title='bbox 1735 864 1805 915; x_wconf 88' lang='lat' dir='ltr'><strong>ad</strong></span> <span class='ocrx_word' id='word_1_47' title='bbox 1831 877 1974 916; x_wconf 82' lang='lat' dir='ltr'><strong>mor-</strong></span> 
     </span>
    </p>
   </div>
   <div class='ocr_carea' id='block_1_8' title="bbox 370 949 1972 1023">
    <p class='ocr_par' dir='ltr' id='par_1_8' title="bbox 370 949 1972 1023">
     <span class='ocr_line' id='line_1_8' title="bbox 370 949 1972 1023; baseline -0.002 -16"><span class='ocrx_word' id='word_1_48' title='bbox 370 965 505 1015; x_wconf 78' lang='lat' dir='ltr'><strong>rem,</strong></span> <span class='ocrx_word' id='word_1_49' title='bbox 533 957 755 1004; x_wconf 82' lang='lat' dir='ltr'><strong>mortem</strong></span> <span class='ocrx_word' id='word_1_50' title='bbox 778 957 954 1003; x_wconf 84' lang='lat' dir='ltr'><strong>autem</strong></span> <span class='ocrx_word' id='word_1_51' title='bbox 977 951 1154 1005; x_wconf 79' lang='lat' dir='ltr'><strong>crucis</strong></span> <span class='ocrx_word' id='word_1_52' title='bbox 1184 949 1441 1022; x_wconf 81' lang='lat' dir='ltr'><strong>(Philipp.</strong></span> <span class='ocrx_word' id='word_1_53' title='bbox 1461 954 1625 1023; x_wconf 71' lang='lat'><strong>11,6);</strong></span> <span class='ocrx_word' id='word_1_54' title='bbox 1657 962 1712 1007; x_wconf 87' lang='lat' dir='ltr'><strong>et</strong></span> <span class='ocrx_word' id='word_1_55' title='bbox 1750 950 1972 1007; x_wconf 81' lang='lat' dir='ltr'><strong>Verbum</strong></span> 
     </span>
    </p>
   </div>
   <div class='ocr_carea' id='block_1_9' title="bbox 368 1040 1967 1114">
    <p class='ocr_par' dir='ltr' id='par_1_9' title="bbox 368 1040 1967 1114">
     <span class='ocr_line' id='line_1_9' title="bbox 368 1040 1967 1114; baseline 0 -19"><span class='ocrx_word' id='word_1_56' title='bbox 368 1056 507 1098; x_wconf 78' lang='lat' dir='ltr'><strong>caro</strong></span> <span class='ocrx_word' id='word_1_57' title='bbox 543 1040 743 1113; x_wconf 80' lang='lat' dir='ltr'><strong>factum</strong></span> <span class='ocrx_word' id='word_1_58' title='bbox 767 1049 867 1106; x_wconf 84' lang='lat' dir='ltr'><strong>est,</strong></span> <span class='ocrx_word' id='word_1_59' title='bbox 892 1049 943 1095; x_wconf 84' lang='lat' dir='ltr'><strong>et</strong></span> <span class='ocrx_word' id='word_1_60' title='bbox 971 1041 1227 1095; x_wconf 76' lang='lat' dir='ltr'><strong>habitavit</strong></span> <span class='ocrx_word' id='word_1_61' title='bbox 1252 1042 1310 1096; x_wconf 82' lang='lat' dir='ltr'><strong>in</strong></span> <span class='ocrx_word' id='word_1_62' title='bbox 1348 1042 1497 1097; x_wconf 82' lang='lat' dir='ltr'><strong>nobis</strong></span> <span class='ocrx_word' id='word_1_63' title='bbox 1523 1061 1544 1095; x_wconf 72' lang='grc' dir='ltr'><strong><em>ι</em></strong></span> <span class='ocrx_word' id='word_1_64' title='bbox 1577 1041 1759 1114; x_wconf 77' lang='lat' dir='ltr'><strong>(Joan.</strong></span> <span class='ocrx_word' id='word_1_65' title='bbox 1786 1059 1826 1107; x_wconf 83' lang='grc' dir='ltr'><strong>ι,</strong></span> <span class='ocrx_word' id='word_1_66' title='bbox 1857 1041 1967 1114; x_wconf 75' lang='grc' dir='ltr'><strong>Μ).</strong></span> 
     </span>
    </p>
   </div>
   <div class='ocr_carea' id='block_1_10' title="bbox 372 1132 1967 1203">
    <p class='ocr_par' dir='ltr' id='par_1_10' title="bbox 372 1132 1967 1203">
     <span class='ocr_line' id='line_1_10' title="bbox 372 1132 1967 1203; baseline -0.002 -13"><span class='ocrx_word' id='word_1_67' title='bbox 372 1134 512 1191; x_wconf 81' lang='lat' dir='ltr'><strong>Item</strong></span> <span class='ocrx_word' id='word_1_68' title='bbox 534 1135 602 1190; x_wconf 85' lang='lat' dir='ltr'><strong>de</strong></span> <span class='ocrx_word' id='word_1_69' title='bbox 630 1133 886 1189; x_wconf 88' lang='lat' dir='ltr'><strong>Tractatu</strong></span> <span class='ocrx_word' id='word_1_70' title='bbox 911 1133 1086 1189; x_wconf 88' lang='lat' dir='ltr'><strong>sancti</strong></span> <span class='ocrx_word' id='word_1_71' title='bbox 1114 1132 1356 1203; x_wconf 78' lang='lat' dir='ltr'><strong>ejusdem</strong></span> <span class='ocrx_word' id='word_1_72' title='bbox 1390 1134 1459 1189; x_wconf 90' lang='lat' dir='ltr'><strong>de</strong></span> <span class='ocrx_word' id='word_1_73' title='bbox 1494 1133 1669 1189; x_wconf 77' lang='lat' dir='ltr'><strong>Natali</strong></span> <span class='ocrx_word' id='word_1_74' title='bbox 1712 1134 1924 1189; x_wconf 89' lang='lat' dir='ltr'><strong>Domini</strong></span> <span class='ocrx_word' id='word_1_75' title='bbox 1953 1150 1967 1187; x_wconf 89' lang='lat'><strong>:</strong></span> 
     </span>
    </p>
   </div>
   <div class='ocr_carea' id='block_1_11' title="bbox 379 1224 1972 1299">
    <p class='ocr_par' dir='ltr' id='par_1_11' title="bbox 379 1224 1972 1299">
     <span class='ocr_line' id='line_1_11' title="bbox 379 1224 1972 1299; baseline 0.003 -22"><span class='ocrx_word' id='word_1_76' title='bbox 379 1242 403 1277; x_wconf 78' lang='grc' dir='ltr'>ι</span> <span class='ocrx_word' id='word_1_77' title='bbox 437 1224 616 1282; x_wconf 77' lang='lat' dir='ltr'><strong>Hodie</strong></span> <span class='ocrx_word' id='word_1_78' title='bbox 638 1240 799 1282; x_wconf 87' lang='lat' dir='ltr'><strong>verus</strong></span> <span class='ocrx_word' id='word_1_79' title='bbox 826 1226 904 1281; x_wconf 84' lang='lat' dir='ltr'><strong>sol</strong></span> <span class='ocrx_word' id='word_1_80' title='bbox 924 1234 1080 1282; x_wconf 85' lang='lat' dir='ltr'><strong>ortus</strong></span> <span class='ocrx_word' id='word_1_81' title='bbox 1105 1233 1191 1281; x_wconf 88' lang='lat' dir='ltr'><strong>est</strong></span> <span class='ocrx_word' id='word_1_82' title='bbox 1212 1224 1434 1291; x_wconf 90' lang='lat' dir='ltr'><strong>mundo,</strong></span> <span class='ocrx_word' id='word_1_83' title='bbox 1465 1225 1627 1282; x_wconf 91' lang='lat' dir='ltr'><strong>hodie</strong></span> <span class='ocrx_word' id='word_1_84' title='bbox 1655 1227 1707 1281; x_wconf 92' lang='lat' dir='ltr'><strong>in</strong></span> <span class='ocrx_word' id='word_1_85' title='bbox 1731 1226 1972 1299; x_wconf 76' lang='lat' dir='ltr'><strong>tenebris</strong></span> 
     </span>
    </p>
   </div>
   <div class='ocr_carea' id='block_1_12' title="bbox 369 1315 1968 1389">
    <p class='ocr_par' dir='ltr' id='par_1_12' title="bbox 369 1315 1968 1389">
     <span class='ocr_line' id='line_1_12' title="bbox 369 1315 1968 1389; baseline 0 -15"><span class='ocrx_word' id='word_1_86' title='bbox 369 1315 596 1374; x_wconf 57' lang='lat' dir='ltr'><strong>suculis</strong></span> <span class='ocrx_word' id='word_1_87' title='bbox 622 1316 804 1374; x_wconf 88' lang='lat' dir='ltr'><strong>lumen</strong></span> <span class='ocrx_word' id='word_1_88' title='bbox 833 1332 1111 1389; x_wconf 88' lang='lat' dir='ltr'><strong>egressum</strong></span> <span class='ocrx_word' id='word_1_89' title='bbox 1134 1328 1236 1376; x_wconf 84' lang='lat' dir='ltr'><strong>est.</strong></span> <span class='ocrx_word' id='word_1_90' title='bbox 1278 1319 1421 1374; x_wconf 91' lang='lat' dir='ltr'><strong>Deus</strong></span> <span class='ocrx_word' id='word_1_91' title='bbox 1451 1317 1625 1375; x_wconf 85' lang='lat' dir='ltr'><strong>factus</strong></span> <span class='ocrx_word' id='word_1_92' title='bbox 1654 1328 1739 1375; x_wconf 90' lang='lat' dir='ltr'><strong>est</strong></span> <span class='ocrx_word' id='word_1_93' title='bbox 1782 1319 1968 1382; x_wconf 89' lang='lat' dir='ltr'><strong>homo,</strong></span> 
     </span>
    </p>
   </div>
   <div class='ocr_carea' id='block_1_13' title="bbox 370 1409 1973 1468">
    <p class='ocr_par' dir='ltr' id='par_1_13' title="bbox 370 1409 1973 1468">
     <span class='ocr_line' id='line_1_13' title="bbox 370 1409 1973 1468; baseline -0.001 -2"><span class='ocrx_word' id='word_1_94' title='bbox 370 1417 439 1465; x_wconf 89' lang='lat' dir='ltr'><strong>ut</strong></span> <span class='ocrx_word' id='word_1_95' title='bbox 466 1411 633 1466; x_wconf 87' lang='lat' dir='ltr'><strong>homo</strong></span> <span class='ocrx_word' id='word_1_96' title='bbox 662 1410 820 1466; x_wconf 88' lang='lat' dir='ltr'><strong>ﬁeret</strong></span> <span class='ocrx_word' id='word_1_97' title='bbox 845 1411 1006 1466; x_wconf 84' lang='lat' dir='ltr'><strong>Deus.</strong></span> <span class='ocrx_word' id='word_1_98' title='bbox 1030 1409 1284 1467; x_wconf 86' lang='lat' dir='ltr'><strong>Formam</strong></span> <span class='ocrx_word' id='word_1_99' title='bbox 1323 1412 1464 1467; x_wconf 89' lang='lat' dir='ltr'><strong>servi</strong></span> <span class='ocrx_word' id='word_1_100' title='bbox 1506 1412 1767 1468; x_wconf 86' lang='lat' dir='ltr'><strong>Dominus</strong></span> <span class='ocrx_word' id='word_1_101' title='bbox 1818 1426 1973 1466; x_wconf 83' lang='lat' dir='ltr'><strong>acce-</strong></span> 
     </span>
    </p>
   </div>
   <div class='ocr_carea' id='block_1_14' title="bbox 368 1500 1972 1571">
    <p class='ocr_par' dir='ltr' id='par_1_14' title="bbox 368 1500 1972 1571">
     <span class='ocr_line' id='line_1_14' title="bbox 368 1500 1972 1571; baseline 0.001 -17"><span class='ocrx_word' id='word_1_102' title='bbox 368 1500 477 1571; x_wconf 89' lang='lat' dir='ltr'><strong>pit,</strong></span> <span class='ocrx_word' id='word_1_103' title='bbox 503 1508 564 1556; x_wconf 93' lang='lat' dir='ltr'><strong>ut</strong></span> <span class='ocrx_word' id='word_1_104' title='bbox 592 1516 781 1558; x_wconf 87' lang='lat' dir='ltr'><strong>servus</strong></span> <span class='ocrx_word' id='word_1_105' title='bbox 817 1512 1122 1559; x_wconf 71' lang='lat' dir='ltr'><strong>verteretur</strong></span> <span class='ocrx_word' id='word_1_106' title='bbox 1150 1503 1205 1558; x_wconf 91' lang='lat' dir='ltr'><strong>in</strong></span> <span class='ocrx_word' id='word_1_107' title='bbox 1231 1503 1489 1561; x_wconf 88' lang='lat' dir='ltr'><strong>Domino:</strong></span> <span class='ocrx_word' id='word_1_108' title='bbox 1517 1504 1779 1559; x_wconf 63' lang='lat' dir='ltr'><strong>caelorum</strong></span> <span class='ocrx_word' id='word_1_109' title='bbox 1819 1502 1972 1558; x_wconf 86' lang='lat' dir='ltr'><strong>habi-</strong></span> 
     </span>
    </p>
   </div>
   <div class='ocr_carea' id='block_1_15' title="bbox 372 1594 1973 1663">
    <p class='ocr_par' dir='ltr' id='par_1_15' title="bbox 372 1594 1973 1663">
     <span class='ocr_line' id='line_1_15' title="bbox 372 1594 1973 1663; baseline 0.003 -16"><span class='ocrx_word' id='word_1_110' title='bbox 372 1602 528 1649; x_wconf 88' lang='lat' dir='ltr'><strong>tator</strong></span> <span class='ocrx_word' id='word_1_111' title='bbox 552 1601 607 1650; x_wconf 91' lang='lat' dir='ltr'><strong>et</strong></span> <span class='ocrx_word' id='word_1_112' title='bbox 634 1596 888 1651; x_wconf 89' lang='lat' dir='ltr'><strong>conditor</strong></span> <span class='ocrx_word' id='word_1_113' title='bbox 913 1594 1182 1652; x_wconf 77' lang='lat' dir='ltr'><strong>habitavit</strong></span> <span class='ocrx_word' id='word_1_114' title='bbox 1208 1596 1262 1652; x_wconf 91' lang='lat' dir='ltr'><strong>in</strong></span> <span class='ocrx_word' id='word_1_115' title='bbox 1308 1596 1501 1663; x_wconf 83' lang='lat' dir='ltr'><strong>terris,</strong></span> <span class='ocrx_word' id='word_1_116' title='bbox 1533 1606 1593 1651; x_wconf 86' lang='lat' dir='ltr'><strong>ut</strong></span> <span class='ocrx_word' id='word_1_117' title='bbox 1623 1597 1786 1652; x_wconf 88' lang='lat' dir='ltr'><strong>homo</strong></span> <span class='ocrx_word' id='word_1_118' title='bbox 1825 1594 1973 1652; x_wconf 80' lang='lat' dir='ltr'><strong>colo-</strong></span> 
     </span>
    </p>
   </div>
   <div class='ocr_carea' id='block_1_16' title="bbox 370 1685 1320 1757">
    <p class='ocr_par' dir='ltr' id='par_1_16' title="bbox 370 1685 1320 1757">
     <span class='ocr_line' id='line_1_16' title="bbox 370 1685 1320 1757; baseline 0 -17"><span class='ocrx_word' id='word_1_119' title='bbox 370 1700 485 1741; x_wconf 85' lang='lat' dir='ltr'><strong>nus</strong></span> <span class='ocrx_word' id='word_1_120' title='bbox 513 1693 676 1741; x_wconf 77' lang='lat' dir='ltr'><strong>terrze</strong></span> <span class='ocrx_word' id='word_1_121' title='bbox 696 1686 959 1757; x_wconf 78' lang='lat' dir='ltr'><strong>migraret</strong></span> <span class='ocrx_word' id='word_1_122' title='bbox 985 1685 1053 1741; x_wconf 86' lang='lat' dir='ltr'><strong>ad</strong></span> <span class='ocrx_word' id='word_1_123' title='bbox 1078 1691 1267 1745; x_wconf 67' lang='lat' dir='ltr'><strong>custos.</strong></span> <span class='ocrx_word' id='word_1_124' title='bbox 1299 1706 1320 1741; x_wconf 81' lang='grc' dir='ltr'><strong><em>ι</em></strong></span> 
     </span>
    </p>
   </div>
   <div class='ocr_carea' id='block_1_17' title="bbox 449 1776 1969 1851">
    <p class='ocr_par' dir='ltr' id='par_1_17' title="bbox 449 1776 1969 1851">
     <span class='ocr_line' id='line_1_17' title="bbox 449 1776 1969 1851; baseline 0.001 -18"><span class='ocrx_word' id='word_1_125' title='bbox 449 1776 559 1833; x_wconf 83' lang='lat' dir='ltr'><strong>Lll.</strong></span> <span class='ocrx_word' id='word_1_126' title='bbox 587 1776 850 1847; x_wconf 87' lang='lat' dir='ltr'><strong>Leporius</strong></span> <span class='ocrx_word' id='word_1_127' title='bbox 870 1776 1182 1836; x_wconf 87' lang='lat' dir='ltr'><strong>Gailicanus</strong></span> <span class='ocrx_word' id='word_1_128' title='bbox 1205 1780 1490 1851; x_wconf 82' lang='lat' dir='ltr'><strong>presbyter</strong></span> <span class='ocrx_word' id='word_1_129' title='bbox 1510 1780 1564 1834; x_wconf 89' lang='lat' dir='ltr'><strong>in</strong></span> <span class='ocrx_word' id='word_1_130' title='bbox 1592 1778 1792 1844; x_wconf 90' lang='lat' dir='ltr'><strong>libello,</strong></span> <span class='ocrx_word' id='word_1_131' title='bbox 1808 1794 1969 1849; x_wconf 85' lang='lat' dir='ltr'><strong>quem</strong></span> 
     </span>
    </p>
   </div>
   <div class='ocr_carea' id='block_1_18' title="bbox 374 1866 1971 1941">
    <p class='ocr_par' dir='ltr' id='par_1_18' title="bbox 374 1866 1971 1941">
     <span class='ocr_line' id='line_1_18' title="bbox 374 1866 1971 1941; baseline -0.001 -16"><span class='ocrx_word' id='word_1_132' title='bbox 374 1868 448 1925; x_wconf 88' lang='lat' dir='ltr'><strong>de</strong></span> <span class='ocrx_word' id='word_1_133' title='bbox 476 1866 833 1925; x_wconf 87' lang='lat' dir='ltr'><strong>Confessione</strong></span> <span class='ocrx_word' id='word_1_134' title='bbox 852 1884 994 1924; x_wconf 69' lang='lat' dir='ltr'><strong>veras</strong></span> <span class='ocrx_word' id='word_1_135' title='bbox 1017 1868 1141 1925; x_wconf 86' lang='lat' dir='ltr'><strong>ﬁdei</strong></span> <span class='ocrx_word' id='word_1_136' title='bbox 1168 1869 1355 1935; x_wconf 87' lang='lat' dir='ltr'><strong>edidit,</strong></span> <span class='ocrx_word' id='word_1_137' title='bbox 1385 1870 1454 1925; x_wconf 87' lang='lat' dir='ltr'><strong>de</strong></span> <span class='ocrx_word' id='word_1_138' title='bbox 1482 1871 1694 1926; x_wconf 82' lang='lat' dir='ltr'><strong>unitate</strong></span> <span class='ocrx_word' id='word_1_139' title='bbox 1726 1883 1971 1941; x_wconf 69' lang='lat' dir='ltr'><strong>persona:</strong></span> 
     </span>
    </p>
   </div>
   <div class='ocr_carea' id='block_1_19' title="bbox 2075 675 3654 754">
    <p class='ocr_par' dir='ltr' id='par_1_19' title="bbox 2075 675 3654 754">
     <span class='ocr_line' id='line_1_19' title="bbox 2075 675 3654 754; baseline 0.004 -22"><span class='ocrx_word' id='word_1_140' title='bbox 2075 690 2293 732; x_wconf 86' lang='lat' dir='ltr'><strong>carnem</strong></span> <span class='ocrx_word' id='word_1_141' title='bbox 2321 675 2486 735; x_wconf 87' lang='lat' dir='ltr'><strong>fuisse</strong></span> <span class='ocrx_word' id='word_1_142' title='bbox 2507 693 2845 750; x_wconf 87' lang='lat' dir='ltr'><strong>perpessum,</strong></span> <span class='ocrx_word' id='word_1_143' title='bbox 2868 688 2923 734; x_wconf 90' lang='lat' dir='ltr'><strong>ct</strong></span> <span class='ocrx_word' id='word_1_144' title='bbox 2944 696 3052 735; x_wconf 89' lang='lat' dir='ltr'><strong>non</strong></span> <span class='ocrx_word' id='word_1_145' title='bbox 3082 682 3183 736; x_wconf 88' lang='lat' dir='ltr'><strong>sibi</strong></span> <span class='ocrx_word' id='word_1_146' title='bbox 3203 682 3537 754; x_wconf 74' lang='lat' dir='ltr'><strong>agonizasse,</strong></span> <span class='ocrx_word' id='word_1_147' title='bbox 3560 684 3654 739; x_wconf 88' lang='lat' dir='ltr'><strong>sed</strong></span> 
     </span>
    </p>
   </div>
   <div class='ocr_carea' id='block_1_20' title="bbox 2072 769 3660 852">
    <p class='ocr_par' dir='ltr' id='par_1_20' title="bbox 2072 769 3660 852">
     <span class='ocr_line' id='line_1_20' title="bbox 2072 769 3660 852; baseline 0.008 -30"><span class='ocrx_word' id='word_1_148' title='bbox 2072 769 2259 838; x_wconf 88' lang='lat' dir='ltr'><strong>nobis;</strong></span> <span class='ocrx_word' id='word_1_149' title='bbox 2312 786 2413 827; x_wconf 90' lang='lat' dir='ltr'><strong>nec</strong></span> <span class='ocrx_word' id='word_1_150' title='bbox 2455 781 2679 841; x_wconf 78' lang='lat' dir='ltr'><strong>propter</strong></span> <span class='ocrx_word' id='word_1_151' title='bbox 2721 787 2802 839; x_wconf 91' lang='lat' dir='ltr'><strong>se,</strong></span> <span class='ocrx_word' id='word_1_152' title='bbox 2840 775 2932 830; x_wconf 92' lang='lat' dir='ltr'><strong>sed</strong></span> <span class='ocrx_word' id='word_1_153' title='bbox 2966 785 3191 847; x_wconf 82' lang='lat' dir='ltr'><strong>propter</strong></span> <span class='ocrx_word' id='word_1_154' title='bbox 3231 793 3351 846; x_wconf 91' lang='lat' dir='ltr'><strong>nos,</strong></span> <span class='ocrx_word' id='word_1_155' title='bbox 3380 778 3475 852; x_wconf 89' lang='lat' dir='ltr'><strong>qui</strong></span> <span class='ocrx_word' id='word_1_156' title='bbox 3509 778 3660 852; x_wconf 88' lang='lat' dir='ltr'><strong>jace-</strong></span> 
     </span>
    </p>
   </div>
   <div class='ocr_carea' id='block_1_21' title="bbox 2073 863 3657 931">
    <p class='ocr_par' dir='ltr' id='par_1_21' title="bbox 2073 863 3657 931">
     <span class='ocr_line' id='line_1_21' title="bbox 2073 863 3657 931; baseline 0.006 -13"><span class='ocrx_word' id='word_1_157' title='bbox 2073 863 2269 919; x_wconf 89' lang='lat' dir='ltr'><strong>bamus</strong></span> <span class='ocrx_word' id='word_1_158' title='bbox 2294 905 2310 931; x_wconf 91' lang='lat'><strong>,</strong></span> <span class='ocrx_word' id='word_1_159' title='bbox 2354 863 2505 920; x_wconf 90' lang='lat' dir='ltr'><strong>illum</strong></span> <span class='ocrx_word' id='word_1_160' title='bbox 2554 865 2623 920; x_wconf 87' lang='lat' dir='ltr'><strong>ab</strong></span> <span class='ocrx_word' id='word_1_161' title='bbox 2670 866 2900 923; x_wconf 82' lang='lat' dir='ltr'><strong>excelsis</strong></span> <span class='ocrx_word' id='word_1_162' title='bbox 2954 870 3382 928; x_wconf 87' lang='lat' dir='ltr'><strong>misericorditer</strong></span> <span class='ocrx_word' id='word_1_163' title='bbox 3425 871 3495 928; x_wconf 88' lang='lat' dir='ltr'><strong>ad</strong></span> <span class='ocrx_word' id='word_1_164' title='bbox 3547 871 3657 927; x_wconf 89' lang='lat' dir='ltr'><strong>ima</strong></span> 
     </span>
    </p>
   </div>
   <div class='ocr_carea' id='block_1_22' title="bbox 2070 968 2360 1012">
    <p class='ocr_par' dir='ltr' id='par_1_22' title="bbox 2070 968 2360 1012">
     <span class='ocr_line' id='line_1_22' title="bbox 2070 968 2360 1012; baseline 0.003 -4"><span class='ocrx_word' id='word_1_165' title='bbox 2070 968 2306 1012; x_wconf 77' lang='lat' dir='ltr'><strong>venisse.</strong></span> <span class='ocrx_word' id='word_1_166' title='bbox 2341 976 2360 1009; x_wconf 71' lang='grc' dir='ltr'><strong>Ι</strong></span> 
     </span>
    </p>
   </div>
   <div class='ocr_carea' id='block_1_23' title="bbox 2143 1046 3659 1125">
    <p class='ocr_par' dir='ltr' id='par_1_23' title="bbox 2143 1046 3659 1125">
     <span class='ocr_line' id='line_1_23' title="bbox 2143 1046 3659 1125; baseline 0.004 -21"><span class='ocrx_word' id='word_1_167' title='bbox 2143 1047 2311 1120; x_wconf 76' lang='lat'><strong>776</strong></span> <span class='ocrx_word' id='word_1_168' title='bbox 2341 1046 2472 1103; x_wconf 85' lang='lat' dir='ltr'><strong>[.lll.</strong></span> <span class='ocrx_word' id='word_1_169' title='bbox 2502 1049 2687 1107; x_wconf 83' lang='lat' dir='ltr'><strong>Victor</strong></span> <span class='ocrx_word' id='word_1_170' title='bbox 2712 1065 2927 1121; x_wconf 89' lang='lat' dir='ltr'><strong>quoque</strong></span> <span class='ocrx_word' id='word_1_171' title='bbox 2956 1047 3151 1122; x_wconf 83' lang='lat' dir='ltr'><strong>Capuae</strong></span> <span class='ocrx_word' id='word_1_172' title='bbox 3180 1054 3463 1125; x_wconf 88' lang='lat' dir='ltr'><strong>episcopus</strong></span> <span class='ocrx_word' id='word_1_173' title='bbox 3486 1053 3542 1110; x_wconf 88' lang='lat' dir='ltr'><strong>in</strong></span> <span class='ocrx_word' id='word_1_174' title='bbox 3561 1065 3659 1110; x_wconf 77' lang='lat' dir='ltr'><strong>cx-</strong></span> 
     </span>
    </p>
   </div>
   <div class='ocr_carea' id='block_1_24' title="bbox 2070 1136 3659 1215">
    <p class='ocr_par' dir='ltr' id='par_1_24' title="bbox 2070 1136 3659 1215">
     <span class='ocr_line' id='line_1_24' title="bbox 2070 1136 3659 1215; baseline 0.008 -25"><span class='ocrx_word' id='word_1_175' title='bbox 2070 1136 2382 1208; x_wconf 89' lang='lat' dir='ltr'><strong>planatione</strong></span> <span class='ocrx_word' id='word_1_176' title='bbox 2411 1141 2723 1210; x_wconf 87' lang='lat' dir='ltr'><strong>apostolicae</strong></span> <span class='ocrx_word' id='word_1_177' title='bbox 2751 1142 3033 1197; x_wconf 80' lang='lat' dir='ltr'><strong>sententiae</strong></span> <span class='ocrx_word' id='word_1_178' title='bbox 3062 1161 3074 1196; x_wconf 94' lang='lat'>:</span> <span class='ocrx_word' id='word_1_179' title='bbox 3113 1143 3216 1210; x_wconf 85' lang='lat' dir='ltr'><strong>Qui</strong></span> <span class='ocrx_word' id='word_1_180' title='bbox 3244 1144 3417 1215; x_wconf 80' lang='lat' dir='ltr'><strong>{actus</strong></span> <span class='ocrx_word' id='word_1_181' title='bbox 3461 1152 3539 1202; x_wconf 83' lang='lat' dir='ltr'><strong>est</strong></span> <span class='ocrx_word' id='word_1_182' title='bbox 3589 1160 3659 1201; x_wconf 79' lang='lat' dir='ltr'><strong>ea:</strong></span> 
     </span>
    </p>
   </div>
   <div class='ocr_carea' id='block_1_25' title="bbox 2071 1229 3657 1306">
    <p class='ocr_par' dir='ltr' id='par_1_25' title="bbox 2071 1229 3657 1306">
     <span class='ocr_line' id='line_1_25' title="bbox 2071 1229 3657 1306; baseline 0.007 -25"><span class='ocrx_word' id='word_1_183' title='bbox 2071 1229 2266 1282; x_wconf 78' lang='lat' dir='ltr'><strong>semine</strong></span> <span class='ocrx_word' id='word_1_184' title='bbox 2295 1229 2465 1284; x_wconf 79' lang='lat' dir='ltr'><strong>David</strong></span> <span class='ocrx_word' id='word_1_185' title='bbox 2494 1230 2779 1286; x_wconf 83' lang='lat' dir='ltr'><strong>secundum</strong></span> <span class='ocrx_word' id='word_1_186' title='bbox 2798 1248 3008 1288; x_wconf 77' lang='lat' dir='ltr'><strong>carnem</strong></span> <span class='ocrx_word' id='word_1_187' title='bbox 3037 1233 3065 1273; x_wconf 72' lang='grc' dir='ltr'>δ</span> <span class='ocrx_word' id='word_1_188' title='bbox 3090 1232 3267 1305; x_wconf 83' lang='lat' dir='ltr'><strong>(Rom.</strong></span> <span class='ocrx_word' id='word_1_189' title='bbox 3304 1251 3344 1301; x_wconf 83' lang='grc' dir='ltr'><strong>ι,</strong></span> <span class='ocrx_word' id='word_1_190' title='bbox 3365 1235 3422 1306; x_wconf 79' lang='grc'><strong>5)</strong></span> <span class='ocrx_word' id='word_1_191' title='bbox 3456 1254 3472 1291; x_wconf 90' lang='lat'><strong>:</strong></span> <span class='ocrx_word' id='word_1_192' title='bbox 3503 1254 3525 1288; x_wconf 71' lang='grc' dir='ltr'>ι</span> <span class='ocrx_word' id='word_1_193' title='bbox 3550 1236 3657 1294; x_wconf 61' lang='grc' dir='ltr'><strong>Ἴθ-</strong></span> 
     </span>
    </p>
   </div>
   <div class='ocr_carea' id='block_1_26' title="bbox 2072 1324 3654 1397">
    <p class='ocr_par' dir='ltr' id='par_1_26' title="bbox 2072 1324 3654 1397">
     <span class='ocr_line' id='line_1_26' title="bbox 2072 1324 3654 1397; baseline 0.008 -22"><span class='ocrx_word' id='word_1_194' title='bbox 2072 1330 2378 1377; x_wconf 88' lang='lat' dir='ltr'><strong>rumtamen</strong></span> <span class='ocrx_word' id='word_1_195' title='bbox 2409 1330 2554 1379; x_wconf 90' lang='lat' dir='ltr'><strong>totus</strong></span> <span class='ocrx_word' id='word_1_196' title='bbox 2579 1324 2667 1380; x_wconf 89' lang='lat' dir='ltr'><strong>hic</strong></span> <span class='ocrx_word' id='word_1_197' title='bbox 2698 1325 2851 1381; x_wconf 91' lang='lat' dir='ltr'><strong>locus</strong></span> <span class='ocrx_word' id='word_1_198' title='bbox 2884 1337 3075 1382; x_wconf 90' lang='lat' dir='ltr'><strong>contra</strong></span> <span class='ocrx_word' id='word_1_199' title='bbox 3126 1330 3453 1386; x_wconf 78' lang='lat' dir='ltr'><strong>maniclueos</strong></span> <span class='ocrx_word' id='word_1_200' title='bbox 3501 1326 3654 1397; x_wconf 87' lang='lat' dir='ltr'><strong>facit,</strong></span> 
     </span>
    </p>
   </div>
   <div class='ocr_carea' id='block_1_27' title="bbox 2073 1411 3656 1490">
    <p class='ocr_par' dir='ltr' id='par_1_27' title="bbox 2073 1411 3656 1490">
     <span class='ocr_line' id='line_1_27' title="bbox 2073 1411 3656 1490; baseline 0.008 -25"><span class='ocrx_word' id='word_1_201' title='bbox 2073 1412 2163 1467; x_wconf 92' lang='lat' dir='ltr'><strong>ubi</strong></span> <span class='ocrx_word' id='word_1_202' title='bbox 2191 1411 2341 1477; x_wconf 86' lang='lat' dir='ltr'><strong>dicit,</strong></span> <span class='ocrx_word' id='word_1_203' title='bbox 2369 1415 2513 1482; x_wconf 88' lang='lat' dir='ltr'><strong>quod</strong></span> <span class='ocrx_word' id='word_1_204' title='bbox 2541 1423 2596 1469; x_wconf 90' lang='lat' dir='ltr'><strong>et</strong></span> <span class='ocrx_word' id='word_1_205' title='bbox 2625 1425 2751 1471; x_wconf 83' lang='lat' dir='ltr'><strong>ante</strong></span> <span class='ocrx_word' id='word_1_206' title='bbox 2778 1416 3126 1486; x_wconf 82' lang='lat' dir='ltr'><strong>Evangciium</strong></span> <span class='ocrx_word' id='word_1_207' title='bbox 3168 1421 3245 1474; x_wconf 92' lang='lat' dir='ltr'><strong>sic</strong></span> <span class='ocrx_word' id='word_1_208' title='bbox 3268 1420 3574 1490; x_wconf 81' lang='lat' dir='ltr'><strong>proximum</strong></span> <span class='ocrx_word' id='word_1_209' title='bbox 3601 1429 3656 1478; x_wconf 89' lang='lat' dir='ltr'><strong>et</strong></span> 
     </span>
    </p>
   </div>
   <div class='ocr_carea' id='block_1_28' title="bbox 2071 1506 3656 1584">
    <p class='ocr_par' dir='ltr' id='par_1_28' title="bbox 2071 1506 3656 1584">
     <span class='ocr_line' id='line_1_28' title="bbox 2071 1506 3656 1584; baseline 0.008 -28"><span class='ocrx_word' id='word_1_210' title='bbox 2071 1518 2170 1574; x_wconf 86' lang='lat' dir='ltr'><strong>per</strong></span> <span class='ocrx_word' id='word_1_211' title='bbox 2194 1506 2487 1576; x_wconf 82' lang='lat' dir='ltr'><strong>prophetas</strong></span> <span class='ocrx_word' id='word_1_212' title='bbox 2506 1506 2602 1562; x_wconf 85' lang='lat' dir='ltr'><strong>Dei</strong></span> <span class='ocrx_word' id='word_1_213' title='bbox 2628 1516 2681 1564; x_wconf 92' lang='lat' dir='ltr'><strong>et</strong></span> <span class='ocrx_word' id='word_1_214' title='bbox 2721 1509 2778 1563; x_wconf 91' lang='lat' dir='ltr'><strong>in</strong></span> <span class='ocrx_word' id='word_1_215' title='bbox 2818 1510 3023 1565; x_wconf 82' lang='lat' dir='ltr'><strong>sanctis</strong></span> <span class='ocrx_word' id='word_1_216' title='bbox 3068 1508 3396 1581; x_wconf 88' lang='lat' dir='ltr'><strong>Scripturis;</strong></span> <span class='ocrx_word' id='word_1_217' title='bbox 3428 1519 3483 1567; x_wconf 89' lang='lat' dir='ltr'><strong>et</strong></span> <span class='ocrx_word' id='word_1_218' title='bbox 3510 1512 3656 1584; x_wconf 90' lang='lat' dir='ltr'><strong>quod</strong></span> 
     </span>
    </p>
   </div>
   <div class='ocr_carea' id='block_1_29' title="bbox 2072 1593 3655 1674">
    <p class='ocr_par' dir='ltr' id='par_1_29' title="bbox 2072 1593 3655 1674">
     <span class='ocr_line' id='line_1_29' title="bbox 2072 1593 3655 1674; baseline 0.008 -27"><span class='ocrx_word' id='word_1_219' title='bbox 2072 1593 2321 1651; x_wconf 86' lang='lat' dir='ltr'><strong>Christus</strong></span> <span class='ocrx_word' id='word_1_220' title='bbox 2356 1599 2651 1653; x_wconf 87' lang='lat' dir='ltr'><strong>secundum</strong></span> <span class='ocrx_word' id='word_1_221' title='bbox 2680 1614 2898 1655; x_wconf 89' lang='lat' dir='ltr'><strong>carnem</strong></span> <span class='ocrx_word' id='word_1_222' title='bbox 2931 1615 2998 1655; x_wconf 82' lang='lat' dir='ltr'><strong>ex</strong></span> <span class='ocrx_word' id='word_1_223' title='bbox 3046 1601 3213 1657; x_wconf 83' lang='lat' dir='ltr'><strong>David</strong></span> <span class='ocrx_word' id='word_1_224' title='bbox 3251 1603 3440 1674; x_wconf 84' lang='lat' dir='ltr'><strong>stirpe,</strong></span> <span class='ocrx_word' id='word_1_225' title='bbox 3466 1603 3519 1658; x_wconf 91' lang='lat' dir='ltr'><strong>id</strong></span> <span class='ocrx_word' id='word_1_226' title='bbox 3547 1610 3655 1670; x_wconf 85' lang='lat' dir='ltr'><strong>est,</strong></span> 
     </span>
    </p>
   </div>
   <div class='ocr_carea' id='block_1_30' title="bbox 2075 1680 3656 1763">
    <p class='ocr_par' dir='ltr' id='par_1_30' title="bbox 2075 1680 3656 1763">
     <span class='ocr_line' id='line_1_30' title="bbox 2075 1680 3656 1763; baseline 0.009 -27"><span class='ocrx_word' id='word_1_227' title='bbox 2075 1680 2241 1738; x_wconf 84' lang='lat' dir='ltr'><strong>Maria</strong></span> <span class='ocrx_word' id='word_1_228' title='bbox 2269 1685 2479 1756; x_wconf 81' lang='lat' dir='ltr'><strong>virgine</strong></span> <span class='ocrx_word' id='word_1_229' title='bbox 2504 1688 2576 1741; x_wconf 88' lang='lat' dir='ltr'><strong>sit</strong></span> <span class='ocrx_word' id='word_1_230' title='bbox 2618 1696 2850 1753; x_wconf 86' lang='lat' dir='ltr'><strong>creatus,</strong></span> <span class='ocrx_word' id='word_1_231' title='bbox 2882 1688 3178 1745; x_wconf 88' lang='lat' dir='ltr'><strong>secundum</strong></span> <span class='ocrx_word' id='word_1_232' title='bbox 3222 1694 3363 1763; x_wconf 89' lang='lat' dir='ltr'><strong>quod</strong></span> <span class='ocrx_word' id='word_1_233' title='bbox 3388 1692 3656 1763; x_wconf 64' lang='lat' dir='ltr'><strong>praedixe-</strong></span> 
     </span>
    </p>
   </div>
   <div class='ocr_carea' id='block_1_31' title="bbox 2073 1775 3658 1855">
    <p class='ocr_par' dir='ltr' id='par_1_31' title="bbox 2073 1775 3658 1855">
     <span class='ocr_line' id='line_1_31' title="bbox 2073 1775 3658 1855; baseline 0.006 -25"><span class='ocrx_word' id='word_1_234' title='bbox 2073 1782 2161 1830; x_wconf 88' lang='lat' dir='ltr'><strong>rat</strong></span> <span class='ocrx_word' id='word_1_235' title='bbox 2190 1775 2373 1832; x_wconf 90' lang='lat' dir='ltr'><strong>Isaias.</strong></span> <span class='ocrx_word' id='word_1_236' title='bbox 2410 1776 2559 1833; x_wconf 84' lang='lat' dir='ltr'><strong>Multi</strong></span> <span class='ocrx_word' id='word_1_237' title='bbox 2588 1778 2683 1833; x_wconf 88' lang='lat' dir='ltr'><strong>ﬁlii</strong></span> <span class='ocrx_word' id='word_1_238' title='bbox 2712 1780 2908 1850; x_wconf 89' lang='lat' dir='ltr'><strong>gratia,</strong></span> <span class='ocrx_word' id='word_1_239' title='bbox 2935 1781 3022 1836; x_wconf 90' lang='lat' dir='ltr'><strong>hic</strong></span> <span class='ocrx_word' id='word_1_240' title='bbox 3043 1790 3271 1848; x_wconf 90' lang='lat' dir='ltr'><strong>natura;</strong></span> <span class='ocrx_word' id='word_1_241' title='bbox 3314 1784 3468 1855; x_wconf 88' lang='lat' dir='ltr'><strong>cujus</strong></span> <span class='ocrx_word' id='word_1_242' title='bbox 3490 1783 3658 1840; x_wconf 87' lang='lat' dir='ltr'><strong>etiam</strong></span> 
     </span>
    </p>
   </div>
   <div class='ocr_carea' id='block_1_32' title="bbox 2077 1868 3660 1936">
    <p class='ocr_par' dir='ltr' id='par_1_32' title="bbox 2077 1868 3660 1936">
     <span class='ocr_line' id='line_1_32' title="bbox 2077 1868 3660 1936; baseline 0.01 -16"><span class='ocrx_word' id='word_1_243' title='bbox 2077 1868 2130 1921; x_wconf 89' lang='lat' dir='ltr'><strong>in</strong></span> <span class='ocrx_word' id='word_1_244' title='bbox 2154 1885 2374 1925; x_wconf 80' lang='lat' dir='ltr'><strong>carnem</strong></span> <span class='ocrx_word' id='word_1_245' title='bbox 2399 1872 2655 1929; x_wconf 86' lang='lat' dir='ltr'><strong>nativitas</strong></span> <span class='ocrx_word' id='word_1_246' title='bbox 2683 1873 2967 1931; x_wconf 83' lang='lat' dir='ltr'><strong>dissimilis</strong></span> <span class='ocrx_word' id='word_1_247' title='bbox 2994 1876 3207 1933; x_wconf 67' lang='lat' dir='ltr'><strong>caeteris</strong></span> <span class='ocrx_word' id='word_1_248' title='bbox 3234 1876 3525 1934; x_wconf 82' lang='lat' dir='ltr'><strong>invenitur.</strong></span> <span class='ocrx_word' id='word_1_249' title='bbox 3549 1877 3660 1936; x_wconf 81' lang='lat' dir='ltr'><strong>Ad-</strong></span> 
     </span>
    </p>
   </div>
   <div class='ocr_carea' id='block_1_33' title="bbox 370 1957 3661 2032">
    <p class='ocr_par' dir='ltr' id='par_1_33' title="bbox 370 1957 3661 2032">
     <span class='ocr_line' id='line_1_33' title="bbox 370 1957 3661 2032; baseline 0.003 -16"><span class='ocrx_word' id='word_1_250' title='bbox 370 1960 503 2016; x_wconf 87' lang='lat' dir='ltr'><strong>Filii</strong></span> <span class='ocrx_word' id='word_1_251' title='bbox 534 1960 631 2016; x_wconf 89' lang='lat' dir='ltr'><strong>Dei</strong></span> <span class='ocrx_word' id='word_1_252' title='bbox 656 1960 731 2015; x_wconf 88' lang='lat' dir='ltr'><strong>ita</strong></span> <span class='ocrx_word' id='word_1_253' title='bbox 761 1959 1019 2016; x_wconf 78' lang='lat' dir='ltr'><strong>disseruit</strong></span> <span class='ocrx_word' id='word_1_254' title='bbox 1046 1972 1073 2002; x_wconf 74' lang='grc' dir='ltr'>ι</span> <span class='ocrx_word' id='word_1_255' title='bbox 1108 1977 1123 2014; x_wconf 91' lang='lat'><strong>:</strong></span> <span class='ocrx_word' id='word_1_256' title='bbox 1161 1978 1182 2013; x_wconf 85' lang='grc'><strong><em>‹</em></strong></span> <span class='ocrx_word' id='word_1_257' title='bbox 1216 1959 1471 2016; x_wconf 86' lang='lat' dir='ltr'><strong>Nascitur</strong></span> <span class='ocrx_word' id='word_1_258' title='bbox 1493 1976 1625 2032; x_wconf 87' lang='lat' dir='ltr'><strong>ergo</strong></span> <span class='ocrx_word' id='word_1_259' title='bbox 1647 1960 1802 2016; x_wconf 88' lang='lat' dir='ltr'><strong>nobis</strong></span> <span class='ocrx_word' id='word_1_260' title='bbox 1840 1975 1966 2030; x_wconf 85' lang='lat' dir='ltr'><strong>pro-</strong></span> <span class='ocrx_word' id='word_1_261' title='bbox 1996 1963 2042 2023; x_wconf 71' lang='grc' dir='ltr'><strong>Β</strong></span> <span class='ocrx_word' id='word_1_262' title='bbox 2069 1957 2244 2013; x_wconf 88' lang='lat' dir='ltr'><strong>dendo</strong></span> <span class='ocrx_word' id='word_1_263' title='bbox 2264 1961 2548 2016; x_wconf 83' lang='lat' dir='ltr'><strong>secundum</strong></span> <span class='ocrx_word' id='word_1_264' title='bbox 2575 1978 2784 2018; x_wconf 85' lang='lat' dir='ltr'><strong>carnem</strong></span> <span class='ocrx_word' id='word_1_265' title='bbox 2811 1974 2866 2019; x_wconf 88' lang='lat' dir='ltr'><strong>et</strong></span> <span class='ocrx_word' id='word_1_266' title='bbox 2889 1974 3079 2021; x_wconf 90' lang='lat' dir='ltr'><strong>contra</strong></span> <span class='ocrx_word' id='word_1_267' title='bbox 3091 1965 3380 2023; x_wconf 89' lang='lat' dir='ltr'><strong>Photinum</strong></span> <span class='ocrx_word' id='word_1_268' title='bbox 3402 1969 3661 2026; x_wconf 81' lang='lat' dir='ltr'><strong>exstinxit</strong></span> 
     </span>
    </p>
   </div>
   <div class='ocr_carea' id='block_1_34' title="bbox 369 2050 1968 2124">
    <p class='ocr_par' dir='ltr' id='par_1_34' title="bbox 369 2050 1968 2124">
     <span class='ocr_line' id='line_1_34' title="bbox 369 2050 1968 2124; baseline -0.001 -17"><span class='ocrx_word' id='word_1_269' title='bbox 369 2053 498 2124; x_wconf 83' lang='lat' dir='ltr'><strong>prie</strong></span> <span class='ocrx_word' id='word_1_270' title='bbox 518 2053 585 2108; x_wconf 86' lang='lat' dir='ltr'><strong>de</strong></span> <span class='ocrx_word' id='word_1_271' title='bbox 613 2051 822 2123; x_wconf 88' lang='lat' dir='ltr'><strong>Spiritu</strong></span> <span class='ocrx_word' id='word_1_272' title='bbox 848 2054 1038 2109; x_wconf 86' lang='lat' dir='ltr'><strong>sancto</strong></span> <span class='ocrx_word' id='word_1_273' title='bbox 1058 2059 1112 2108; x_wconf 88' lang='lat' dir='ltr'><strong>et</strong></span> <span class='ocrx_word' id='word_1_274' title='bbox 1137 2052 1304 2107; x_wconf 79' lang='lat' dir='ltr'><strong>Maria</strong></span> <span class='ocrx_word' id='word_1_275' title='bbox 1332 2067 1550 2121; x_wconf 85' lang='lat' dir='ltr'><strong>semper</strong></span> <span class='ocrx_word' id='word_1_276' title='bbox 1566 2051 1775 2122; x_wconf 77' lang='lat' dir='ltr'><strong>virgine</strong></span> <span class='ocrx_word' id='word_1_277' title='bbox 1822 2050 1968 2106; x_wconf 85' lang='lat' dir='ltr'><strong>Deus</strong></span> 
     </span>
    </p>
   </div>
   <div class='ocr_carea' id='block_1_35' title="bbox 369 2144 1967 2209">
    <p class='ocr_par' dir='ltr' id='par_1_35' title="bbox 369 2144 1967 2209">
     <span class='ocr_line' id='line_1_35' title="bbox 369 2144 1967 2209; baseline -0.003 -6"><span class='ocrx_word' id='word_1_278' title='bbox 369 2147 545 2203; x_wconf 86' lang='lat' dir='ltr'><strong>homo</strong></span> <span class='ocrx_word' id='word_1_279' title='bbox 568 2144 729 2201; x_wconf 80' lang='lat' dir='ltr'><strong>Jesus</strong></span> <span class='ocrx_word' id='word_1_280' title='bbox 746 2144 999 2202; x_wconf 86' lang='lat' dir='ltr'><strong>Christus</strong></span> <span class='ocrx_word' id='word_1_281' title='bbox 1024 2145 1196 2201; x_wconf 87' lang='lat' dir='ltr'><strong>Filius</strong></span> <span class='ocrx_word' id='word_1_282' title='bbox 1225 2145 1342 2209; x_wconf 90' lang='lat' dir='ltr'><strong>Dei,</strong></span> <span class='ocrx_word' id='word_1_283' title='bbox 1368 2161 1435 2201; x_wconf 89' lang='lat' dir='ltr'><strong>ac</strong></span> <span class='ocrx_word' id='word_1_284' title='bbox 1462 2146 1542 2203; x_wconf 91' lang='lat' dir='ltr'><strong>sic</strong></span> <span class='ocrx_word' id='word_1_285' title='bbox 1566 2147 1620 2200; x_wconf 92' lang='lat' dir='ltr'><strong>in</strong></span> <span class='ocrx_word' id='word_1_286' title='bbox 1647 2145 1967 2200; x_wconf 87' lang='lat' dir='ltr'><strong>alterutrum</strong></span> 
     </span>
    </p>
   </div>
   <div class='ocr_carea' id='block_1_36' title="bbox 371 2237 1968 2310">
    <p class='ocr_par' dir='ltr' id='par_1_36' title="bbox 371 2237 1968 2310">
     <span class='ocr_line' id='line_1_36' title="bbox 371 2237 1968 2310; baseline 0 -15"><span class='ocrx_word' id='word_1_287' title='bbox 371 2252 549 2295; x_wconf 87' lang='lat' dir='ltr'><strong>unum</strong></span> <span class='ocrx_word' id='word_1_288' title='bbox 572 2237 635 2293; x_wconf 84' lang='lat' dir='ltr'><strong>ﬁt</strong></span> <span class='ocrx_word' id='word_1_289' title='bbox 657 2238 896 2295; x_wconf 84' lang='lat' dir='ltr'><strong>Verbum</strong></span> <span class='ocrx_word' id='word_1_290' title='bbox 923 2246 980 2295; x_wconf 90' lang='lat' dir='ltr'><strong>et</strong></span> <span class='ocrx_word' id='word_1_291' title='bbox 1005 2253 1155 2305; x_wconf 86' lang='lat' dir='ltr'><strong>caro,</strong></span> <span class='ocrx_word' id='word_1_292' title='bbox 1187 2248 1250 2294; x_wconf 91' lang='lat' dir='ltr'><strong>ut</strong></span> <span class='ocrx_word' id='word_1_293' title='bbox 1274 2248 1530 2295; x_wconf 85' lang='lat' dir='ltr'><strong>manente</strong></span> <span class='ocrx_word' id='word_1_294' title='bbox 1560 2239 1613 2294; x_wconf 92' lang='lat' dir='ltr'><strong>iu</strong></span> <span class='ocrx_word' id='word_1_295' title='bbox 1641 2254 1741 2294; x_wconf 84' lang='lat' dir='ltr'><strong>sua</strong></span> <span class='ocrx_word' id='word_1_296' title='bbox 1784 2238 1968 2310; x_wconf 80' lang='lat' dir='ltr'><strong>perfe-</strong></span> 
     </span>
    </p>
   </div>
   <div class='ocr_carea' id='block_1_37' title="bbox 370 2328 1969 2401">
    <p class='ocr_par' dir='ltr' id='par_1_37' title="bbox 370 2328 1969 2401">
     <span class='ocr_line' id='line_1_37' title="bbox 370 2328 1969 2401; baseline -0.003 -12"><span class='ocrx_word' id='word_1_297' title='bbox 370 2329 563 2389; x_wconf 81' lang='lat' dir='ltr'><strong>ctione</strong></span> <span class='ocrx_word' id='word_1_298' title='bbox 587 2328 914 2384; x_wconf 77' lang='lat' dir='ltr'><strong>naturaliter</strong></span> <span class='ocrx_word' id='word_1_299' title='bbox 932 2337 1163 2400; x_wconf 85' lang='lat' dir='ltr'><strong>utraque</strong></span> <span class='ocrx_word' id='word_1_300' title='bbox 1183 2330 1505 2395; x_wconf 75' lang='lat' dir='ltr'><strong>substantia,</strong></span> <span class='ocrx_word' id='word_1_301' title='bbox 1529 2330 1646 2385; x_wconf 88' lang='lat' dir='ltr'><strong>sine</strong></span> <span class='ocrx_word' id='word_1_302' title='bbox 1665 2329 1749 2384; x_wconf 88' lang='lat' dir='ltr'><strong>sui</strong></span> <span class='ocrx_word' id='word_1_303' title='bbox 1774 2330 1969 2401; x_wconf 63' lang='lat' dir='ltr'><strong>praeiu-</strong></span> 
     </span>
    </p>
   </div>
   <div class='ocr_carea' id='block_1_38' title="bbox 371 2420 1971 2486">
    <p class='ocr_par' dir='ltr' id='par_1_38' title="bbox 371 2420 1971 2486">
     <span class='ocr_line' id='line_1_38' title="bbox 371 2420 1971 2486; baseline -0.001 -9"><span class='ocrx_word' id='word_1_304' title='bbox 371 2420 525 2477; x_wconf 76' lang='lat' dir='ltr'><strong>dicio</strong></span> <span class='ocrx_word' id='word_1_305' title='bbox 551 2426 607 2477; x_wconf 80' lang='lat' dir='ltr'><strong>et</strong></span> <span class='ocrx_word' id='word_1_306' title='bbox 637 2421 965 2476; x_wconf 84' lang='lat' dir='ltr'><strong>humanitati</strong></span> <span class='ocrx_word' id='word_1_307' title='bbox 1009 2421 1191 2477; x_wconf 85' lang='lat' dir='ltr'><strong>divina</strong></span> <span class='ocrx_word' id='word_1_308' title='bbox 1219 2422 1638 2486; x_wconf 88' lang='lat' dir='ltr'><strong>communicent,</strong></span> <span class='ocrx_word' id='word_1_309' title='bbox 1669 2428 1728 2477; x_wconf 88' lang='lat' dir='ltr'><strong>et</strong></span> <span class='ocrx_word' id='word_1_310' title='bbox 1774 2421 1971 2476; x_wconf 87' lang='lat' dir='ltr'><strong>divini-</strong></span> 
     </span>
    </p>
   </div>
   <div class='ocr_carea' id='block_1_39' title="bbox 371 2511 1968 2585">
    <p class='ocr_par' dir='ltr' id='par_1_39' title="bbox 371 2511 1968 2585">
     <span class='ocr_line' id='line_1_39' title="bbox 371 2511 1968 2585; baseline 0.001 -17"><span class='ocrx_word' id='word_1_311' title='bbox 371 2511 479 2568; x_wconf 78' lang='lat' dir='ltr'><strong>tati</strong></span> <span class='ocrx_word' id='word_1_312' title='bbox 508 2512 743 2569; x_wconf 85' lang='lat' dir='ltr'><strong>humana</strong></span> <span class='ocrx_word' id='word_1_313' title='bbox 767 2512 1120 2585; x_wconf 82' lang='lat' dir='ltr'><strong>participem.</strong></span> <span class='ocrx_word' id='word_1_314' title='bbox 1144 2512 1256 2568; x_wconf 88' lang='lat' dir='ltr'><strong>Nec</strong></span> <span class='ocrx_word' id='word_1_315' title='bbox 1280 2513 1417 2569; x_wconf 84' lang='lat' dir='ltr'><strong>alter</strong></span> <span class='ocrx_word' id='word_1_316' title='bbox 1442 2514 1603 2577; x_wconf 86' lang='lat' dir='ltr'><strong>Deus,</strong></span> <span class='ocrx_word' id='word_1_317' title='bbox 1622 2513 1762 2568; x_wconf 82' lang='lat' dir='ltr'><strong>alter</strong></span> <span class='ocrx_word' id='word_1_318' title='bbox 1782 2514 1968 2579; x_wconf 88' lang='lat' dir='ltr'><strong>homo,</strong></span> 
     </span>
    </p>
   </div>
   <div class='ocr_carea' id='block_1_40' title="bbox 370 2603 1965 2675">
    <p class='ocr_par' dir='ltr' id='par_1_40' title="bbox 370 2603 1965 2675">
     <span class='ocr_line' id='line_1_40' title="bbox 370 2603 1965 2675; baseline -0.002 -12"><span class='ocrx_word' id='word_1_319' title='bbox 370 2603 473 2663; x_wconf 80' lang='lat' dir='ltr'><strong>sed</strong></span> <span class='ocrx_word' id='word_1_320' title='bbox 495 2604 639 2661; x_wconf 89' lang='lat' dir='ltr'><strong>idem</strong></span> <span class='ocrx_word' id='word_1_321' title='bbox 668 2606 783 2675; x_wconf 82' lang='lat' dir='ltr'><strong>ipse</strong></span> <span class='ocrx_word' id='word_1_322' title='bbox 820 2604 983 2670; x_wconf 90' lang='lat' dir='ltr'><strong>Deus,</strong></span> <span class='ocrx_word' id='word_1_323' title='bbox 1011 2604 1104 2675; x_wconf 87' lang='lat' dir='ltr'><strong>qui</strong></span> <span class='ocrx_word' id='word_1_324' title='bbox 1133 2612 1187 2661; x_wconf 90' lang='lat' dir='ltr'><strong>et</strong></span> <span class='ocrx_word' id='word_1_325' title='bbox 1207 2605 1401 2671; x_wconf 78' lang='lat' dir='ltr'><strong>homo;</strong></span> <span class='ocrx_word' id='word_1_326' title='bbox 1428 2614 1486 2661; x_wconf 89' lang='lat' dir='ltr'><strong>et</strong></span> <span class='ocrx_word' id='word_1_327' title='bbox 1506 2606 1749 2663; x_wconf 88' lang='lat' dir='ltr'><strong>vicissim</strong></span> <span class='ocrx_word' id='word_1_328' title='bbox 1774 2607 1965 2670; x_wconf 90' lang='lat' dir='ltr'><strong>homo,</strong></span> 
     </span>
    </p>
   </div>
   <div class='ocr_carea' id='block_1_41' title="bbox 374 2694 1973 2767">
    <p class='ocr_par' dir='ltr' id='par_1_41' title="bbox 374 2694 1973 2767">
     <span class='ocr_line' id='line_1_41' title="bbox 374 2694 1973 2767; baseline 0.001 -17"><span class='ocrx_word' id='word_1_329' title='bbox 374 2695 471 2767; x_wconf 88' lang='lat' dir='ltr'><strong>qui</strong></span> <span class='ocrx_word' id='word_1_330' title='bbox 499 2704 557 2752; x_wconf 88' lang='lat' dir='ltr'><strong>et</strong></span> <span class='ocrx_word' id='word_1_331' title='bbox 581 2695 726 2752; x_wconf 83' lang='lat' dir='ltr'><strong>Deus</strong></span> <span class='ocrx_word' id='word_1_332' title='bbox 742 2694 902 2753; x_wconf 84' lang='lat' dir='ltr'><strong>.lesus</strong></span> <span class='ocrx_word' id='word_1_333' title='bbox 922 2695 1194 2761; x_wconf 87' lang='lat' dir='ltr'><strong>Christus,</strong></span> <span class='ocrx_word' id='word_1_334' title='bbox 1216 2712 1359 2751; x_wconf 87' lang='lat' dir='ltr'><strong>unus</strong></span> <span class='ocrx_word' id='word_1_335' title='bbox 1377 2696 1474 2752; x_wconf 90' lang='lat' dir='ltr'><strong>Dei</strong></span> <span class='ocrx_word' id='word_1_336' title='bbox 1496 2696 1665 2752; x_wconf 85' lang='lat' dir='ltr'><strong>Filius</strong></span> <span class='ocrx_word' id='word_1_337' title='bbox 1685 2706 1743 2752; x_wconf 89' lang='lat' dir='ltr'><strong>et</strong></span> <span class='ocrx_word' id='word_1_338' title='bbox 1765 2712 1973 2752; x_wconf 88' lang='lat' dir='ltr'><strong>nuncu-</strong></span> 
     </span>
    </p>
   </div>
   <div class='ocr_carea' id='block_1_42' title="bbox 374 2788 1973 2862">
    <p class='ocr_par' dir='ltr' id='par_1_42' title="bbox 374 2788 1973 2862">
     <span class='ocr_line' id='line_1_42' title="bbox 374 2788 1973 2862; baseline -0.002 -17"><span class='ocrx_word' id='word_1_339' title='bbox 374 2796 541 2862; x_wconf 86' lang='lat' dir='ltr'><strong>petur</strong></span> <span class='ocrx_word' id='word_1_340' title='bbox 559 2796 617 2845; x_wconf 90' lang='lat' dir='ltr'><strong>et</strong></span> <span class='ocrx_word' id='word_1_341' title='bbox 636 2804 767 2845; x_wconf 87' lang='lat' dir='ltr'><strong>vere</strong></span> <span class='ocrx_word' id='word_1_342' title='bbox 795 2791 886 2845; x_wconf 89' lang='lat' dir='ltr'><strong>sit.</strong></span> <span class='ocrx_word' id='word_1_343' title='bbox 914 2790 982 2845; x_wconf 85' lang='lat' dir='ltr'><strong>Et</strong></span> <span class='ocrx_word' id='word_1_344' title='bbox 1008 2790 1131 2846; x_wconf 89' lang='lat' dir='ltr'><strong>ideo</strong></span> <span class='ocrx_word' id='word_1_345' title='bbox 1157 2789 1425 2859; x_wconf 82' lang='lat' dir='ltr'><strong>agendum</strong></span> <span class='ocrx_word' id='word_1_346' title='bbox 1454 2788 1614 2844; x_wconf 86' lang='lat' dir='ltr'><strong>nobis</strong></span> <span class='ocrx_word' id='word_1_347' title='bbox 1650 2802 1865 2858; x_wconf 82' lang='lat' dir='ltr'><strong>semper</strong></span> <span class='ocrx_word' id='word_1_348' title='bbox 1887 2796 1973 2843; x_wconf 89' lang='lat' dir='ltr'><strong>est</strong></span> 
     </span>
    </p>
   </div>
   <div class='ocr_carea' id='block_1_43' title="bbox 374 2878 1973 2947">
    <p class='ocr_par' dir='ltr' id='par_1_43' title="bbox 374 2878 1973 2947">
     <span class='ocr_line' id='line_1_43' title="bbox 374 2878 1973 2947; baseline -0.005 -6"><span class='ocrx_word' id='word_1_349' title='bbox 374 2890 436 2941; x_wconf 84' lang='lat' dir='ltr'><strong>et</strong></span> <span class='ocrx_word' id='word_1_350' title='bbox 456 2880 810 2947; x_wconf 88' lang='lat' dir='ltr'><strong>credendum,</strong></span> <span class='ocrx_word' id='word_1_351' title='bbox 836 2888 897 2937; x_wconf 86' lang='lat' dir='ltr'><strong>ut</strong></span> <span class='ocrx_word' id='word_1_352' title='bbox 926 2880 1095 2936; x_wconf 90' lang='lat' dir='ltr'><strong>Deum</strong></span> <span class='ocrx_word' id='word_1_353' title='bbox 1134 2878 1322 2935; x_wconf 79' lang='lat' dir='ltr'><strong>Jesum</strong></span> <span class='ocrx_word' id='word_1_354' title='bbox 1350 2879 1630 2935; x_wconf 89' lang='lat' dir='ltr'><strong>Christum</strong></span> <span class='ocrx_word' id='word_1_355' title='bbox 1659 2878 1857 2933; x_wconf 82' lang='lat' dir='ltr'><strong>Filium</strong></span> <span class='ocrx_word' id='word_1_356' title='bbox 1877 2879 1973 2933; x_wconf 84' lang='lat' dir='ltr'><strong>Dei</strong></span> 
     </span>
    </p>
   </div>
   <div class='ocr_carea' id='block_1_44' title="bbox 376 2969 1971 3043">
    <p class='ocr_par' dir='ltr' id='par_1_44' title="bbox 376 2969 1971 3043">
     <span class='ocr_line' id='line_1_44' title="bbox 376 2969 1971 3043; baseline -0.006 -10"><span class='ocrx_word' id='word_1_357' title='bbox 376 2974 553 3033; x_wconf 81' lang='lat' dir='ltr'><strong>Deum</strong></span> <span class='ocrx_word' id='word_1_358' title='bbox 578 2988 789 3035; x_wconf 88' lang='lat' dir='ltr'><strong>verum.</strong></span> <span class='ocrx_word' id='word_1_359' title='bbox 814 2988 976 3043; x_wconf 89' lang='lat' dir='ltr'><strong>quem</strong></span> <span class='ocrx_word' id='word_1_360' title='bbox 1010 2987 1135 3028; x_wconf 89' lang='lat' dir='ltr'><strong>cum</strong></span> <span class='ocrx_word' id='word_1_361' title='bbox 1179 2970 1341 3027; x_wconf 86' lang='lat' dir='ltr'><strong>Patre</strong></span> <span class='ocrx_word' id='word_1_362' title='bbox 1365 2984 1599 3040; x_wconf 83' lang='lat' dir='ltr'><strong>semper,</strong></span> <span class='ocrx_word' id='word_1_363' title='bbox 1624 2977 1680 3023; x_wconf 88' lang='lat' dir='ltr'><strong>et</strong></span> <span class='ocrx_word' id='word_1_364' title='bbox 1707 2969 1971 3038; x_wconf 70' lang='lat' dir='ltr'><strong>mqualem</strong></span> 
     </span>
    </p>
   </div>
   <div class='ocr_carea' id='block_1_45' title="bbox 377 3060 1975 3129">
    <p class='ocr_par' dir='ltr' id='par_1_45' title="bbox 377 3060 1975 3129">
     <span class='ocr_line' id='line_1_45' title="bbox 377 3060 1975 3129; baseline -0.008 -6"><span class='ocrx_word' id='word_1_365' title='bbox 377 3065 531 3125; x_wconf 84' lang='lat' dir='ltr'><strong>Patri</strong></span> <span class='ocrx_word' id='word_1_366' title='bbox 585 3075 714 3119; x_wconf 90' lang='lat' dir='ltr'><strong>ante</strong></span> <span class='ocrx_word' id='word_1_367' title='bbox 760 3062 955 3119; x_wconf 55' lang='lat' dir='ltr'><strong>secula</strong></span> <span class='ocrx_word' id='word_1_368' title='bbox 991 3062 1348 3128; x_wconf 75' lang='lat' dir='ltr'><strong>confitemur,</strong></span> <span class='ocrx_word' id='word_1_369' title='bbox 1375 3060 1626 3116; x_wconf 88' lang='lat' dir='ltr'><strong>eumdem</strong></span> <span class='ocrx_word' id='word_1_370' title='bbox 1668 3074 1701 3112; x_wconf 90' lang='lat' dir='ltr'><strong>a</strong></span> <span class='ocrx_word' id='word_1_371' title='bbox 1731 3067 1975 3129; x_wconf 90' lang='lat' dir='ltr'><strong>tempore</strong></span> 
     </span>
    </p>
   </div>
   <div class='ocr_carea' id='block_1_46' title="bbox 377 3152 1976 3225">
    <p class='ocr_par' dir='ltr' id='par_1_46' title="bbox 377 3152 1976 3225">
     <span class='ocr_line' id='line_1_46' title="bbox 377 3152 1976 3225; baseline -0.006 -13"><span class='ocrx_word' id='word_1_372' title='bbox 377 3165 647 3225; x_wconf 74' lang='lat' dir='ltr'><strong>susceptae</strong></span> <span class='ocrx_word' id='word_1_373' title='bbox 675 3156 860 3214; x_wconf 88' lang='lat' dir='ltr'><strong>carnis</strong></span> <span class='ocrx_word' id='word_1_374' title='bbox 888 3153 1089 3209; x_wconf 84' lang='lat' dir='ltr'><strong>factum</strong></span> <span class='ocrx_word' id='word_1_375' title='bbox 1129 3152 1299 3208; x_wconf 89' lang='lat' dir='ltr'><strong>Deum</strong></span> <span class='ocrx_word' id='word_1_376' title='bbox 1345 3152 1621 3206; x_wconf 86' lang='lat' dir='ltr'><strong>hominem</strong></span> <span class='ocrx_word' id='word_1_377' title='bbox 1664 3165 1774 3205; x_wconf 90' lang='lat' dir='ltr'><strong>non</strong></span> <span class='ocrx_word' id='word_1_378' title='bbox 1812 3164 1976 3219; x_wconf 84' lang='lat' dir='ltr'><strong>nege-</strong></span> 
     </span>
    </p>
   </div>
   <div class='ocr_carea' id='block_1_47' title="bbox 377 3241 1974 3317">
    <p class='ocr_par' dir='ltr' id='par_1_47' title="bbox 377 3241 1974 3317">
     <span class='ocr_line' id='line_1_47' title="bbox 377 3241 1974 3317; baseline -0.006 -14"><span class='ocrx_word' id='word_1_379' title='bbox 377 3263 525 3306; x_wconf 85' lang='lat' dir='ltr'><strong>mus.</strong></span> <span class='ocrx_word' id='word_1_380' title='bbox 561 3266 581 3298; x_wconf 77' lang='grc' dir='ltr'>ι</span> <span class='ocrx_word' id='word_1_381' title='bbox 618 3246 684 3302; x_wconf 85' lang='lat' dir='ltr'><strong>Et</strong></span> <span class='ocrx_word' id='word_1_382' title='bbox 727 3253 854 3317; x_wconf 85' lang='lat' dir='ltr'><strong>post</strong></span> <span class='ocrx_word' id='word_1_383' title='bbox 896 3260 1069 3316; x_wconf 87' lang='lat' dir='ltr'><strong>pauca</strong></span> <span class='ocrx_word' id='word_1_384' title='bbox 1118 3261 1135 3300; x_wconf 91' lang='lat'><strong>:</strong></span> <span class='ocrx_word' id='word_1_385' title='bbox 1195 3260 1213 3295; x_wconf 84' lang='grc'><strong>‹</strong></span> <span class='ocrx_word' id='word_1_386' title='bbox 1261 3243 1370 3298; x_wconf 85' lang='lat' dir='ltr'><strong>Sed</strong></span> <span class='ocrx_word' id='word_1_387' title='bbox 1395 3243 1522 3311; x_wconf 87' lang='lat' dir='ltr'><strong>quia</strong></span> <span class='ocrx_word' id='word_1_388' title='bbox 1552 3242 1792 3299; x_wconf 79' lang='lat' dir='ltr'><strong>Verbum</strong></span> <span class='ocrx_word' id='word_1_389' title='bbox 1827 3241 1974 3295; x_wconf 89' lang='lat' dir='ltr'><strong>Deus</strong></span> 
     </span>
    </p>
   </div>
   <div class='ocr_carea' id='block_1_48' title="bbox 2066 2049 3655 2126">
    <p class='ocr_par' dir='ltr' id='par_1_48' title="bbox 2066 2049 3655 2126">
     <span class='ocr_line' id='line_1_48' title="bbox 2066 2049 3655 2126; baseline 0.009 -24"><span class='ocrx_word' id='word_1_390' title='bbox 2066 2055 2123 2103; x_wconf 91' lang='lat' dir='ltr'><strong>ct</strong></span> <span class='ocrx_word' id='word_1_391' title='bbox 2142 2049 2352 2105; x_wconf 84' lang='lat' dir='ltr'><strong>Arium.</strong></span> <span class='ocrx_word' id='word_1_392' title='bbox 2387 2050 2444 2106; x_wconf 91' lang='lat' dir='ltr'><strong>Si</strong></span> <span class='ocrx_word' id='word_1_393' title='bbox 2468 2053 2613 2108; x_wconf 88' lang='lat' dir='ltr'><strong>enim</strong></span> <span class='ocrx_word' id='word_1_394' title='bbox 2639 2057 2937 2110; x_wconf 90' lang='lat' dir='ltr'><strong>secundum</strong></span> <span class='ocrx_word' id='word_1_395' title='bbox 2967 2072 3186 2113; x_wconf 90' lang='lat' dir='ltr'><strong>carnem</strong></span> <span class='ocrx_word' id='word_1_396' title='bbox 3232 2056 3406 2114; x_wconf 87' lang='lat' dir='ltr'><strong>factus</strong></span> <span class='ocrx_word' id='word_1_397' title='bbox 3439 2067 3545 2126; x_wconf 91' lang='lat' dir='ltr'><strong>est,</strong></span> <span class='ocrx_word' id='word_1_398' title='bbox 3566 2074 3655 2116; x_wconf 87' lang='lat' dir='ltr'><strong>se-</strong></span> 
     </span>
    </p>
   </div>
   <div class='ocr_carea' id='block_1_49' title="bbox 2066 2142 3656 2217">
    <p class='ocr_par' dir='ltr' id='par_1_49' title="bbox 2066 2142 3656 2217">
     <span class='ocr_line' id='line_1_49' title="bbox 2066 2142 3656 2217; baseline 0.007 -22"><span class='ocrx_word' id='word_1_399' title='bbox 2066 2142 2301 2197; x_wconf 90' lang='lat' dir='ltr'><strong>cundum</strong></span> <span class='ocrx_word' id='word_1_400' title='bbox 2326 2144 2489 2200; x_wconf 91' lang='lat' dir='ltr'><strong>Verbi</strong></span> <span class='ocrx_word' id='word_1_401' title='bbox 2516 2144 2705 2216; x_wconf 90' lang='lat' dir='ltr'><strong>utique</strong></span> <span class='ocrx_word' id='word_1_402' title='bbox 2722 2146 3083 2203; x_wconf 83' lang='lat' dir='ltr'><strong>substantiam</strong></span> <span class='ocrx_word' id='word_1_403' title='bbox 3108 2162 3214 2203; x_wconf 90' lang='lat' dir='ltr'><strong>non</strong></span> <span class='ocrx_word' id='word_1_404' title='bbox 3246 2157 3329 2203; x_wconf 88' lang='lat' dir='ltr'><strong>est</strong></span> <span class='ocrx_word' id='word_1_405' title='bbox 3357 2146 3563 2217; x_wconf 89' lang='lat' dir='ltr'><strong>factus;</strong></span> <span class='ocrx_word' id='word_1_406' title='bbox 3594 2160 3656 2206; x_wconf 89' lang='lat' dir='ltr'><strong>ut</strong></span> 
     </span>
    </p>
   </div>
   <div class='ocr_carea' id='block_1_50' title="bbox 2068 2231 3659 2314">
    <p class='ocr_par' dir='ltr' id='par_1_50' title="bbox 2068 2231 3659 2314">
     <span class='ocr_line' id='line_1_50' title="bbox 2068 2231 3659 2314; baseline 0.007 -29"><span class='ocrx_word' id='word_1_407' title='bbox 2068 2231 2139 2285; x_wconf 91' lang='lat' dir='ltr'><strong>sit</strong></span> <span class='ocrx_word' id='word_1_408' title='bbox 2161 2232 2215 2286; x_wconf 88' lang='lat' dir='ltr'><strong>in</strong></span> <span class='ocrx_word' id='word_1_409' title='bbox 2236 2232 2491 2289; x_wconf 88' lang='lat' dir='ltr'><strong>omnibus</strong></span> <span class='ocrx_word' id='word_1_410' title='bbox 2530 2234 2647 2307; x_wconf 89' lang='lat' dir='ltr'><strong>ipse</strong></span> <span class='ocrx_word' id='word_1_411' title='bbox 2682 2236 2978 2307; x_wconf 88' lang='lat' dir='ltr'><strong>primatum</strong></span> <span class='ocrx_word' id='word_1_412' title='bbox 3012 2246 3202 2294; x_wconf 90' lang='lat' dir='ltr'><strong>tenens</strong></span> <span class='ocrx_word' id='word_1_413' title='bbox 3228 2239 3523 2295; x_wconf 88' lang='lat' dir='ltr'><strong>secundum</strong></span> <span class='ocrx_word' id='word_1_414' title='bbox 3552 2240 3659 2314; x_wconf 78' lang='lat' dir='ltr'><strong>spi-</strong></span> 
     </span>
    </p>
   </div>
   <div class='ocr_carea' id='block_1_51' title="bbox 2069 2322 3663 2400">
    <p class='ocr_par' dir='ltr' id='par_1_51' title="bbox 2069 2322 3663 2400">
     <span class='ocr_line' id='line_1_51' title="bbox 2069 2322 3663 2400; baseline 0.005 -22"><span class='ocrx_word' id='word_1_415' title='bbox 2069 2322 2234 2379; x_wconf 91' lang='lat' dir='ltr'><strong>ritum</strong></span> <span class='ocrx_word' id='word_1_416' title='bbox 2263 2324 2711 2384; x_wconf 86' lang='lat' dir='ltr'><strong>sanctiﬁcationis</strong></span> <span class='ocrx_word' id='word_1_417' title='bbox 2740 2328 3178 2399; x_wconf 64' lang='lat' dir='ltr'><strong>praedestinatus,</strong></span> <span class='ocrx_word' id='word_1_418' title='bbox 3210 2338 3270 2385; x_wconf 89' lang='lat' dir='ltr'><strong>ut</strong></span> <span class='ocrx_word' id='word_1_419' title='bbox 3307 2330 3461 2400; x_wconf 89' lang='lat' dir='ltr'><strong>prior</strong></span> <span class='ocrx_word' id='word_1_420' title='bbox 3485 2330 3663 2387; x_wconf 86' lang='lat' dir='ltr'><strong>omni-</strong></span> 
     </span>
    </p>
   </div>
   <div class='ocr_carea' id='block_1_52' title="bbox 2069 2415 3653 2492">
    <p class='ocr_par' dir='ltr' id='par_1_52' title="bbox 2069 2415 3653 2492">
     <span class='ocr_line' id='line_1_52' title="bbox 2069 2415 3653 2492; baseline 0.004 -21"><span class='ocrx_word' id='word_1_421' title='bbox 2069 2418 2171 2471; x_wconf 87' lang='lat' dir='ltr'><strong>bus</strong></span> <span class='ocrx_word' id='word_1_422' title='bbox 2224 2415 2751 2487; x_wconf 84' lang='lat' dir='ltr'><strong>incorruptibilitatis</strong></span> <span class='ocrx_word' id='word_1_423' title='bbox 2789 2419 2994 2475; x_wconf 87' lang='lat' dir='ltr'><strong>virtute</strong></span> <span class='ocrx_word' id='word_1_424' title='bbox 3035 2430 3365 2492; x_wconf 85' lang='lat' dir='ltr'><strong>resurgeret,</strong></span> <span class='ocrx_word' id='word_1_425' title='bbox 3397 2427 3453 2476; x_wconf 90' lang='lat' dir='ltr'><strong>et</strong></span> <span class='ocrx_word' id='word_1_426' title='bbox 3506 2421 3653 2478; x_wconf 90' lang='lat' dir='ltr'><strong>viam</strong></span> 
     </span>
    </p>
   </div>
   <div class='ocr_carea' id='block_1_53' title="bbox 2069 2507 3658 2586">
    <p class='ocr_par' dir='ltr' id='par_1_53' title="bbox 2069 2507 3658 2586">
     <span class='ocr_line' id='line_1_53' title="bbox 2069 2507 3658 2586; baseline 0.006 -26"><span class='ocrx_word' id='word_1_427' title='bbox 2069 2507 2488 2563; x_wconf 77' lang='lat' dir='ltr'><strong>resurrectionis</strong></span> <span class='ocrx_word' id='word_1_428' title='bbox 2516 2507 2611 2564; x_wconf 87' lang='lat' dir='ltr'><strong>Dei</strong></span> <span class='ocrx_word' id='word_1_429' title='bbox 2636 2507 2810 2565; x_wconf 88' lang='lat' dir='ltr'><strong>Filius</strong></span> <span class='ocrx_word' id='word_1_430' title='bbox 2834 2511 3092 2580; x_wconf 87' lang='lat' dir='ltr'><strong>aperiret,</strong></span> <span class='ocrx_word' id='word_1_431' title='bbox 3121 2512 3187 2567; x_wconf 88' lang='lat' dir='ltr'><strong>de</strong></span> <span class='ocrx_word' id='word_1_432' title='bbox 3212 2512 3408 2583; x_wconf 87' lang='lat' dir='ltr'><strong>quibus</strong></span> <span class='ocrx_word' id='word_1_433' title='bbox 3429 2513 3544 2586; x_wconf 89' lang='lat' dir='ltr'><strong>ipse</strong></span> <span class='ocrx_word' id='word_1_434' title='bbox 3574 2513 3658 2570; x_wconf 36' lang='lat' dir='ltr'><strong>dis</strong></span> 
     </span>
    </p>
   </div>
   <div class='ocr_carea' id='block_1_54' title="bbox 2071 2597 3659 2673">
    <p class='ocr_par' dir='ltr' id='par_1_54' title="bbox 2071 2597 3659 2673">
     <span class='ocr_line' id='line_1_54' title="bbox 2071 2597 3659 2673; baseline 0.006 -21"><span class='ocrx_word' id='word_1_435' title='bbox 2071 2598 2166 2662; x_wconf 90' lang='lat' dir='ltr'><strong>cit,</strong></span> <span class='ocrx_word' id='word_1_436' title='bbox 2200 2598 2328 2669; x_wconf 87' lang='lat' dir='ltr'><strong>quia</strong></span> <span class='ocrx_word' id='word_1_437' title='bbox 2356 2597 2453 2654; x_wconf 87' lang='lat' dir='ltr'><strong>ﬁlii</strong></span> <span class='ocrx_word' id='word_1_438' title='bbox 2492 2599 2589 2655; x_wconf 88' lang='lat' dir='ltr'><strong>Dei</strong></span> <span class='ocrx_word' id='word_1_439' title='bbox 2620 2609 2767 2667; x_wconf 86' lang='lat' dir='ltr'><strong>sunt,</strong></span> <span class='ocrx_word' id='word_1_440' title='bbox 2792 2618 2915 2659; x_wconf 89' lang='lat' dir='ltr'><strong>cum</strong></span> <span class='ocrx_word' id='word_1_441' title='bbox 2953 2602 3064 2659; x_wconf 89' lang='lat' dir='ltr'><strong>sint</strong></span> <span class='ocrx_word' id='word_1_442' title='bbox 3091 2602 3185 2659; x_wconf 89' lang='lat' dir='ltr'><strong>ﬁlii</strong></span> <span class='ocrx_word' id='word_1_443' title='bbox 3226 2606 3659 2673; x_wconf 87' lang='lat' dir='ltr'><strong>resurrectionis,</strong></span> 
     </span>
    </p>
   </div>
   <div class='ocr_carea' id='block_1_55' title="bbox 2072 2688 3665 2769">
    <p class='ocr_par' dir='ltr' id='par_1_55' title="bbox 2072 2688 3665 2769">
     <span class='ocr_line' id='line_1_55' title="bbox 2072 2688 3665 2769; baseline 0.008 -28"><span class='ocrx_word' id='word_1_444' title='bbox 2072 2704 2180 2744; x_wconf 90' lang='lat' dir='ltr'><strong>non</strong></span> <span class='ocrx_word' id='word_1_445' title='bbox 2210 2688 2453 2746; x_wconf 89' lang='lat' dir='ltr'><strong>omnium</strong></span> <span class='ocrx_word' id='word_1_446' title='bbox 2486 2693 2905 2763; x_wconf 74' lang='lat' dir='ltr'><strong>resurgentium,</strong></span> <span class='ocrx_word' id='word_1_447' title='bbox 2925 2696 3024 2750; x_wconf 90' lang='lat' dir='ltr'><strong>sed</strong></span> <span class='ocrx_word' id='word_1_448' title='bbox 3050 2694 3119 2750; x_wconf 89' lang='lat' dir='ltr'><strong>ad</strong></span> <span class='ocrx_word' id='word_1_449' title='bbox 3166 2694 3440 2753; x_wconf 86' lang='lat' dir='ltr'><strong>Christum</strong></span> <span class='ocrx_word' id='word_1_450' title='bbox 3495 2700 3665 2769; x_wconf 88' lang='lat' dir='ltr'><strong>perti-</strong></span> 
     </span>
    </p>
   </div>
   <div class='ocr_carea' id='block_1_56' title="bbox 2073 2782 2401 2835">
    <p class='ocr_par' dir='ltr' id='par_1_56' title="bbox 2073 2782 2401 2835">
     <span class='ocr_line' id='line_1_56' title="bbox 2073 2782 2401 2835; baseline 0.003 -1"><span class='ocrx_word' id='word_1_451' title='bbox 2073 2782 2339 2835; x_wconf 85' lang='lat' dir='ltr'><strong>nentium.</strong></span> <span class='ocrx_word' id='word_1_452' title='bbox 2382 2802 2401 2834; x_wconf 76' lang='grc' dir='ltr'><strong>ι</strong></span> 
     </span>
    </p>
   </div>
   <div class='ocr_carea' id='block_1_57' title="bbox 2144 2868 3666 2949">
    <p class='ocr_par' dir='ltr' id='par_1_57' title="bbox 2144 2868 3666 2949">
     <span class='ocr_line' id='line_1_57' title="bbox 2144 2868 3666 2949; baseline 0.009 -25"><span class='ocrx_word' id='word_1_453' title='bbox 2144 2868 2278 2925; x_wconf 87' lang='lat' dir='ltr'><strong>LIV.</strong></span> <span class='ocrx_word' id='word_1_454' title='bbox 2315 2869 2422 2927; x_wconf 92' lang='lat' dir='ltr'><strong>Sed</strong></span> <span class='ocrx_word' id='word_1_455' title='bbox 2444 2882 2500 2927; x_wconf 89' lang='lat' dir='ltr'><strong>et</strong></span> <span class='ocrx_word' id='word_1_456' title='bbox 2529 2872 2790 2945; x_wconf 87' lang='lat' dir='ltr'><strong>Origenes</strong></span> <span class='ocrx_word' id='word_1_457' title='bbox 2825 2875 2881 2931; x_wconf 90' lang='lat' dir='ltr'><strong>in</strong></span> <span class='ocrx_word' id='word_1_458' title='bbox 2909 2876 3166 2934; x_wconf 84' lang='lat' dir='ltr'><strong>Tractatu</strong></span> <span class='ocrx_word' id='word_1_459' title='bbox 3192 2878 3445 2949; x_wconf 75' lang='lat' dir='ltr'><strong>Epistolaa</strong></span> <span class='ocrx_word' id='word_1_460' title='bbox 3471 2880 3539 2936; x_wconf 88' lang='lat' dir='ltr'><strong>ad</strong></span> <span class='ocrx_word' id='word_1_461' title='bbox 3561 2880 3666 2938; x_wconf 78' lang='lat' dir='ltr'><strong>Bo-</strong></span> 
     </span>
    </p>
   </div>
   <div class='ocr_carea' id='block_1_58' title="bbox 2076 2962 3668 3041">
    <p class='ocr_par' dir='ltr' id='par_1_58' title="bbox 2076 2962 3668 3041">
     <span class='ocr_line' id='line_1_58' title="bbox 2076 2962 3668 3041; baseline 0.009 -27"><span class='ocrx_word' id='word_1_462' title='bbox 2076 2975 2267 3017; x_wconf 76' lang='lat' dir='ltr'><strong>manes</strong></span> <span class='ocrx_word' id='word_1_463' title='bbox 2289 2962 2429 3018; x_wconf 90' lang='lat' dir='ltr'><strong>libro</strong></span> <span class='ocrx_word' id='word_1_464' title='bbox 2445 2964 2677 3035; x_wconf 91' lang='lat' dir='ltr'><strong>septimo</strong></span> <span class='ocrx_word' id='word_1_465' title='bbox 2699 2965 2764 3022; x_wconf 93' lang='lat' dir='ltr'><strong>de</strong></span> <span class='ocrx_word' id='word_1_466' title='bbox 2784 2968 3115 3037; x_wconf 87' lang='lat' dir='ltr'><strong>proprietate</strong></span> <span class='ocrx_word' id='word_1_467' title='bbox 3136 2969 3260 3025; x_wconf 87' lang='lat' dir='ltr'><strong>Filii</strong></span> <span class='ocrx_word' id='word_1_468' title='bbox 3288 2970 3384 3026; x_wconf 89' lang='lat' dir='ltr'><strong>Dei</strong></span> <span class='ocrx_word' id='word_1_469' title='bbox 3409 2970 3668 3041; x_wconf 85' lang='lat' dir='ltr'><strong>patefecit</strong></span> 
     </span>
    </p>
   </div>
   <div class='ocr_carea' id='block_1_59' title="bbox 2074 3055 3666 3131">
    <p class='ocr_par' dir='ltr' id='par_1_59' title="bbox 2074 3055 3666 3131">
     <span class='ocr_line' id='line_1_59' title="bbox 2074 3055 3666 3131; baseline 0.007 -25"><span class='ocrx_word' id='word_1_470' title='bbox 2074 3065 2295 3106; x_wconf 87' lang='lat' dir='ltr'><strong>sensum</strong></span> <span class='ocrx_word' id='word_1_471' title='bbox 2324 3069 2503 3120; x_wconf 90' lang='lat' dir='ltr'><strong>suum,</strong></span> <span class='ocrx_word' id='word_1_472' title='bbox 2555 3055 2744 3112; x_wconf 84' lang='lat' dir='ltr'><strong>dicens</strong></span> <span class='ocrx_word' id='word_1_473' title='bbox 2794 3072 2810 3111; x_wconf 88' lang='lat'><strong>:</strong></span> <span class='ocrx_word' id='word_1_474' title='bbox 2867 3075 2887 3108; x_wconf 73' lang='grc' dir='ltr'><strong>ε</strong></span> <span class='ocrx_word' id='word_1_475' title='bbox 2935 3056 3042 3114; x_wconf 89' lang='lat' dir='ltr'><strong>Dat</strong></span> <span class='ocrx_word' id='word_1_476' title='bbox 3095 3068 3357 3131; x_wconf 70' lang='lat' dir='ltr'><strong>praeterea</strong></span> <span class='ocrx_word' id='word_1_477' title='bbox 3408 3060 3666 3117; x_wconf 89' lang='lat' dir='ltr'><strong>indicium</strong></span> 
     </span>
    </p>
   </div>
   <div class='ocr_carea' id='block_1_60' title="bbox 2077 3142 3668 3220">
    <p class='ocr_par' dir='ltr' id='par_1_60' title="bbox 2077 3142 3668 3220">
     <span class='ocr_line' id='line_1_60' title="bbox 2077 3142 3668 3220; baseline 0.008 -26"><span class='ocrx_word' id='word_1_478' title='bbox 2077 3142 2374 3197; x_wconf 82' lang='lat' dir='ltr'><strong>maximum</strong></span> <span class='ocrx_word' id='word_1_479' title='bbox 2416 3143 2650 3215; x_wconf 86' lang='lat' dir='ltr'><strong>ingentis</strong></span> <span class='ocrx_word' id='word_1_480' title='bbox 2677 3158 2805 3215; x_wconf 77' lang='lat' dir='ltr'><strong>erga</strong></span> <span class='ocrx_word' id='word_1_481' title='bbox 2838 3161 2938 3202; x_wconf 88' lang='lat' dir='ltr'><strong>nos</strong></span> <span class='ocrx_word' id='word_1_482' title='bbox 2964 3148 3169 3204; x_wconf 88' lang='lat' dir='ltr'><strong>amoris</strong></span> <span class='ocrx_word' id='word_1_483' title='bbox 3195 3147 3315 3215; x_wconf 87' lang='lat' dir='ltr'><strong>Dei,</strong></span> <span class='ocrx_word' id='word_1_484' title='bbox 3337 3150 3431 3220; x_wconf 88' lang='lat' dir='ltr'><strong>qui</strong></span> <span class='ocrx_word' id='word_1_485' title='bbox 3462 3149 3516 3206; x_wconf 87' lang='lat' dir='ltr'><strong>in</strong></span> <span class='ocrx_word' id='word_1_486' title='bbox 3545 3158 3668 3206; x_wconf 85' lang='lat' dir='ltr'><strong>tan-</strong></span> 
     </span>
    </p>
   </div>
   <div class='ocr_carea' id='block_1_61' title="bbox 2077 3235 3668 3314">
    <p class='ocr_par' dir='ltr' id='par_1_61' title="bbox 2077 3235 3668 3314">
     <span class='ocr_line' id='line_1_61' title="bbox 2077 3235 3668 3314; baseline 0.008 -28"><span class='ocrx_word' id='word_1_487' title='bbox 2077 3242 2192 3287; x_wconf 84' lang='lat' dir='ltr'><strong>tum</strong></span> <span class='ocrx_word' id='word_1_488' title='bbox 2223 3250 2342 3299; x_wconf 91' lang='lat' dir='ltr'><strong>nos,</strong></span> <span class='ocrx_word' id='word_1_489' title='bbox 2369 3235 2565 3307; x_wconf 90' lang='lat' dir='ltr'><strong>inquit,</strong></span> <span class='ocrx_word' id='word_1_490' title='bbox 2593 3236 2803 3304; x_wconf 87' lang='lat' dir='ltr'><strong>dilexit,</strong></span> <span class='ocrx_word' id='word_1_491' title='bbox 2833 3246 3011 3293; x_wconf 79' lang='lat' dir='ltr'><strong>utnec</strong></span> <span class='ocrx_word' id='word_1_492' title='bbox 3035 3241 3249 3310; x_wconf 83' lang='lat' dir='ltr'><strong>proprio</strong></span> <span class='ocrx_word' id='word_1_493' title='bbox 3293 3236 3435 3296; x_wconf 82' lang='lat' dir='ltr'><strong>Filio</strong></span> <span class='ocrx_word' id='word_1_494' title='bbox 3474 3257 3668 3314; x_wconf 72' lang='lat' dir='ltr'><strong>pepero</strong></span> 
     </span>
    </p>
   </div>
   <div class='ocr_carea' id='block_1_62' title="bbox 375 3311 3669 3412">
    <p class='ocr_par' dir='ltr' id='par_1_62' title="bbox 375 3311 3669 3412">
     <span class='ocr_line' id='line_1_62' title="bbox 375 3311 3669 3412; baseline 0 -23"><span class='ocrx_word' id='word_1_495' title='bbox 375 3339 669 3412; x_wconf 78' lang='lat' dir='ltr'><strong>dignanter</strong></span> <span class='ocrx_word' id='word_1_496' title='bbox 716 3311 774 3394; x_wconf 63' lang='lat' dir='ltr'><strong>in</strong></span> <span class='ocrx_word' id='word_1_497' title='bbox 820 3311 1097 3394; x_wconf 74' lang='lat' dir='ltr'><strong>hominem</strong></span> <span class='ocrx_word' id='word_1_498' title='bbox 1142 3334 1541 3405; x_wconf 89' lang='lat' dir='ltr'><strong>suscipiendum</strong></span> <span class='ocrx_word' id='word_1_499' title='bbox 1593 3332 1722 3406; x_wconf 83' lang='grc' dir='ltr'><strong>[Αι.</strong></span> <span class='ocrx_word' id='word_1_500' title='bbox 1745 3374 1760 3399; x_wconf 85' lang='grc'><em>,</em></span> <span class='ocrx_word' id='word_1_501' title='bbox 1797 3334 1971 3390; x_wconf 66' lang='lat' dir='ltr'><strong>susci-</strong></span> <span class='ocrx_word' id='word_1_502' title='bbox 2000 3311 2049 3376; x_wconf 84' lang='lat' dir='ltr'><strong>C</strong></span> <span class='ocrx_word' id='word_1_503' title='bbox 2078 3325 2235 3391; x_wconf 89' lang='lat' dir='ltr'><strong>cerit,</strong></span> <span class='ocrx_word' id='word_1_504' title='bbox 2258 3326 2350 3379; x_wconf 82' lang='lat' dir='ltr'><strong>sed</strong></span> <span class='ocrx_word' id='word_1_505' title='bbox 2370 3342 2466 3396; x_wconf 85' lang='lat' dir='ltr'><strong>pro</strong></span> <span class='ocrx_word' id='word_1_506' title='bbox 2492 3326 2643 3381; x_wconf 79' lang='lat' dir='ltr'><strong>nobis</strong></span> <span class='ocrx_word' id='word_1_507' title='bbox 2672 3328 2915 3383; x_wconf 80' lang='lat' dir='ltr'><strong>omnibus</strong></span> <span class='ocrx_word' id='word_1_508' title='bbox 2942 3329 3009 3384; x_wconf 88' lang='lat' dir='ltr'><strong>ad</strong></span> <span class='ocrx_word' id='word_1_509' title='bbox 3032 3331 3343 3400; x_wconf 87' lang='lat' dir='ltr'><strong>passionem</strong></span> <span class='ocrx_word' id='word_1_510' title='bbox 3385 3311 3669 3390; x_wconf 80' lang='lat' dir='ltr'><strong>tradiderit</strong></span> 
     </span>
    </p>
   </div>
   <div class='ocr_carea' id='block_1_63' title="bbox 371 3425 1975 3506">
    <p class='ocr_par' dir='ltr' id='par_1_63' title="bbox 371 3425 1975 3506">
     <span class='ocr_line' id='line_1_63' title="bbox 371 3425 1975 3506; baseline -0.008 -16"><span class='ocrx_word' id='word_1_511' title='bbox 371 3431 601 3506; x_wconf 78' lang='lat' dir='ltr'><strong>piendo]</strong></span> <span class='ocrx_word' id='word_1_512' title='bbox 637 3430 940 3496; x_wconf 86' lang='lat' dir='ltr'><strong>descendit,</strong></span> <span class='ocrx_word' id='word_1_513' title='bbox 982 3437 1040 3486; x_wconf 90' lang='lat' dir='ltr'><strong>et</strong></span> <span class='ocrx_word' id='word_1_514' title='bbox 1088 3444 1186 3498; x_wconf 88' lang='lat' dir='ltr'><strong>per</strong></span> <span class='ocrx_word' id='word_1_515' title='bbox 1236 3426 1631 3497; x_wconf 84' lang='lat' dir='ltr'><strong>susceptionem</strong></span> <span class='ocrx_word' id='word_1_516' title='bbox 1678 3426 1771 3479; x_wconf 90' lang='lat' dir='ltr'><strong>Dei</strong></span> <span class='ocrx_word' id='word_1_517' title='bbox 1812 3425 1975 3480; x_wconf 88' lang='lat' dir='ltr'><strong>homo</strong></span> 
     </span>
    </p>
   </div>
   <div class='ocr_carea' id='block_1_64' title="bbox 373 3515 1976 3582">
    <p class='ocr_par' dir='ltr' id='par_1_64' title="bbox 373 3515 1976 3582">
     <span class='ocr_line' id='line_1_64' title="bbox 373 3515 1976 3582; baseline -0.009 0"><span class='ocrx_word' id='word_1_518' title='bbox 373 3525 626 3582; x_wconf 84' lang='lat' dir='ltr'><strong>ascendit</strong></span> <span class='ocrx_word' id='word_1_519' title='bbox 649 3524 703 3579; x_wconf 88' lang='lat' dir='ltr'><strong>in</strong></span> <span class='ocrx_word' id='word_1_520' title='bbox 722 3522 894 3579; x_wconf 86' lang='lat' dir='ltr'><strong>Deum</strong></span> <span class='ocrx_word' id='word_1_521' title='bbox 918 3520 1173 3582; x_wconf 84' lang='lat' dir='ltr'><strong>Verbum,</strong></span> <span class='ocrx_word' id='word_1_522' title='bbox 1200 3525 1348 3573; x_wconf 89' lang='lat' dir='ltr'><strong>totus</strong></span> <span class='ocrx_word' id='word_1_523' title='bbox 1369 3516 1513 3572; x_wconf 86' lang='lat' dir='ltr'><strong>Deus</strong></span> <span class='ocrx_word' id='word_1_524' title='bbox 1534 3516 1768 3570; x_wconf 75' lang='lat' dir='ltr'><strong>Verbum</strong></span> <span class='ocrx_word' id='word_1_525' title='bbox 1801 3515 1976 3570; x_wconf 85' lang='lat' dir='ltr'><strong>factus</strong></span> 
     </span>
    </p>
   </div>
   <div class='ocr_carea' id='block_1_65' title="bbox 374 3604 1975 3677">
    <p class='ocr_par' dir='ltr' id='par_1_65' title="bbox 374 3604 1975 3677">
     <span class='ocr_line' id='line_1_65' title="bbox 374 3604 1975 3677; baseline -0.011 -1"><span class='ocrx_word' id='word_1_526' title='bbox 374 3626 466 3677; x_wconf 82' lang='lat' dir='ltr'><strong>est.</strong></span> <span class='ocrx_word' id='word_1_527' title='bbox 486 3625 637 3673; x_wconf 89' lang='lat' dir='ltr'><strong>totus</strong></span> <span class='ocrx_word' id='word_1_528' title='bbox 669 3617 852 3672; x_wconf 89' lang='lat' dir='ltr'><strong>homo.</strong></span> <span class='ocrx_word' id='word_1_529' title='bbox 886 3611 1005 3669; x_wconf 82' lang='lat' dir='ltr'><strong>Non</strong></span> <span class='ocrx_word' id='word_1_530' title='bbox 1042 3611 1191 3667; x_wconf 85' lang='lat' dir='ltr'><strong>enim</strong></span> <span class='ocrx_word' id='word_1_531' title='bbox 1231 3608 1377 3664; x_wconf 88' lang='lat' dir='ltr'><strong>Deus</strong></span> <span class='ocrx_word' id='word_1_532' title='bbox 1404 3608 1566 3662; x_wconf 88' lang='lat' dir='ltr'><strong>Pater</strong></span> <span class='ocrx_word' id='word_1_533' title='bbox 1594 3607 1755 3660; x_wconf 89' lang='lat' dir='ltr'><strong>homo</strong></span> <span class='ocrx_word' id='word_1_534' title='bbox 1798 3604 1975 3660; x_wconf 86' lang='lat' dir='ltr'><strong>factus</strong></span> 
     </span>
    </p>
   </div>
   <div class='ocr_carea' id='block_1_66' title="bbox 374 3699 1977 3781">
    <p class='ocr_par' dir='ltr' id='par_1_66' title="bbox 374 3699 1977 3781">
     <span class='ocr_line' id='line_1_66' title="bbox 374 3699 1977 3781; baseline -0.011 -10"><span class='ocrx_word' id='word_1_535' title='bbox 374 3720 485 3778; x_wconf 86' lang='lat' dir='ltr'><strong>est,</strong></span> <span class='ocrx_word' id='word_1_536' title='bbox 510 3726 615 3767; x_wconf 91' lang='lat' dir='ltr'><strong>nec</strong></span> <span class='ocrx_word' id='word_1_537' title='bbox 637 3709 873 3781; x_wconf 88' lang='lat' dir='ltr'><strong>Spiritus</strong></span> <span class='ocrx_word' id='word_1_538' title='bbox 892 3714 1132 3771; x_wconf 79' lang='lat' dir='ltr'><strong>sanctus,</strong></span> <span class='ocrx_word' id='word_1_539' title='bbox 1151 3705 1247 3761; x_wconf 91' lang='lat' dir='ltr'><strong>sed</strong></span> <span class='ocrx_word' id='word_1_540' title='bbox 1269 3702 1579 3774; x_wconf 85' lang='lat' dir='ltr'><strong>unigenitus</strong></span> <span class='ocrx_word' id='word_1_541' title='bbox 1598 3700 1797 3755; x_wconf 83' lang='lat' dir='ltr'><strong>Patris.</strong></span> <span class='ocrx_word' id='word_1_542' title='bbox 1822 3699 1977 3754; x_wconf 87' lang='lat' dir='ltr'><strong>ideo—</strong></span> 
     </span>
    </p>
   </div>
   <div class='ocr_carea' id='block_1_67' title="bbox 376 3792 1977 3881">
    <p class='ocr_par' dir='ltr' id='par_1_67' title="bbox 376 3792 1977 3881">
     <span class='ocr_line' id='line_1_67' title="bbox 376 3792 1977 3881; baseline -0.012 -17"><span class='ocrx_word' id='word_1_543' title='bbox 376 3822 488 3881; x_wconf 84' lang='lat' dir='ltr'><strong>que</strong></span> <span class='ocrx_word' id='word_1_544' title='bbox 515 3821 625 3861; x_wconf 86' lang='lat' dir='ltr'><strong>una</strong></span> <span class='ocrx_word' id='word_1_545' title='bbox 654 3818 887 3876; x_wconf 88' lang='lat' dir='ltr'><strong>persona</strong></span> <span class='ocrx_word' id='word_1_546' title='bbox 931 3798 1245 3869; x_wconf 87' lang='lat' dir='ltr'><strong>accipienda</strong></span> <span class='ocrx_word' id='word_1_547' title='bbox 1289 3804 1375 3852; x_wconf 90' lang='lat' dir='ltr'><strong>est</strong></span> <span class='ocrx_word' id='word_1_548' title='bbox 1415 3794 1597 3852; x_wconf 85' lang='lat' dir='ltr'><strong>carnis</strong></span> <span class='ocrx_word' id='word_1_549' title='bbox 1627 3801 1682 3849; x_wconf 89' lang='lat' dir='ltr'><strong>et</strong></span> <span class='ocrx_word' id='word_1_550' title='bbox 1708 3792 1895 3857; x_wconf 85' lang='lat' dir='ltr'><strong>Verbi,</strong></span> <span class='ocrx_word' id='word_1_551' title='bbox 1917 3801 1977 3845; x_wconf 92' lang='lat' dir='ltr'><strong>ut</strong></span> 
     </span>
    </p>
   </div>
   <div class='ocr_carea' id='block_1_68' title="bbox 376 3886 1976 3962">
    <p class='ocr_par' dir='ltr' id='par_1_68' title="bbox 376 3886 1976 3962">
     <span class='ocr_line' id='line_1_68' title="bbox 376 3886 1976 3962; baseline -0.014 -5"><span class='ocrx_word' id='word_1_552' title='bbox 376 3897 616 3957; x_wconf 82' lang='lat' dir='ltr'><strong>ﬁdeliter</strong></span> <span class='ocrx_word' id='word_1_553' title='bbox 671 3895 789 3950; x_wconf 88' lang='lat' dir='ltr'><strong>sine</strong></span> <span class='ocrx_word' id='word_1_554' title='bbox 842 3892 1025 3962; x_wconf 86' lang='lat' dir='ltr'><strong>aliqua</strong></span> <span class='ocrx_word' id='word_1_555' title='bbox 1079 3888 1420 3945; x_wconf 84' lang='lat' dir='ltr'><strong>dubitatione</strong></span> <span class='ocrx_word' id='word_1_556' title='bbox 1474 3886 1760 3941; x_wconf 82' lang='lat' dir='ltr'><strong>credamus</strong></span> <span class='ocrx_word' id='word_1_557' title='bbox 1804 3898 1976 3936; x_wconf 87' lang='lat' dir='ltr'><strong>unum</strong></span> 
     </span>
    </p>
   </div>
   <div class='ocr_carea' id='block_1_69' title="bbox 377 3977 1998 4056">
    <p class='ocr_par' dir='ltr' id='par_1_69' title="bbox 377 3977 1998 4056">
     <span class='ocr_line' id='line_1_69' title="bbox 377 3977 1998 4056; baseline -0.014 -9"><span class='ocrx_word' id='word_1_558' title='bbox 377 3989 741 4056; x_wconf 81' lang='lat' dir='ltr'><strong>eamdemque</strong></span> <span class='ocrx_word' id='word_1_559' title='bbox 772 3983 868 4038; x_wconf 82' lang='lat' dir='ltr'><strong>Dei</strong></span> <span class='ocrx_word' id='word_1_560' title='bbox 917 3982 1114 4038; x_wconf 84' lang='lat' dir='ltr'><strong>Filium</strong></span> <span class='ocrx_word' id='word_1_561' title='bbox 1156 3977 1575 4048; x_wconf 88' lang='lat' dir='ltr'><strong>inseparabilem</strong></span> <span class='ocrx_word' id='word_1_562' title='bbox 1626 3990 1843 4046; x_wconf 86' lang='lat' dir='ltr'><strong>semper</strong></span> <span class='ocrx_word' id='word_1_563' title='bbox 1889 3989 1998 4050; x_wconf 63' lang='grc' dir='ltr'><strong>ςεεο⁸</strong></span> 
     </span>
    </p>
   </div>
   <div class='ocr_carea' id='block_1_70' title="bbox 376 4066 1975 4141">
    <p class='ocr_par' dir='ltr' id='par_1_70' title="bbox 376 4066 1975 4141">
     <span class='ocr_line' id='line_1_70' title="bbox 376 4066 1975 4141; baseline -0.012 -3"><span class='ocrx_word' id='word_1_564' title='bbox 376 4081 547 4138; x_wconf 75' lang='lat' dir='ltr'><strong>mina:</strong></span> <span class='ocrx_word' id='word_1_565' title='bbox 598 4074 918 4133; x_wconf 76' lang='lat' dir='ltr'><strong>substantia:</strong></span> <span class='ocrx_word' id='word_1_566' title='bbox 950 4090 963 4127; x_wconf 92' lang='lat'><strong>:</strong></span> <span class='ocrx_word' id='word_1_567' title='bbox 994 4073 1158 4127; x_wconf 87' lang='lat' dir='ltr'><strong>etiam</strong></span> <span class='ocrx_word' id='word_1_568' title='bbox 1204 4071 1483 4141; x_wconf 81' lang='lat' dir='ltr'><strong>gigantem</strong></span> <span class='ocrx_word' id='word_1_569' title='bbox 1533 4066 1872 4121; x_wconf 79' lang='lat' dir='ltr'><strong>nominatum</strong></span> <span class='ocrx_word' id='word_1_570' title='bbox 1920 4066 1975 4120; x_wconf 91' lang='lat' dir='ltr'><strong>in</strong></span> 
     </span>
    </p>
   </div>
   <div class='ocr_carea' id='block_1_71' title="bbox 378 4159 1977 4233">
    <p class='ocr_par' dir='ltr' id='par_1_71' title="bbox 378 4159 1977 4233">
     <span class='ocr_line' id='line_1_71' title="bbox 378 4159 1977 4233; baseline -0.011 -3"><span class='ocrx_word' id='word_1_571' title='bbox 378 4172 577 4231; x_wconf 86' lang='lat' dir='ltr'><strong>diebus</strong></span> <span class='ocrx_word' id='word_1_572' title='bbox 624 4168 807 4224; x_wconf 88' lang='lat' dir='ltr'><strong>carnis</strong></span> <span class='ocrx_word' id='word_1_573' title='bbox 852 4182 987 4231; x_wconf 83' lang='lat' dir='ltr'><strong>suae,</strong></span> <span class='ocrx_word' id='word_1_574' title='bbox 1017 4172 1073 4219; x_wconf 89' lang='lat' dir='ltr'><strong>et</strong></span> <span class='ocrx_word' id='word_1_575' title='bbox 1119 4177 1246 4219; x_wconf 87' lang='lat' dir='ltr'><strong>vere</strong></span> <span class='ocrx_word' id='word_1_576' title='bbox 1284 4176 1498 4233; x_wconf 88' lang='lat' dir='ltr'><strong>semper</strong></span> <span class='ocrx_word' id='word_1_577' title='bbox 1530 4160 1711 4215; x_wconf 88' lang='lat' dir='ltr'><strong>omnia</strong></span> <span class='ocrx_word' id='word_1_578' title='bbox 1742 4159 1977 4230; x_wconf 82' lang='lat' dir='ltr'><strong>gessisse</strong></span> 
     </span>
    </p>
   </div>
   <div class='ocr_carea' id='block_1_72' title="bbox 378 4252 1976 4337">
    <p class='ocr_par' dir='ltr' id='par_1_72' title="bbox 378 4252 1976 4337">
     <span class='ocr_line' id='line_1_72' title="bbox 378 4252 1976 4337; baseline -0.011 -15"><span class='ocrx_word' id='word_1_579' title='bbox 378 4280 505 4337; x_wconf 75' lang='lat' dir='ltr'><strong>qua:</strong></span> <span class='ocrx_word' id='word_1_580' title='bbox 530 4271 657 4319; x_wconf 86' lang='lat' dir='ltr'><strong>sunt</strong></span> <span class='ocrx_word' id='word_1_581' title='bbox 686 4260 943 4325; x_wconf 87' lang='lat' dir='ltr'><strong>hominis,</strong></span> <span class='ocrx_word' id='word_1_582' title='bbox 969 4266 1024 4312; x_wconf 90' lang='lat' dir='ltr'><strong>et</strong></span> <span class='ocrx_word' id='word_1_583' title='bbox 1051 4269 1182 4311; x_wconf 83' lang='lat' dir='ltr'><strong>vere</strong></span> <span class='ocrx_word' id='word_1_584' title='bbox 1234 4268 1447 4323; x_wconf 88' lang='lat' dir='ltr'><strong>semper</strong></span> <span class='ocrx_word' id='word_1_585' title='bbox 1496 4252 1803 4322; x_wconf 82' lang='lat' dir='ltr'><strong>possedisse</strong></span> <span class='ocrx_word' id='word_1_586' title='bbox 1854 4266 1976 4320; x_wconf 65' lang='lat' dir='ltr'><strong>quas</strong></span> 
     </span>
    </p>
   </div>
   <div class='ocr_carea' id='block_1_73' title="bbox 379 4342 1973 4423">
    <p class='ocr_par' dir='ltr' id='par_1_73' title="bbox 379 4342 1973 4423">
     <span class='ocr_line' id='line_1_73' title="bbox 379 4342 1973 4423; baseline -0.013 -8"><span class='ocrx_word' id='word_1_587' title='bbox 379 4358 480 4415; x_wconf 82' lang='lat' dir='ltr'><strong>Dei</strong></span> <span class='ocrx_word' id='word_1_588' title='bbox 515 4363 674 4421; x_wconf 87' lang='lat' dir='ltr'><strong>sunt;</strong></span> <span class='ocrx_word' id='word_1_589' title='bbox 704 4353 962 4423; x_wconf 88' lang='lat' dir='ltr'><strong>quoniam</strong></span> <span class='ocrx_word' id='word_1_590' title='bbox 988 4349 1093 4405; x_wconf 88' lang='lat' dir='ltr'><strong>etsi</strong></span> <span class='ocrx_word' id='word_1_591' title='bbox 1120 4346 1416 4403; x_wconf 83' lang='lat' dir='ltr'><strong>cruciﬁxus</strong></span> <span class='ocrx_word' id='word_1_592' title='bbox 1442 4352 1527 4398; x_wconf 88' lang='lat' dir='ltr'><strong>cst</strong></span> <span class='ocrx_word' id='word_1_593' title='bbox 1546 4358 1612 4399; x_wconf 83' lang='lat' dir='ltr'><strong>ex</strong></span> <span class='ocrx_word' id='word_1_594' title='bbox 1639 4342 1973 4407; x_wconf 89' lang='lat' dir='ltr'><strong>inﬁrmitate,</strong></span> 
     </span>
    </p>
   </div>
   <div class='ocr_carea' id='block_1_74' title="bbox 376 4432 1977 4506">
    <p class='ocr_par' dir='ltr' id='par_1_74' title="bbox 376 4432 1977 4506">
     <span class='ocr_line' id='line_1_74' title="bbox 376 4432 1977 4506; baseline -0.012 0"><span class='ocrx_word' id='word_1_595' title='bbox 376 4449 477 4506; x_wconf 85' lang='lat' dir='ltr'><strong>sed</strong></span> <span class='ocrx_word' id='word_1_596' title='bbox 497 4447 635 4503; x_wconf 81' lang='lat' dir='ltr'><strong>vivit</strong></span> <span class='ocrx_word' id='word_1_597' title='bbox 661 4460 728 4501; x_wconf 88' lang='lat' dir='ltr'><strong>ex</strong></span> <span class='ocrx_word' id='word_1_598' title='bbox 756 4445 956 4497; x_wconf 88' lang='lat' dir='ltr'><strong>virtute</strong></span> <span class='ocrx_word' id='word_1_599' title='bbox 984 4441 1098 4495; x_wconf 88' lang='lat' dir='ltr'><strong>Dei.</strong></span> <span class='ocrx_word' id='word_1_600' title='bbox 1131 4460 1148 4491; x_wconf 81' lang='grc' dir='ltr'><strong>ι</strong></span> <span class='ocrx_word' id='word_1_601' title='bbox 1181 4436 1381 4492; x_wconf 79' lang='lat' dir='ltr'><strong>ltemm</strong></span> <span class='ocrx_word' id='word_1_602' title='bbox 1402 4443 1525 4505; x_wconf 91' lang='lat' dir='ltr'><strong>post</strong></span> <span class='ocrx_word' id='word_1_603' title='bbox 1551 4435 1827 4504; x_wconf 83' lang='lat' dir='ltr'><strong>aliquanta</strong></span> <span class='ocrx_word' id='word_1_604' title='bbox 1859 4432 1977 4487; x_wconf 90' lang='lat' dir='ltr'><strong>loco</strong></span> 
     </span>
    </p>
   </div>
   <div class='ocr_carea' id='block_1_75' title="bbox 374 4528 1979 4615">
    <p class='ocr_par' dir='ltr' id='par_1_75' title="bbox 374 4528 1979 4615">
     <span class='ocr_line' id='line_1_75' title="bbox 374 4528 1979 4615; baseline -0.012 -15"><span class='ocrx_word' id='word_1_605' title='bbox 374 4549 686 4615; x_wconf 87' lang='lat' dir='ltr'><strong>opportuno</strong></span> <span class='ocrx_word' id='word_1_606' title='bbox 716 4537 962 4592; x_wconf 85' lang='lat' dir='ltr'><strong>addidit:</strong></span> <span class='ocrx_word' id='word_1_607' title='bbox 996 4552 1015 4585; x_wconf 73' lang='grc' dir='ltr'><strong><em>ι</em></strong></span> <span class='ocrx_word' id='word_1_608' title='bbox 1060 4533 1169 4588; x_wconf 79' lang='lat' dir='ltr'><strong>Nos</strong></span> <span class='ocrx_word' id='word_1_609' title='bbox 1210 4531 1567 4603; x_wconf 71' lang='lat' dir='ltr'><strong>przedicamus</strong></span> <span class='ocrx_word' id='word_1_610' title='bbox 1607 4528 1888 4584; x_wconf 88' lang='lat' dir='ltr'><strong>Christum</strong></span> <span class='ocrx_word' id='word_1_611' title='bbox 1924 4534 1979 4581; x_wconf 85' lang='lat' dir='ltr'><strong>et</strong></span> 
     </span>
    </p>
   </div>
   <div class='ocr_carea' id='block_1_76' title="bbox 2075 3417 3668 3491">
    <p class='ocr_par' dir='ltr' id='par_1_76' title="bbox 2075 3417 3668 3491">
     <span class='ocr_line' id='line_1_76' title="bbox 2075 3417 3668 3491; baseline 0.008 -20"><span class='ocrx_word' id='word_1_612' title='bbox 2075 3432 2199 3472; x_wconf 86' lang='lat' dir='ltr'><strong>eum</strong></span> <span class='ocrx_word' id='word_1_613' title='bbox 2227 3417 2407 3490; x_wconf 87' lang='lat' dir='ltr'><strong>(Rom.</strong></span> <span class='ocrx_word' id='word_1_614' title='bbox 2437 3434 2557 3482; x_wconf 69' lang='lat' dir='ltr'><strong>van,</strong></span> <span class='ocrx_word' id='word_1_615' title='bbox 2586 3418 2701 3491; x_wconf 71' lang='lat'><strong>59).</strong></span> <span class='ocrx_word' id='word_1_616' title='bbox 2743 3419 2810 3474; x_wconf 86' lang='lat' dir='ltr'><strong>Et</strong></span> <span class='ocrx_word' id='word_1_617' title='bbox 2846 3429 2905 3475; x_wconf 91' lang='lat' dir='ltr'><strong>ut</strong></span> <span class='ocrx_word' id='word_1_618' title='bbox 2950 3420 3156 3490; x_wconf 81' lang='lat' dir='ltr'><strong>majore</strong></span> <span class='ocrx_word' id='word_1_619' title='bbox 3183 3438 3282 3479; x_wconf 86' lang='lat' dir='ltr'><strong>nos</strong></span> <span class='ocrx_word' id='word_1_620' title='bbox 3308 3426 3668 3484; x_wconf 83' lang='lat' dir='ltr'><strong>admiratione</strong></span> 
     </span>
    </p>
   </div>
   <div class='ocr_carea' id='block_1_77' title="bbox 2076 3510 3668 3582">
    <p class='ocr_par' dir='ltr' id='par_1_77' title="bbox 2076 3510 3668 3582">
     <span class='ocr_line' id='line_1_77' title="bbox 2076 3510 3668 3582; baseline 0.005 -17"><span class='ocrx_word' id='word_1_621' title='bbox 2076 3510 2492 3580; x_wconf 84' lang='lat' dir='ltr'><strong>constringeret,</strong></span> <span class='ocrx_word' id='word_1_622' title='bbox 2508 3511 2714 3565; x_wconf 84' lang='lat' dir='ltr'><strong>addidit</strong></span> <span class='ocrx_word' id='word_1_623' title='bbox 2739 3523 3043 3566; x_wconf 85' lang='lat' dir='ltr'><strong>sermonem</strong></span> <span class='ocrx_word' id='word_1_624' title='bbox 3070 3512 3302 3582; x_wconf 87' lang='lat' dir='ltr'><strong>ingentis</strong></span> <span class='ocrx_word' id='word_1_625' title='bbox 3326 3515 3507 3571; x_wconf 88' lang='lat' dir='ltr'><strong>arcani</strong></span> <span class='ocrx_word' id='word_1_626' title='bbox 3531 3530 3668 3573; x_wconf 85' lang='lat' dir='ltr'><strong>con-</strong></span> 
     </span>
    </p>
   </div>
   <div class='ocr_carea' id='block_1_78' title="bbox 2077 3596 3669 3674">
    <p class='ocr_par' dir='ltr' id='par_1_78' title="bbox 2077 3596 3669 3674">
     <span class='ocr_line' id='line_1_78' title="bbox 2077 3596 3669 3674; baseline 0.004 -18"><span class='ocrx_word' id='word_1_627' title='bbox 2077 3602 2249 3656; x_wconf 86' lang='lat' dir='ltr'><strong>scium</strong></span> <span class='ocrx_word' id='word_1_628' title='bbox 2278 3601 2487 3667; x_wconf 89' lang='lat' dir='ltr'><strong>dicens,</strong></span> <span class='ocrx_word' id='word_1_629' title='bbox 2510 3601 2637 3670; x_wconf 83' lang='lat' dir='ltr'><strong>quia</strong></span> <span class='ocrx_word' id='word_1_630' title='bbox 2674 3602 2886 3672; x_wconf 81' lang='lat' dir='ltr'><strong>proprio</strong></span> <span class='ocrx_word' id='word_1_631' title='bbox 2916 3599 3061 3657; x_wconf 77' lang='lat' dir='ltr'><strong>Filio</strong></span> <span class='ocrx_word' id='word_1_632' title='bbox 3094 3618 3199 3657; x_wconf 83' lang='lat' dir='ltr'><strong>non</strong></span> <span class='ocrx_word' id='word_1_633' title='bbox 3232 3605 3475 3674; x_wconf 78' lang='lat' dir='ltr'><strong>pepercit.</strong></span> <span class='ocrx_word' id='word_1_634' title='bbox 3506 3596 3669 3663; x_wconf 83' lang='lat' dir='ltr'><strong>Dixe-</strong></span> 
     </span>
    </p>
   </div>
   <div class='ocr_carea' id='block_1_79' title="bbox 2076 3692 3670 3771">
    <p class='ocr_par' dir='ltr' id='par_1_79' title="bbox 2076 3692 3670 3771">
     <span class='ocr_line' id='line_1_79' title="bbox 2076 3692 3670 3771; baseline 0.006 -25"><span class='ocrx_word' id='word_1_635' title='bbox 2076 3699 2163 3746; x_wconf 89' lang='lat' dir='ltr'><strong>rat</strong></span> <span class='ocrx_word' id='word_1_636' title='bbox 2189 3694 2336 3747; x_wconf 89' lang='lat' dir='ltr'><strong>enim</strong></span> <span class='ocrx_word' id='word_1_637' title='bbox 2364 3693 2775 3763; x_wconf 81' lang='lat' dir='ltr'><strong>superius,&#39;quia</strong></span> <span class='ocrx_word' id='word_1_638' title='bbox 2800 3692 2966 3747; x_wconf 87' lang='lat' dir='ltr'><strong>etiam</strong></span> <span class='ocrx_word' id='word_1_639' title='bbox 2989 3707 3110 3761; x_wconf 89' lang='lat' dir='ltr'><strong>nos,</strong></span> <span class='ocrx_word' id='word_1_640' title='bbox 3130 3696 3219 3766; x_wconf 90' lang='lat' dir='ltr'><strong>qui</strong></span> <span class='ocrx_word' id='word_1_641' title='bbox 3237 3697 3487 3766; x_wconf 87' lang='lat' dir='ltr'><strong>spiritum</strong></span> <span class='ocrx_word' id='word_1_642' title='bbox 3503 3699 3670 3771; x_wconf 85' lang='lat' dir='ltr'><strong>adop-</strong></span> 
     </span>
    </p>
   </div>
   <div class='ocr_carea' id='block_1_80' title="bbox 2079 3783 3669 3861">
    <p class='ocr_par' dir='ltr' id='par_1_80' title="bbox 2079 3783 3669 3861">
     <span class='ocr_line' id='line_1_80' title="bbox 2079 3783 3669 3861; baseline 0.006 -25"><span class='ocrx_word' id='word_1_643' title='bbox 2079 3783 2242 3838; x_wconf 79' lang='lat' dir='ltr'><strong>tionis</strong></span> <span class='ocrx_word' id='word_1_644' title='bbox 2268 3784 2598 3853; x_wconf 88' lang='lat' dir='ltr'><strong>accepimus,</strong></span> <span class='ocrx_word' id='word_1_645' title='bbox 2655 3783 2778 3838; x_wconf 82' lang='lat' dir='ltr'><strong>Filii</strong></span> <span class='ocrx_word' id='word_1_646' title='bbox 2832 3783 2928 3839; x_wconf 90' lang='lat' dir='ltr'><strong>Dei</strong></span> <span class='ocrx_word' id='word_1_647' title='bbox 2974 3800 3163 3842; x_wconf 84' lang='lat' dir='ltr'><strong>sumus</strong></span> <span class='ocrx_word' id='word_1_648' title='bbox 3218 3785 3409 3859; x_wconf 64' lang='lat' dir='ltr'><strong>(Ibid,</strong></span> <span class='ocrx_word' id='word_1_649' title='bbox 3440 3784 3551 3861; x_wconf 67' lang='lat' dir='ltr'><strong>id).</strong></span> <span class='ocrx_word' id='word_1_650' title='bbox 3588 3788 3669 3845; x_wconf 80' lang='lat' dir='ltr'><strong>Ne</strong></span> 
     </span>
    </p>
   </div>
   <div class='ocr_carea' id='block_1_81' title="bbox 2074 3874 3669 3946">
    <p class='ocr_par' dir='ltr' id='par_1_81' title="bbox 2074 3874 3669 3946">
     <span class='ocr_line' id='line_1_81' title="bbox 2074 3874 3669 3946; baseline 0.006 -17"><span class='ocrx_word' id='word_1_651' title='bbox 2074 3889 2208 3945; x_wconf 82' lang='lat' dir='ltr'><strong>ergo</strong></span> <span class='ocrx_word' id='word_1_652' title='bbox 2249 3877 2524 3931; x_wconf 90' lang='lat' dir='ltr'><strong>communi</strong></span> <span class='ocrx_word' id='word_1_653' title='bbox 2568 3876 2670 3931; x_wconf 89' lang='lat' dir='ltr'><strong>ista</strong></span> <span class='ocrx_word' id='word_1_654' title='bbox 2698 3874 3059 3946; x_wconf 85' lang='lat' dir='ltr'><strong>appellatione</strong></span> <span class='ocrx_word' id='word_1_655' title='bbox 3086 3877 3345 3944; x_wconf 89' lang='lat' dir='ltr'><strong>ﬁliorum,</strong></span> <span class='ocrx_word' id='word_1_656' title='bbox 3372 3895 3541 3937; x_wconf 87' lang='lat' dir='ltr'><strong>unum</strong></span> <span class='ocrx_word' id='word_1_657' title='bbox 3569 3883 3669 3939; x_wconf 85' lang='lat' dir='ltr'><strong>ali-</strong></span> 
     </span>
    </p>
   </div>
   <div class='ocr_carea' id='block_1_82' title="bbox 2076 3967 3669 4040">
    <p class='ocr_par' dir='ltr' id='par_1_82' title="bbox 2076 3967 3669 4040">
     <span class='ocr_line' id='line_1_82' title="bbox 2076 3967 3669 4040; baseline 0.006 -19"><span class='ocrx_word' id='word_1_658' title='bbox 2076 3981 2237 4037; x_wconf 89' lang='lat' dir='ltr'><strong>quem</strong></span> <span class='ocrx_word' id='word_1_659' title='bbox 2265 3981 2329 4022; x_wconf 83' lang='lat' dir='ltr'><strong>ex</strong></span> <span class='ocrx_word' id='word_1_660' title='bbox 2362 3967 2448 4022; x_wconf 89' lang='lat' dir='ltr'><strong>his</strong></span> <span class='ocrx_word' id='word_1_661' title='bbox 2478 3967 2769 4023; x_wconf 86' lang='lat' dir='ltr'><strong>tradidisse</strong></span> <span class='ocrx_word' id='word_1_662' title='bbox 2808 3977 3116 4038; x_wconf 85' lang='lat' dir='ltr'><strong>putaretur,</strong></span> <span class='ocrx_word' id='word_1_663' title='bbox 3141 3972 3233 4040; x_wconf 89' lang='lat' dir='ltr'><strong>qui</strong></span> <span class='ocrx_word' id='word_1_664' title='bbox 3264 3972 3317 4025; x_wconf 90' lang='lat' dir='ltr'><strong>in</strong></span> <span class='ocrx_word' id='word_1_665' title='bbox 3348 3971 3488 4028; x_wconf 90' lang='lat' dir='ltr'><strong>ﬁlios</strong></span> <span class='ocrx_word' id='word_1_666' title='bbox 3516 3974 3669 4030; x_wconf 82' lang='lat' dir='ltr'><strong>vide-</strong></span> 
     </span>
    </p>
   </div>
   <div class='ocr_carea' id='block_1_83' title="bbox 2075 4058 3667 4136">
    <p class='ocr_par' dir='ltr' id='par_1_83' title="bbox 2075 4058 3667 4136">
     <span class='ocr_line' id='line_1_83' title="bbox 2075 4058 3667 4136; baseline 0.005 -23"><span class='ocrx_word' id='word_1_667' title='bbox 2075 4058 2277 4114; x_wconf 87' lang='lat' dir='ltr'><strong>bantur</strong></span> <span class='ocrx_word' id='word_1_668' title='bbox 2324 4059 2516 4123; x_wconf 88' lang='lat' dir='ltr'><strong>asciti,</strong></span> <span class='ocrx_word' id='word_1_669' title='bbox 2546 4058 2773 4123; x_wconf 85' lang='lat' dir='ltr'><strong>addidit,</strong></span> <span class='ocrx_word' id='word_1_670' title='bbox 2801 4062 3012 4131; x_wconf 84' lang='lat' dir='ltr'><strong>proprio</strong></span> <span class='ocrx_word' id='word_1_671' title='bbox 3066 4058 3250 4126; x_wconf 86' lang='lat' dir='ltr'><strong>Filio;</strong></span> <span class='ocrx_word' id='word_1_672' title='bbox 3296 4070 3358 4117; x_wconf 90' lang='lat' dir='ltr'><strong>ut</strong></span> <span class='ocrx_word' id='word_1_673' title='bbox 3400 4076 3547 4130; x_wconf 90' lang='lat' dir='ltr'><strong>eum,</strong></span> <span class='ocrx_word' id='word_1_674' title='bbox 3574 4064 3667 4136; x_wconf 86' lang='lat' dir='ltr'><strong>qui</strong></span> 
     </span>
    </p>
   </div>
   <div class='ocr_carea' id='block_1_84' title="bbox 2076 4148 3667 4222">
    <p class='ocr_par' dir='ltr' id='par_1_84' title="bbox 2076 4148 3667 4222">
     <span class='ocr_line' id='line_1_84' title="bbox 2076 4148 3667 4222; baseline 0.003 -17"><span class='ocrx_word' id='word_1_675' title='bbox 2076 4150 2225 4205; x_wconf 84' lang='lat' dir='ltr'><strong>solus</strong></span> <span class='ocrx_word' id='word_1_676' title='bbox 2252 4164 2318 4205; x_wconf 85' lang='lat' dir='ltr'><strong>ex</strong></span> <span class='ocrx_word' id='word_1_677' title='bbox 2350 4150 2469 4218; x_wconf 85' lang='lat' dir='ltr'><strong>ipso</strong></span> <span class='ocrx_word' id='word_1_678' title='bbox 2515 4148 2627 4203; x_wconf 90' lang='lat' dir='ltr'><strong>Deo</strong></span> <span class='ocrx_word' id='word_1_679' title='bbox 2683 4148 2943 4205; x_wconf 83' lang='lat' dir='ltr'><strong>ineﬁ‘abili</strong></span> <span class='ocrx_word' id='word_1_680' title='bbox 2999 4150 3285 4208; x_wconf 84' lang='lat' dir='ltr'><strong>nativitate</strong></span> <span class='ocrx_word' id='word_1_681' title='bbox 3335 4160 3667 4222; x_wconf 83' lang='lat' dir='ltr'><strong>generatur,</strong></span> 
     </span>
    </p>
   </div>
   <div class='ocr_carea' id='block_1_85' title="bbox 2075 4239 3662 4312">
    <p class='ocr_par' dir='ltr' id='par_1_85' title="bbox 2075 4239 3662 4312">
     <span class='ocr_line' id='line_1_85' title="bbox 2075 4239 3662 4312; baseline 0.001 -16"><span class='ocrx_word' id='word_1_682' title='bbox 2075 4241 2404 4296; x_wconf 87' lang='lat' dir='ltr'><strong>ostenderet.</strong></span> <span class='ocrx_word' id='word_1_683' title='bbox 2432 4239 2538 4295; x_wconf 85' lang='lat' dir='ltr'><strong>Pro</strong></span> <span class='ocrx_word' id='word_1_684' title='bbox 2561 4240 2718 4297; x_wconf 88' lang='lat' dir='ltr'><strong>nobis</strong></span> <span class='ocrx_word' id='word_1_685' title='bbox 2750 4256 2881 4312; x_wconf 83' lang='lat' dir='ltr'><strong>ergo</strong></span> <span class='ocrx_word' id='word_1_686' title='bbox 2919 4242 3172 4299; x_wconf 89' lang='lat' dir='ltr'><strong>omnibus</strong></span> <span class='ocrx_word' id='word_1_687' title='bbox 3212 4244 3436 4301; x_wconf 83' lang='lat' dir='ltr'><strong>tradidit</strong></span> <span class='ocrx_word' id='word_1_688' title='bbox 3460 4259 3605 4301; x_wconf 85' lang='lat' dir='ltr'><strong>eum.</strong></span> <span class='ocrx_word' id='word_1_689' title='bbox 3643 4261 3662 4298; x_wconf 69' lang='grc' dir='ltr'><strong>ι</strong></span> 
     </span>
    </p>
   </div>
   <div class='ocr_carea' id='block_1_86' title="bbox 2148 4321 3669 4409">
    <p class='ocr_par' dir='ltr' id='par_1_86' title="bbox 2148 4321 3669 4409">
     <span class='ocr_line' id='line_1_86' title="bbox 2148 4321 3669 4409; baseline 0.005 -24"><span class='ocrx_word' id='word_1_690' title='bbox 2148 4330 2261 4387; x_wconf 90' lang='lat' dir='ltr'><strong>LV.</strong></span> <span class='ocrx_word' id='word_1_691' title='bbox 2288 4330 2653 4403; x_wconf 83' lang='lat' dir='ltr'><strong>Hieronymus</strong></span> <span class='ocrx_word' id='word_1_692' title='bbox 2679 4348 2896 4405; x_wconf 82' lang='lat' dir='ltr'><strong>quoque</strong></span> <span class='ocrx_word' id='word_1_693' title='bbox 2930 4336 2984 4392; x_wconf 90' lang='lat' dir='ltr'><strong>in</strong></span> <span class='ocrx_word' id='word_1_694' title='bbox 3024 4336 3282 4393; x_wconf 86' lang='lat' dir='ltr'><strong>Tractatu</strong></span> <span class='ocrx_word' id='word_1_695' title='bbox 3312 4332 3379 4393; x_wconf 89' lang='lat' dir='ltr'><strong>ad</strong></span> <span class='ocrx_word' id='word_1_696' title='bbox 3405 4321 3669 4409; x_wconf 82' lang='lat' dir='ltr'><strong>Ephesios</strong></span> 
     </span>
    </p>
   </div>
   <div class='ocr_carea' id='block_1_87' title="bbox 2076 4426 3667 4501">
    <p class='ocr_par' dir='ltr' id='par_1_87' title="bbox 2076 4426 3667 4501">
     <span class='ocr_line' id='line_1_87' title="bbox 2076 4426 3667 4501; baseline 0.004 -20"><span class='ocrx_word' id='word_1_697' title='bbox 2076 4427 2218 4483; x_wconf 89' lang='lat' dir='ltr'><strong>libro</strong></span> <span class='ocrx_word' id='word_1_698' title='bbox 2246 4426 2486 4481; x_wconf 87' lang='lat' dir='ltr'><strong>secundo</strong></span> <span class='ocrx_word' id='word_1_699' title='bbox 2522 4426 2661 4483; x_wconf 81' lang='lat' dir='ltr'><strong>dixit</strong></span> <span class='ocrx_word' id='word_1_700' title='bbox 2691 4444 2706 4482; x_wconf 88' lang='lat'><strong>:</strong></span> <span class='ocrx_word' id='word_1_701' title='bbox 2745 4447 2766 4480; x_wconf 71' lang='grc' dir='ltr'><em>α</em></span> <span class='ocrx_word' id='word_1_702' title='bbox 2798 4429 2988 4485; x_wconf 88' lang='lat' dir='ltr'><strong>Potest</strong></span> <span class='ocrx_word' id='word_1_703' title='bbox 3016 4445 3148 4501; x_wconf 83' lang='lat' dir='ltr'><strong>ergo</strong></span> <span class='ocrx_word' id='word_1_704' title='bbox 3196 4439 3253 4486; x_wconf 89' lang='lat' dir='ltr'><strong>et</strong></span> <span class='ocrx_word' id='word_1_705' title='bbox 3293 4427 3398 4488; x_wconf 86' lang='lat' dir='ltr'><strong>hoc</strong></span> <span class='ocrx_word' id='word_1_706' title='bbox 3445 4432 3571 4497; x_wconf 79' lang='lat' dir='ltr'><strong>dici,</strong></span> <span class='ocrx_word' id='word_1_707' title='bbox 3600 4446 3667 4487; x_wconf 82' lang='lat' dir='ltr'><strong>ex</strong></span> 
     </span>
    </p>
   </div>
   <div class='ocr_carea' id='block_1_88' title="bbox 2076 4514 3667 4591">
    <p class='ocr_par' dir='ltr' id='par_1_88' title="bbox 2076 4514 3667 4591">
     <span class='ocr_line' id='line_1_88' title="bbox 2076 4514 3667 4591; baseline 0.004 -21"><span class='ocrx_word' id='word_1_708' title='bbox 2076 4530 2144 4571; x_wconf 91' lang='lat' dir='ltr'><strong>eo</strong></span> <span class='ocrx_word' id='word_1_709' title='bbox 2171 4516 2317 4586; x_wconf 90' lang='lat' dir='ltr'><strong>quod</strong></span> <span class='ocrx_word' id='word_1_710' title='bbox 2340 4515 2484 4571; x_wconf 88' lang='lat' dir='ltr'><strong>Deus</strong></span> <span class='ocrx_word' id='word_1_711' title='bbox 2508 4514 2673 4571; x_wconf 85' lang='lat' dir='ltr'><strong>Pater</strong></span> <span class='ocrx_word' id='word_1_712' title='bbox 2699 4516 2911 4574; x_wconf 85' lang='lat' dir='ltr'><strong>Domini</strong></span> <span class='ocrx_word' id='word_1_713' title='bbox 2942 4522 3113 4576; x_wconf 85' lang='lat' dir='ltr'><strong>nostri</strong></span> <span class='ocrx_word' id='word_1_714' title='bbox 3140 4518 3268 4576; x_wconf 73' lang='lat' dir='ltr'><strong>Jesu</strong></span> <span class='ocrx_word' id='word_1_715' title='bbox 3292 4520 3493 4578; x_wconf 89' lang='lat' dir='ltr'><strong>Christi</strong></span> <span class='ocrx_word' id='word_1_716' title='bbox 3510 4521 3667 4591; x_wconf 82' lang='lat' dir='ltr'><strong>juxta</strong></span> 
     </span>
    </p>
   </div>
   <div class='ocr_carea' id='block_1_89' title="bbox 375 4606 3669 4696">
    <p class='ocr_par' dir='ltr' id='par_1_89' title="bbox 375 4606 3669 4696">
     <span class='ocr_line' id='line_1_89' title="bbox 375 4606 3669 4696; baseline -0.005 -7"><span class='ocrx_word' id='word_1_717' title='bbox 375 4606 528 4693; x_wconf 64' lang='lat' dir='ltr'><strong>hunc</strong></span> <span class='ocrx_word' id='word_1_718' title='bbox 552 4630 909 4694; x_wconf 85' lang='lat' dir='ltr'><strong>cruciﬁxum;</strong></span> <span class='ocrx_word' id='word_1_719' title='bbox 941 4627 1131 4696; x_wconf 84' lang='lat' dir='ltr'><strong>utique</strong></span> <span class='ocrx_word' id='word_1_720' title='bbox 1156 4624 1251 4679; x_wconf 87' lang='lat' dir='ltr'><strong>Dei</strong></span> <span class='ocrx_word' id='word_1_721' title='bbox 1276 4624 1528 4676; x_wconf 84' lang='lat' dir='ltr'><strong>virtutem</strong></span> <span class='ocrx_word' id='word_1_722' title='bbox 1553 4630 1609 4675; x_wconf 92' lang='lat' dir='ltr'><strong>et</strong></span> <span class='ocrx_word' id='word_1_723' title='bbox 1639 4620 1733 4675; x_wconf 88' lang='lat' dir='ltr'><strong>Dei</strong></span> <span class='ocrx_word' id='word_1_724' title='bbox 1761 4620 1977 4689; x_wconf 81' lang='lat' dir='ltr'><strong>sapien-</strong></span> <span class='ocrx_word' id='word_1_725' title='bbox 2007 4670 2057 4696; x_wconf 51' lang='grc' dir='ltr'>ἢ</span> <span class='ocrx_word' id='word_1_726' title='bbox 2081 4607 2441 4663; x_wconf 82' lang='lat' dir='ltr'><strong>substantiam</strong></span> <span class='ocrx_word' id='word_1_727' title='bbox 2482 4606 2648 4661; x_wconf 86' lang='lat' dir='ltr'><strong>Pater</strong></span> <span class='ocrx_word' id='word_1_728' title='bbox 2691 4616 2797 4675; x_wconf 74' lang='lat' dir='ltr'><strong>est,</strong></span> <span class='ocrx_word' id='word_1_729' title='bbox 2823 4618 2878 4665; x_wconf 84' lang='lat' dir='ltr'><strong>et</strong></span> <span class='ocrx_word' id='word_1_730' title='bbox 2908 4612 3219 4683; x_wconf 80' lang='lat' dir='ltr'><strong>unigenitus</strong></span> <span class='ocrx_word' id='word_1_731' title='bbox 3253 4627 3359 4670; x_wconf 91' lang='lat' dir='ltr'><strong>non</strong></span> <span class='ocrx_word' id='word_1_732' title='bbox 3406 4625 3489 4670; x_wconf 89' lang='lat' dir='ltr'><strong>est</strong></span> <span class='ocrx_word' id='word_1_733' title='bbox 3540 4618 3669 4672; x_wconf 87' lang='lat' dir='ltr'><strong>ado-</strong></span> 
     </span>
    </p>
   </div>
   <div class='ocr_carea' id='block_1_90' title="bbox 376 4714 1976 4794">
    <p class='ocr_par' dir='ltr' id='par_1_90' title="bbox 376 4714 1976 4794">
     <span class='ocr_line' id='line_1_90' title="bbox 376 4714 1976 4794; baseline -0.009 -13"><span class='ocrx_word' id='word_1_734' title='bbox 376 4724 550 4789; x_wconf 77' lang='lat' dir='ltr'><strong>tiam;</strong></span> <span class='ocrx_word' id='word_1_735' title='bbox 581 4722 708 4794; x_wconf 87' lang='lat' dir='ltr'><strong>quia</strong></span> <span class='ocrx_word' id='word_1_736' title='bbox 738 4720 882 4791; x_wconf 90' lang='lat' dir='ltr'><strong>quod</strong></span> <span class='ocrx_word' id='word_1_737' title='bbox 914 4719 1136 4774; x_wconf 80' lang='lat' dir='ltr'><strong>stultum</strong></span> <span class='ocrx_word' id='word_1_738' title='bbox 1175 4725 1260 4772; x_wconf 88' lang='lat' dir='ltr'><strong>est</strong></span> <span class='ocrx_word' id='word_1_739' title='bbox 1295 4715 1412 4779; x_wconf 85' lang='lat' dir='ltr'><strong>Dei,</strong></span> <span class='ocrx_word' id='word_1_740' title='bbox 1436 4715 1737 4785; x_wconf 85' lang='lat' dir='ltr'><strong>sapientius</strong></span> <span class='ocrx_word' id='word_1_741' title='bbox 1760 4723 1845 4770; x_wconf 87' lang='lat' dir='ltr'><strong>est</strong></span> <span class='ocrx_word' id='word_1_742' title='bbox 1878 4714 1976 4768; x_wconf 89' lang='lat' dir='ltr'><strong>ho-</strong></span> 
     </span>
    </p>
   </div>
   <div class='ocr_carea' id='block_1_91' title="bbox 374 4804 1978 4883">
    <p class='ocr_par' dir='ltr' id='par_1_91' title="bbox 374 4804 1978 4883">
     <span class='ocr_line' id='line_1_91' title="bbox 374 4804 1978 4883; baseline -0.011 -9"><span class='ocrx_word' id='word_1_743' title='bbox 374 4815 640 4879; x_wconf 87' lang='lat' dir='ltr'><strong>minibus,</strong></span> <span class='ocrx_word' id='word_1_744' title='bbox 662 4822 720 4869; x_wconf 93' lang='lat' dir='ltr'><strong>et</strong></span> <span class='ocrx_word' id='word_1_745' title='bbox 743 4812 886 4883; x_wconf 91' lang='lat' dir='ltr'><strong>quod</strong></span> <span class='ocrx_word' id='word_1_746' title='bbox 912 4809 1187 4866; x_wconf 86' lang='lat' dir='ltr'><strong>inﬁrmum</strong></span> <span class='ocrx_word' id='word_1_747' title='bbox 1211 4816 1298 4862; x_wconf 76' lang='lat' dir='ltr'><strong>est</strong></span> <span class='ocrx_word' id='word_1_748' title='bbox 1328 4805 1446 4871; x_wconf 91' lang='lat' dir='ltr'><strong>Dei,</strong></span> <span class='ocrx_word' id='word_1_749' title='bbox 1472 4804 1667 4861; x_wconf 77' lang='lat' dir='ltr'><strong>fortius</strong></span> <span class='ocrx_word' id='word_1_750' title='bbox 1686 4816 1765 4860; x_wconf 87' lang='lat' dir='ltr'><strong>est</strong></span> <span class='ocrx_word' id='word_1_751' title='bbox 1800 4804 1978 4860; x_wconf 87' lang='lat' dir='ltr'><strong>homi-</strong></span> 
     </span>
    </p>
   </div>
   <div class='ocr_carea' id='block_1_92' title="bbox 375 4897 1973 4974">
    <p class='ocr_par' dir='ltr' id='par_1_92' title="bbox 375 4897 1973 4974">
     <span class='ocr_line' id='line_1_92' title="bbox 375 4897 1973 4974; baseline -0.01 -7"><span class='ocrx_word' id='word_1_752' title='bbox 375 4909 562 4966; x_wconf 89' lang='lat' dir='ltr'><strong>nibus.</strong></span> <span class='ocrx_word' id='word_1_753' title='bbox 618 4905 759 4974; x_wconf 86' lang='lat' dir='ltr'><strong>Quid</strong></span> <span class='ocrx_word' id='word_1_754' title='bbox 805 4904 952 4960; x_wconf 90' lang='lat' dir='ltr'><strong>enim</strong></span> <span class='ocrx_word' id='word_1_755' title='bbox 1007 4910 1121 4957; x_wconf 88' lang='lat' dir='ltr'><strong>tam</strong></span> <span class='ocrx_word' id='word_1_756' title='bbox 1174 4899 1397 4957; x_wconf 90' lang='lat' dir='ltr'><strong>stultum</strong></span> <span class='ocrx_word' id='word_1_757' title='bbox 1446 4907 1502 4954; x_wconf 89' lang='lat' dir='ltr'><strong>et</strong></span> <span class='ocrx_word' id='word_1_758' title='bbox 1552 4907 1663 4952; x_wconf 83' lang='lat' dir='ltr'><strong>tam</strong></span> <span class='ocrx_word' id='word_1_759' title='bbox 1695 4897 1973 4953; x_wconf 86' lang='lat' dir='ltr'><strong>inﬁrmum</strong></span> 
     </span>
    </p>
   </div>
   <div class='ocr_carea' id='block_1_93' title="bbox 374 4991 1976 5062">
    <p class='ocr_par' dir='ltr' id='par_1_93' title="bbox 374 4991 1976 5062">
     <span class='ocr_line' id='line_1_93' title="bbox 374 4991 1976 5062; baseline -0.006 -7"><span class='ocrx_word' id='word_1_760' title='bbox 374 5003 597 5058; x_wconf 83' lang='lat' dir='ltr'><strong>videtur</strong></span> <span class='ocrx_word' id='word_1_761' title='bbox 648 4996 962 5055; x_wconf 78' lang='lat' dir='ltr'><strong>hominibus</strong></span> <span class='ocrx_word' id='word_1_762' title='bbox 1011 4994 1328 5057; x_wconf 87' lang='lat' dir='ltr'><strong>incredulis,</strong></span> <span class='ocrx_word' id='word_1_763' title='bbox 1371 5007 1537 5062; x_wconf 84' lang='lat' dir='ltr'><strong>quam</strong></span> <span class='ocrx_word' id='word_1_764' title='bbox 1572 5006 1695 5048; x_wconf 91' lang='lat' dir='ltr'><strong>cum</strong></span> <span class='ocrx_word' id='word_1_765' title='bbox 1748 4991 1976 5047; x_wconf 86' lang='lat' dir='ltr'><strong>audiunt</strong></span> 
     </span>
    </p>
   </div>
   <div class='ocr_carea' id='block_1_94' title="bbox 376 5082 1978 5154">
    <p class='ocr_par' dir='ltr' id='par_1_94' title="bbox 376 5082 1978 5154">
     <span class='ocr_line' id='line_1_94' title="bbox 376 5082 1978 5154; baseline -0.011 -2"><span class='ocrx_word' id='word_1_766' title='bbox 376 5092 551 5154; x_wconf 76' lang='lat' dir='ltr'><strong>Deum</strong></span> <span class='ocrx_word' id='word_1_767' title='bbox 581 5089 677 5146; x_wconf 82' lang='lat' dir='ltr'><strong>Dei</strong></span> <span class='ocrx_word' id='word_1_768' title='bbox 716 5088 915 5146; x_wconf 82' lang='lat' dir='ltr'><strong>Filium</strong></span> <span class='ocrx_word' id='word_1_769' title='bbox 959 5084 1317 5143; x_wconf 84' lang='lat' dir='ltr'><strong>cruciﬁxum?</strong></span> <span class='ocrx_word' id='word_1_770' title='bbox 1360 5083 1467 5139; x_wconf 89' lang='lat' dir='ltr'><strong>Sed</strong></span> <span class='ocrx_word' id='word_1_771' title='bbox 1507 5082 1709 5153; x_wconf 85' lang='lat' dir='ltr'><strong>placuit</strong></span> <span class='ocrx_word' id='word_1_772' title='bbox 1739 5084 1850 5137; x_wconf 90' lang='lat' dir='ltr'><strong>Deo</strong></span> <span class='ocrx_word' id='word_1_773' title='bbox 1878 5096 1978 5152; x_wconf 82' lang='lat' dir='ltr'><strong>per</strong></span> 
     </span>
    </p>
   </div>
   <div class='ocr_carea' id='block_1_95' title="bbox 372 5173 1968 5253">
    <p class='ocr_par' dir='ltr' id='par_1_95' title="bbox 372 5173 1968 5253">
     <span class='ocr_line' id='line_1_95' title="bbox 372 5173 1968 5253; baseline -0.009 -10"><span class='ocrx_word' id='word_1_774' title='bbox 372 5183 668 5243; x_wconf 82' lang='lat' dir='ltr'><strong>stultitiam</strong></span> <span class='ocrx_word' id='word_1_775' title='bbox 716 5177 1117 5253; x_wconf 78' lang='lat' dir='ltr'><strong>praedicationis</strong></span> <span class='ocrx_word' id='word_1_776' title='bbox 1165 5176 1345 5234; x_wconf 87' lang='lat' dir='ltr'><strong>salvos</strong></span> <span class='ocrx_word' id='word_1_777' title='bbox 1402 5173 1583 5230; x_wconf 80' lang='lat' dir='ltr'><strong>facere</strong></span> <span class='ocrx_word' id='word_1_778' title='bbox 1636 5175 1968 5240; x_wconf 80' lang='lat' dir='ltr'><strong>credentes,</strong></span> 
     </span>
    </p>
   </div>
   <div class='ocr_carea' id='block_1_96' title="bbox 374 5266 1971 5346">
    <p class='ocr_par' dir='ltr' id='par_1_96' title="bbox 374 5266 1971 5346">
     <span class='ocr_line' id='line_1_96' title="bbox 374 5266 1971 5346; baseline -0.009 -14"><span class='ocrx_word' id='word_1_779' title='bbox 374 5276 507 5346; x_wconf 87' lang='lat' dir='ltr'><strong>quia</strong></span> <span class='ocrx_word' id='word_1_780' title='bbox 534 5273 588 5329; x_wconf 89' lang='lat' dir='ltr'><strong>in</strong></span> <span class='ocrx_word' id='word_1_781' title='bbox 616 5273 722 5328; x_wconf 86' lang='lat' dir='ltr'><strong>hoc</strong></span> <span class='ocrx_word' id='word_1_782' title='bbox 773 5272 1010 5327; x_wconf 84' lang='lat' dir='ltr'><strong>maxime</strong></span> <span class='ocrx_word' id='word_1_783' title='bbox 1038 5269 1172 5323; x_wconf 88' lang='lat' dir='ltr'><strong>ﬁdes</strong></span> <span class='ocrx_word' id='word_1_784' title='bbox 1198 5276 1383 5321; x_wconf 89' lang='lat' dir='ltr'><strong>nostra</strong></span> <span class='ocrx_word' id='word_1_785' title='bbox 1410 5266 1679 5330; x_wconf 86' lang='lat' dir='ltr'><strong>consistit,</strong></span> <span class='ocrx_word' id='word_1_786' title='bbox 1707 5273 1767 5319; x_wconf 89' lang='lat' dir='ltr'><strong>ut</strong></span> <span class='ocrx_word' id='word_1_787' title='bbox 1783 5266 1971 5321; x_wconf 87' lang='lat' dir='ltr'><strong>creda-</strong></span> 
     </span>
    </p>
   </div>
   <div class='ocr_carea' id='block_1_97' title="bbox 374 5357 1965 5427">
    <p class='ocr_par' dir='ltr' id='par_1_97' title="bbox 374 5357 1965 5427">
     <span class='ocr_line' id='line_1_97' title="bbox 374 5357 1965 5427; baseline -0.008 -4"><span class='ocrx_word' id='word_1_788' title='bbox 374 5382 505 5423; x_wconf 82' lang='lat' dir='ltr'><strong>mus</strong></span> <span class='ocrx_word' id='word_1_789' title='bbox 542 5366 763 5422; x_wconf 87' lang='lat' dir='ltr'><strong>unicum</strong></span> <span class='ocrx_word' id='word_1_790' title='bbox 801 5362 997 5419; x_wconf 80' lang='lat' dir='ltr'><strong>Filium</strong></span> <span class='ocrx_word' id='word_1_791' title='bbox 1028 5360 1145 5425; x_wconf 88' lang='lat' dir='ltr'><strong>Dei,</strong></span> <span class='ocrx_word' id='word_1_792' title='bbox 1174 5376 1279 5415; x_wconf 91' lang='lat' dir='ltr'><strong>non</strong></span> <span class='ocrx_word' id='word_1_793' title='bbox 1328 5357 1659 5427; x_wconf 88' lang='lat' dir='ltr'><strong>adoptivum,</strong></span> <span class='ocrx_word' id='word_1_794' title='bbox 1693 5358 1787 5412; x_wconf 86' lang='lat' dir='ltr'><strong>sed</strong></span> <span class='ocrx_word' id='word_1_795' title='bbox 1840 5370 1965 5427; x_wconf 81' lang='lat' dir='ltr'><strong>pro-</strong></span> 
     </span>
    </p>
   </div>
   <div class='ocr_carea' id='block_1_98' title="bbox 355 5452 1973 5534">
    <p class='ocr_par' dir='ltr' id='par_1_98' title="bbox 355 5452 1973 5534">
     <span class='ocr_line' id='line_1_98' title="bbox 355 5452 1973 5534; baseline -0.009 -18"><span class='ocrx_word' id='word_1_796' title='bbox 355 5460 595 5534; x_wconf 35' lang='lat' dir='ltr'><strong>.prium;</strong></span> <span class='ocrx_word' id='word_1_797' title='bbox 627 5470 735 5512; x_wconf 90' lang='lat' dir='ltr'><strong>non</strong></span> <span class='ocrx_word' id='word_1_798' title='bbox 756 5453 1184 5527; x_wconf 83' lang='lat' dir='ltr'><strong>phantasticum.</strong></span> <span class='ocrx_word' id='word_1_799' title='bbox 1208 5452 1303 5507; x_wconf 86' lang='lat' dir='ltr'><strong>sed</strong></span> <span class='ocrx_word' id='word_1_800' title='bbox 1328 5465 1547 5512; x_wconf 90' lang='lat' dir='ltr'><strong>verum;</strong></span> <span class='ocrx_word' id='word_1_801' title='bbox 1603 5465 1711 5504; x_wconf 90' lang='lat' dir='ltr'><strong>non</strong></span> <span class='ocrx_word' id='word_1_802' title='bbox 1767 5457 1973 5518; x_wconf 88' lang='lat' dir='ltr'><strong>tempo-</strong></span> 
     </span>
    </p>
   </div>
   <div class='ocr_carea' id='block_1_99' title="bbox 453 5620 1973 5694">
    <p class='ocr_par' dir='ltr' id='par_1_99' title="bbox 453 5620 1973 5694">
     <span class='ocr_line' id='line_1_99' title="bbox 453 5620 1973 5694; baseline -0.008 -10"><span class='ocrx_word' id='word_1_803' title='bbox 453 5642 481 5671; x_wconf 78' lang='grc' dir='ltr'>ι</span> <span class='ocrx_word' id='word_1_804' title='bbox 515 5628 669 5683; x_wconf 77' lang='lat' dir='ltr'><strong>Hunc</strong></span> <span class='ocrx_word' id='word_1_805' title='bbox 704 5625 918 5687; x_wconf 82' lang='lat' dir='ltr'><strong>Leporii</strong></span> <span class='ocrx_word' id='word_1_806' title='bbox 964 5623 1205 5694; x_wconf 76' lang='lat' dir='ltr'><strong>libellum</strong></span> <span class='ocrx_word' id='word_1_807' title='bbox 1250 5621 1393 5694; x_wconf 84' lang='lat' dir='ltr'><strong>typis</strong></span> <span class='ocrx_word' id='word_1_808' title='bbox 1441 5620 1680 5694; x_wconf 61' lang='lat' dir='ltr'><strong>vulgavit</strong></span> <span class='ocrx_word' id='word_1_809' title='bbox 1732 5620 1973 5694; x_wconf 76' lang='lat' dir='ltr'><strong>omnium</strong></span> 
     </span>
    </p>
   </div>
   <div class='ocr_carea' id='block_1_100' title="bbox 379 5689 1973 5783">
    <p class='ocr_par' dir='ltr' id='par_1_100' title="bbox 379 5689 1973 5783">
     <span class='ocr_line' id='line_1_100' title="bbox 379 5689 1973 5783; baseline 0 0"><span class='ocrx_word' id='word_1_810' title='bbox 379 5702 594 5783; x_wconf 65' lang='grc' dir='ltr'><strong>ρτίτηιξε</strong></span> <span class='ocrx_word' id='word_1_811' title='bbox 616 5695 957 5783; x_wconf 55' lang='lat' dir='ltr'><strong>Gemmas</strong></span> <span class='ocrx_word' id='word_1_812' title='bbox 985 5689 1582 5783; x_wconf 57' lang='lat' dir='ltr'><strong>CFWEBPE&#39;S&#39;WJE&#39;I&quot;:</strong></span> <span class='ocrx_word' id='word_1_813' title='bbox 1604 5689 1973 5783; x_wconf 55' lang='lat' dir='ltr'><strong>.&#39;.~,.P38;__?9i“</strong></span> 
     </span>
    </p>
   </div>
   <div class='ocr_carea' id='block_1_101' title="bbox 383 5762 1977 5832">
    <p class='ocr_par' dir='ltr' id='par_1_101' title="bbox 383 5762 1977 5832">
     <span class='ocr_line' id='line_1_101' title="bbox 383 5762 1977 5832; baseline -0.009 -5"><span class='ocrx_word' id='word_1_814' title='bbox 383 5762 631 5827; x_wconf 80' lang='lat' dir='ltr'><strong>invenies</strong></span> <span class='ocrx_word' id='word_1_815' title='bbox 666 5770 841 5824; x_wconf 89' lang='lat' dir='ltr'><strong>locum</strong></span> <span class='ocrx_word' id='word_1_816' title='bbox 875 5767 963 5821; x_wconf 90' lang='lat' dir='ltr'><strong>hic</strong></span> <span class='ocrx_word' id='word_1_817' title='bbox 997 5762 1362 5832; x_wconf 71' lang='lat' dir='ltr'><strong>descriptum;</strong></span> <span class='ocrx_word' id='word_1_818' title='bbox 1412 5776 1572 5832; x_wconf 89' lang='lat' dir='ltr'><strong>quem</strong></span> <span class='ocrx_word' id='word_1_819' title='bbox 1598 5763 1771 5832; x_wconf 70' lang='lat' dir='ltr'><strong>etiam</strong></span> <span class='ocrx_word' id='word_1_820' title='bbox 1794 5762 1977 5815; x_wconf 84' lang='lat' dir='ltr'><strong>lauda-</strong></span> 
     </span>
    </p>
   </div>
   <div class='ocr_carea' id='block_1_102' title="bbox 382 5781 1981 5912">
    <p class='ocr_par' dir='ltr' id='par_1_102' title="bbox 382 5781 1981 5912">
     <span class='ocr_line' id='line_1_102' title="bbox 383 5781 1977 5832; baseline -0.009 -5"><span class='ocrx_word' id='word_1_821' title='bbox 383 5781 631 5827; x_wconf 79' lang='lat' dir='ltr'><strong>tnvenies</strong></span> <span class='ocrx_word' id='word_1_822' title='bbox 666 5781 841 5824; x_wconf 80' lang='lat' dir='ltr'><strong>locum</strong></span> <span class='ocrx_word' id='word_1_823' title='bbox 876 5781 963 5821; x_wconf 85' lang='lat' dir='ltr'><strong>Inc</strong></span> <span class='ocrx_word' id='word_1_824' title='bbox 997 5781 1171 5820; x_wconf 76' lang='lat' dir='ltr'><strong>deseri</strong></span> <span class='ocrx_word' id='word_1_825' title='bbox 1216 5781 1362 5827; x_wconf 78' lang='lat' dir='ltr'><strong>tum;</strong></span> <span class='ocrx_word' id='word_1_826' title='bbox 1412 5781 1572 5832; x_wconf 87' lang='lat' dir='ltr'><strong>quem</strong></span> <span class='ocrx_word' id='word_1_827' title='bbox 1598 5781 1762 5817; x_wconf 75' lang='lat' dir='ltr'><strong>etiam</strong></span> <span class='ocrx_word' id='word_1_828' title='bbox 1794 5781 1977 5815; x_wconf 75' lang='lat' dir='ltr'><strong>ianua-</strong></span> 
     </span>
     <span class='ocr_line' id='line_1_103' title="bbox 382 5781 1981 5912; baseline -0.009 -15"><span class='ocrx_word' id='word_1_829' title='bbox 382 5849 518 5897; x_wconf 86' lang='lat' dir='ltr'><strong>runt</strong></span> <span class='ocrx_word' id='word_1_830' title='bbox 537 5840 830 5912; x_wconf 77' lang='lat' dir='ltr'><strong>Cassianus</strong></span> <span class='ocrx_word' id='word_1_831' title='bbox 852 5838 977 5912; x_wconf 75' lang='lat' dir='ltr'><strong>libr.</strong></span> <span class='ocrx_word' id='word_1_832' title='bbox 1013 5852 1031 5912; x_wconf 58' lang='grc' dir='ltr'><em>ῃ</em></span> <span class='ocrx_word' id='word_1_833' title='bbox 1074 5837 1141 5912; x_wconf 74' lang='lat' dir='ltr'><strong>de</strong></span> <span class='ocrx_word' id='word_1_834' title='bbox 1178 5781 1573 5912; x_wconf 51' lang='lat' dir='ltr'><strong>Yocarn.,_cap.</strong></span> <span class='ocrx_word' id='word_1_835' title='bbox 1620 5835 1712 5912; x_wconf 86' lang='lat' dir='ltr'><strong>_|t,</strong></span> <span class='ocrx_word' id='word_1_836' title='bbox 1735 5826 1981 5912; x_wconf 41' lang='lat' dir='ltr'><strong>{omnes</strong></span> 
     </span>
    </p>
   </div>
   <div class='ocr_carea' id='block_1_103' title="bbox 383 5901 1979 5982">
    <p class='ocr_par' dir='ltr' id='par_1_103' title="bbox 383 5901 1979 5982">
     <span class='ocr_line' id='line_1_104' title="bbox 383 5901 1979 5982; baseline -0.009 -14"><span class='ocrx_word' id='word_1_837' title='bbox 383 5913 658 5968; x_wconf 70' lang='lat' dir='ltr'><strong>secvndus</strong></span> <span class='ocrx_word' id='word_1_838' title='bbox 695 5909 854 5982; x_wconf 84' lang='lat' dir='ltr'><strong>epist.</strong></span> <span class='ocrx_word' id='word_1_839' title='bbox 885 5908 953 5962; x_wconf 90' lang='lat' dir='ltr'><strong>ad</strong></span> <span class='ocrx_word' id='word_1_840' title='bbox 999 5907 1284 5970; x_wconf 79' lang='lat' dir='ltr'><strong>Avienum,</strong></span> <span class='ocrx_word' id='word_1_841' title='bbox 1318 5913 1371 5961; x_wconf 85' lang='lat' dir='ltr'><strong>et</strong></span> <span class='ocrx_word' id='word_1_842' title='bbox 1414 5901 1702 5960; x_wconf 82' lang='lat' dir='ltr'><strong>Facundus</strong></span> <span class='ocrx_word' id='word_1_843' title='bbox 1735 5901 1979 5957; x_wconf 72' lang='lat' dir='ltr'><strong>ilermia~</strong></span> 
     </span>
    </p>
   </div>
   <div class='ocr_carea' id='block_1_104' title="bbox 2006 4670 2057 4731">
    <p class='ocr_par' dir='ltr' id='par_1_104' title="bbox 2006 4670 2057 4731">
     <span class='ocr_line' id='line_1_105' title="bbox 2006 4670 2057 4731; baseline 0 0"><span class='ocrx_word' id='word_1_844' title='bbox 2006 4670 2057 4731; x_wconf 88' lang='lat' dir='ltr'><strong>D</strong></span> 
     </span>
    </p>
   </div>
   <div class='ocr_carea' id='block_1_105' title="bbox 2080 4698 3669 4777">
    <p class='ocr_par' dir='ltr' id='par_1_105' title="bbox 2080 4698 3669 4777">
     <span class='ocr_line' id='line_1_106' title="bbox 2080 4698 3669 4777; baseline 0.009 -25"><span class='ocrx_word' id='word_1_845' title='bbox 2080 4699 2265 4768; x_wconf 86' lang='lat' dir='ltr'><strong>ptione</strong></span> <span class='ocrx_word' id='word_1_846' title='bbox 2284 4698 2479 4765; x_wconf 81' lang='lat' dir='ltr'><strong>Filius,</strong></span> <span class='ocrx_word' id='word_1_847' title='bbox 2503 4698 2597 4755; x_wconf 87' lang='lat' dir='ltr'><strong>sed</strong></span> <span class='ocrx_word' id='word_1_848' title='bbox 2627 4709 2842 4757; x_wconf 90' lang='lat' dir='ltr'><strong>natura.</strong></span> <span class='ocrx_word' id='word_1_849' title='bbox 2892 4702 3116 4760; x_wconf 69' lang='lat' dir='ltr'><strong>Caetera:</strong></span> <span class='ocrx_word' id='word_1_850' title='bbox 3150 4721 3365 4777; x_wconf 86' lang='lat' dir='ltr'><strong>quoque</strong></span> <span class='ocrx_word' id='word_1_851' title='bbox 3401 4717 3669 4766; x_wconf 72' lang='lat' dir='ltr'><strong>creatum</strong></span> 
     </span>
    </p>
   </div>
   <div class='ocr_carea' id='block_1_106' title="bbox 2076 4792 3666 4871">
    <p class='ocr_par' dir='ltr' id='par_1_106' title="bbox 2076 4792 3666 4871">
     <span class='ocr_line' id='line_1_107' title="bbox 2076 4792 3666 4871; baseline 0.007 -26"><span class='ocrx_word' id='word_1_852' title='bbox 2076 4792 2422 4860; x_wconf 85' lang='lat' dir='ltr'><strong>paternitatis</strong></span> <span class='ocrx_word' id='word_1_853' title='bbox 2450 4806 2650 4847; x_wconf 89' lang='lat' dir='ltr'><strong>nomen</strong></span> <span class='ocrx_word' id='word_1_854' title='bbox 2672 4794 2961 4862; x_wconf 85' lang='lat' dir='ltr'><strong>adoptione</strong></span> <span class='ocrx_word' id='word_1_855' title='bbox 3007 4806 3343 4852; x_wconf 87' lang='lat' dir='ltr'><strong>meruerunt.</strong></span> <span class='ocrx_word' id='word_1_856' title='bbox 3394 4797 3666 4871; x_wconf 85' lang='lat' dir='ltr'><strong>Quidquid</strong></span> 
     </span>
    </p>
   </div>
   <div class='ocr_carea' id='block_1_107' title="bbox 2077 4882 3665 4948">
    <p class='ocr_par' dir='ltr' id='par_1_107' title="bbox 2077 4882 3665 4948">
     <span class='ocr_line' id='line_1_108' title="bbox 2077 4882 3665 4948; baseline 0.004 -10"><span class='ocrx_word' id='word_1_857' title='bbox 2077 4892 2256 4938; x_wconf 90' lang='lat' dir='ltr'><strong>autem</strong></span> <span class='ocrx_word' id='word_1_858' title='bbox 2280 4885 2348 4938; x_wconf 85' lang='lat' dir='ltr'><strong>de</strong></span> <span class='ocrx_word' id='word_1_859' title='bbox 2370 4882 2528 4938; x_wconf 88' lang='lat' dir='ltr'><strong>Patre</strong></span> <span class='ocrx_word' id='word_1_860' title='bbox 2552 4892 2608 4939; x_wconf 91' lang='lat' dir='ltr'><strong>et</strong></span> <span class='ocrx_word' id='word_1_861' title='bbox 2626 4882 2765 4939; x_wconf 87' lang='lat' dir='ltr'><strong>Filio</strong></span> <span class='ocrx_word' id='word_1_862' title='bbox 2793 4883 3042 4948; x_wconf 88' lang='lat' dir='ltr'><strong>dicimus,</strong></span> <span class='ocrx_word' id='word_1_863' title='bbox 3072 4886 3174 4941; x_wconf 84' lang='lat' dir='ltr'><strong>hoc</strong></span> <span class='ocrx_word' id='word_1_864' title='bbox 3202 4887 3437 4942; x_wconf 83' lang='lat' dir='ltr'><strong>sciamus</strong></span> <span class='ocrx_word' id='word_1_865' title='bbox 3462 4889 3665 4945; x_wconf 77' lang='lat' dir='ltr'><strong>dictum</strong></span> 
     </span>
    </p>
   </div>
   <div class='ocr_carea' id='block_1_108' title="bbox 2076 4971 3665 5044">
    <p class='ocr_par' dir='ltr' id='par_1_108' title="bbox 2076 4971 3665 5044">
     <span class='ocr_line' id='line_1_109' title="bbox 2076 4971 3665 5044; baseline 0.001 -13"><span class='ocrx_word' id='word_1_866' title='bbox 2076 4990 2199 5031; x_wconf 89' lang='lat' dir='ltr'><strong>esse</strong></span> <span class='ocrx_word' id='word_1_867' title='bbox 2228 4975 2295 5029; x_wconf 89' lang='lat' dir='ltr'><strong>de</strong></span> <span class='ocrx_word' id='word_1_868' title='bbox 2318 4971 2522 5044; x_wconf 89' lang='lat' dir='ltr'><strong>Spiritu</strong></span> <span class='ocrx_word' id='word_1_869' title='bbox 2551 4982 2758 5029; x_wconf 84' lang='lat' dir='ltr'><strong>sancto.</strong></span> <span class='ocrx_word' id='word_1_870' title='bbox 2792 4973 2926 5029; x_wconf 83' lang='lat' dir='ltr'><strong>Nam</strong></span> <span class='ocrx_word' id='word_1_871' title='bbox 2969 4982 3023 5029; x_wconf 84' lang='lat' dir='ltr'><strong>et</strong></span> <span class='ocrx_word' id='word_1_872' title='bbox 3058 4973 3307 5030; x_wconf 83' lang='lat' dir='ltr'><strong>Salvator</strong></span> <span class='ocrx_word' id='word_1_873' title='bbox 3332 4985 3519 5032; x_wconf 86' lang='lat' dir='ltr'><strong>noster</strong></span> <span class='ocrx_word' id='word_1_874' title='bbox 3565 4976 3665 5032; x_wconf 82' lang='lat' dir='ltr'><strong>Pa-</strong></span> 
     </span>
    </p>
   </div>
   <div class='ocr_carea' id='block_1_109' title="bbox 2078 5062 3669 5139">
    <p class='ocr_par' dir='ltr' id='par_1_109' title="bbox 2078 5062 3669 5139">
     <span class='ocr_line' id='line_1_110' title="bbox 2078 5062 3669 5139; baseline 0.001 -18"><span class='ocrx_word' id='word_1_875' title='bbox 2078 5076 2218 5122; x_wconf 88' lang='lat' dir='ltr'><strong>trem</strong></span> <span class='ocrx_word' id='word_1_876' title='bbox 2243 5081 2366 5123; x_wconf 88' lang='lat' dir='ltr'><strong>esse</strong></span> <span class='ocrx_word' id='word_1_877' title='bbox 2392 5081 2451 5122; x_wconf 87' lang='lat' dir='ltr'><strong>se</strong></span> <span class='ocrx_word' id='word_1_878' title='bbox 2480 5066 2631 5120; x_wconf 84' lang='lat' dir='ltr'><strong>novit</strong></span> <span class='ocrx_word' id='word_1_879' title='bbox 2653 5065 2841 5121; x_wconf 80' lang='lat' dir='ltr'><strong>dieens</strong></span> <span class='ocrx_word' id='word_1_880' title='bbox 2870 5083 2882 5118; x_wconf 91' lang='lat'>:</span> <span class='ocrx_word' id='word_1_881' title='bbox 2912 5062 3044 5129; x_wconf 82' lang='lat' dir='ltr'><strong>Fili,</strong></span> <span class='ocrx_word' id='word_1_882' title='bbox 3070 5065 3407 5121; x_wconf 83' lang='lat' dir='ltr'><strong>dimittuntur</strong></span> <span class='ocrx_word' id='word_1_883' title='bbox 3435 5069 3527 5122; x_wconf 75' lang='lat' dir='ltr'><strong>tibi</strong></span> <span class='ocrx_word' id='word_1_884' title='bbox 3548 5085 3669 5139; x_wconf 71' lang='lat' dir='ltr'><strong>pec—</strong></span> 
     </span>
    </p>
   </div>
   <div class='ocr_carea' id='block_1_110' title="bbox 2075 5156 3666 5229">
    <p class='ocr_par' dir='ltr' id='par_1_110' title="bbox 2075 5156 3666 5229">
     <span class='ocr_line' id='line_1_111' title="bbox 2075 5156 3666 5229; baseline -0.001 -16"><span class='ocrx_word' id='word_1_885' title='bbox 2075 5170 2196 5213; x_wconf 85' lang='lat' dir='ltr'><strong>cata</strong></span> <span class='ocrx_word' id='word_1_886' title='bbox 2226 5156 2421 5229; x_wconf 75' lang='lat' dir='ltr'><strong>(Marc.</strong></span> <span class='ocrx_word' id='word_1_887' title='bbox 2455 5173 2493 5212; x_wconf 86' lang='lat' dir='ltr'><strong>ll</strong></span> <span class='ocrx_word' id='word_1_888' title='bbox 2513 5198 2528 5222; x_wconf 90' lang='lat'><strong>,</strong></span> <span class='ocrx_word' id='word_1_889' title='bbox 2554 5156 2631 5226; x_wconf 79' lang='lat'><strong>5).</strong></span> <span class='ocrx_word' id='word_1_890' title='bbox 2660 5157 2727 5211; x_wconf 86' lang='lat' dir='ltr'><strong>Et</strong></span> <span class='ocrx_word' id='word_1_891' title='bbox 2750 5172 2765 5211; x_wconf 84' lang='lat'><strong>:</strong></span> <span class='ocrx_word' id='word_1_892' title='bbox 2797 5156 2961 5223; x_wconf 83' lang='lat' dir='ltr'><strong>Filia,</strong></span> <span class='ocrx_word' id='word_1_893' title='bbox 2983 5157 3113 5226; x_wconf 80' lang='lat' dir='ltr'><strong>ﬁdes</strong></span> <span class='ocrx_word' id='word_1_894' title='bbox 3140 5166 3230 5211; x_wconf 85' lang='lat' dir='ltr'><strong>tua</strong></span> <span class='ocrx_word' id='word_1_895' title='bbox 3258 5166 3306 5211; x_wconf 85' lang='lat' dir='ltr'><strong>te</strong></span> <span class='ocrx_word' id='word_1_896' title='bbox 3324 5156 3523 5213; x_wconf 79' lang='lat' dir='ltr'><strong>salvam</strong></span> <span class='ocrx_word' id='word_1_897' title='bbox 3542 5156 3666 5227; x_wconf 78' lang='lat' dir='ltr'><strong>fecit</strong></span> 
     </span>
    </p>
   </div>
   <div class='ocr_carea' id='block_1_111' title="bbox 2077 5248 3662 5326">
    <p class='ocr_par' dir='ltr' id='par_1_111' title="bbox 2077 5248 3662 5326">
     <span class='ocr_line' id='line_1_112' title="bbox 2077 5248 3662 5326; baseline -0.001 -19"><span class='ocrx_word' id='word_1_898' title='bbox 2077 5251 2312 5326; x_wconf 76' lang='lat' dir='ltr'><strong>(Matth.</strong></span> <span class='ocrx_word' id='word_1_899' title='bbox 2350 5266 2426 5316; x_wconf 82' lang='lat' dir='ltr'><strong>Ix,</strong></span> <span class='ocrx_word' id='word_1_900' title='bbox 2449 5250 2520 5305; x_wconf 56' lang='grc' dir='ltr'>ᾖ</span> <span class='ocrx_word' id='word_1_901' title='bbox 2542 5249 2581 5322; x_wconf 91' lang='grc'><strong>).</strong></span> <span class='ocrx_word' id='word_1_902' title='bbox 2637 5249 2703 5303; x_wconf 87' lang='lat' dir='ltr'><strong>Et</strong></span> <span class='ocrx_word' id='word_1_903' title='bbox 2733 5267 2747 5303; x_wconf 88' lang='lat'><strong>:</strong></span> <span class='ocrx_word' id='word_1_904' title='bbox 2782 5248 2966 5305; x_wconf 77' lang='lat' dir='ltr'><strong>Filioii</strong></span> <span class='ocrx_word' id='word_1_905' title='bbox 3019 5251 3143 5317; x_wconf 82' lang='lat' dir='ltr'><strong>mei,</strong></span> <span class='ocrx_word' id='word_1_906' title='bbox 3177 5252 3350 5305; x_wconf 79' lang='lat' dir='ltr'><strong>adhuc</strong></span> <span class='ocrx_word' id='word_1_907' title='bbox 3398 5250 3662 5305; x_wconf 67' lang='lat' dir='ltr'><strong>modicum</strong></span> 
     </span>
    </p>
   </div>
   <div class='ocr_carea' id='block_1_112' title="bbox 2076 5339 3665 5414">
    <p class='ocr_par' dir='ltr' id='par_1_112' title="bbox 2076 5339 3665 5414">
     <span class='ocr_line' id='line_1_113' title="bbox 2076 5339 3665 5414; baseline -0.004 -12"><span class='ocrx_word' id='word_1_908' title='bbox 2076 5345 2339 5401; x_wconf 79' lang='lat' dir='ltr'><strong>vobiscum</strong></span> <span class='ocrx_word' id='word_1_909' title='bbox 2367 5360 2484 5397; x_wconf 72' lang='lat' dir='ltr'><strong>sum</strong></span> <span class='ocrx_word' id='word_1_910' title='bbox 2514 5342 2697 5414; x_wconf 84' lang='lat' dir='ltr'><strong>(Joan.</strong></span> <span class='ocrx_word' id='word_1_911' title='bbox 2725 5356 2846 5407; x_wconf 78' lang='lat' dir='ltr'><strong>xm,</strong></span> <span class='ocrx_word' id='word_1_912' title='bbox 2877 5342 2986 5411; x_wconf 73' lang='lat' dir='ltr'><strong>i3).</strong></span> <span class='ocrx_word' id='word_1_913' title='bbox 3020 5341 3085 5397; x_wconf 78' lang='lat' dir='ltr'><strong>Et</strong></span> <span class='ocrx_word' id='word_1_914' title='bbox 3114 5356 3212 5411; x_wconf 84' lang='lat' dir='ltr'><strong>per</strong></span> <span class='ocrx_word' id='word_1_915' title='bbox 3244 5339 3508 5411; x_wconf 81' lang='lat' dir='ltr'><strong>Spiritum</strong></span> <span class='ocrx_word' id='word_1_916' title='bbox 3539 5355 3665 5397; x_wconf 80' lang='lat' dir='ltr'><strong>ssn-</strong></span> 
     </span>
    </p>
   </div>
   <div class='ocr_carea' id='block_1_113' title="bbox 2077 5430 3278 5502">
    <p class='ocr_par' dir='ltr' id='par_1_113' title="bbox 2077 5430 3278 5502">
     <span class='ocr_line' id='line_1_114' title="bbox 2077 5430 3278 5502; baseline -0.005 -13"><span class='ocrx_word' id='word_1_917' title='bbox 2077 5444 2222 5489; x_wconf 84' lang='lat' dir='ltr'><strong>ctum</strong></span> <span class='ocrx_word' id='word_1_918' title='bbox 2244 5433 2374 5502; x_wconf 90' lang='lat' dir='ltr'><strong>justi</strong></span> <span class='ocrx_word' id='word_1_919' title='bbox 2408 5433 2607 5502; x_wconf 87' lang='lat' dir='ltr'><strong>quique</strong></span> <span class='ocrx_word' id='word_1_920' title='bbox 2636 5431 2961 5499; x_wconf 87' lang='lat' dir='ltr'><strong>adoptantur</strong></span> <span class='ocrx_word' id='word_1_921' title='bbox 2985 5432 3038 5485; x_wconf 93' lang='lat' dir='ltr'><strong>in</strong></span> <span class='ocrx_word' id='word_1_922' title='bbox 3065 5430 3220 5485; x_wconf 87' lang='lat' dir='ltr'><strong>ﬁlios.</strong></span> <span class='ocrx_word' id='word_1_923' title='bbox 3259 5449 3278 5483; x_wconf 76' lang='grc' dir='ltr'><strong><em>ι</em></strong></span> 
     </span>
    </p>
   </div>
   <div class='ocr_carea' id='block_1_114' title="bbox 2082 5608 2719 5673">
    <p class='ocr_par' dir='ltr' id='par_1_114' title="bbox 2082 5608 2719 5673">
     <span class='ocr_line' id='line_1_115' title="bbox 2082 5608 2719 5673; baseline -0.013 -4"><span class='ocrx_word' id='word_1_924' title='bbox 2082 5614 2262 5671; x_wconf 80' lang='lat' dir='ltr'><strong>nensis</strong></span> <span class='ocrx_word' id='word_1_925' title='bbox 2291 5612 2418 5667; x_wconf 87' lang='lat' dir='ltr'><strong>libr.</strong></span> <span class='ocrx_word' id='word_1_926' title='bbox 2450 5626 2489 5673; x_wconf 87' lang='lat' dir='ltr'><strong>l,</strong></span> <span class='ocrx_word' id='word_1_927' title='bbox 2517 5623 2639 5673; x_wconf 90' lang='lat' dir='ltr'><strong>cap.</strong></span> <span class='ocrx_word' id='word_1_928' title='bbox 2667 5608 2719 5662; x_wconf 71' lang='grc'><strong>4.</strong></span> 
     </span>
    </p>
   </div>
   <div class='ocr_carea' id='block_1_115' title="bbox 2153 5676 3663 5753">
    <p class='ocr_par' dir='ltr' id='par_1_115' title="bbox 2153 5676 3663 5753">
     <span class='ocr_line' id='line_1_116' title="bbox 2153 5676 3663 5753; baseline -0.002 -17"><span class='ocrx_word' id='word_1_929' title='bbox 2153 5686 2181 5726; x_wconf 76' lang='grc'><strong>1⁵</strong></span> <span class='ocrx_word' id='word_1_930' title='bbox 2241 5683 2515 5737; x_wconf 83' lang='lat' dir='ltr'><strong>Victorem</strong></span> <span class='ocrx_word' id='word_1_931' title='bbox 2573 5676 2887 5753; x_wconf 73' lang='lat' dir='ltr'><strong>Cajmanum</strong></span> <span class='ocrx_word' id='word_1_932' title='bbox 2949 5676 3125 5753; x_wconf 82' lang='lat' dir='ltr'><strong>simile</strong></span> <span class='ocrx_word' id='word_1_933' title='bbox 3198 5678 3324 5747; x_wconf 82' lang='lat' dir='ltr'><strong>quid</strong></span> <span class='ocrx_word' id='word_1_934' title='bbox 3364 5676 3663 5753; x_wconf 59' lang='lat' dir='ltr'><strong>scripsisse</strong></span> 
     </span>
    </p>
   </div>
   <div class='ocr_carea' id='block_1_116' title="bbox 2084 5741 3653 5823">
    <p class='ocr_par' dir='ltr' id='par_1_116' title="bbox 2084 5741 3653 5823">
     <span class='ocr_line' id='line_1_117' title="bbox 2084 5741 3653 5823; baseline -0.006 -10"><span class='ocrx_word' id='word_1_935' title='bbox 2084 5768 2246 5813; x_wconf 89' lang='lat' dir='ltr'><strong>nemo</strong></span> <span class='ocrx_word' id='word_1_936' title='bbox 2274 5754 2413 5807; x_wconf 85' lang='lat' dir='ltr'><strong>alius</strong></span> <span class='ocrx_word' id='word_1_937' title='bbox 2442 5741 2687 5823; x_wconf 70' lang='lat' dir='ltr'><strong>veterum</strong></span> <span class='ocrx_word' id='word_1_938' title='bbox 2716 5750 3188 5823; x_wconf 17' lang='lat' dir='ltr'><strong>velgrecentiornm</strong></span> <span class='ocrx_word' id='word_1_939' title='bbox 3217 5741 3653 5823; x_wconf 46' lang='lat' dir='ltr'><strong>uteminih&#39;onm</strong></span> 
     </span>
    </p>
   </div>
   <div class='ocr_carea' id='block_1_117' title="bbox 2086 5817 3654 5899">
    <p class='ocr_par' dir='ltr' id='par_1_117' title="bbox 2086 5817 3654 5899">
     <span class='ocr_line' id='line_1_118' title="bbox 2086 5817 3654 5899; baseline -0.008 -18"><span class='ocrx_word' id='word_1_940' title='bbox 2086 5835 2513 5899; x_wconf 67' lang='lat' dir='ltr'><strong>propteroperae</strong></span> <span class='ocrx_word' id='word_1_941' title='bbox 2535 5821 2768 5899; x_wconf 82' lang='lat' dir='ltr'><strong>pretium</strong></span> <span class='ocrx_word' id='word_1_942' title='bbox 2798 5819 2956 5876; x_wconf 78' lang='lat' dir='ltr'><strong>merit</strong></span> <span class='ocrx_word' id='word_1_943' title='bbox 2987 5820 3050 5872; x_wconf 80' lang='lat' dir='ltr'><strong>de</strong></span> <span class='ocrx_word' id='word_1_944' title='bbox 3101 5822 3201 5875; x_wconf 84' lang='lat' dir='ltr'><strong>hoc</strong></span> <span class='ocrx_word' id='word_1_945' title='bbox 3232 5832 3392 5889; x_wconf 74' lang='lat' dir='ltr'><strong>apere</strong></span> <span class='ocrx_word' id='word_1_946' title='bbox 3429 5817 3654 5869; x_wconf 62' lang='lat' dir='ltr'><strong>Vit-toris</strong></span> 
     </span>
    </p>
   </div>
   <div class='ocr_carea' id='block_1_118' title="bbox 2088 5892 2719 5969">
    <p class='ocr_par' dir='ltr' id='par_1_118' title="bbox 2088 5892 2719 5969">
     <span class='ocr_line' id='line_1_119' title="bbox 2088 5892 2719 5969; baseline -0.013 -17"><span class='ocrx_word' id='word_1_947' title='bbox 2088 5892 2399 5969; x_wconf 71' lang='lat' dir='ltr'><strong>diligentius</strong></span> <span class='ocrx_word' id='word_1_948' title='bbox 2425 5892 2719 5961; x_wconf 83' lang='lat' dir='ltr'><strong>inquirere.</strong></span> 
     </span>
    </p>
   </div>
  </div>
