4346 6610
742 311 833 363 ill

1583 313 1646 366 Β.
1688 312 1749 368 F.
1793 311 2019 369 ALBINI
2059 312 2191 371 SEU
2229 311 2508 371 ALCUINI
2564 313 2849 373 OPERUM
2883 317 3062 375 PARS
3099 317 3186 374 III.

3918 317 4047 375 ἨΞ

809 422 941 478 LVI.
990 422 1100 480 Nec
1135 438 1242 480 non
1273 431 1327 480 et
1362 423 1685 480 Ambrosius
1731 424 2151 482 Mediolanensis
2179 424 2331 482 urbis
2359 432 2411 493 Α
2435 428 2660 486 alterius
2710 429 2903 504 Hdde,
2931 431 3212 504 populum]
3251 430 3460 487 salvum
3511 431 3691 488 faciet.
3743 430 3934 490 Unde?
3991 435 4046 489 Α

738 517 1180 588 archiepiscopus
1213 517 1267 571 in
1312 518 1450 572 libro
1476 518 1545 572 ad
1571 517 1891 572 Gratianum
1945 517 2329 588 imperatorem

737 612 945 667 directo
983 611 1062 666 sic
1111 611 1188 665 ait
1231 621 1257 651 α
1297 624 1310 664 :
1351 626 1370 661 ι
1415 609 1610 678 ρυωεο
1661 609 1858 682 [Edit.,
1887 609 2092 682 quaero]
2146 619 2330 665 autem

739 702 884 775 [cur]
912 719 1020 758 non
1061 709 1254 772 putent
1286 701 1718 758 subaudiendum
1749 709 1804 756 et
1845 714 1910 756 ex
1957 701 2330 770 superioribus

736 795 1128 864 colligendum;
1176 801 1258 857 ut,
1286 793 1413 863 quia
1443 793 1708 863 praemisit
1737 792 1910 849 solum
1940 807 2132 849 verum
2158 792 2332 848 Deum

739 885 977 948 Patrem,
1005 884 1394 939 subaudiamus
1416 884 1579 938 etiam
1607 882 1792 940 Jesum
1832 883 2115 940 Christum
2154 884 2331 940 solum

735 991 926 1033 verum
954 977 1160 1031 Deum?
1210 976 1636 1046 Exprimendum
1665 977 1809 1032 enim
1846 974 2006 1031 aliter
2054 991 2161 1031 non
2207 975 2328 1041 fuit,

734 1083 807 1123 ne
828 1068 967 1124 duos
994 1068 1176 1123 dicere
1201 1066 1498 1122 videretur.
1536 1066 1672 1121 Nam
1713 1081 1889 1138 neque
1929 1068 2065 1122 duos
2101 1066 2336 1123 dicimus

741 1158 911 1225 Deos;
932 1167 988 1213 et
1011 1156 1254 1226 ejusdem
1276 1172 1400 1214 cum
1426 1155 1588 1212 Patre
1613 1155 1957 1230 [divinitatis]
1985 1157 2181 1213 Filium
2204 1172 2336 1213 con-

738 1250 978 1304 ﬁtemur.
1023 1250 1213 1319 Itaque
1261 1263 1588 1319 qureramus,
1618 1263 1724 1318 qua
1774 1249 1984 1304 ratione
2034 1247 2336 1304 divinitatis

737 1343 829 1399 hic
865 1351 1056 1414 putent
1083 1343 1280 1399 factam
1306 1358 1428 1400 esse
1454 1342 1793 1410 distantiam,
1818 1351 2000 1399 utrum
2042 1343 2216 1398 Deum
2243 1358 2336 1400 ne-

737 1443 867 1508 gent
891 1435 1200 1492 Christum?
1229 1435 1338 1491 Sed
1361 1451 1563 1506 negare
1583 1449 1691 1490 non
1716 1445 1965 1507 possunt.
1988 1434 2098 1489 Aut
2129 1433 2331 1509 [Edit.,

735 1525 844 1600 An]
872 1542 1064 1583 verum
1092 1526 1263 1581 Deum
1295 1527 1533 1597 negent?
1579 1524 1686 1581 Sed
1711 1527 1915 1592 dicant,
1940 1526 1988 1581 si
2020 1539 2208 1580 verum
2238 1540 2333 1582 ne-

736 1629 886 1692 gant,
919 1629 1102 1676 utrum
1155 1620 1374 1686 falsum,
1417 1637 1486 1676 an
1526 1623 1950 1692 nuncupativum
1981 1622 2148 1677 Deum
2181 1620 2333 1691 judi-

738 1713 900 1768 cent?
925 1712 1060 1766 Nam
1088 1712 1386 1767 secundum
1415 1711 1732 1783 Scripturas
1758 1721 1851 1768 aut
1869 1728 2032 1768 verus
2058 1714 2202 1768 Deus
2224 1721 2330 1779 est,

2430 524 2669 593 peccatis
2697 538 2906 579 eorum.
2940 525 3076 580 Esse
3126 524 3318 593 Deum,
3344 525 3436 597 qui
3482 534 3704 595 peccata
3749 526 3948 593 donat,
3988 528 4044 582 si

2429 612 2757 670 Christianis
2775 630 2882 671 non
2912 616 3284 682 credis,crede
3307 615 3679 672 infidelissime
3704 616 3793 673 vel
3819 614 4047 676 Iudaeis

2430 703 2777 762 dicentibus:
2809 705 2942 762 Cum
2992 708 3064 762 sis
3110 707 3288 772 homo,
3315 707 3448 777 facis
3503 708 3724 775 teipsum
3782 707 3965 765 Deum
4020 723 4041 762 :

2431 810 2580 850 nemo
2601 805 2766 866 potest
2786 806 2999 870 peccata
3019 797 3278 854 dimittere
3291 798 3392 854 nisi
3412 799 3556 856 solus
3581 799 3724 855 Deus
3755 798 3952 874 (Joan.
3979 815 4043 858 Χ.

2431 885 2533 954 35;
2576 886 2750 943 Marc.
2780 905 2844 956 ιι,
2872 889 2948 964 7).
2999 888 3085 944 Illi
3133 903 3260 945 eum
3302 899 3506 962 negant
3549 890 3744 958 Deum,
3778 890 4044 962 quicum

2429 987 2654 1048 peccata
2674 980 2991 1048 dimitteret,
3015 997 3125 1037 non
3149 980 3466 1038 credebant.
3494 981 3574 1037 Tu
3605 983 3674 1038 ab
3707 995 3777 1038 eo
3821 980 4042 1038 dimitti

2433 1072 2632 1136 credis,
2659 1078 2715 1127 et
2743 1071 2916 1128 Deum
2943 1073 3160 1129 dubitas
3193 1072 3462 1130 conﬁteri.
3485 1073 3724 1131 Verbum
3763 1087 3896 1131 caro
3950 1071 4040 1130 fa-

2433 1171 2581 1217 ctum
2609 1170 2715 1229 est,
2742 1171 2804 1218 ut
2852 1164 3018 1221 homo
3066 1179 3192 1220 caro
3239 1172 3656 1235 promoveretur
3699 1163 3756 1220 in
3791 1164 4042 1236 gloriam

2435 1252 2552 1317 Dei,
2584 1268 2692 1308 non
2718 1262 2779 1309 ut
2825 1254 2969 1310 Deus
3004 1262 3311 1310 verteretur
3337 1255 3393 1310 in
3437 1270 3683 1322 carnem,
3706 1255 3850 1310 sicut
3893 1254 4042 1310 dicit

2431 1346 2876 1417 ApostoluszQui
2905 1361 2965 1404 se
2985 1347 3162 1419 jungit
3195 1348 3421 1405 Domino
3449 1363 3592 1404 unus
3616 1348 3843 1419 spiritus
3867 1355 3981 1403 est.
4013 1365 4036 1398 ι

2435 1436 2900 1506 Quemadmodum
2937 1438 3080 1494 idem
3110 1453 3328 1509 quoque
3357 1439 3411 1493 in
3449 1437 3620 1494 altera
3658 1437 3883 1494 homilia
3927 1446 3968 1478 α
4021 1455 4038 1491 :

2441 1547 2460 1580 ι
2488 1527 2660 1585 Homo
2697 1538 2783 1584 est
2808 1529 2989 1585 anima
3022 1537 3078 1585 et
3111 1544 3245 1586 caro
3279 1548 3293 1584 :
3324 1529 3405 1586 sic
3431 1537 3579 1586 esset
3600 1528 3854 1586 Christus
3882 1526 4042 1585 Deus

2434 1628 2493 1676 et
2510 1622 2675 1677 homo
2709 1621 2889 1676 :idem
2912 1620 3080 1688 Deus,
3107 1622 3200 1693 qui
3247 1621 3431 1688 homo,
3463 1630 3520 1677 et
3561 1620 3658 1691 qui
3685 1618 3830 1676 Deus
3881 1618 4043 1675 idem

2435 1712 2622 1775 homo,
2643 1727 2751 1767 non
2781 1712 3099 1768 confusione
3138 1721 3376 1778 naturae,
3398 1712 3496 1770 sed
3522 1713 3731 1769 unitate
3757 1725 4040 1782 persona.

739 1812 834 1857 aut
860 1803 1231 1859 tantummodo
1263 1804 1681 1872 nuncupativus,
1707 1812 1800 1858 aut
1827 1803 2016 1860 falsus.
2046 1805 2238 1871 Verus,
2268 1813 2328 1861 ut
2360 1800 2409 1863 B
2435 1804 2679 1876 Denique
2717 1805 2810 1875 qui
2846 1805 3020 1862 Filius
3047 1805 3143 1863 Dei
3170 1806 3522 1877 generatione
3549 1811 3858 1862 coaeternus
3882 1819 4040 1861 sem-

737 1896 926 1962 Pater;
956 1896 1379 1967 nuncupativus,
1405 1904 1467 1950 ut
1488 1897 1703 1963 sancti;
1740 1895 1932 1962 faisus,
1955 1904 2017 1952 ut
2057 1898 2340 1953 daemones

736 1993 899 2055 atque
925 1985 1234 2041 simulacra.
1265 1982 1458 2040 Dicant
1485 1986 1651 2058 igitur
1674 2003 1781 2056 qua
1823 1985 2019 2042 Filium
2065 1987 2160 2044 Dei
2207 2003 2343 2043 con-t

735 2075 974 2132 fessione
1004 2077 1319 2148 designent;
1375 2085 1562 2133 utrum
1619 2077 1758 2134 falso
1808 2087 2142 2150 praereptum
2197 2077 2331 2152 [Al.,

734 2168 1154 2241 praesumptum]
1186 2167 1284 2225 Dei
1312 2185 1529 2236 nomen,
1557 2186 1626 2226 an
1649 2185 1780 2227 vero
1812 2190 1824 2225 :
1865 2171 1974 2227 Aut
1999 2172 2154 2242 quasi
2196 2187 2336 2228 nun-

735 2262 993 2332 cupativo
1019 2262 1430 2331 inspirationem
1455 2269 1668 2318 tantum
1694 2263 1995 2320 divinitatis
2024 2264 2204 2320 inesse
2239 2278 2340 2318 ar-

731 2352 1042 2410 bitrentur?
1086 2353 1248 2409 Falso
1289 2361 1615 2424 praereptum
1663 2370 1862 2411 nomen
1888 2372 1996 2411 non
2029 2363 2160 2428 puto
2191 2355 2334 2426 quod

733 2444 939 2508 dicant,
969 2454 1030 2500 ut
1059 2448 1333 2516 apertiore
1359 2464 1418 2504 se
1444 2449 1675 2505 crimine
1713 2449 2008 2522 impietatis
2038 2450 2330 2515 involvam,

736 2549 807 2590 ne
837 2543 898 2590 ut
929 2537 1212 2593 daemoniis
1237 2545 1292 2593 et
1317 2538 1641 2603 simulacris,
1669 2541 1746 2594 ita
1773 2539 1942 2595 etiam
1978 2537 2201 2595 Christo
2240 2538 2336 2595 fal-

733 2642 857 2682 sum
887 2627 987 2682 Dei
1016 2628 1250 2683 inditum
1275 2643 1477 2685 nomen
1504 2629 1831 2686 insinuando
1859 2644 1918 2684 se
1969 2629 2222 2700 prodant.
2275 2627 2333 2685 Si

733 2726 919 2773 autem
949 2718 1073 2775 ideo
1097 2719 1269 2775 Deum
1299 2727 1494 2790 putant
1515 2720 1740 2786 dictum,
1765 2721 1893 2791 quia
1918 2720 2332 2791 inspirationem

735 2808 1039 2865 divinitatis
1063 2809 1272 2873 habuit,
1294 2809 1436 2864 sicut
1465 2817 1522 2865 et
1545 2809 1698 2866 multi
1721 2812 1893 2866 sancti
1915 2810 2018 2866 viri
2046 2809 2159 2884 (eos
2185 2809 2332 2867 enim

732 2897 1017 2970 Scriptura
1033 2899 1174 2955 Deos
1196 2899 1354 2965 dixit,
1373 2899 1439 2954 ad
1456 2913 1596 2970 quos
1611 2901 1772 2973 777
1791 2916 1973 2957 sermo
2000 2901 2163 2958 ﬁebat
2189 2899 2329 2974 Dei).

733 2991 881 3065 Ergo
910 3005 1016 3046 non
1047 2990 1189 3046 ultra
1219 2990 1470 3047 homines
1499 3006 1622 3046 eum
1654 2991 1972 3063 praeferunt,
1995 2994 2090 3049 sed
2115 3007 2336 3062 compa-

736 3083 968 3139 randum
992 3083 1308 3139 hominibus
1347 3083 1708 3150 arbitrantur,
1741 3092 1801 3140 ut
1824 3085 1929 3142 hoc
1970 3099 2095 3142 eum
2139 3093 2336 3156 putent

731 3189 875 3239 esse,
900 3174 1046 3245 quod
1077 3174 1389 3231 hominibus
1412 3175 1529 3244 ipse
1552 3175 1792 3231 donavit.
1829 3196 1853 3229 ο
1896 3176 2028 3232 Item
2058 3179 2175 3249 ipse
2208 3184 2331 3247 post
2357 3168 2405 3232 Β

731 3281 946 3334 pauca:
983 3283 1002 3318 ι
1035 3263 1288 3333 Quicum
1318 3265 1510 3336 legerit
1537 3264 1730 3339 [Edit.,
1757 3266 1984 3339 legeret]
2021 3268 2076 3324 in
2122 3268 2334 3337 psalmo

737 3356 978 3413 secundo
998 3357 1270 3414 dicentem
1294 3356 1434 3412 Filio
1459 3355 1680 3413 Patrem
1711 3377 1725 3412 :
1757 3357 1932 3414 Filius
1973 3375 2121 3413 meus
2159 3374 2214 3413 es
2252 3369 2329 3425 tu,

733 3467 828 3523 ego
873 3450 1030 3506 hodie
1073 3452 1231 3522 genui
1289 3459 1340 3505 te
1376 3447 1549 3524 (Psal.
1586 3467 1659 3518 ιι,
1691 3450 1778 3522 7);
1831 3450 2110 3506 adnotavit
2157 3450 2331 3517 hodie,

737 3558 848 3598 non
875 3543 1016 3609 heri,
1050 3543 1118 3599 ad
1147 3542 1511 3598 aeternitatem
1541 3543 1738 3598 divinae
1775 3543 2146 3614 generationis
2193 3542 2336 3598 refe-

736 3651 886 3698 rens,
914 3635 1060 3706 quod
1090 3635 1158 3691 de
1187 3635 1370 3691 carnis
1409 3637 1780 3707 assumptione
1822 3643 2183 3693 memoratum
2228 3643 2335 3691 est.

737 3725 944 3782 Sancto
973 3724 1140 3796 igitur
1168 3724 1375 3795 Spiritu
1426 3725 1664 3796 repletus
1717 3726 2026 3796 Apostolus,
2074 3733 2137 3780 ut
2185 3725 2334 3781 illam

731 3815 962 3876 elideret
988 3818 1308 3882 suavitatem,
1333 3819 1411 3874 ait
1444 3833 1460 3874 :
1490 3818 1622 3874 Heri
1649 3830 1697 3874 et
1719 3820 1874 3875 hodie
1901 3821 2010 3891 ipse
2035 3831 2110 3877 est
2142 3822 2198 3877 in
2224 3838 2328 3877 sa:—

731 3909 858 3965 cula
893 3908 1080 3976 (Hebr.
1111 3925 1230 3974 xui,
1262 3909 1339 3981 8).
1369 3909 1522 3975 Heri,
1547 3919 1773 3981 propter
1793 3912 2183 3979 aeternitatem;
2231 3912 2329 3967 ho-

735 4002 841 4068 die,
854 4011 1080 4074 propter
1091 4003 1337 4074 corporis
1354 4005 1778 4076 susceptionem.
1803 4005 1901 4060 Est
1919 4021 2049 4077 ergo
2063 4005 2334 4074 Christus,

735 4101 792 4150 et
812 4104 894 4150 est
917 4110 1164 4167 semper;
1192 4095 1286 4168 qui
1307 4097 1453 4151 enim
1479 4106 1590 4161 est,
1627 4111 1844 4168 semper
1879 4107 1982 4154 est.
2026 4118 2044 4152 ι

806 4184 962 4241 LVII.
990 4186 1124 4242 Item
1151 4203 1370 4259 quoque
1395 4188 1451 4244 in
1480 4188 1746 4247 Sermone
1767 4191 1831 4246 de
1843 4190 2024 4247 Natali
2048 4192 2262 4248 Domini
2280 4193 2332 4248 δε

742 4296 762 4327 ‹
804 4275 1042 4331 Audiant
1070 4278 1166 4348 qui
1197 4279 1483 4348 requirunt
1519 4281 1643 4350 quis
1681 4289 1765 4337 est
1808 4283 1902 4352 qui
1941 4291 2103 4338 natus
2146 4291 2230 4339 est
2266 4284 2334 4340 de

740 4368 944 4424 Maria?
981 4367 1168 4426 Pariet
1208 4370 1430 4438 Filium,
1473 4372 1650 4443 inquit
1694 4375 1939 4446 angelus,
1966 4385 2021 4431 et
2065 4378 2336 4434 vocabunt

2436 1913 2534 1968 per
2570 1913 2638 1952 ex
2669 1897 2850 1964 Patre,
2880 1897 3023 1953 idem
3051 1895 3221 1953 Filius
3239 1896 3476 1954 hominis
3499 1912 3622 1954 esse
3640 1896 3809 1968 coepit
3833 1910 3903 1953 ex
3927 1895 4047 1952 vir-

2436 1990 2581 2061 gine,
2612 2004 2676 2044 ac
2697 1989 2776 2045 sic
2796 1989 2960 2045 etiam
2987 1988 3114 2045 Filii
3131 1987 3401 2045 divinitati
3429 1996 3518 2045 est
3558 1989 3740 2044 addita
3781 1986 4046 2044 humani-

2437 2090 2541 2144 tas.
2574 2090 2631 2138 et
2667 2090 2851 2138 tamen
2876 2096 2982 2137 non
3019 2089 3104 2138 est
3126 2094 3482 2152 personarum
3501 2078 3646 2137 facta
3666 2079 4042 2151 quaternitas,

2436 2174 2532 2228 sed
2591 2180 2879 2245 permanet
2925 2171 3183 2228 Trinitas.
3240 2169 3360 2228 Non
3404 2185 3535 2244 ergo
3574 2171 3735 2228 nobis
3777 2171 4048 2243 subrepat

2435 2264 2796 2334 quorumdam
2822 2264 3092 2321 sententia
3120 2264 3303 2320 minus
3326 2269 3660 2321 attentorum
3691 2263 3751 2320 in
3790 2263 4043 2336 regulam

2435 2357 2561 2414 ﬁdei
2591 2367 2647 2414 et
2675 2358 2728 2412 in
2762 2357 3168 2429 Scripturarum
3201 2357 3425 2414 oracula
3462 2357 3791 2414 divinarum.
3831 2355 4043 2412 Dicunt

2434 2453 2581 2510 enim
2613 2469 2627 2507 :
2659 2450 2758 2520 Qui
2791 2451 2934 2507 ﬁlius
2960 2459 3047 2508 est
3086 2449 3346 2518 hominis,
3377 2449 3554 2508 factus
3585 2458 3674 2508 est
3696 2450 3870 2506 Filius
3897 2449 4039 2518 Dei;

2432 2546 2529 2618 qui
2556 2547 2687 2601 vero
2712 2544 2884 2600 Filius
2912 2553 2997 2600 est
3021 2544 3140 2612 Dei,
3161 2560 3270 2601 non
3293 2553 3380 2602 est
3402 2544 3580 2603 factus
3604 2541 3750 2602 illius
3771 2545 4039 2604 hominis.

2435 2634 2551 2691 Hoc
2578 2636 2723 2705 quod
2743 2634 3009 2699 dicerent,
3025 2636 3172 2707 quod
3191 2650 3384 2692 verum
3414 2645 3499 2693 est
3528 2652 3640 2693 non
3660 2637 4044 2705 attenderunt,

2433 2735 2490 2784 et
2516 2742 2707 2783 verum
2751 2728 2901 2798 loqui
2948 2743 3056 2784 non
3085 2728 3392 2784 voluerunt.
3439 2728 3581 2798 Quid
3604 2727 3752 2785 enim
3787 2729 4043 2786 attende-

2432 2829 2584 2887 runt,
2614 2820 2722 2877 nisi
2762 2821 3055 2891 quamdam
3101 2822 3398 2878 humanam
3449 2829 3704 2879 naturam
3748 2824 3926 2895 potuit
3977 2823 4037 2880 in

2431 2912 2627 2968 melius
2653 2920 3014 2979 commutare,
3046 2914 3100 2968 in
3133 2913 3374 2969 deterius
3419 2921 3602 2969 autem
3635 2914 3874 2970 divinam
3921 2931 4036 2972 non

2432 3003 2646 3074 potuit?
2682 2999 2799 3060 Hoc
2840 3018 3030 3059 verum
3067 3012 3172 3060 est.
3203 3001 3310 3060 Sed
3345 3003 3511 3060 etiam
3547 3003 3630 3061 sic
3654 3003 3800 3060 idem
3827 3019 4044 3076 nequa-

2435 3113 2599 3167 quam
2622 3097 2676 3151 in
2710 3096 2950 3152 deterius
2975 3096 3259 3153 divinitate
3303 3104 3534 3164 mutata,
3567 3095 3803 3152 Verbum
3849 3105 4036 3154 tamen

2437 3205 2566 3245 caro
2591 3189 2798 3245 factum
2826 3197 2928 3245 est.
2957 3188 3144 3260 Neque
3181 3189 3328 3245 enim
3361 3188 3439 3244 ait
3463 3187 3847 3260 Evangelium;
3903 3205 4037 3245 caro

2435 3281 2675 3336 Verbum
2701 3280 2846 3337 facta
2875 3289 2989 3347 est;
3019 3283 3136 3346 sed,
3154 3282 3392 3337 Verbum
3413 3294 3544 3337 earo
3566 3279 3789 3336 factum.
3808 3279 3867 3335 Si
3897 3295 4032 3351 ergo

2436 3369 2676 3426 Verbum
2705 3369 2881 3435 Deus,
2913 3377 2968 3425 et
3005 3371 3170 3426 homo
3199 3384 3350 3434 caro,
3382 3370 3515 3442 quid
3561 3377 3650 3425 est
3692 3369 3864 3437 aliud,
3891 3371 4029 3426 Ver-

2435 3461 2564 3519 bum
2592 3462 2797 3518 l‘actum
2821 3469 2906 3518 est
2934 3475 3083 3525 caro,
3112 3461 3220 3517 nisi
3247 3461 3339 3532 qui
3365 3461 3509 3517 Deus
3534 3467 3688 3528 erat,
3729 3459 3908 3517 factus
3949 3472 4037 3518 est

2436 3553 2620 3618 homo,
2650 3560 2707 3608 et
2739 3567 2838 3623 pro
2866 3553 2991 3619 hoc,
3014 3552 3160 3624 quod
3193 3561 3315 3609 erat
3356 3551 3454 3608 Dei
3500 3550 3694 3618 Filius,
3731 3549 3907 3609 factus
3950 3562 4036 3611 est

2437 3643 2674 3699 hominis
2699 3641 2862 3700 illius.

2503 3734 2689 3790 LVIII.
2708 3735 3040 3794 Athanasius
3059 3750 3278 3808 quoque
3298 3735 3352 3791 in
3363 3735 3714 3807 Expositione
3725 3734 3851 3792 fidei
3867 3733 4033 3793 saxea:

2443 3843 2462 3878 ι
2497 3825 2557 3882 Si
2591 3825 2716 3897 quis
2757 3841 2889 3882 vero
2924 3827 3185 3883 adversus
3222 3825 3434 3881 divinas
3485 3823 3805 3896 Scripturas
3853 3827 4034 3895 docet,

2437 3916 2601 3972 alium
2632 3917 2821 3972 dicens
2840 3914 3040 3972 Filium
3069 3916 3184 3984 Dei,
3213 3923 3269 3972 et
3297 3915 3465 3971 alium
3493 3916 3588 3986 qui
3615 3931 3680 3972 ex
3725 3915 3896 3972 Maria
3927 3917 4036 3974 vir-

2437 4009 2563 4082 gine
2590 4008 2870 4064 hominem
2910 4008 3209 4064 secundum
3246 4007 3479 4078 gratiam
3526 4007 3862 4078 adoptatum,
3893 4008 4033 4064 sicut

2439 4111 2496 4158 et
2525 4115 2648 4166 nos,
2669 4099 2825 4169 quasi
2851 4107 3035 4156 essent
3063 4099 3171 4155 duo
3199 4097 3315 4165 lilii,
3342 4112 3484 4153 unus
3527 4098 3827 4154 secundum
3875 4107 4033 4156 natu-

2442 4210 2586 4260 ram,
2611 4192 2704 4263 qui
2733 4207 2802 4249 ex
2826 4191 2968 4259 Deo;
3000 4198 3058 4247 et
3092 4191 3391 4247 secundum
3417 4191 3672 4262 gratiam,
3702 4189 3796 4260 qui
3821 4204 3889 4246 ex
3917 4189 4032 4246 Ila-

2441 4286 2523 4342 ria
2548 4304 2561 4340 :
2588 4293 2681 4340 aut
2703 4291 2969 4339 mutatam
2997 4282 3257 4339 deitatem
3281 4281 3335 4337 in
3370 4297 3594 4338 carnem
3622 4289 3678 4336 et
3719 4281 4031 4348 confusam;

2440 4383 2536 4431 aut
2561 4375 2874 4440 alienatam,
2900 4382 2992 4430 aut
3016 4371 3332 4445 passibilem
3359 4371 3573 4427 Domini
3599 4373 3887 4439 deitatem;
3937 4382 4029 4430 aut

743 4473 941 4516 nomen
965 4458 1084 4529 ejus
1113 4459 1298 4516 Jesum
1332 4462 1483 4534 (Luc.
1515 4481 1556 4531 ι,
1579 4464 1692 4536 5i).
1719 4465 1897 4533 Quare
1923 4467 2144 4523 Jesum?
2193 4468 2336 4540 Apo—
2371 4537 2381 4540 Α
2438 4467 2828 4524 inadorandam
2850 4467 2906 4522 in
2929 4466 3027 4521 ﬂlii
3054 4465 3139 4520 sui
3168 4479 3412 4530 carnem,
3438 4464 3581 4519 hunc
3615 4466 4030 4524 anathematiut

740 4550 912 4606 stolus
934 4552 1080 4606 dicat
1114 4571 1124 4605 :
1168 4551 1234 4607 Ut
1256 4553 1312 4606 in
1342 4555 1551 4609 nomine
1576 4554 1704 4610 Jesu
1728 4573 1877 4611 omne
1920 4575 2055 4628 genu
2090 4537 2336 4628 ﬂectatur
2363 4537 2414 4600 υ
2439 4569 2628 4617 sancta
2655 4559 2926 4615 catholica
2948 4566 3004 4615 et
3028 4556 3324 4628 apostolica
3352 4556 3615 4612 Ecclesia.
3650 4576 3671 4611 ι

741 4641 1045 4709 caelestium,
1071 4646 1395 4699 terrestrium
1423 4657 1472 4700 et
1502 4646 1831 4716 infernorum
1872 4647 2093 4721 (Philip.
2117 4666 2156 4705 Il
2180 4692 2193 4716 ,
2221 4650 2328 4724 10).

741 4734 807 4788 Ει
837 4743 892 4788 tu
918 4736 1048 4804 quid
1076 4736 1147 4789 sit
1173 4734 1351 4802 Jesus,
1367 4737 1585 4793 dolosas
1608 4740 1856 4808 cognitor
1876 4741 2128 4811 requiris.
2149 4740 2333 4798 Omnis

741 4826 848 4892 iam
873 4825 1054 4897 lingua
1085 4828 1380 4897 conﬁtetur,
1414 4830 1540 4900 quia
1571 4829 1829 4885 Dominus
1871 4831 2026 4886 Jesus
2068 4834 2124 4887 in
2165 4834 2335 4905 gloria

740 4933 814 4977 est
842 4921 940 4976 Dei
967 4921 1145 4977 Patris
1176 4922 1489 4994 (Ibid.,ll).
1523 4924 1589 4978 Et
1621 4932 1676 4978 tu
1707 4925 1882 4980 adhuc
1906 4927 2067 4981 modo
2089 4927 2219 4996 quid
2243 4928 2334 4994 sit,

742 5015 992 5081 nequiter
1031 5015 1417 5082 perscrutaris.
1461 5013 1602 5069 Audi
1653 5015 1829 5069 adhuc
1875 5018 2004 5085 quid
2033 5017 2104 5072 sit
2130 5016 2329 5074 Iesus:

744 5109 931 5163 Paries
951 5107 1169 5174 Filium,
1187 5119 1234 5164 et
1257 5110 1460 5164 vocabis
1483 5128 1670 5165 nomen
1694 5110 1807 5180 ejus
1830 5111 2049 5179 Jesum;
2069 5114 2176 5184 ipse
2198 5116 2336 5169 enim

743 5198 943 5254 salvum
989 5199 1144 5269 faciet
1191 5202 1441 5272 papulum
1478 5218 1631 5256 suum
1657 5219 1690 5255 a
1727 5204 1953 5272 peccatis
1980 5220 2180 5258 eorum.
2220 5204 2337 5260 Non

818 5383 845 5452 εξ
886 5369 947 5428 S.
996 5372 1250 5430 Ambros.
1302 5376 1396 5430 lib.
1441 5391 1495 5441 ν,
1523 5375 1589 5431 de
1629 5375 1781 5442 Fide,
1834 5392 1953 5448 cap.
1992 5379 2040 5443 I,
2073 5395 2223 5434 num.
2270 5379 2339 5435 20

781 5453 800 5496 ι
935 5488 946 5499 .

745 5460 776 5499 ε
818 5458 1077 5569 1ῗῐθὲοιξιίιιο
1101 5516 1206 5570 iste
1237 5515 1292 5569 S.
1335 5516 1607 5571 Ambrosii
1651 5519 1966 5587 ignoratur;
2016 5535 2116 5576 nec
2159 5530 2340 5579 textus

747 5586 849 5640 iste
877 5586 1147 5653 reperitur
1175 5589 1316 5640 inter
1339 5592 1616 5643 sermones
1639 5586 1703 5643 de
1725 5587 1900 5642 Natali
1925 5591 2134 5646 Domini
2162 5592 2338 5650 eidem

747 5667 936 5711 sancto
964 5655 1113 5709 Patri
1142 5655 1278 5711 falso
1299 5658 1584 5725 ascriptos.
2317 5659 2324 5668 ”

822 5736 842 5763 ε
890 5725 1036 5780 Hauc
1063 5742 1276 5799 quoque
1305 5727 1580 5784 homiliam
1617 5727 1760 5785 inter
1789 5743 1954 5807 opera
1977 5730 2032 5786 S.
2069 5732 2342 5789 Ambrosii

2512 4651 3003 4724 LlX.Augustinus
3030 4662 3250 4719 quoque
3278 4649 3332 4702 in
3363 4647 3504 4703 libro
3526 4646 3603 4704 De
3634 4656 3821 4706 sancta
3844 4650 4031 4707 divini-

2442 4755 2553 4802 tate
2579 4743 2688 4818 [Ita
2719 4739 3309 4813 cod.Leg.,Trinitate]
3324 4749 3518 4810 quarto
3533 4740 3613 4796 sic
3633 4741 3835 4797 dicit':
3865 4742 4030 4799 «Cum

2443 4845 2626 4891 autem
2667 4830 2947 4904 plenitudo
3001 4832 3262 4903 temporis
3299 4831 3474 4896 venit,
3507 4831 3672 4887 missa
3697 4840 3802 4897 ea,
3824 4849 3930 4890 non
3974 4843 4031 4891 ut

2443 4930 2695 5001 impleret
2714 4928 2966 5000 angelos,
2991 4943 3094 4983 nec
3127 4935 3187 4982 ut
3212 4935 3358 4983 esset
3378 4926 3623 4998 angelus,
3655 4927 3761 4983 nisi
3787 4928 3841 4982 in
3867 4943 4030 4999 quan-

2447 5037 2560 5082 tum
2589 5021 2877 5077 consilium
2926 5019 3108 5074 Patris
3151 5019 3527 5084 annuntiabat,
3568 5019 3714 5089 quod
3766 5027 3823 5074 et
3872 5020 4034 5090 ipsius

2443 5124 2594 5181 erat;
2623 5127 2724 5170 nec
2745 5123 2805 5170 ut
2826 5123 2971 5170 esset
2994 5128 3119 5169 cum
3146 5109 3480 5177 hominibus,
3498 5118 3591 5165 aut
3615 5111 3668 5166 in
3697 5111 4027 5179 hominibus;

2445 5209 2550 5264 hoc
2585 5208 2730 5262 enim
2762 5214 2920 5261 antea
2956 5205 3123 5276 778
3148 5205 3204 5259 in
3239 5203 3486 5274 patribus
3511 5210 3566 5259 et
3597 5201 3898 5275 praphetis.
3928 5201 4032 5262 Sed

2450 5391 2691 5451 reperire
2713 5397 2819 5436 non
2849 5391 3146 5450 potuimus.

2517 5454 2543 5492 d
2585 5453 2640 5506 S.
2675 5453 3008 5534 Athaimsius
3035 5452 3101 5534 de
3127 5451 3343 5534 Iucarn.
3370 5450 3468 5534 Dei
3488 5450 3652 5534 Verbi
3679 5458 3811 5534 tom.
3837 5449 3879 5506 II
3897 5448 4025 5522 Ope-

2446 5540 2588 5584 rum.
2618 5540 2741 5594 pag.
2775 5524 2797 5576 l
2825 5539 2838 5587 ;
2869 5522 3011 5592 quod
3036 5521 3366 5592 Opusculum
3397 5522 3470 5575 ibi
3497 5522 3641 5577 inter
3666 5521 3832 5578 dubia
3856 5521 4029 5578 recen-

2449 5603 2640 5788 fae:
2669 5666 2927 5747 August.,
2953 5665 3049 5720 lib.
3075 5678 3130 5719 tv
3154 5664 3222 5719 de
3249 5662 3673 5734 Triuitate,cap.
3696 5662 3766 5719 20
3803 5661 4023 5721 nume]

2453 5751 2507 5788 in
2555 5750 2608 5788 in
2647 5774 2659 5787 .

2453 5751 2507 5792 tn
2537 5749 2659 5790 une.
