4346 6672
338 499 446 554 H3

1186 497 1604 556 DOCMATICA.
1644 528 1715 539 -ο
1744 497 1869 554 LIB.
1912 497 2074 553 ADV.
2115 496 2442 555 ΗᾹΞΒΕΞΙΝ
2477 497 2760 556 FELlClS.

3525 502 3626 559 114

334 625 399 671 ut
427 617 607 688 ipsum
638 613 876 671 Verbum
905 628 1035 671 caro
1063 615 1239 679 ﬁeret,
1271 615 1324 671 id
1351 623 1456 682 est,
1486 615 1649 670 homo
1693 612 1868 668 ﬁeret.
1905 631 1924 666 ›
1962 619 2012 679 Α
2037 611 2278 682 qualibet
2295 616 2609 684 praestantia
2634 615 2848 686 gratiae,
2875 615 3137 686 unigeniti
3167 631 3362 673 nomen
3391 620 3624 691 accepit,

335 705 490 762 Idem
529 707 697 763 etiam
741 708 794 763 in
832 708 1172 778 expositione
1198 707 1474 780 Evangelii
1502 706 1728 763 Joannis
1755 705 1811 760 in
1841 706 1938 760 ho-

333 794 494 851 milia
520 797 750 869 septima
780 797 858 855 sic
878 798 1010 855 dicit
1036 810 1062 838 θ
1092 820 1104 858 :
1150 821 1168 854 ι
1203 799 1488 855 Pcrhibuit
1517 799 1755 854 Joannes
1783 797 1939 853 testi-

333 891 612 958 monium,
635 891 765 963 quia
793 892 945 948 vidit.
995 893 1164 961 Quale
1204 891 1575 949 testimonium
1619 889 1938 962 perhibuit?

333 980 472 1051 quia
495 982 611 1055 ipse
632 991 718 1039 est
739 981 914 1040 Filius
937 984 1034 1041 Dei
1063 983 1248 1056 (Joan.
1273 1001 1314 1050 ι,
1347 983 1461 1058 34).
1487 982 1784 1053 Oportebat
1804 994 1937 1052 ergo

335 1082 404 1129 ut
427 1073 521 1131 ille
541 1074 869 1147 baptizaret,
888 1078 982 1149 qui
1005 1086 1091 1135 est
1112 1077 1285 1135 Filius
1309 1078 1404 1134 Dei
1430 1078 1646 1142 unicus,
1672 1090 1780 1131 non
1810 1074 1936 1130 ado-

333 1173 549 1237 ptatus.
596 1167 854 1240 Adoptati
907 1170 1005 1227 ﬁlii
1057 1171 1296 1228 ministri
1338 1180 1467 1227 sunt
1512 1170 1680 1228 unici.
1731 1168 1938 1227 Unicus

335 1259 512 1315 habet
534 1266 885 1331 potestatem,
916 1263 1158 1337 adoptati
1180 1264 1562 1321 ministerium.
1595 1284 1616 1318 ι

411 1349 533 1407 LX.
556 1351 754 1410 Beatus
775 1354 1112 1428 Augustinus
1139 1357 1195 1412 in
1217 1355 1438 1413 homilia
1458 1355 1526 1412 de
1555 1365 1746 1412 octava
1765 1352 1825 1412 S.
1839 1352 1939 1410 Pa-

331 1444 491 1502 scha:
517 1445 595 1501 δε
633 1466 653 1499 ε
690 1447 753 1504 Si
796 1451 912 1521 quis
955 1450 1085 1506 mihi
1131 1451 1527 1515 ministraverit,
1569 1448 1939 1520 honoriﬁcabit

329 1553 462 1594 eum
493 1536 660 1595 Pater
680 1557 828 1597 meus
848 1540 1034 1616 (Joan.
1052 1558 1153 1610 xu,
1182 1541 1298 1617 26).
1323 1543 1442 1613 Quo
1464 1542 1692 1610 honore,
1723 1542 1830 1599 nisi
1877 1549 1937 1598 ut

330 1626 414 1682 sit
439 1643 567 1685 cum
595 1629 735 1688 Filio
763 1633 918 1706 ejus?
937 1630 1092 1701 Quod
1117 1633 1263 1691 enim
1290 1637 1540 1708 superius
1567 1635 1675 1690 ait:
1708 1631 1754 1691 υ
1762 1633 1812 1689 bi
1839 1649 1934 1706 ego

329 1735 481 1788 sum,
507 1719 620 1778 illic
641 1726 710 1794 ζει
749 1725 990 1782 minister
1023 1742 1171 1782 meus
1200 1730 1333 1796 erit;
1362 1731 1469 1788 hoc
1493 1729 1818 1801 intelligitur
1841 1742 1936 1785 ex-

329 1810 609 1881 posuisse,
635 1829 762 1871 cum
799 1815 935 1874 dicit
959 1838 971 1874 :
1004 1818 1392 1892 Honoriﬁcabit
1416 1840 1537 1878 eum
1569 1819 1734 1877 Pater
1762 1838 1929 1877 meus.

329 1901 480 1960 Nam
504 1920 668 1977 quem
699 1907 961 1981 majorem
987 1912 1252 1972 honorem
1297 1915 1547 1987 accipere
1583 1915 1785 1988 poterit
1831 1914 1931 1972 ad-

325 2003 580 2067 optatus,
603 2015 768 2070 quam
797 2010 858 2059 ut
888 2005 982 2072 sit,
1007 2006 1101 2062 ubi
1128 2015 1215 2064 est
1241 2007 1479 2064 unicus?
1511 2029 1532 2064 ι

406 2087 548 2146 LXI.
587 2091 720 2148 item
750 2095 948 2153 beatus
971 2096 1305 2158 Athanasius
1342 2100 1397 2156 in
1418 2099 1647 2173 epistola
1676 2100 1746 2158 ad
1765 2101 1927 2161 Pota-

324 2182 510 2240 mium
533 2185 851 2259 episcopum
878 2187 1024 2246 inter
1046 2200 1240 2249 caetera
1264 2203 1285 2234 ε
1319 2211 1332 2248 :
1371 2211 1391 2245 ι
1420 2193 1617 2263 Quaero
1634 2192 1820 2267 itaque
1837 2195 1938 2254 abs

329 2283 415 2341 te,
429 2275 679 2348 quisquis
699 2276 861 2349 hujus
888 2295 951 2339 es
970 2290 1244 2341 scrutator
1263 2285 1472 2352 arcani,
1497 2288 1769 2358 quomodo
1789 2287 1937 2346 Deus

324 2383 406 2424 ex
431 2367 604 2426 nihilo
630 2379 830 2428 cuncta
869 2373 1204 2443 condiderit;
1255 2378 1528 2448 quomodo
1565 2395 1671 2435 una
1700 2379 1938 2439 hominis

327 2465 490 2515 costa
519 2459 792 2533 integrum
822 2463 1102 2522 hominem
1145 2465 1371 2535 fecerit;
1421 2468 1657 2541 qualiter
1682 2480 1740 2528 et
1765 2471 1934 2547 Egy-

326 2551 577 2620 ptiorum
604 2568 776 2626 aquas
804 2555 858 2612 in
886 2557 1208 2630 sanguinem
1248 2562 1510 2631 verterit;
1548 2566 1822 2635 quomodo
1865 2567 1934 2624 de

329 2642 630 2702 durissima
657 2654 814 2717 petra
840 2645 1045 2718 liquida
1076 2648 1278 2707 ﬂuenta
1314 2652 1663 2724 produxerit;
1695 2670 1800 2726 qua
1844 2672 1934 2712 ra-

326 2734 482 2791 tione
508 2735 600 2793 ille
621 2737 757 2809 ipse,
772 2754 935 2810 quem
957 2749 1268 2800 creaturam
1298 2752 1479 2816 putas,
1496 2762 1628 2804 caro
1655 2748 1726 2803 sit
1753 2745 1934 2807 factus

327 2843 402 2886 ex
442 2829 692 2903 virgine?
746 2831 1028 2902 Quomodo
1075 2837 1253 2908 potuit
1297 2839 1368 2894 de
1416 2840 1656 2910 quinque
1700 2841 1933 2912 panibus

329 2921 576 2994 quinque
614 2924 785 2982 millia
812 2927 1095 2985 hominum
1124 2938 1400 2996 saturare,
1428 2933 1513 2988 vel
1542 2933 1611 2989 ad
1638 2935 1932 3005 discipulos

334 3031 462 3072 cum
481 3032 712 3090 corpore
735 3018 942 3078 clausis
979 3021 1190 3080 foribus
1218 3023 1482 3081 introire?
1523 3024 1632 3081 Aut
1668 3027 1716 3083 si
1741 3026 1933 3086 fateris

332 3113 394 3163 et
422 3106 792 3182 intelligentia
820 3117 929 3167 tuae
953 3111 1098 3169 vires
1124 3113 1410 3182 excedere,
1430 3123 1487 3171 et
1509 3116 1781 3173 credenda
1809 3134 1931 3175 esse

333 3197 517 3270 potius
543 3214 708 3270 quam
726 3202 1048 3272 explicanda
1079 3205 1366 3272 concedis;
1396 3207 1526 3276 quid
1555 3207 1788 3266 inveniri
1828 3209 1932 3266 ini-

331 3287 497 3400 quius
515 3296 714 3359 potest,
727 3306 889 3398 quam
914 3294 1232 3400 simpliciter
1252 3311 1342 3352 me
1365 3298 1591 3355 credere
1614 3299 1757 3357 nolle
1784 3303 1928 3373 quod
1950 3336 1999 3400 ο

327 3376 474 3452 lego,
488 3387 546 3435 et
573 3385 960 3455 praesumptive
988 3387 1215 3444 credere
1244 3389 1383 3446 velle
1409 3390 1556 3462 quod
1583 3407 1692 3448 non
1712 3392 1872 3464 lego?
1900 3416 1918 3451 ι

397 3469 560 3527 LXII.
583 3471 718 3529 item
737 3475 793 3531 in
811 3475 1038 3546 epistola
1053 3480 1228 3536 sancti
1256 3479 1842 3554 GregoriiNazianzeni
1858 3486 1928 3542 ad

327 3560 641 3619 Clidonium
668 3565 907 3623 directa:
935 3586 956 3620 σ
984 3567 1045 3624 Si
1074 3570 1198 3642 quis
1224 3586 1293 3628 ex
1313 3586 1538 3645 operum
1566 3574 1924 3646 perfectione,

328 3664 417 3711 aut
432 3657 921 3728 postbaptismum,
937 3668 1030 3716 aut
1047 3671 1172 3732 post
1185 3664 1638 3722 resurrectionem
1651 3681 1682 3722 a
1697 3669 1928 3726 mortuis

327 3747 674 3819 redemptum
695 3747 986 3820 adoptione
1004 3751 1138 3808 dicit
1149 3752 1246 3808 Dei
1269 3753 1466 3811 Filium
1485 3757 1774 3826 meruisse,
1787 3759 1929 3816 sicut

323 3842 562 3915 gentiles
587 3858 654 3900 ex
682 3843 1034 3919 inscriptione
1055 3849 1431 3921 introducunt,
1456 3855 1749 3912 anathema
1772 3858 1864 3915 sit.

397 3931 580 3990 LX111.
598 3933 832 3994 Sanctus
852 3954 918 3996 ac
939 3942 1264 4000 venerabilis
1291 3943 1455 4001 Pater
1475 3946 1769 4019 Capreolus
1789 3948 1924 4006 Car-

329 4025 674 4098 thaginensis
701 4028 857 4086 urbis
891 4031 1183 4104 episcopus
1206 4034 1261 4090 in
1288 4035 1518 4106 epistola
1575 4037 1645 4094 ad
1689 4040 1925 4099 Vitalem

239 4119 245 4123 ’
327 4125 385 4172 et
405 4117 787 4176 Constantium
811 4123 1146 4194 rescriptad:
1178 4143 1199 4178 ι
1225 4126 1379 4194 Quod
1406 4129 1554 4184 enim
1569 4131 1667 4197 ait,
1695 4133 1925 4189 ascendo

329 4211 401 4266 ad
425 4209 644 4268 Patrem
669 4229 861 4280 meum,
889 4217 1163 4288 pertinere
1190 4219 1409 4288 quidem
1431 4220 1648 4277 videtur
1676 4221 1747 4278 ad
1793 4223 1926 4280 Uni-

333 4302 574 4376 genitum
601 4302 801 4360 Filium
833 4325 848 4361 :
878 4307 1025 4376 quod
1052 4315 1236 4364 autem
1284 4312 1381 4377 ait,
1411 4311 1482 4365 ad
1515 4310 1685 4368 Deum
1726 4330 1926 4384 meum,

329 4392 605 4462 pertinere
631 4394 841 4451 videtur
862 4396 933 4452 ad
957 4397 1231 4454 hominem
1250 4400 1474 4458 factum.
1502 4399 1610 4458 Sed
1627 4402 1684 4458 in
1707 4401 1927 4462 Christo

333 4483 455 4542 Jesu
486 4499 592 4541 nec
619 4486 785 4542 homo
809 4498 1027 4545 creatus
1051 4498 1234 4560 potest
1279 4491 1408 4557 dici,
1449 4508 1552 4550 nec
1603 4492 1791 4560 Filius,
1825 4510 1928 4551 nec

331 4576 644 4650 unigenitus
669 4576 815 4635 Deus
839 4580 1027 4650 negari
1073 4581 1236 4637 homo
1274 4584 1477 4652 poterit
1525 4593 1704 4641 natus.
1749 4585 1929 4658 Atque

2037 713 2097 758 ut
2118 703 2260 775 quod
2282 714 2367 760 est
2388 703 2566 775 ipsum
2592 704 2688 761 Dei
2703 706 2939 762 Verbum
2960 715 3087 763 ante
3103 709 3316 774 saecula,
3339 709 3442 766 hoc
3466 710 3626 765 simul

2036 811 2162 852 cum
2184 804 2465 867 assumpto
2490 797 2710 852 homine
2729 797 3020 854 diceretur.
3053 799 3357 872 Singularis
3383 817 3513 873 ergo
3543 811 3628 858 est

2037 884 2128 940 illa
2150 887 2441 958 susceptio,
2464 902 2566 943 nec
2584 888 2894 945 hominibus
2912 891 3118 950 sanctis
3142 891 3432 964 aliquibus,
3453 909 3627 964 quan-

2038 975 2226 1033 talibet
2242 978 2508 1048 sapientia
2530 993 2595 1034 ac
2614 978 2902 1034 sanctitate
2917 983 3322 1050 praestantibus,
3341 984 3450 1039 ullo
3464 985 3625 1041 modo

2035 1080 2216 1143 potest
2249 1086 2371 1129 esse
2398 1073 2723 1129 communis.
2767 1093 2787 1128 ι
2823 1073 3042 1130 Certum
3088 1085 3174 1133 est
3202 1079 3383 1149 itaque
3412 1089 3627 1136 sancto-

2039 1180 2161 1220 rum
2188 1163 2411 1222 Patrum
2450 1166 2777 1223 sententiam
2811 1165 3111 1240 Scripturis
3157 1171 3472 1229 etelestibus
3498 1186 3629 1229 con-

2036 1257 2242 1322 venire,
2267 1273 2388 1329 quae
2409 1256 2854 1315 manifestissime
2887 1267 3227 1316 contestatur
3262 1259 3335 1336 [F
3338 1273 3471 1330 orte,
3498 1279 3628 1320 con-

2038 1348 2352 1424 testantur],
2375 1357 2432 1406 et
2458 1350 2719 1406 divinitus
2747 1352 3046 1422 inspirante
3082 1353 3423 1424 proclamant
3448 1354 3626 1424 nobis,

2036 1443 2180 1498 idem
2201 1442 2456 1500 omnibus
2488 1442 2756 1515 adoptivis
2783 1451 2996 1515 partem
3036 1445 3427 1517 cognoscendae
3465 1454 3629 1516 atque

2037 1534 2312 1607 sapiendm
2335 1535 2661 1604 divinitatis,
2690 1545 2853 1608 prout
2883 1536 3130 1593 voluntas
3157 1538 3438 1594 donaverit
3463 1537 3630 1611 largi-

2037 1623 2201 1690 toris,
2236 1620 2445 1679 infundi
2492 1638 2593 1694 per
2641 1623 2906 1696 gratiam;
2962 1623 3181 1680 Christo
3224 1640 3378 1692 vero,
3418 1625 3472 1681 id
3519 1635 3624 1692 est,

2036 1717 2233 1773 animae
2279 1716 2400 1790 ejus
2444 1717 2664 1790 plenam
2711 1717 2877 1776 totius
2918 1717 3214 1774 divinitatis
3257 1718 3438 1777 inesse
3485 1721 3628 1776 noti—

2037 1810 2189 1866 tiam.

2107 1900 2275 1974 779
2323 1900 2485 1960 LXV.
2541 1899 2676 1958 ltem
2731 1901 3054 1958 Ambrosius
3081 1899 3102 1942 τ
3135 1916 3150 1956 :
3183 1920 3202 1953 ι
3238 1901 3435 1958 Filium
3482 1903 3640 1959 enim

1848 2042 1852 2046 .
1960 1981 2010 2045 Β
2035 2007 2193 2049 suum
2228 1995 2512 2067 proprium
2533 2001 2590 2050 et
2612 1996 2680 2051 de
2709 2008 2807 2051 sua
2837 2002 3033 2048 natura
3054 1987 3220 2050 Pater
3242 1994 3450 2066 genuit,
3481 2002 3536 2051 et
3559 1997 3624 2051 de

2037 2093 2232 2143 natura
2274 2087 2504 2159 virginis
2541 2087 2692 2144 fecit.
2736 2086 3008 2158 Quidquid
3036 2095 3217 2144 autem
3247 2086 3396 2155 fecit,
3429 2103 3626 2158 coope-

2034 2189 2193 2239 rante
2245 2181 2454 2254 Spiritu
2478 2190 2668 2239 sancto
2709 2179 2856 2238 fecit.
2905 2180 3100 2236 Filium
3124 2196 3252 2253 ergo
3274 2198 3431 2238 suum
3476 2182 3628 2238 solus

2034 2273 2255 2347 quidem
2307 2274 2473 2331 Pater
2493 2276 2702 2346 genuit,
2762 2273 2858 2330 sed
2892 2289 2999 2331 non
3028 2275 3175 2331 solus
3202 2274 3350 2330 fecit.
3382 2275 3442 2330 ιιι
3488 2274 3627 2331 Filio

2035 2368 2180 2425 cutim
2207 2367 2389 2439 genito
2439 2368 2606 2424 solius
2633 2376 2718 2425 est
2757 2376 2960 2424 aeterna
2999 2367 3278 2438 generatio
3315 2367 3525 2433 Patris;
3568 2377 3624 2424 et

2034 2460 2090 2516 in
2119 2460 2311 2516 eodem
2360 2459 2501 2516 Filio
2528 2459 2674 2518 facto
2730 2474 2837 2515 una
2860 2460 3028 2515 totius
3065 2468 3149 2516 est
3177 2460 3424 2530 operatio
3447 2460 3622 2516 Trini-

2034 2552 2182 2608 tatis.
2215 2572 2236 2606 ι
2262 2550 2411 2607 ldem
2435 2551 2491 2606 in
2519 2551 2710 2608 eodem
2738 2550 2898 2616 libro,
2925 2551 2952 2592 ⁸
2977 2566 2992 2605 :
3019 2548 3269 2605 Paritura
3299 2564 3428 2622 ergo
3453 2550 3624 2606 Deum

2036 2644 2234 2720 [Edit.,
2287 2643 2598 2718 Dominum]
2657 2644 2812 2716 virgo
2859 2643 3048 2709 Maria,
3101 2650 3292 2699 sancto
3334 2643 3390 2698 in
3416 2658 3476 2700 se
3503 2642 3625 2716 Spi-

2034 2737 2144 2792 ritu
2189 2735 2574 2802 descendente,
2617 2742 2674 2791 et
2719 2735 2920 2790 virtute
2964 2733 3228 2790 Altissimi
3293 2743 3624 2805 cooperante

2032 2831 2300 2901 concepit.
2350 2829 2432 2887 Ac
2457 2845 2558 2902 per
2580 2829 2685 2887 hoc
2721 2828 2978 2902 intelligis
3006 2830 3151 2899 quod
3177 2829 3392 2886 Domini
3431 2828 3622 2886 Salva-

2033 2923 2276 2995 terisque
2323 2923 2496 2980 nostri
2525 2923 2651 2980 inde
2694 2929 2778 2980 est
2808 2922 2987 2994 origo,
3033 2921 3178 2978 unde
3216 2931 3542 2995 conceptus;
3570 2930 3625 2981 et

2030 3030 2159 3070 cum
2218 3012 2582 3070 descendente
2632 3012 2690 3071 in
2742 3012 3010 3086 virginem
3079 3014 3246 3070 totius
3291 3014 3622 3084 virginitatis

2033 3103 2230 3178 [Edit.,
2275 3103 2598 3176 divinitatis]
2627 3102 2958 3175 plenitudine
2983 3111 3144 3160 natus
3197 3105 3290 3170 sit,
3334 3104 3478 3161 filius
3502 3121 3624 3161 esse

2030 3196 2267 3252 hominis
2295 3211 2401 3251 non
2432 3203 2666 3267 poterat,
2718 3196 2825 3252 nisi
2873 3195 3026 3268 prius
3059 3196 3155 3252 Dei
3183 3196 3356 3253 Filius
3401 3197 3621 3265 fuisset;

2030 3294 2086 3340 et
2109 3288 2231 3344 ideo
2285 3285 2528 3360 [missus]
2555 3289 2623 3343 ad
2647 3286 3074 3343 annuntiandam
3128 3289 3271 3345 sacri
3307 3297 3461 3346 ortus
3482 3290 3623 3345 nati-

2030 3379 2253 3437 vitatem
2295 3379 2520 3452 angelus
2546 3377 2642 3434 Dei
2668 3394 2791 3438 cum
2829 3389 3173 3438 sacramento
3203 3380 3400 3456 [Edit.,
3432 3400 3622 3442 sacra-

2028 3471 2296 3546 mentum]
2342 3473 2718 3544 conceptionis
2775 3481 2900 3530 ante
2927 3474 3172 3542 dixisset,
3206 3475 3388 3546 partui
3423 3492 3620 3534 nomen

2028 3565 2285 3638 imposuit
2314 3565 2504 3622 dicens
2534 3583 2547 3619 :
2578 3583 2598 3618 ι
2627 3563 2759 3621 Ideo
2779 3575 2828 3621 et
2847 3567 2987 3636 quod
3018 3578 3264 3624 nascetur
3281 3585 3348 3624 ea:
3373 3579 3444 3635 te,
3467 3587 3622 3626 caca-

2028 3657 2174 3712 bitur
2210 3654 2388 3713 Filius
2415 3656 2517 3712 Dei
2545 3655 2678 3728 (Luc
2728 3675 2766 3724 ι,
2810 3657 2902 3730 '55)
2931 3677 2944 3713 :
2971 3658 3074 3716 hoc
3105 3668 3210 3728 est,
3264 3661 3406 3718 illius
3453 3661 3624 3718 Filius

2027 3750 2448 3821 nuncupabitur,
2496 3751 2640 3822 quod
2661 3758 2956 3823 generante
3000 3760 3054 3807 et
3081 3762 3373 3823 generatur
3403 3752 3602 3832 [Edit.,

2025 3857 2136 3915 quo
2173 3851 2470 3913 generante
2512 3849 2597 3900 est
2638 3843 2975 3918 generatus].
3023 3843 3120 3900 Dei
3155 3862 3286 3918 ergo
3329 3845 3500 3904 Filius
3518 3845 3613 3904 Je-

2025 3952 2121 3994 sus
2152 3936 2434 4007 Christus;
2467 3937 2594 4010 quia
2617 3946 2673 3995 et
2699 3954 2731 3994 a
2756 3939 3038 3995 divinitate
3068 3938 3304 4012 [genitus
3323 3950 3379 3996 et
3401 3955 3434 3996 a
3463 3941 3602 3997 divi-

2026 4027 2219 4102 nitate]
2268 4038 2584 4101 conceptus,
2634 4029 2882 4086 siautem
2935 4031 3030 4085 Dei
3065 4030 3259 4100 Filius,
3290 4045 3421 4105 ergo
3462 4032 3619 4089 indu-

2024 4121 2265 4177 bitanter
2285 4121 2448 4178 Deus.
2488 4142 2506 4176 ι
2557 4123 2703 4178 Idem
2727 4123 2842 4192 ipse
2872 4123 2926 4178 in
2953 4121 3094 4178 libro
3123 4125 3284 4180 tertio
3323 4124 3350 4165 ιι
3395 4141 3410 4180 :
3463 4141 3486 4178 ι
3531 4123 3619 4180 Ex

2023 4214 2212 4285 quibus
2239 4215 2382 4269 enim
2408 4211 2675 4281 Christus,
2711 4214 2904 4286 inquit,
2932 4216 3220 4271 secundum
3265 4233 3502 4285 carnem,
3526 4220 3618 4289 qui

2025 4316 2101 4363 est
2137 4322 2296 4378 super
2336 4307 2514 4363 omnia
2557 4306 2700 4364 Deus
2740 4309 3041 4364 benedictus
3077 4310 3135 4364 in
3182 4309 3382 4365 uacula
3429 4308 3612 4381 (Rom.

2025 4417 2101 4465 ix,
2139 4400 2215 4474 5).
2266 4400 2405 4456 Eum
2434 4400 2642 4457 scilicet
2683 4417 2751 4457 ex
2777 4401 2884 4456 illis
2913 4399 3189 4456 Christum
3212 4408 3401 4456 natum
3429 4401 3508 4456 ait
3528 4417 3613 4458 se-

2026 4493 2262 4550 cundum
2289 4506 2533 4557 carnem,
2585 4492 2680 4565 qui
2713 4493 2786 4548 sit
2821 4507 2984 4565 super
3024 4494 3205 4548 omnia
3236 4493 3397 4549 Deus.
3447 4492 3604 4548 Chri-

2025 4595 2168 4640 stum
2213 4585 2402 4657 utique
2446 4586 2746 4643 secundum
2775 4601 2997 4643 carnem
3026 4595 3214 4643 natum
3244 4603 3312 4643 ex
3341 4587 3446 4642 illis
3493 4601 3603 4643 non

331 4667 454 4723 ideo
485 4681 589 4723 nec
617 4667 715 4760 Dei
751 4676 964 4725 tantum
1004 4687 1106 4727 nec
1133 4672 1369 4731 hominis
1413 4682 1624 4730 tantum
1667 4691 1771 4732 vox
1821 4679 1924 4733 ista
1951 4699 2004 4760 D
2029 4693 2232 4748 negas;
2289 4678 2386 4734 sed
2430 4677 2593 4744 idem,
2622 4679 2716 4750 qui
2762 4693 2830 4734 ex
2866 4679 2972 4735 illis
3019 4687 3180 4736 natus
3212 4689 3317 4746 est,
3347 4680 3492 4736 Deus
3507 4689 3612 4736 est.

327 4772 452 4814 esse
476 4759 838 4826 convincitur,
870 4776 1032 4832 quam
1063 4762 1208 4821 Deus
1251 4773 1308 4820 et
1351 4764 1516 4823 homo
1566 4782 1707 4824 unus
1759 4777 1925 4841 atque

328 4847 528 4904 unicus
566 4848 684 4919 ipse
719 4849 889 4908 Filius
927 4851 996 4906 ad
1031 4868 1158 4911 suos
1201 4853 1495 4926 discipulos
1543 4857 1924 4927 perferendam

326 4941 681 5013 inseparabili
741 4943 968 5001 omnino
1030 4954 1192 5017 atque
1262 4947 1581 5007 indivisihili
1644 4950 1926 5009 mandavit

326 5033 550 5091 aﬂectu.
599 5054 620 5088 ι

394 5128 588 5185 LXIV.
616 5129 819 5187 Beatus
855 5131 1264 5205 Augustinuse:
1299 5152 1317 5186 ι
1353 5132 1544 5192 Nullus
1584 5143 1921 5204 sanctorum,

397 5257 427 5287 ι
469 5244 720 5316 Sequens
743 5254 927 5302 textus
968 5247 1022 5302 in
1052 5247 1175 5302 cod.
1205 5262 1309 5304 ms.
1343 5248 1569 5312 incuria,
1605 5250 1705 5304 abs
1735 5249 1919 5316 dubio,

327 5316 540 5402 librarii
564 5317 802 5402 omissus
826 5315 1086 5402 est,_solis
1106 5316 1313 5402 ultimis
1327 5318 1540 5402 duobus
1561 5320 1743 5402 verbis
1757 5313 1922 5402 Ξ-αᾴο-

325 5387 756 5470 ριιιιιι1ἰ“(ζιεεε.⁶
789 5387 1065 5470 αάοριαεὶ)
1115 5389 1461 5470 ministerium
1504 5391 1753 5470 residuis.
1779 5390 1921 5446 lute-

323 5460 581 5531 grnm_B._
603 5460 866 5515 Alcuinus
883 5460 996 5526 jam
1024 5474 1190 5531 supra
1225 5461 1467 5528 dederat,
1491 5476 1643 5518 num.
1673 5461 1760 5518 10.

396 5529 426 5569 δ
470 5528 529 5600 ξ.
557 5529 720 5600 Aug.,
751 5537 910 5583 tract.
941 5545 994 5582 LI
1021 5528 1076 5582 in
1102 5528 1282 5595 Joan.,
1305 5546 1460 5600 Vnum.
1496 5532 1583 5586 Η.

399 5610 422 5639 ε
459 5599 787 5673 ῐαξιιιθοιῆιιιθ
827 5600 1078 5673 ignorare
1105 5601 1244 5673 hanc
1278 5599 1567 5673 Athanasii
1597 5602 1914 5673 epistolam,

322 5686 448 5734 qua:
473 5670 722 5726 fortassis
747 5685 870 5724 cum
901 5671 1084 5726 multis
1113 5671 1232 5726 aliis
1275 5671 1500 5728 interiit.
1549 5670 1740 5729 Exstat
1784 5689 1918 5730 vero

291 5741 1703 5882 ’ῗὲιῗ⁵3⁴ῗ¹ἳιιιῖἕέ³ἑῖ¹ἑίειῗὲἐῗὲ¹ἒοιῗῗ1ρῶδέῗῗῖξῖιῗιῖἀ
1747 5759 1916 5871 ἓὲεῗιῗ

329 5896 460 5956 tom.
484 5881 550 5956 ιιι
591 5880 864 5956 Spieilegii
895 5880 1047 5956 novze
1071 5883 1343 5956 editionis,
1369 5899 1492 5956 pag.
1514 5884 1646 5956 399.
1771 5938 1789 5956 γ,
1862 5922 1866 5926 ,

395 5952 423 5994 ει
465 5952 713 6028 Capreoli
742 5952 1023 6026 epistolam
1046 5953 1114 6010 ad
1137 5952 1387 6012 Vitalem’
1413 5952 1468 6012 et
1499 5954 1912 6013 Constantinum

2029 4769 2170 4839 Quid
2199 4771 2419 4838 circuis,
2463 4772 2594 4843 quid
2617 4771 3033 4844 tergiversaris?
3055 4771 3328 4829 Christum
3357 4789 3425 4828 ex
3446 4773 3614 4828 Israel

2029 4869 2216 4917 natum
2236 4863 2530 4920 secundum
2551 4878 2773 4920 carnem
2795 4863 2965 4919 Deum
2991 4879 3115 4920 esse
3129 4863 3418 4935 Apostolus
3438 4865 3569 4922 dicit
3592 4883 3609 4931 ;

2030 4960 2089 5007 tu
2139 4953 2291 5021 doce,
2325 4954 2543 5025 quando
2597 4970 2707 5010 non
2745 4952 2932 5012 fuerit.
2996 4954 3084 5011 Ea:
3128 4945 3317 5027 quibus
3342 4953 3604 5019 Christus,

2029 5043 2227 5114 inquit,
2253 5045 2540 5101 secundum
2561 5062 2794 5114 carnem,
2816 5048 2906 5118 qui
2927 5056 3003 5102 est
3027 5063 3185 5119 super
3195 5047 3372 5102 omnia
3390 5045 3556 5102 Deus.
3588 5067 3606 5100 ι

2029 5132 2173 5189 idem
2203 5136 2258 5190 in
2286 5135 2475 5192 eodem
2505 5136 2644 5192 libro
2676 5139 2697 5178 ί-
2726 5155 2738 5191 :
2775 5154 2797 5189 ο
2832 5137 2909 5193 De
2947 5139 3058 5194 Deo
3083 5144 3264 5194 autem
3290 5151 3356 5193 ac
3383 5136 3621 5193 Domino

2026 5245 2234 5332 primus
2266 5247 2437 5332 edidit
2461 5247 2810 5332 S'irmondus;
2841 5260 2895 5306 et
2916 5249 3065 5305 locus
3085 5247 3608 5320 hicexstatOperum

2027 5319 2300 5373 Sirmondi
2330 5325 2459 5373 tom.
2483 5319 2524 5374 l.
3425 5319 3430 5320 ⁷

2099 5400 2124 5460 ἐ
2162 5389 2219 5444 S.
2252 5387 2499 5460 August.,
2529 5389 2653 5445 libr.
2689 5389 2754 5444 de
2777 5389 3073 5446 Praesentia
3109 5389 3226 5458 Dei,
3252 5404 3346 5446 seu
3376 5389 3615 5460 epistola-

2026 5459 2148 5524 187,
2182 5461 2248 5514 ad
2277 5459 2740 5528 Dardanum,cap.
2769 5461 2854 5525 15,
2887 5477 3037 5516 num.
3073 5460 3162 5515 40.

2102 5530 2120 5568 ί
2181 5530 2336 5585 Hunc
2394 5537 2596 5585 textum
2658 5532 2709 5585 in
2757 5530 2813 5586 S.
2873 5531 3158 5587 Ambrosio
3210 5531 3448 5600 reperire
3499 5545 3612 5585 non

2022 5601 2534 5682 potuimus,neque
2585 5601 2726 5673 apud
2771 5602 3109 5667 Cassianum,
3165 5600 3320 5672 cujus
3365 5609 3492 5657 sunt
3519 5616 3607 5657 8(-

2020 5680 2294 5824 Ϊιὲυἳὲῗῃ
2454 5741 2797 5824 Ambrosius,
2955 5742 3247 5824 Cassianus
3301 5743 3416 5799 haec
3439 5740 3604 5797 habet

2021 5810 2147 5868 libr.
2176 5828 2214 5882 tt
2243 5812 2310 5867 de
2337 5810 2710 5870 lncarnatione
2739 5812 2957 5879 Christi,
2982 5829 3100 5882 cap.
3134 5813 3185 5867 6.

2092 5883 2118 5922 ιι
2160 5881 2481 5954 Cassianus,
2505 5883 2626 5940 libr.
2664 5900 2724 5941 ιιι
2753 5885 2819 5940 de
2867 5881 3075 5939 lncarn.
3109 5899 3225 5954 cap.
3258 5884 3303 5937 Ι.

2097 5955 2113 5994 ί
2158 5950 2290 6012 ibid.
2323 5968 2440 6026 cap.
2465 5953 2518 6008 2.
