4346 6616
783 354 886 410 115

1631 345 1695 401 Β.
1732 345 1795 401 F.
1824 343 2051 400 ALBINI
2089 342 2220 401 SEU
2258 341 2535 401 ALCUINl
2568 341 2854 400 OPERUM
2891 340 3073 398 PARS
3108 338 3196 398 Ill.

3955 340 4067 395 Il6

778 477 969 526 nostro
1003 464 1132 521 Iesu
1167 463 1386 520 Christo
1407 474 1531 517 cum
1556 460 1753 516 dicitur
1778 476 1791 512 :
1823 456 1927 525 Qui
1962 465 2039 512 est
2074 472 2232 527 super
2253 470 2364 509 om-
2392 459 2440 517 Α
2468 470 2670 511 arcano
2696 455 2920 521 sciebat,
2950 455 3044 511 sed
3070 462 3280 509 tantum
3300 453 3445 525 quod
3467 452 3603 509 mori
3625 466 3787 526 posse
3809 453 4066 521 videbat,

777 564 871 619 nia
908 561 1051 617 Deus
1080 556 1379 617 benedictus
1420 556 1480 610 iu
1511 552 1750 620 amula;
1797 560 1853 608 et
1878 566 1968 607 res
2012 549 2197 606 statim
2242 564 2368 620 pro—

775 654 940 711 batur
973 652 1029 708 in
1048 649 1238 715 verbo,
1278 655 1335 702 et
1372 646 1525 702 verbi
1574 661 1661 701 res
1712 645 2116 699 demonstratur
2159 640 2214 695 in
2270 654 2369 693 no-

773 744 945 807 mine,
992 742 1118 813 quia
1164 738 1259 794 Dei
1284 751 1478 792 nomen
1527 736 1580 791 in
1611 735 1704 789 Dei
1728 733 1866 788 Filio
1912 746 2020 786 non
2042 727 2367 802 significatio

773 842 859 891 est
903 830 1210 904 adoptionis
1264 826 1507 894 indultae,
1559 827 1656 881 sed
1695 825 1900 879 veritas
1947 822 2362 894 proprietasque

772 931 1003 983 natum.
1056 940 1077 975 ι
1118 921 1177 976 In
1207 918 1432 975 bomilia
1469 917 1612 973 beati
1660 914 1887 971 Joannis
1931 912 2276 985 evangelista
2300 924 2361 966 οε

778 1035 801 1073 ι
844 1015 928 1072 Ad
975 1027 1289 1072 mensuram
1334 1012 1533 1085 quippe
1569 1009 1662 1064 dat
1710 1007 1893 1063 multis
1924 1006 2066 1071 (iliis,
2124 1004 2220 1061 sed
2255 1020 2362 1059 non

772 1112 843 1168 ad
888 1123 1199 1166 mensuram
1249 1105 1448 1177 accipit
1496 1103 1689 1159 unicus
1733 1100 1927 1167 Filius,
1983 1100 2110 1172 quia
2144 1098 2226 1155 sic
2279 1104 2365 1153 est

769 1218 935 1261 verus
958 1202 1143 1267 homo,
1167 1208 1226 1255 ut
1255 1207 1311 1256 et
1342 1212 1503 1253 verus
1523 1196 1595 1252 sit
1622 1196 1782 1250 Deus.
1823 1215 1844 1246 ο

840 1313 1030 1373 LXVI.
1068 1313 1267 1371 Beatus
1290 1310 1582 1366 Cassianus
1615 1309 1672 1363 in
1696 1306 1836 1362 libro
1877 1306 1944 1361 de
1984 1304 2363 1362 Incarnatione

766 1409 987 1471 Domini
1016 1411 1047 1452 δ
1074 1426 1090 1464 :
1137 1425 1158 1461 ι
1191 1407 1263 1464 Et
1281 1407 1402 1462 ideo
1426 1402 1704 1461 descendit
1722 1402 1960 1459 Verbum
1988 1400 2177 1463 Filius,
2208 1397 2363 1453 adest

766 1506 1024 1577 majestas
1051 1502 1288 1576 Spiritus
1315 1500 1511 1566 sancti,
1571 1497 1746 1552 virtus
1802 1493 2094 1550 obumbrat
2140 1491 2355 1547 Patris:

766 1599 958 1670 utique
998 1604 1061 1652 ut
1080 1596 1136 1651 in
1166 1599 1506 1651 sacramento
1535 1603 1706 1646 sacrm
1730 1583 2103 1657 conceptionis
2132 1580 2355 1656 [omnis]

764 1697 912 1748 esset
958 1684 1266 1757 cooperatio
1321 1681 1623 1738 Trinitatis.
1675 1677 1827 1743 Ideo,
1863 1677 2056 1747 inquit,
2114 1682 2164 1730 et
2217 1674 2358 1744 quod

765 1792 1013 1838 nascetur
1037 1781 1163 1835 inte
1189 1776 1340 1851 [Edit
1365 1812 1382 1841 ,
1410 1787 1480 1828 ea:
1507 1771 1580 1846 te]
1608 1779 1849 1827 sanctum
1876 1767 2147 1824 vocabitur
2176 1763 2226 1819 F
2229 1765 2353 1820 ilius

765 1872 866 1928 Dei
884 1870 1034 1944 (Luc.
1064 1866 1127 1941 ι).
1152 1868 1297 1923 Bene
1320 1864 1548 1927 addidit,
1563 1862 1703 1925 ideo,
1720 1868 1781 1915 ut
1793 1856 2103 1914 ostenderet
2123 1853 2352 1919 scilicet,

765 1961 888 2018 ideo
910 1960 1029 2016 hinc
1057 1965 1332 2019 secutura,
1354 1955 1478 2024 quia
1493 1949 1808 2008 fuerantilla
1822 1948 2100 2020 praemissa
2120 1955 2205 2001 :et
2230 1946 2358 2016 quia

767 2051 909 2108 Deus
938 2048 1340 2120 supervenisset
1368 2046 1422 2101 in
1442 2044 1815 2115 conceptione.
1844 2039 1965 2096 ideo
1981 2038 2122 2094 Deus
2145 2037 2360 2094 futurus

764 2139 927 2219 ειη,
953 2138 1221 2212 facturus]
1248 2144 1393 2195 esset
1423 2136 1479 2192 in
1502 2142 1682 2207 partu.
1730 2130 2019 2187 Rationem
2039 2142 2170 2200 ergo
2196 2134 2361 2184 tantae

766 2235 845 2294 rei
896 2234 1087 2307 puella:
1144 2230 1378 2288 reddidit
1423 2226 1714 2291 nescienti,
1752 2224 1940 2280 dicens
2000 2220 2189 2290 utique
2233 2219 2361 2288 quia

766 2325 1005 2399 Spiritus
1045 2330 1269 2380 sanctus
1306 2318 1652 2390 superveniat
1695 2314 1904 2389 [Edit.,
1966 2307 2357 2381 superveniet],

766 2427 821 2476 et
859 2419 987 2488 quia
1032 2416 1209 2470 virtus
1254 2410 1522 2469 Altissimi
1557 2405 1924 2469 obumbrabit,
1969 2401 2093 2458 ideo
2123 2410 2178 2457 et
2216 2399 2362 2472 quod

767 2515 1021 2565 nascetur
1064 2514 1334 2571 sanctum,
1382 2501 1666 2557 vocabitur
1722 2497 1893 2552 Filius
1936 2494 2055 2550 Dei.
2117 2491 2232 2549 Hoc
2277 2499 2363 2547 est

763 2598 991 2657 dicere:
1021 2596 1099 2653 Ne
1128 2598 1365 2666 ignores,
1389 2592 1586 2662 inquit,
1631 2592 1778 2646 hunc
1801 2594 1968 2643 tantm
2006 2584 2086 2640 rei
2135 2596 2365 2655 appara-

762 2695 883 2746 tum
937 2685 1063 2760 ]hoc
1080 2685 1218 2742 tanti
1255 2682 1499 2756 mysterii
1551 2674 1999 2747 sacramentum],
2040 2674 2159 2731 ideo
2194 2674 2249 2729 in
2309 2679 2363 2730 te

766 2788 883 2837 tota
932 2778 1117 2844 veniet
1144 2776 1420 2846 majestas,
1450 2772 1576 2844 quia
1600 2786 1670 2827 ex
1702 2780 1757 2825 te
1776 2776 2031 2825 nascetur
2066 2782 2228 2823 verus
2272 2766 2362 2822 Fi-

764 2872 872 2927 lius
919 2870 1035 2926 Dei.
1071 2869 1212 2937 Quid
1257 2868 1350 2923 hic
1378 2866 1520 2922 ultra
1569 2863 1771 2934 ambigi
1817 2867 2025 2933 potest,
2078 2858 2209 2929 quid
2248 2873 2362 2911 am-

766 2964 911 3035 plius
959 2961 1102 3018 dici?
1145 2962 1316 3016 Deum
1344 2959 1482 3015 dixit
1514 2962 1989 3029 superventurum,
2034 2951 2235 3008 Filium
2264 2949 2363 3005 Del

770 3056 1131 3112 nasciturum.
1170 3072 1190 3107 ι
1235 3052 1379 3108 Idem
1418 3052 1473 3108 in
1518 3050 1707 3106 eodem
1740 3059 1763 3087 ο
1805 3066 1819 3102 :
1859 3065 1879 3098 ι
1927 3044 2068 3113 Quid
2114 3056 2246 3114 ergo
2286 3040 2365 3095 ait

767 3150 1002 3208 Petrus?
1028 3147 1108 3204 Tu
1120 3165 1173 3204 es
1186 3147 1426 3203 Christus
1448 3143 1622 3200 Filius
1646 3143 1743 3198 Dei
1764 3142 1859 3197 viui
1875 3138 2091 3212 (Matth.
2107 3152 2221 3203 xvi,
2245 3134 2355 3206 i6).
2384 3177 2432 3241 ϐ

767 3245 866 3304 Die
879 3243 1011 3300 mihi
1022 3252 1230 3315 quasso,
1243 3238 1518 3302 hmretice,
1533 3237 1656 3307 quis
1669 3236 1758 3290 ille
1772 3232 1959 3298 fuerit,
1972 3232 2057 3286 cui
2072 3229 2269 3285 Petrus
2284 3227 2361 3282 ita

771 3336 1087 3408 respondit?
1106 3334 1312 3404 Negare
1335 3347 1440 3388 non
1462 3338 1617 3400 potes
1628 3327 1908 3384 Christum
1925 3323 2112 3379 fuisse.
2127 3321 2362 3376 Interro-

767 3443 838 3500 go
862 3444 1017 3499 ergo,
1039 3424 1321 3482 Christum
1339 3437 1499 3494 quem
1526 3418 1721 3476 vocas?
1750 3416 2029 3473 Hominem
2059 3428 2125 3467 an
2152 3410 2360 3466 Deum?

771 3518 1061 3576 Hominem
1087 3516 1273 3585 utique
1312 3515 1517 3583 absque
1562 3510 1755 3574 dubio;
1780 3508 1908 3564 hinc
1926 3506 2070 3561 enim
2083 3503 2259 3561 omnis
2271 3511 2362 3555 tua

769 3609 1019 3675 haeresis,
1059 3609 1187 3678 quia
1235 3621 1405 3679 negas
1431 3606 1578 3661 hunc
1603 3602 1879 3658 Christum
1926 3611 2118 3652 verum
2163 3592 2361 3648 Filium

766 3701 979 3758 Dei.....
1019 3699 1157 3767 Quid
1181 3712 1313 3769 ergo
1335 3697 1403 3753 ad
1445 3698 1562 3751 haec
1594 3692 1877 3764 respondit
1905 3687 2140 3744 Petrus?
2189 3684 2267 3739 Tu
2284 3700 2358 3751 es,

767 3795 963 3867 inquit,
1020 3792 1069 3847 F
1072 3792 1197 3848 ilius
1230 3791 1329 3845 Dei
1372 3789 1491 3845 vivi.
1526 3787 1804 3844 Christum
1856 3783 2021 3845 hunc,
2070 3792 2231 3850 quem
2303 3783 2363 3831 tu

766 3886 1005 3943 hominis
1041 3892 1247 3940 tantum
1296 3881 1492 3937 Filium
1540 3877 1764 3942 asseris,
1802 3874 1889 3930 ille
1910 3880 2140 3928 testatur
2164 3868 2361 3923 Filium

766 3977 885 4035 Dei.
909 3977 1009 4035 Cui
1046 3976 1127 4031 vis
1157 3974 1463 4038 credamus,
1493 3971 1589 4026 tibi
1614 3985 1684 4024 an
1728 3967 1924 4022 Petro?
1970 3961 2200 4034 Opinor,
2254 3972 2360 4014 non

766 4085 831 4126 es
874 4076 986 4125 tam
1036 4068 1341 4139 impudens,
1379 4073 1440 4120 ut
1486 4077 1800 4136 prreponcre
1851 4068 1904 4114 te
1934 4057 2136 4112 audeas
2185 4053 2361 4125 primo

768 4162 1157 4236 apostolorum.
1202 4160 1311 4218 Sed
1331 4160 1461 4229 quid
1503 4166 1609 4224 est,
1649 4155 1796 4227 quod
1836 4170 1943 4209 non
1975 4152 2175 4207 audeas
2199 4146 2364 4219 780

770 4255 865 4325 qui
894 4253 990 4309 Dei
1034 4251 1234 4308 Filium
1256 4264 1457 4322 negare
1494 4247 1757 4320 potuisti?
1797 4245 1875 4301 Tu
1906 4262 1958 4299 es
1986 4258 2139 4315 ergo,
2164 4238 2356 4309 inquit,

771 4343 1012 4400 Christus
1067 4342 1239 4398 Filius
1274 4342 1367 4397 Dei
1406 4340 1525 4396 viri.
1567 4338 1820 4409 Nunquid
1859 4337 1963 4393 hoc
1987 4332 2225 4405 ambigui
2266 4339 2361 4385 aut

773 4436 993 4499 obscuri
1054 4434 1257 4505 aliquid
1290 4433 1346 4489 in
1375 4448 1433 4490 se
1458 4431 1655 4487 habet?
1698 4429 1940 4498 Simplex
1971 4434 2056 4481 est
2081 4433 2138 4481 et
2166 4430 2358 4493 aperta

2465 546 2664 602 Filium
2691 546 2787 601 Dei
2812 553 3061 602 testatur.

2536 638 2742 695 LXVII.
2776 639 2851 694 De
2872 652 3123 695 sermone
3150 639 3323 695 sancti
3345 636 3671 709 Augustini‘l
3694 657 3707 693 :
3733 656 3751 690 ι
3782 637 3925 706 Quid
3952 640 4063 695 sibi

2464 731 2597 787 velit
2644 740 2701 788 et
2732 732 3005 802 quomodo
3050 730 3427 800 accipiendum
3470 730 3561 796 sit,
3611 730 3759 801 quod
3789 729 4067 788 Dominus

2464 828 2542 883 ait
2571 870 2586 893 ,
2618 825 2725 892 Qui
2777 823 2940 880 credit
2964 825 3021 878 in
3046 840 3150 890 me,
3174 840 3352 894 opera,
3389 839 3508 895 qua:
3561 839 3656 894 ego
3676 823 3843 894 facio,
3867 834 3917 879 et
3948 824 4069 894 ipse

2465 920 2619 990 faciet
2649 918 2831 991 (loca.
2860 932 2975 983 xiv,
3010 916 3122 988 12).
3149 931 3258 971 non
3292 924 3377 972 est
3398 916 3556 972 facile
3572 917 4067 988 comprehendere.

2464 1011 2533 1067 Et
2560 1027 2684 1066 cum
2729 1011 2836 1066 hoc
2859 1009 2927 1065 ad
2956 1007 3364 1079 intelligendum
3418 1007 3790 1064 diﬂieillimum
3821 1009 3916 1072 sit,
3966 1009 4071 1062 ad-

2454 1102 2589 1175 jecit
2633 1104 2780 1160 aliud
2807 1100 3093 1161 diiiicillius
3124 1110 3210 1157 :et
3232 1102 3440 1173 majora
3470 1100 3659 1155 horum
3686 1099 3864 1169 faciet.
3892 1098 4072 1173 [Quid

2462 1205 2545 1255 est
2584 1196 2745 1270 boc?]
2810 1196 2914 1265 Qui
2965 1194 3173 1254 faceret
3216 1209 3405 1265 opera,
3450 1208 3572 1264 qua:
3608 1192 3861 1249 Christus
3902 1190 4067 1257 fecit,

2461 1307 2571 1350 non
2621 1289 3057 1355 inveniebamus;
3098 1287 3191 1359 qui
3220 1288 3389 1344 etiam
3417 1285 3623 1358 majora
3653 1283 3835 1350 faciet,
3866 1284 4071 1340 inven-

2461 1387 2571 1446 turi
2597 1399 2785 1442 sumus
2802 1385 2827 1427 9
2871 1383 2978 1441 Sed
3003 1384 3316 1440 dixeramus
3343 1394 3595 1436 sermone
3620 1378 3874 1450 pristino,
3922 1377 4066 1450 quia

2460 1477 2636 1547 majus
2662 1476 2766 1533 fuit
2792 1478 3000 1533 umbra:
3050 1490 3164 1532 suae
3208 1473 3461 1538 transitu,
3490 1472 3635 1544 quod
3682 1470 3960 1545 [discipuli
3983 1468 4073 1528 ΐο-

2460 1578 2674 1637 cerunt,
2722 1584 2886 1640 quam
2916 1566 3146 1623 (Imbria:
3189 1581 3303 1622 sure
3328 1571 3500 1630 tactu,
3526 1560 3695 1635 quod]
3728 1563 3845 1633 ipse
3868 1560 4070 1618 Domi-

2458 1680 2563 1720 nus
2589 1661 2719 1719 fecit
2748 1674 2941 1718 sanare
2966 1658 3287 1730 languentes
3319 1674 3332 1711 :
3362 1664 3419 1712 et
3444 1655 3574 1727 quia
3616 1655 3803 1724 plures
3829 1662 4066 1724 aposto-

2461 1754 2549 1819 lis,
2574 1769 2735 1824 quam
2763 1754 2880 1822 ipso
2900 1765 2997 1822 per
3023 1764 3088 1805 os
3124 1748 3404 1818 proprium
3427 1745 3758 1817 praedicante
3796 1744 4065 1809 Domino,

2385 1823 2431 1882 Β
2460 1823 2826 1909 crediderunt,
2855 1851 2917 1898 ut
2954 1842 3071 1896 haec
3096 1838 3413 1894 viderentur
3433 1851 3599 1908 opera
3655 1831 4066 1908 [intelligenda]

2459 1953 2583 1995 esse
2606 1935 2847 2005 majora;
2884 1949 2992 1989 non
3016 1947 3125 2003 quo
3146 1928 3319 2013 major
3339 1938 3483 1986 esset
3510 1929 3769 1998 magistre
3819 1927 4067 1997 discipu-

2460 2031 2566 2099 lus,
2617 2030 2702 2086 vel
2741 2028 2970 2084 Domino
3000 2040 3214 2091 servus,
3267 2022 3357 2079 vel
3401 2022 3689 2092 adoptatus
3737 2019 4063 2092 Unigenito,

2460 2123 2548 2180 vel
2599 2122 2764 2179 homo
2790 2117 2940 2185 Deo;
2999 2116 3095 2174 sed
3123 2117 3268 2186 quod
3298 2129 3396 2187 per
3422 2113 3549 2169 illos
3582 2112 3696 2186 ipse
3735 2112 4068 2183 dignaretur

2461 2214 2650 2272 eadem
2675 2211 2879 2282 maiora
2932 2210 3137 2275 facere,
3181 2210 3276 2279 qui
3320 2207 3453 2263 dicit
3490 2206 3573 2263 eis
3592 2206 3699 2262 alio
3724 2204 3889 2263 loco:
3930 2202 4066 2261 Sine

2460 2324 2545 2361 me
2579 2302 2713 2361 nihil
2739 2304 2960 2375 potestis
2979 2302 3153 2373 facere
3180 2321 3199 2354 ι
3245 2298 3427 2372 (Joan.
3458 2314 3550 2364 xv,
3582 2297 3660 2369 5).

2534 2396 2763 2452 LXVIII.
2793 2394 3048 2465 Ejusdem
3071 2394 3128 2449 in
3158 2392 3422 2448 Sermone
3444 2390 3564 2447 XXI
3584 2402 3606 2431 ε
3628 2409 3648 2443 ι
3672 2391 3805 2448 Post
3825 2393 4067 2463 promis-

2463 2491 2677 2548 sionem
2726 2488 2963 2559 Spiritus
2989 2486 3166 2542 sancti
3215 2501 3286 2542 ne
3335 2487 3625 2557 quisquam
3656 2494 3875 2555 putaret
3910 2487 4069 2556 quod

2464 2580 2541 2635 ita
2568 2594 2692 2635 eum
2723 2578 2989 2634 Dominus
3033 2579 3261 2632 daturus
3285 2575 3485 2643 fuerat,
3559 2577 3705 2633 velut
3731 2591 3831 2646 pro
3853 2578 4065 2647 seipse,

2465 2682 2524 2731 ut
2572 2688 2685 2729 non
2701 2680 2758 2729 et
2795 2674 2910 2743 ipse
2958 2686 3082 2729 cum
3111 2671 3193 2727 eis
3217 2678 3364 2728 esset
3388 2669 3622 2737 futurus,
3659 2670 3859 2740 adjecit
3896 2678 4071 2740 atque

2464 2765 2580 2820 ait:
2639 2761 2765 2818 Non
2813 2762 3106 2833 relinquam
3156 2778 3242 2817 vos
3305 2762 3593 2832 orphaaos,
3643 2760 3793 2814 uenio
3840 2760 3913 2814 ad
3972 2776 4067 2815 eos

2465 2856 2651 2930 (Joan.
2707 2872 2821 2921 mv,
2881 2854 2993 2928 18).
3049 2852 3289 2923 Orphani
3314 2852 3505 2924 pupilli
3550 2859 3714 2918 sunt;
3745 2850 3875 2907 illud
3906 2852 4062 2908 enim

2463 2947 2716 3005 Graecum
2736 2947 2976 3018 ejusdem
3004 2945 3083 3001 rei
3113 2960 3313 3000 nomen
3342 2952 3448 3009 est,
3483 2945 3587 3000 hoc
3621 2943 3895 3000 Latinum.
3920 2943 4067 2999 Nam

2465 3051 2521 3100 et
2548 3042 2603 3097 in
2653 3041 2888 3114 psalmo,
2936 3040 3029 3096 ubi
3076 3039 3311 3111 legimus
3339 3055 3355 3093 :
3382 3034 3597 3108 Pupilla
3626 3038 3811 3093 tueris
3841 3038 4069 3110 adjutor

2464 3138 2641 3212 (Psat.
2666 3153 2722 3203 ι,
2752 3135 2869 3208 id),
2896 3134 3120 3192 Graecus
3140 3135 3307 3191 habet
3330 3133 3592 3204 orphano.
3646 3131 3908 3200 Quamvis
3928 3146 4067 3203 ergo

2463 3249 2565 3289 nos
2587 3230 2761 3287 Filius
2780 3229 2878 3285 Dei
2908 3243 3007 3284 suo
3050 3225 3199 3281 Patri
3247 3223 3589 3295 adeptaverit
3615 3222 3774 3287 ﬁlios,
3808 3230 3866 3277 et
3907 3237 4067 3279 eum-

2461 3326 2586 3382 dem
2605 3323 2825 3378 Patrem
2872 3335 2974 3376 nos
3013 3318 3247 3374 voluerit
3296 3316 3500 3372 habere
3541 3329 3641 3386 per
3668 3314 3922 3386 gratiam,
3965 3314 4065 3385 qui

2461 3416 2580 3486 ejus
2624 3413 2788 3471 Pater
2838 3420 2923 3469 est
2968 3426 3068 3482 per
3113 3419 3370 3466 naturam
3422 3406 3595 3481 [Ma.,
3633 3406 4062 3481 paternarum]:

2462 3518 2646 3565 tanien
2682 3508 2847 3562 etiam
2895 3506 3013 3574 ipse
3046 3517 3177 3574 erga
3206 3517 3305 3557 nos
3338 3509 3623 3571 paternum
3658 3500 4064 3570 quodammodo

2462 3601 2799 3656 demonstrat
2828 3595 3103 3661 aﬂ'eetum,
3160 3607 3287 3649 cum
3326 3595 3459 3648 dicit
3492 3610 3505 3646 :
3550 3589 3677 3645 Non
3698 3590 4064 3663 derelinun

2462 3710 2549 3749 vos
2579 3692 2865 3762 orphauos,
2914 3687 3121 3742 ueniant
3168 3685 3237 3738 ad
3264 3702 3373 3740 vos.
3403 3683 3543 3739 llinc
3589 3693 3676 3739 est
3717 3684 3862 3753 quod
3893 3684 4063 3738 etiam

2462 3783 2648 3855 sponsi
2677 3780 2818 3836 ﬁlios
2857 3775 3237 3849 nosappellat,
3286 3776 3377 3830 ubi
3436 3775 3615 3830 dicit:
3646 3774 3841 3830 Veniet
3890 3773 4047 3840 hora,

2464 3888 2522 3934 ut
2550 3875 2828 3932 auferatur
2851 3873 2919 3928 ab
2957 3872 3039 3928 eis
3067 3885 3319 3941 sponsus,
3346 3876 3404 3924 et
3428 3878 3559 3924 tunc
3588 3865 3915 3939 jejunabunt
3962 3864 4062 3923 lilii

2463 3968 2651 4042 sponsi
2690 3987 2707 4019 ι
2751 3965 2970 4039 (Matth.
3010 3978 3092 4021 IX.
3122 3961 3233 4033 15).

2534 4057 2721 4119 LXIX.
2742 4056 2970 4113 Videtur
3000 4054 3147 4111 enim
3172 4051 3335 4121 hujus
3364 4051 3590 4107 haeresis
3609 4064 3732 4107 esse
3758 4064 3980 4106 causam
4003 4049 4060 4106 in

2463 4154 2646 4210 animo
2668 4150 2992 4215 errantium,
3035 4146 3183 4218 quod
3209 4153 3404 4215 putant
3424 4144 3480 4198 hi
3501 4143 3594 4213 qui
3621 4150 3875 4199 asserunt
3901 4140 4061 4197 Chri-

2462 4256 2607 4302 stum
2636 4241 2948 4313 adoptivum
2997 4251 3142 4303 esse,
3192 4250 3361 4291 unum
3406 4248 3529 4290 esse
3567 4234 3928 4303 assumpsisse
3961 4232 4060 4287 ali-

2461 4336 2592 4408 quid
2613 4345 2671 4391 et
2690 4335 2979 4405 adoptasse
3017 4347 3033 4386 :
3068 4329 3137 4385 de
3164 4342 3276 4397 quo
3311 4339 3502 4383 errore
3536 4325 3734 4381 insue
3766 4323 3887 4379 loco
3923 4321 4059 4379 satis

2463 4426 2879 4499 respondimus;
2911 4428 2967 4478 et
2996 4435 3165 4476 unum
3192 4418 3469 4474 aestimant
3483 4415 3714 4489 gratiam
3737 4422 3792 4469 et
3813 4412 4060 4483 adoptio-

772 4527 1063 4594 confessio,
1111 4503 1388 4583 Christum
1433 4525 1529 4582 Dei
1578 4522 1774 4579 Filium
1822 4520 2120 4592 prmdicare
2162 4513 2356 4608 [Edita
2383 4545 2436 4608 υ
2464 4537 2611 4585 nem,
2660 4533 2783 4575 cum
2838 4516 3037 4588 legitur
3079 4510 3401 4583 Apostolum
3463 4509 3648 4565 dicere
3680 4527 3693 4561 ;
3723 4505 3913 4562 Gratia
3958 4503 4057 4559 Dei

776 4620 1075 4694 prtedicat].
1121 4640 1140 4673 ι
1171 4618 1326 4689 Quod
1364 4618 1409 4673 si
1436 4625 1493 4672 tu
1535 4624 1795 4673 consueto
1835 4628 1986 4667 more
2039 4607 2356 4665 diverticula

776 4713 980 4770 latendi
1015 4726 1263 4782 qurerens
1305 4710 1464 4773 dicis,
1500 4709 1607 4763 hoc
1633 4705 1944 4776 usurpative
1983 4701 2067 4758 vel
2098 4701 2357 4771 adoptive

777 4807 909 4875 dici,
958 4806 1089 4878 quid
1126 4804 1370 4860 dicturus
1422 4817 1484 4858 es
1530 4802 1596 4857 de
1635 4800 1808 4855 altero
1855 4798 2147 4854 multorum
2198 4793 2359 4851 simul

775 4901 1149 4959 attestantium
1172 4907 1336 4969 atque
1366 4896 1532 4952 etiam
1555 4894 1901 4951 clamantium
1937 4889 2249 4946 testimonio
2272 4888 2358 4945 di-

773 4994 1049 5050 centium:
1088 4990 1217 5047 Vere
1256 4988 1428 5046 Filius
1449 4990 1548 5047 Dei
1595 5003 1649 5043 es
1698 4995 1752 5039 tu
1803 4983 2014 5057 (Matth.
2067 4997 2183 5048 xxv,
2234 4978 2363 5049 ﬁ)?

777 5084 1062 5142 Hominem
1107 5082 1377 5149 videlicet,
1406 5096 1565 5152 quem
1596 5086 1917 5152 przesentem
1946 5076 2215 5138 viderunt,
2263 5071 2359 5127 de—

777 5185 1160 5233 monstrantes.
1187 5174 1329 5243 Quid
1376 5175 1538 5230 etiam
1562 5158 1865 5228 centurioni
1892 5166 2208 5239 respondes,
2269 5164 2363 5234 qui

778 5266 1031 5322 videlicet
1072 5267 1344 5322 hominem
1377 5264 1652 5320 Christum
1687 5260 1823 5316 mori
1881 5259 2072 5313 videns
2111 5259 2163 5311 in
2199 5270 2363 5313 cruce

774 5358 1031 5414 clamavit
1075 5358 1305 5414 dicens:
1347 5354 1476 5411 Vere
1511 5348 1684 5409 Filius
1715 5351 1809 5407 Dei
1857 5362 1968 5407 erat
2004 5350 2100 5406 iste
2143 5348 2359 5418 (Matth.

776 5460 952 5518 nm,
999 5448 1111 5524 54).
1156 5448 1226 5506 Et
1249 5449 1434 5518 utique
1472 5447 1575 5503 iste
1612 5445 1746 5502 nihil
1782 5445 1848 5501 de
1895 5442 2192 5499 divinitatis
2243 5440 2361 5512 ejus

822 5622 840 5639 '
858 5617 889 5677 ξι
925 5605 1089 5677 Cujus
1112 5606 1229 5662 haec
1260 5602 1481 5660 homilia
1511 5603 1626 5677 sit,_
1654 5602 1913 5677 ign_otum.
1941 5600 2103 5656 Forte
2127 5597 2186 5677 SH.
2222 5597 2358 5671 Aug.

782 5675 941 5758 cujus
964 5670 1125 5758 dicta
1156 5677 1207 5730 in
1237 5677 1420 5731 Tract.
1475 5688 1568 5728 xw
1612 5670 1697 5727 ιη’
1723 5670 1902 5739 Joan.,
1934 5687 2082 5727 nam.
2122 5670 2209 5736 i0,
2241 5670 2363 5726 cuin

783 5747 872 5804 his
895 5749 1243 5805 concordant.

862 5826 889 5859 υ
930 5818 1245 5887 Cassianus,
1279 5816 1397 5874 lihr.
1430 5834 1467 5873 ιι
1496 5817 1586 5872 cit.
1618 5830 1734 5887 cap.
1776 5813 1820 5868 i.

2460 4630 2555 4685 pro
2589 4612 2829 4666 omnibus
2855 4607 3079 4680 gustavit
3121 4612 3341 4659 mortem
3383 4600 3573 4676 (Hebr.
3620 4616 3685 4666 ιι,
3734 4598 3812 4672 9).
3852 4597 4053 4653 Tamen

2462 4725 2575 4763 non
2610 4707 2749 4763 dixit
2783 4702 3098 4775 Apostolus,
3120 4700 3407 4770 adoptione
3426 4710 3530 4767 pro
3574 4692 3833 4749 omnibus
3876 4698 4055 4762 gusta-

2462 4802 2542 4855 vit
2576 4807 2832 4863 mortem,
2890 4795 3019 4865 quia
3061 4792 3216 4862 longe
3251 4790 3397 4846 aliud
3427 4796 3510 4843 est
3530 4786 3706 4858 gratia
3735 4782 3897 4856 μὴ..
3940 4781 4052 4854 glo-

2464 4891 2567 4964 ria]
2608 4889 2791 4945 multis
2829 4888 2883 4941 in
2904 4885 3054 4949 locis,
3095 4892 3152 4939 et
3197 4880 3433 4951 adoptio.
3484 4877 3753 4933 Praevenit
3780 4875 3926 4929 enim
3954 4872 4053 4928 ali-

2466 4982 2662 5052 quibus
2699 4979 2754 5035 in
2783 4977 2917 5032 locis
2957 4974 3323 5045 adoptionem,
3368 4970 3509 5025 sicut
3536 4982 3636 5023 nos
3663 4980 3787 5022 cum
3814 4979 4053 5020 essemus

2467 5076 2562 5132 lilii
2610 5075 2705 5130 irae
2750 5071 3049 5129 secundum
3093 5074 3366 5129 naturam,
3420 5062 3548 5119 fecit
3597 5075 3697 5116 nos
3743 5058 3917 5130 gratia
3960 5055 4053 5112 Dei

2467 5166 2607 5223 ﬁlios
2634 5164 2731 5221 Dei
2791 5176 2886 5233 per
2907 5158 3274 5230 adoptionem.
3327 5153 3615 5211 Princessit
3637 5166 3738 5206 nos
3761 5148 3961 5221 gratia,
3994 5156 4055 5203 ut

2466 5272 2710 5318 essemus
2733 5252 3003 5325 adoptivi;
3046 5249 3297 5307 Christus
3336 5261 3467 5302 vero
3496 5261 3603 5302 non
3625 5244 3725 5299 fuit
3744 5252 3869 5298 ante
3892 5242 4055 5297 homo

2465 5350 2663 5415 laetus,
2722 5356 2777 5402 et
2827 5354 2951 5417 post
2992 5356 3092 5415 per
3128 5341 3358 5415 gratiam
3404 5337 3688 5407 adoptivus
3726 5332 3896 5390 Filius
3920 5331 4043 5398 Dei;

2468 5441 2566 5499 sed
2594 5456 2719 5497 mox
2743 5439 2803 5495 in
2824 5445 2984 5494 utero
3005 5433 3236 5505 virginis
3260 5432 3403 5487 Deus
3440 5444 3602 5485 verus
3647 5436 3702 5482 et
3729 5426 3873 5482 Deus
3890 5422 4051 5481 homo

2546 5616 2567 5644 ε
2607 5603 2775 5663 Idem,
2816 5599 2941 5655 libr.
2974 5613 3058 5663 ιιι,
3090 5610 3207 5665 cap.
3264 5592 3347 5647 I2.

2542 5676 2565 5714 ά
2606 5673 2663 5729 S.
2702 5659 2864 5743 Aug,
2902 5659 3063 5725 tract.
3098 5659 3553 5743 Lixtt_in_Joan.,
3591 5659 3729 5743 nni.

2550 5760 2570 5787 τ
2610 5746 2665 5800 S.
2709 5729 2869 5812 Aug,
2912 5748 3230 5796 tract.t.xvv
3258 5737 3309 5790 in
3328 5733 3509 5798 Joan.,
3546 5748 3600 5787 n.
3642 5729 3694 5785 i.
