4346 6674
335 426 455 483 H7

1205 428 1626 489 DOGMATlCA.
1667 465 1738 475 -—-
1776 433 1906 489 LIB.
1945 432 2108 490 ADV.
2153 430 2484 490 ΗᾸΞΒΕΒῙΝ
2521 433 2806 492 FELICIS.

3567 438 3669 496 “3

332 548 655 615 conceptus
701 549 819 606 est;
879 549 937 598 et
982 542 1049 599 de
1078 550 1237 599 utero
1262 545 1491 618 virginis
1534 548 1677 604 Deus
1715 563 1880 604 verus
1902 556 1958 605 et
1985 551 2033 610 Α
2061 547 2334 617 quomodo
2364 546 2523 607 ﬁeret
2560 549 2707 621 quod
2752 551 2803 606 ei
2858 550 3162 615 nuntiabat,
3220 551 3670 625 quandoquidem

333 635 520 692 homo
540 648 704 689 verus
730 644 917 701 natus,
948 634 1091 691 sicut
1113 645 1338 693 sanctus
1352 637 1688 711 Augustinus
1711 640 1766 696 in
1796 640 1959 708 libro,

330 744 516 803 quem
537 728 894 785 Enchiridion
940 729 1017 785 illi
1045 729 1251 802 placuit
1275 733 1579 800 nominare,
1617 735 1964 805 apertissime

336 829 614 886 testatur,
641 820 854 877 ‘dicens
878 832 905 862 ι
941 839 956 876 :
1002 839 1021 873 ι
1057 821 1157 878 Hic
1191 823 1417 882 omnino
1448 825 1732 895 granditer
1757 834 1814 881 et
1849 827 1964 883 evi-

334 913 548 970 denter
598 912 694 968 Dei
721 914 895 985 gratia
924 917 1359 972 commendatur.
1405 914 1548 987 Quid
1568 919 1716 974 enim
1764 927 1960 975 natura

338 1005 595 1060 humana
623 1005 679 1060 in
727 1004 953 1061 homine
992 1005 1217 1062 Christo
1246 1008 1466 1074 meruit,
1512 1009 1654 1064 utin
1698 1010 1963 1066 unitatem

334 1114 604 1170 personae
642 1097 789 1154 unici
838 1097 963 1154 Filii
1022 1098 1120 1155 Dei
1167 1100 1518 1172 singulariter
1562 1110 1709 1157 esset
1751 1117 1964 1158 assum-

334 1191 479 1262 pta?
516 1189 650 1258 Quae
678 1189 820 1246 bona
867 1189 1142 1257 voluntas,
1173 1192 1331 1263 cujus
1372 1194 1503 1250 boni
1551 1195 1818 1266 propositi
1849 1202 1965 1251 stu-

337 1280 528 1348 dium,
567 1296 689 1352 quae
730 1281 874 1337 bona
901 1296 1067 1352 opera
1094 1292 1516 1351 praecesserunt,
1556 1286 1755 1356 quibus
1781 1300 1960 1341 mere-

337 1380 509 1431 retur
554 1372 657 1428 iste
694 1372 861 1428 homo
890 1389 998 1428 una
1031 1374 1152 1429 ﬁeri
1194 1388 1430 1443 persona
1468 1392 1595 1432 cum
1642 1376 1788 1433 Deo?
1814 1376 1963 1431 Nun-

341 1466 490 1539 quid
537 1475 699 1521 antea
744 1463 850 1520 l‘uit
894 1466 1078 1531 homo,
1135 1474 1191 1522 et
1234 1465 1341 1523 hoc
1367 1466 1419 1523 ei
1449 1467 1725 1539 singulare
1762 1468 1965 1525 beneﬁ-

340 1559 504 1615 cium
542 1556 849 1628 prmstitum
875 1564 980 1623 est,
1019 1572 1144 1613 cum
1179 1557 1534 1629 singulariter
1554 1566 1963 1630 promereretur

341 1650 521 1722 781
571 1650 743 1707 Deum
766 1650 789 1706 2
842 1649 1049 1722 Nempe
1074 1665 1141 1706 ex
1163 1666 1271 1722 quo
1310 1653 1473 1707 homo
1495 1666 1619 1707 esse
1642 1652 1829 1724 coepit,
1852 1666 1963 1708 non

342 1734 507 1801 aliud
537 1743 866 1815 caepitesse,
898 1759 1062 1814 quam
1092 1743 1187 1799 Dei
1242 1742 1435 1810 Filius,
1489 1751 1546 1800 et
1582 1746 1687 1800 hoc
1731 1746 1958 1815 unicus;

339 1845 412 1894 ct
432 1845 655 1908 propter
701 1836 873 1893 Deum
906 1837 1172 1899 Verbum,
1227 1836 1375 1907 quod
1405 1836 1496 1892 illo
1539 1845 1796 1908 suscepto
1826 1853 1960 1894 caro

2063 639 2153 694 illa
2193 640 2368 696 virum
2394 657 2502 697 non
2533 650 2910 714 cognosceret,
2943 643 3222 715 respondit
3253 644 3472 716 angelus
3500 665 3512 701 :
3547 643 3672 713 Spi-

2064 731 2199 786 ritus
2221 741 2435 788 sanctus
2464 734 2787 804 superveniet
2808 734 2861 788 in
2883 744 2952 797 te,
2996 745 3046 791 et
3079 736 3245 790 virtus
3275 734 3532 792 Altissimi
3577 737 3667 791 ob-

2063 825 2327 881 umbrabit
2353 826 2471 891 tibi,
2495 827 2716 897 ideoque
2737 838 2785 881 et
2807 828 2947 898 quod
2987 838 3231 884 nascetur
3254 845 3319 883 ex
3342 838 3390 885 te
3419 840 3666 886 sanctum

2064 914 2334 971 vocabitur
2372 915 2550 972 Filius
2574 917 2673 972 Dei
2702 938 2720 971 ι
2759 915 2911 990 (Luc.
2938 935 2979 986 ι,
3005 918 3118 992 55).
3152 922 3219 976 Et
3243 932 3365 991 post
3405 937 3580 993 pauca
3610 921 3665 977 in

2064 1007 2256 1062 eodem
2312 1008 2585 1079 capitulo:
2620 1026 2640 1060 ι
2676 1008 2938 1075 Proinde,
2990 1012 3133 1066 sicut
3171 1012 3516 1078 conﬁtemur,
3558 1013 3664 1069 Do-

2064 1098 2246 1154 minus
2268 1107 2456 1155 noster
2479 1097 2638 1156 Jesus
2661 1098 2933 1166 Christus,
2959 1102 3052 1171 qui
3087 1103 3286 1159 debeo
3316 1103 3480 1169 Deus,
3503 1104 3667 1161 homo

2064 1198 2246 1246 autem
2275 1199 2435 1246 natus
2461 1200 2546 1247 est
2571 1192 2639 1249 de
2672 1192 2878 1263 Spiritu
2924 1201 3117 1247 sancto
3146 1202 3201 1248 ct
3227 1194 3437 1266 virgine
3469 1192 3665 1261 Maria,

2064 1291 2294 1354 utraque
2318 1283 2641 1348 substantia,
2696 1285 2876 1340 divina
2912 1285 3123 1340 scilicet
3178 1295 3339 1355 atque
3389 1287 3659 1353 humana;

2064 1375 2235 1433 Filius
2259 1385 2345 1433 est
2370 1378 2564 1434 unicus
2609 1376 2706 1433 Dei
2752 1377 2930 1432 Patris
2981 1378 3392 1450 omnipotentis,
3441 1380 3508 1434 dc
3558 1394 3665 1451 quo

2063 1471 2310 1540 procedit
2363 1470 2600 1541 Spiritus
2629 1480 2872 1528 sanctus.
2911 1493 2929 1525 ι
2967 1472 3089 1528 Mox
3144 1474 3545 1543 subsequentcr
3588 1474 3654 1529 de

2064 1565 2255 1620 eadem
2283 1565 2456 1636 gratia
2486 1573 2706 1621 secutus
2731 1567 2842 1621 ait:
2876 1584 2894 1616 ι
2941 1567 3020 1623 Ac
3050 1569 3128 1623 sic
3161 1568 3213 1622 in
3243 1577 3448 1625 natura:
3472 1570 3667 1623 huma-

2064 1673 2149 1711 na:
2179 1656 2526 1728 susceptione
2565 1655 2722 1713 ﬁeret
2762 1658 3163 1727 quodammodo
3205 1660 3320 1729 ipsa
3370 1660 3546 1731 gratia
3585 1657 3657 1714 illi

2066 1749 2271 1805 homini
2305 1749 2592 1814 naturalis,
2649 1765 2770 1819 quae
2814 1749 3020 1805 nullum
3052 1760 3337 1821 peccatum
3362 1753 3537 1822 possit
3566 1752 3667 1807 ad-

2069 1840 2288 1896 mittere
2316 1858 2329 1894 :
2357 1855 2477 1910 quae
2498 1841 2671 1912 gratia
2699 1850 2988 1912 propterea
3017 1858 3115 1913 per
3139 1844 3397 1913 Spiritum
3418 1851 3666 1898 sanctum

339 1903 561 1988 factum
598 1940 704 1995 est,
734 1932 922 2000 utique
950 1931 1094 1987 Deus
1121 1945 1137 1984 :
1165 1939 1224 1986 ut
1246 1903 1717 2000 quemadmodum
1731 1940 1817 1986 est
1852 1946 1961 1986 una
1993 1903 2040 1964 Β
2069 1930 2249 1987 fuerat
2290 1903 2668 2003 signiﬁcanda,
2699 1903 2848 2002 -quia
2873 1933 2988 2002 ipse
3014 1903 3232 2004 proprie
3261 1934 3341 1989 sic
3388 1940 3473 1988 est
3501 1932 3663 1998 Deus,

336 2041 587 2098 persona
635 2025 864 2095 quilibet
908 2026 1094 2089 homo,
1146 2024 1326 2079 anima
1355 2024 1565 2080 scilicet
1596 2023 1883 2080 rationalis
1908 2033 1967 2081 et

338 2132 508 2181 caro,
538 2117 614 2172 ita
639 2116 712 2171 sit
737 2116 988 2172 Christus
1008 2131 1116 2170 una
1136 2124 1388 2185 persona,
1424 2114 1664 2171 Verbum
1692 2124 1749 2172 et
1777 2115 1961 2172 homo.

339 2206 515 2267 Unde
552 2216 765 2263 natura:
818 2206 1070 2262 humana:
1117 2213 1270 2262 tanta
1314 2206 1509 2279 gloria,
1550 2206 1715 2262 nullis
1761 2221 1967 2276 praece-

340 2300 610 2357 dentibus
636 2298 865 2363 meritis,
895 2298 1013 2353 sine
1037 2297 1374 2354 dubitatione
1406 2299 1667 2370 gratuita,
1706 2299 1809 2355 nisi
1838 2300 1967 2370 quia

341 2407 554 2462 magna
579 2390 669 2447 hic
692 2399 747 2447 et
775 2388 889 2446 sola
909 2390 1004 2444 Dei
1027 2390 1224 2461 gratia,
1268 2389 1501 2446 ﬁdeliter
1531 2397 1587 2445 et
1626 2391 1810 2446 sobrie
1836 2406 1968 2447 con-

341 2483 727 2542 siderantibus
774 2483 1056 2538 evidenter
1079 2482 1407 2549 ostenditur,
1445 2491 1506 2537 ut
1534 2483 1843 2553 intelligant
1868 2484 1969 2538 ho-

344 2578 536 2633 mines
559 2591 657 2646 per
686 2575 937 2631 eamdem
967 2574 1198 2646 gratiam
1231 2589 1290 2628 se
1310 2573 1605 2645 iustiﬁcari
1633 2588 1664 2629 a
1700 2575 1965 2644 peccatis,

342 2681 457 2740 per
484 2681 648 2737 quam
676 2664 878 2720 factum
906 2672 989 2719 est
1018 2671 1080 2720 ut
1097 2663 1263 2719 homo
1283 2662 1534 2720 Christus
1555 2662 1763 2721 nullum
1785 2672 1970 2735 posset

356 2751 570 2816 habere
595 2764 906 2828 peccatum.
946 2774 967 2809 ι

429 2847 595 2905 LXX.
620 2848 737 2904 Non
757 2864 883 2905 eum
904 2855 1031 2903 ante
1055 2846 1192 2903 dixit
1215 2846 1297 2903 vel
1314 2856 1637 2918 conceptum
1657 2849 1740 2904 vel
1758 2857 1966 2916 natum,

353 2952 415 2997 et
438 2950 569 2996 tunc
601 2955 700 3012 per
726 2940 959 3012 gratiam
993 2938 1339 3009 adoptionem
1367 2942 1665 3010 accepisse,
1698 2948 1759 2996 ut
1797 2940 1969 2997 Filius

358 3031 461 3087 Dei
496 3038 671 3096 esset;
704 3031 801 3087 sed
832 3045 957 3084 mox
988 3029 1043 3084 in
1073 3029 1192 3099 ipso
1227 3038 1495 3099 conceptu
1516 3038 1572 3085 et
1590 3030 1644 3086 in
1662 3030 1782 3101 ipso
1806 3039 1968 3101 partu

360 3121 538 3177 Deum
592 3136 717 3177 esse
761 3134 955 3176 verum
989 3128 1045 3175 et
1097 3120 1377 3174 hominem
1429 3133 1622 3175 verum
1671 3129 1881 3187 natum,
1914 3130 1971 3177 et

356 3215 562 3272 Filium
592 3215 760 3271 Deum
788 3213 1000 3288 [Forte.
1040 3212 1162 3286 Dei]
1214 3229 1428 3278 verum,
1469 3220 1527 3270 et
1552 3213 1669 3271 .hoc
1721 3215 1963 3270 unicum.
1994 3256 2042 3320 C

356 3309 546 3379 Quare
581 3310 826 3373 unicum,
871 3308 918 3363 si
953 3308 1240 3377 adoptivus
1260 3314 1367 3372 est,
1395 3306 1539 3363 sicut
1564 3314 1620 3361 et
1663 3323 1765 3362 nos
1786 3308 1812 3362 ?
1848 3306 1968 3363 Uti-

354 3422 471 3479 que
502 3406 631 3477 quia
666 3403 873 3474 maiore
909 3403 1245 3473 proprietate
1294 3402 1466 3458 Filius
1513 3409 1598 3458 est
1653 3401 1775 3467 Dei,
1800 3418 1963 3473 quam

354 3515 481 3564 nos,
509 3500 603 3569 qui
629 3513 819 3557 sumus
831 3496 1201 3567 praeveniente
1223 3496 1397 3567 gratia
1433 3495 1676 3565 adoptivi
1698 3495 1822 3550 Filii
1848 3496 1965 3551 Dei.

355 3590 483 3645 nos
510 3590 650 3644 idem
680 3588 846 3643 Pater
884 3588 938 3642 in
984 3587 1175 3643 eodem
1213 3586 1453 3657 capitulo
1495 3587 1822 3642 subsecutus
1852 3587 1967 3641 ait:

361 3700 383 3733 ι
437 3678 611 3735 Sicet
638 3676 756 3747 eius
806 3686 1037 3732 matrem
1074 3677 1300 3748 angelus
1346 3676 1621 3742 salutavit,
1673 3676 1891 3746 quando
1916 3677 1969 3732 ei

355 3769 607 3826 futurum
632 3770 905 3825 nuntiavit
935 3770 1081 3824 hunc
1101 3776 1319 3838 partum
1353 3786 1366 3822 :
1401 3767 1527 3832 Ave,
1577 3768 1775 3838 inquit,
1797 3768 1971 3839 gratia

353 3861 539 3934 plena.
596 3860 662 3916 Et
687 3859 850 3931 paulo
872 3869 994 3931 post
1039 3878 1051 3914 :
1095 3859 1351 3914 Invenisti
1378 3900 1396 3924 ,
1425 3858 1523 3923 ait,
1563 3859 1794 3929 gratiam
1825 3860 1969 3930 apud

355 3952 536 4009 Deum
571 3952 724 4025 (Luc.
770 3970 811 4018 ι,
836 3952 930 4019 28,
970 3952 1086 4024 30).
1126 3952 1194 4006 Et
1237 3951 1456 4021 quidem
1495 3950 1668 4022 gratia
1690 3948 1872 4020 plena,
1913 3958 1970 4006 et

356 4046 647 4105 invenisse
667 4046 899 4117 gratiam
921 4047 1064 4115 apud
1095 4045 1261 4100 Deum
1282 4042 1500 4106 dicitur,
1528 4049 1590 4096 ut
1616 4041 1830 4097 Domini
1862 4043 1968 4109 sui,

355 4134 476 4193 imo
523 4135 741 4192 Domini
784 4135 1026 4190 omnium
1060 4143 1236 4190 mater
1277 4141 1443 4190 esset.
1494 4132 1572 4187 De
1618 4132 1736 4202 ipso
1785 4140 1968 4188 autem

359 4227 587 4286 Christo
633 4227 873 4285 Joannes
899 4230 1234 4301 evangelista
1274 4244 1399 4286 cum
1452 4228 1680 4284 dixisset
1712 4226 1803 4282 :Et
1839 4225 1970 4283 Ver-

361 4322 487 4377 bum
517 4335 643 4377 caro
670 4322 874 4393 factum
888 4330 988 4389 est,
1016 4331 1063 4377 et
1095 4322 1348 4376 habitarit
1367 4321 1424 4375 in
1447 4319 1617 4386 nobis,
1651 4327 1700 4374 et
1717 4320 1965 4386 vidimus,

358 4415 564 4485 inquit,
608 4415 834 4486 gloriam
866 4415 1005 4486 ejus,
1031 4414 1258 4486 gloriam
1287 4413 1441 4486 quasi
1495 4412 1753 4485 unigeniti
1792 4428 1825 4465 a
1863 4410 1972 4465 Pa-

356 4512 467 4570 tre,
515 4504 731 4574 plenum
766 4505 955 4575 gratim
992 4513 1041 4560 et
1073 4505 1305 4559 veritatis
1335 4502 1527 4576 (Joan.
1562 4520 1604 4569 ι,
1650 4502 1760 4573 ll).
1812 4501 1968 4570 Quod

2064 2030 2125 2077 ut
2160 2022 2376 2078 dicatur
2398 2021 2564 2077 etiam
2589 2022 2686 2076 Dei
2712 2023 2934 2078 donum.
2969 2044 2987 2075 ι

2134 2110 2321 2167 LXXI.
2343 2112 2510 2184 Igitur
2540 2113 2587 2168 si
2609 2113 2785 2167 sancti
2817 2110 3028 2186 [Forte,
3056 2114 3299 2189 sanctus]
3326 2115 3582 2186 Spiritus,
3607 2125 3667 2172 ut

2067 2203 2170 2259 iste
2196 2204 2579 2259 sanctissimus
2617 2202 2781 2259 Pater
2802 2213 3155 2275 protestatur,
3188 2206 3282 2261 Dci
3305 2207 3508 2262 donum
3559 2218 3664 2275 est,

2066 2301 2123 2350 et
2144 2295 2211 2351 de
2231 2294 2337 2352 hoc
2366 2298 2507 2352 dono
2535 2296 2799 2352 evaaria
2829 2298 3040 2369 virgine
3087 2310 3247 2357 natus
3268 2311 3353 2358 est
3403 2304 3667 2362 Dominus

2067 2395 2253 2443 noster
2282 2385 2439 2442 Jesus
2460 2386 2728 2453 Christus,
2774 2403 2935 2460 quem
2987 2389 3279 2461 Apostolus
3313 2396 3542 2465 gratiam
3568 2396 3664 2453 Dei

2069 2495 2175 2535 non
2228 2479 2495 2534 dubitavit
2552 2481 2853 2547 nominare,
2905 2482 3049 2537 unde
3098 2483 3185 2538 hic
3231 2484 3449 2555 adoptio
3485 2496 3663 2557 potest

2068 2569 2351 2634 accedere,
2379 2569 2506 2625 dum
2522 2569 2610 2625 ille
2630 2579 2923 2642 conceptus
2943 2572 3009 2627 de
3030 2572 3141 2628 Deo
3167 2574 3220 2629 in
3234 2574 3402 2630 Deum
3418 2577 3661 2645 proﬁcie-

2068 2659 2195 2716 bat?
2214 2660 2350 2718 Cum
2372 2659 2518 2718 Deus
2538 2671 2623 2719 est
2653 2661 2891 2735 Spiritus
2912 2673 3153 2733 sanctus,
3197 2682 3304 2721 una
3333 2668 3450 2724 bene
3481 2667 3662 2742 [Fortt

2069 2753 2419 2825 supplendum
2449 2754 2529 2829 in]
2560 2764 2749 2812 sancta
2776 2757 3043 2814 Trinitate
3082 2774 3316 2829 persona
3365 2761 3591 2830 aequalis
3612 2772 3663 2817 et

2070 2848 2552 2904 cnnsubstantialis
2591 2850 2739 2906 Patri
2771 2856 2827 2904 et
2849 2850 2989 2906 Filio
3031 2866 3131 2922 per
3159 2852 3361 2907 omnia.
3412 2852 3525 2909 Nec
3569 2854 3656 2908 ali-

2071 2938 2200 3007 quid
2245 2948 2370 2994 ante
2407 2939 2510 2994 fuit
2535 2941 2701 2997 homo
2731 2940 2844 3008 ille,
2892 2950 3183 3012 antequam
3219 2943 3385 3011 Deus,
3427 2952 3486 2999 ut
3537 2948 3659 3001 ado-

2069 3029 2210 3100 ptari
2236 3030 2411 3099 possit
2448 3030 2505 3086 in
2552 3030 2650 3087 Dei
2677 3031 2874 3087 Filium
2906 3051 2918 3087 :
2946 3033 3113 3088 veluti
3144 3051 3247 3090 nos
3291 3044 3418 3092 ante
3461 3035 3660 3095 fuimus

2073 3121 2166 3177 ﬁlii
2195 3122 2309 3187 irae,
2338 3124 2511 3195 gratia
2561 3124 2740 3179 divina
2776 3127 3140 3196 praeveniente
3193 3126 3321 3183 facti
3353 3144 3541 3184 sumus
3564 3145 3660 3200 per

2073 3211 2416 3283 adoptionem
2444 3214 2538 3270 ﬁlii
2574 3214 2705 3283 Dei;
2746 3218 2842 3272 sed
2866 3218 2970 3274 iste
2991 3220 3177 3273 statim
3216 3220 3312 3274 Dei
3342 3219 3513 3277 Filius
3532 3238 3665 3278 con-

2072 3311 2264 3374 ceptus
2315 3312 2402 3360 est
2444 3305 2499 3360 in
2549 3316 2783 3378 utraque
2811 3315 3030 3374 natura,
3075 3310 3217 3365 sicut
3265 3313 3669 3370 evidentissime

2071 3397 2175 3454 iste
2225 3398 2484 3470 praefatus
2539 3399 2727 3456 doctor
2760 3410 2989 3457 testatus
3025 3411 3143 3470 est;
3176 3411 3237 3458 ut
3254 3404 3561 3461 certissime
3581 3406 3665 3462 in-

2071 3490 2347 3561 telligatur
2400 3506 2508 3547 non
2553 3493 2733 3547 omnia
2780 3493 3024 3563 adoptari
3074 3494 3130 3549 in
3171 3494 3369 3551 Filium
3400 3512 3521 3566 quae
3565 3513 3664 3568 per

2072 3583 2303 3655 gratiam
2341 3584 2653 3652 adveniant,
2710 3601 2811 3642 nec
2856 3586 2999 3641 idem
3028 3602 3151 3642 esse
3178 3590 3410 3658 gratiam
3438 3596 3495 3645 et
3529 3589 3663 3645 ado-

2072 3673 2312 3742 ptionem
2334 3686 2432 3742 per
2458 3674 2659 3728 omnia.
2689 3672 2826 3728 Nam
2856 3674 3082 3745 quilibet
3110 3676 3274 3731 homo
3303 3676 3437 3731 duos
3457 3676 3667 3731 habens

2073 3761 2214 3818 ﬁlios
2259 3779 2427 3818 unum
2464 3771 2642 3833 potest
2693 3779 2792 3835 per
2843 3767 3074 3836 gratiam
3106 3766 3208 3821 sibi
3261 3765 3441 3821 facere
3493 3767 3668 3823 haere-

2073 3854 2226 3920 dem;
2264 3870 2372 3910 non
2425 3867 2604 3911 tamen
2631 3856 2942 3927 adoptivum
2994 3866 3172 3927 potest
3219 3874 3343 3914 eum
3393 3857 3572 3915 facere
3612 3859 3666 3915 in

2075 3945 2268 4013 ﬁlium,
2325 3947 2416 4017 qui
2470 3947 2634 4019 782
2694 3949 2960 4004 naturalis
3008 3957 3091 4003 est
3125 3950 3173 4005 ei
3226 3950 3386 4005 ﬁlius.
3433 3949 3671 4005 Sanetus

2074 4035 2259 4107 itaque
2306 4036 2475 4092 David
2531 4038 2731 4093 multos
2787 4039 2979 4093 habuit
3035 4038 3315 4094 naturales
3364 4038 3522 4103 ﬁlios,
3569 4038 3668 4094 sed

2075 4126 2447 4182 tantummodo
2494 4124 2838 4183 Salomonem
2876 4129 3133 4200 singulari
3168 4131 3343 4201 gratia
3400 4129 3531 4185 fecit
3559 4129 3665 4187 sibi

2073 4214 2345 4272 hceredem
2390 4219 2562 4288 regni,
2620 4234 2727 4274 non
2757 4235 2855 4289 per
2906 4220 3248 4290 adoptionem
3297 4221 3486 4286 ﬁlium,
3536 4221 3667 4292 quia

2074 4309 2328 4378 proprius
2366 4309 2416 4363 ei
2437 4310 2647 4364 exstitit
2668 4309 2825 4365 ﬁlius.
2880 4312 3013 4366 Item
3040 4321 3218 4382 potest
3244 4313 3470 4384 quilibet
3499 4315 3663 4369 homo

2074 4415 2243 4454 unum
2272 4397 2473 4455 habere
2498 4402 2777 4473 proprium
2808 4402 2999 4469 ﬁlium,
3031 4412 3089 4461 et
3110 4406 3256 4460 hunc
3281 4406 3619 4475 unigenitum
3645 4424 3660 4471 ;

2073 4496 2257 4565 plures
2274 4512 2403 4552 vero
2430 4512 2528 4567 per
2574 4498 2916 4568 adoptionem
2969 4499 3111 4555 ﬁlios
3168 4501 3371 4556 habere
3437 4509 3659 4571 potest:

358 4596 440 4651 ait
464 4615 481 4651 ι
519 4593 743 4650 Verbum
768 4614 892 4653 caro
927 4597 1126 4668 factum
1152 4607 1248 4661 est,
1274 4598 1379 4653 hoc
1402 4605 1486 4653 est
1504 4596 1722 4667 plenum
1755 4597 1963 4667 gratiae.
1999 4621 2049 4681 Β
2074 4588 2224 4644 illum
2255 4606 2443 4654 unum,
2472 4591 2565 4662 qui
2593 4600 2678 4647 est
2709 4592 3017 4663 unigenitus
3040 4602 3094 4648 et
3130 4594 3347 4659 unicus,
3391 4594 3662 4651 hmredem

360 4686 520 4755 Quod
544 4686 658 4742 ait:
680 4685 919 4743 Gloriam
940 4689 1197 4759 unigeniti
1232 4707 1265 4743 a
1298 4688 1476 4750 Patre.
1500 4688 1606 4743 hoc
1644 4687 1861 4757 plenum
1886 4694 1971 4742 est

360 4778 636 4834 veritatis.
688 4779 906 4835 Veritas
936 4781 1136 4851 quippe
1164 4781 1281 4849 ipsa
1316 4780 1625 4850 unigenitus
1652 4778 1748 4834 Dei
1798 4776 1968 4832 Filius

360 4885 476 4926 non
533 4871 730 4941 gratia,
785 4871 882 4927 sed
928 4880 1143 4926 natura.
1182 4870 1370 4927 Gratia
1417 4871 1650 4941 suscipit
1694 4869 1969 4925 hominem

360 4967 519 5016 tanta
548 4962 757 5017 unitate
782 4977 1051 5034 personae,
1093 4970 1153 5018 ut
1194 4963 1338 5018 idem
1359 4962 1475 5033 ipse
1503 4969 1648 5017 esset
1673 4962 1839 5016 etiam
1871 4960 1970 5015 ho—

358 5051 535 5108 minis
574 5051 765 5109 Filius.
820 5052 971 5109 Idem
998 5068 1231 5123 namque
1294 5050 1455 5108 Jesus
1501 5050 1753 5108 Christus
1797 5049 1969 5104 Filius

359 5141 464 5203 Dei
511 5144 846 5217 unigenitus,
882 5145 1022 5201 idem
1054 5146 1247 5202 unicus
1276 5144 1539 5201 Dominus
1582 5153 1767 5200 noster
1811 5152 1972 5197 natus

363 5246 451 5295 est
479 5238 549 5295 de
604 5238 812 5311 Spiritu
866 5248 1058 5295 sancto
1102 5255 1169 5296 ex
1200 5240 1410 5311 virgine
1439 5238 1624 5295 Maria.
1679 5239 1748 5293 Et
1782 5239 1971 5308 utique

366 5330 608 5404 Spiritus
664 5343 888 5399 sanctus
924 5333 1021 5389 Dei
1076 5332 1280 5389 donum
1312 5340 1417 5399 est,
1456 5333 1601 5403 quod
1650 5331 1867 5402 quidem
1911 5337 1968 5385 et

366 5425 549 5497 ipsum
574 5435 661 5481 est
681 5426 889 5498 aequale
928 5427 1189 5493 donanti;
1227 5434 1286 5484 et
1314 5427 1436 5483 ideo
1475 5426 1619 5481 Deus
1673 5432 1758 5482 est
1803 5422 1968 5478 etiam

366 5513 608 5587 Spiritus
628 5526 869 5579 sanctus,
922 5516 1084 5575 Patre
1118 5517 1363 5589 Filioque
1390 5533 1497 5573 non
1531 5518 1724 5573 minor.
1759 5514 1836 5571 Ex
1866 5515 1972 5569 hoc

363 5621 523 5678 ergo,
548 5609 698 5679 quod
725 5608 793 5664 de
817 5608 1024 5680 Spiritu
1053 5620 1244 5665 sancto
1272 5618 1355 5664 est
1375 5609 1671 5664 secundum
1695 5606 1967 5662 hominem

366 5699 629 5756 nativitas
674 5700 898 5767 Christi,
948 5702 1078 5772 quid
1116 5702 1263 5759 aliud
1299 5718 1461 5772 quam
1504 5702 1619 5772 ipsa
1667 5700 1839 5771 gratia
1877 5699 1970 5752 dc—

368 5801 729 5850 monstratur.
779 5794 916 5851 Cum
940 5797 1083 5851 enim
1114 5797 1269 5868 virgo
1298 5795 1636 5867 quaesivisset
1659 5793 1730 5847 ab
1750 5789 1960 5862 angelo,

2073 4681 2174 4739 sibi
2225 4680 2429 4739 faciens
2471 4683 2704 4755 quadam
2752 4683 2985 4739 naturali
3032 4685 3331 4740 directione
3355 4694 3409 4741 et
3465 4686 3662 4757 gratia.

2070 4772 2219 4827 nulla
2275 4788 2406 4828 vero
2453 4775 2760 4845 adoptione,
2809 4776 2950 4830 sicut
3005 4786 3256 4831 caeteros.
3297 4777 3372 4831 Ita
3419 4779 3664 4849 omnipo-

2074 4873 2193 4920 tens
2224 4864 2385 4920 Pater
2409 4864 2698 4921 Dominum
2718 4876 2965 4921 nostrum
3003 4864 3186 4923 Iesum
3233 4866 3506 4923 Christum
3540 4870 3663 4925 uni-

2074 4971 2197 5011 cum
2222 4957 2385 5013 habet
2406 4956 2602 5012 Filium
2623 4965 2679 5013 et
2699 4958 3053 5029 unigenitum,
3080 4959 3348 5015 haeredem
3363 4963 3660 5030 proprium,

2075 5051 2141 5107 ad
2167 5065 2329 5122 quem
2349 5049 2555 5105 dictum
2589 5058 2673 5104 est
2698 5068 2713 5082 ο
2741 5046 2965 5103 Postula
2990 5068 3021 5104 a
3045 5067 3146 5113 me,
3179 5060 3225 5104 et
3245 5050 3382 5106 dabo
3413 5052 3506 5106 tibi
3536 5070 3661 5124 gen-

2073 5151 2147 5198 tes
2181 5140 2539 5197 hereditatem
2569 5149 2714 5194 tuam
2744 5152 2791 5194 et
2816 5141 3192 5210 possessionem
3219 5150 3365 5195 tuam
3411 5144 3660 5198 terminos

2077 5240 2230 5286 terra:
2261 5228 2438 5302 (Psal.
2477 5245 2538 5294 ιι,
2592 5226 2668 5299 8).
2720 5228 2829 5283 Nos
2858 5245 2988 5284 vero
3041 5230 3354 5286 cohaeredes
3382 5232 3660 5303 unigenito

2075 5338 2174 5378 suo
2235 5321 2380 5384 fecit,
2418 5320 2560 5375 sicut
2581 5320 2658 5373 ait
2700 5318 3027 5389 Apostolus:
3055 5321 3306 5377 llmredes
3332 5323 3453 5389 Dei,
3494 5326 3661 5387 colite,

2074 5415 2222 5471 redes
2269 5424 2448 5468 autem
2502 5411 2694 5467 Christi
2728 5410 2899 5482 (Rom.
2951 5428 3070 5477 vm,
3122 5412 3232 5484 Π).
3282 5413 3424 5469 Dicit
3474 5416 3658 5488 itaque

2076 5506 2366 5579 Apostolus
2415 5513 2470 5561 et
2498 5505 2552 5559 in
2599 5504 2704 5558 alio
2726 5504 2845 5559 loco
2872 5523 2883 5556 :
2915 5502 3103 5560 Gratia
3130 5507 3269 5561 enim
3315 5506 3530 5562 Domini
3565 5525 3658 5562 no—

2074 5600 2171 5656 stri
2213 5597 2341 5654 Iesu
2387 5595 2582 5652 Christi
2628 5606 2677 5651 et
2725 5596 2954 5651 choritas
2994 5596 3092 5652 Dei
3142 5608 3191 5652 et
3253 5599 3656 5656 communicatio

2071 5694 2240 5749 sancti
2281 5690 2513 5761 Spiritus
2537 5690 2604 5743 sit
2633 5705 2753 5743 cum
2775 5688 3012 5744 omnibus
3061 5690 3208 5745 nobis
3250 5690 3335 5763 (Η
3376 5689 3499 5748 Cor.
3529 5706 3653 5757 xm,

2077 5785 2184 5854 t3).
2229 5783 2643 5839 Evidentissime
2669 5781 2849 5851 itaque
2900 5781 2954 5836 in
2983 5781 3082 5838 hoc
3106 5782 3221 5840 loco
3244 5799 3489 5855 personre
3519 5798 3650 5843 san-

442 5914 473 5944 ⁶
513 5904 569 5961 S.
626 5906 787 5982 Aug,
830 5907 1107 5965 Enchirid.
1174 5908 1241 5964 de
1288 5905 1409 5973 ﬁde,
1464 5919 1556 5978 spe
1600 5913 1653 5961 et
1702 5902 1968 5959 charitate
2004 5916 2120 5970 cap.
2158 5898 2292 5955 δῦθι
2315 5910 2427 5965 seq.
