4346 6628
710 275 814 331 H9

1565 283 1627 340 Β.
1666 285 1730 341 F.
1767 286 1989 345 ALBlNl
2030 288 2162 348 SEU
2200 287 2476 348 ALCUINI
2514 289 2799 350 OPERUM
2836 291 3018 352 PARS
3053 291 3137 351 m.

3884 284 3989 345 ἰεῦ

709 396 812 444 cta
848 387 1134 449 Trinitatis
1163 395 1458 466 assignavit
1497 395 1646 470 [Leg.
1700 399 1838 470 forte
1871 401 2282 475 designantur];
2317 407 2363 464 Α
2463 403 2669 461 LXXII.
2695 405 2830 463 item
2848 405 3043 464 beatus
3065 403 3400 477 Augustinus
3420 397 3475 460 in
3497 400 3720 460 homilia
3750 401 3989 474 quadam

709 480 942 549 gratiam
969 498 1098 539 vero
1123 484 1243 540 Filii
1287 503 1532 557 persona
1571 488 1832 560 adiunxit,
1870 501 1927 548 et
1977 496 2298 551 charitatem

708 581 954 637 persona
969 572 1147 629 Patris
1173 577 1488 648 assignavit,
1517 587 1568 634 et
1596 582 2146 640 communicationem
2173 584 2298 655 Spi-

708 663 838 719 ritui
880 675 1068 722 sancto
1119 670 1408 741 delegavit.
1466 671 1524 728 Si
1553 683 1775 747 propter
1826 679 2060 749 gratiam
2083 678 2176 734 isti
2199 695 2300 749 pu-

707 762 826 811 tant
874 755 1044 815 Deum
1075 761 1350 819 hominem
1382 768 1679 822 secundum
1732 770 2128 826 humanitatem
2175 786 2300 829 esse

709 845 1052 916 adoptivum;
1099 861 1155 905 et
1178 853 1471 923 Apostolus
1520 859 1755 927 gratiam
1781 860 1904 917 Filii
1925 877 2176 934 persona
2203 879 2295 920 as-

703 936 957 1007 signavit,
992 949 1105 995 tum
1127 942 1247 999 Filii
1277 960 1525 1016 persona
1542 949 1631 1005 ille
1658 951 1841 1019 homo,
1873 955 1966 1025 qui
1996 953 2061 1009 de
2088 954 2299 1027 virgine

704 1037 865 1087 natus
890 1041 994 1099 est,
1028 1036 1316 1106 adoptivus
1337 1047 1442 1095 est.
1500 1041 1570 1097 Et
1606 1044 1729 1113 quis
1755 1045 1860 1101 hoc
1910 1048 2073 1103 audet
2115 1049 2298 1105 dicere

700 1122 789 1178 vel
823 1126 1083 1182 credere?
1124 1128 1294 1198 igitur
1314 1149 1414 1188 nec
1450 1143 1675 1204 propter
1722 1139 2150 1209 assumptionem
2182 1139 2296 1214 [as-

699 1217 1047 1292 sumptionis]
1095 1225 1326 1293 gratiam
1379 1237 1561 1297 potest
1605 1229 1776 1287 Filius
1820 1233 2047 1302 virginis
2088 1231 2297 1304 adopti-

697 1320 801 1362 vus
828 1323 968 1365 esse.
1028 1311 1168 1379 Quid
1193 1315 1357 1385 igitur
1383 1320 1676 1375 tenendum
1707 1331 1813 1388 est,
1843 1324 1948 1378 nisi
1979 1332 2039 1378 ut
2063 1325 2294 1382 omnino

695 1397 954 1468 proprius
1004 1402 1078 1455 sit
1110 1401 1281 1460 Filius
1334 1405 1447 1461 Deo
1502 1408 1653 1463 Patri
1683 1412 1738 1465 in
1787 1421 2018 1483 utraque
2059 1417 2295 1471 natura?

699 1483 855 1540 Sicut
905 1485 1052 1544 Deus
1101 1505 1263 1547 verus
1289 1503 1390 1558 est,
1442 1498 1533 1566 qui
1559 1507 1721 1554 natus
1747 1515 1814 1555 ex
1839 1503 2184 1572 virgine;ita
2237 1513 2293 1562 et

695 1589 861 1632 verus
884 1576 1055 1634 Filius
1075 1581 1146 1636 sit
1167 1581 1277 1640 Deo
1299 1584 1447 1643 Patri
1471 1588 1526 1643 in
1552 1598 1784 1661 utraque
1812 1601 2029 1661 natura,
2053 1595 2293 1653 humana

700 1665 953 1723 similiter
996 1677 1052 1724 et
1074 1669 1276 1727 divina.

772 1803 792 1825 '
835 1799 970 1857 Vide
995 1817 1154 1873 supra
1177 1821 1327 1862 num.
1359 1808 1448 1866 64.

2401 495 2674 553 Christum
2722 507 2904 553 autem
2950 513 3060 555 non
3088 497 3263 554 solum
3291 493 3594 554 secundum
3625 493 3987 560 divinitatem,

2399 587 2497 643 sed
2516 587 2683 643 etiam
2726 588 3026 644 secundum
3046 588 3437 643 humanitatem
3463 593 3637 642 totum
3659 581 3990 639 altissimum

2400 676 2570 733 Deum
2598 692 2742 735 vera
2770 677 2895 735 ﬁdei
2923 679 3229 735 conﬁtetur.
3279 676 3451 733 later
3491 675 3636 732 enim
3677 672 3812 730 Sion
3853 672 3991 727 dicet

2398 767 2553 822 homo
2581 776 2630 822 et
2654 769 2811 822 homo
2839 768 3015 839 factus
3051 776 3127 823 est
3176 765 3234 820 in
3261 781 3346 833 ea,
3376 774 3423 819 et
3445 763 3555 836 ipse
3579 759 3823 834 fundauit
3871 774 3991 814 earn

2396 858 2700 915 Altissimus
2734 858 2910 933 (Psal.
2952 874 3178 925 uxxvt,
3216 858 3297 932 5).
3344 857 3413 912 Et
3440 870 3656 922 revera,
3688 855 3814 927 quis
3857 866 3986 909 eum

2395 951 2737 1008 Altissimum
2785 952 2982 1008 audeat
3007 952 3293 1024 denegare.
3338 947 3473 1005 item
3497 947 3616 1019 ipse
3656 945 3714 1002 in
3764 944 3993 1017 Exposi-

2399 1044 2547 1101 tione
2593 1059 2757 1116 super
2778 1042 3046 1101 Joannem
3081 1057 3110 1086 ι
3144 1061 3156 1097 :
3195 1061 3214 1095 ι
3262 1040 3452 1098 Nullus
3478 1049 3794 1098 sanctorum
3845 1053 3988 1111 qua-

2395 1135 2531 1192 libet
2557 1134 2872 1207 prastantia
2915 1136 3104 1208 gratia
3128 1131 3393 1207 unigeniti
3420 1146 3618 1187 nomen
3670 1129 3903 1200 accepit,
3929 1137 3992 1186 ut

2396 1228 2541 1299 quod
2565 1235 2651 1284 est
2678 1228 2856 1300 ipsum
2879 1225 2975 1282 Dei
3006 1225 3248 1283 Verbum
3277 1234 3405 1281 ante
3430 1222 3654 1290 sacula,
3694 1221 3802 1278 hoc
3825 1217 3990 1276 simul

2396 1333 2520 1373 wm
2551 1327 2833 1388 assumpto
2878 1317 3099 1372 homine
3121 1316 3401 1372 diceretur
3417 1323 3475 1370 et
3498 1327 3628 1370 vere
3655 1318 3820 1368 esset.
3863 1308 3994 1368 Sin-

2395 1410 2598 1482 gularis
2645 1425 2777 1482 ergo
2806 1409 2898 1465 illa
2922 1409 3195 1480 susceptio
3219 1423 3321 1464 nec
3357 1422 3484 1464 cum
3518 1405 3834 1463 hominibus
3869 1418 3994 1460 san-

2395 1501 2520 1568 ctis,
2548 1499 2885 1572 quantalibet
2899 1500 3163 1572 sapientia
3183 1514 3248 1555 ac
3272 1497 3564 1555 sanctitate
3578 1493 3988 1569 prastautibus,

2393 1592 2505 1650 ullo
2535 1592 2696 1651 modo
2724 1599 2908 1666 potest
2924 1606 3050 1650 esse
3091 1590 3418 1650 communis.
3453 1609 3475 1658 η

715 1917 3950 1969 -———_..____.__.____________________________________

1597 2106 1762 2180 783
1842 2085 2320 2193 ΒΕΑΤΙ
2452 2089 3086 2196 ALCUINI

2201 2280 2482 2340 CONTRA

1334 2424 1779 2508 FELICEM
1857 2428 2684 2529 URGELLITANUM
2761 2431 3346 2514 EPISCOPUM

2051 2591 2266 2656 LIBRI
2309 2592 2647 2656 SEPTEM.

2181 2720 2501 2738 μ*

1149 2785 1176 2816 α
1214 2772 1550 2833 EPISTOLA
1585 2775 1817 2835 ALBINI

1132 2880 1202 2921 AD
1239 2882 1467 2923 FELICEI
1504 2883 1854 2927 BEBE'I‘ICUI.

1324 2976 1504 3050 (Anno
1529 2979 1679 3055 793.)

700 3063 748 3126 Π
753 3071 959 3143 artatur
979 3061 1234 3143 Felicem
1254 3076 1314 3143 ut
1361 3069 1639 3124 novitatem
1666 3071 1925 3143 doctrina
1974 3071 2204 3143 deserat,
2235 3084 2285 3131 et

767 3135 1079 3191 uniuersalis
1107 3133 1362 3192 Ecclesia
1388 3148 1796 3213 sanctorumque
1839 3139 2064 3199 Patrum
2090 3133 2289 3202 doctri-

764 3222 889 3261 nam
910 3214 1184 3278 sequatur.

765 3320 900 3378 Viro
925 3320 1240 3379 venerando
1257 3332 1316 3380 et
1333 3323 1388 3381 in
1411 3323 1616 3384 Christi
1638 3328 1906 3389 charitate
1927 3331 2286 3391 desiderando

689 3414 857 3470 Felici
884 3416 1165 3487 episcopo,
1195 3417 1418 3475 humilis
1441 3419 1606 3477 levita
1632 3422 1895 3482 Alcuinus
1921 3425 2174 3483 salutem.

761 3505 804 3560 l.
843 3504 965 3561 Non
995 3515 1084 3562 est
1111 3522 1244 3563 cura
1274 3507 1532 3567 fraterna
1557 3514 1753 3571 salutis
1772 3517 1929 3587 parvi
1955 3521 2240 3590 pendenda
2265 3539 2279 3577 :

688 3607 945 3666 nonest,
993 3600 1234 3670 quandiu
1287 3602 1512 3674 spiritus
1544 3607 1647 3664 hos
1690 3617 1847 3680 regat
1888 3620 2065 3678 artus,
2101 3613 2284 3671 divina

687 3691 1058 3762 praveniente
1100 3694 1274 3764 gratia
1324 3696 1548 3754 cuilibet
1589 3702 1875 3757 conversio
1920 3703 2279 3776 desperanda.

690 3784 831 3839 Dum
856 3783 974 3840 hac
999 3784 1077 3840 ita
1096 3801 1156 3842 se
1182 3785 1407 3855 habent,
1436 3797 1494 3846 et
1517 3807 1547 3846 a
1570 3793 1789 3849 nemine
1811 3792 1958 3863 juste
1983 3799 2285 3857 contradici

687 3881 890 3944 potest,
928 3887 1148 3946 semper
1192 3885 1323 3932 sunt
1361 3892 1457 3934 seu
1499 3879 1791 3938 verborum
1819 3884 2107 3942 collatione
2143 3904 2284 3960 pra-

689 3972 873 4020 sentes
895 3965 1246 4034 admonendi,
1278 3982 1376 4026 seu
1395 3969 1700 4030 litterarum
1719 3975 2007 4032 devotione
2029 3978 2282 4036 absentes

685 4055 1036 4122 exhortandi,
1065 4065 1126 4112 ut
1171 4059 1298 4114 hinc
1334 4062 1616 4120 charitatis
1643 4065 1879 4122 oilicium
1905 4083 2066 4125 suam
2092 4077 2279 4126 osten-

685 4147 780 4200 dat
798 4145 1140 4204 devotionem
1168 4189 1183 4214 ,
1214 4159 1271 4206 et
1289 4151 1417 4208 inde
1447 4154 1727 4214 humilitas
1745 4162 2052 4217 communis
2081 4161 2282 4219 frater-

685 4235 876 4291 nitatis
901 4250 1055 4292 suam
1085 4239 1426 4300 demonstret
1450 4245 1834 4305 obedientiam.
1874 4250 1953 4307 illi
1997 4251 2279 4326 Scriptura

2387 2791 2588 2851 magna
2620 2773 2947 2833 humilitatis
2982 2774 3256 2832 charitate
3281 2773 3549 2833 litterulas
3591 2785 3697 2834 tua
3723 2775 3986 2839 laudabili

2390 2867 2672 2942 sapientia
2692 2868 2930 2942 dirigere
2950 2867 3175 2936 curavi;
3207 2882 3318 2924 non
3347 2869 3749 2928 contentiosum
3771 2872 3986 2947 discep-

2393 2961 2617 3018 tationis
2660 2959 2845 3016 funem
2875 2957 3176 3025 trahentes,
3228 2958 3326 3015 sed
3381 2959 3649 3031 triplicem
3696 2962 3988 3022 charitatis

2390 3051 2593 3108 Christi
2619 3049 2934 3108 resticulam
2961 3052 3241 3108 trahentes
3266 3091 3282 3118 ,
3307 3052 3402 3123 qui
3448 3052 3827 3126 exploratores
3849 3054 3984 3115 Iesu

2385 3144 2535 3200 Nave
2580 3141 2736 3216 [Cod.
2765 3160 2889 3211 ms.,
2915 3140 3045 3200 Iesu
3069 3144 3266 3210 nostri,
3297 3144 3564 3218 mendose]
3609 3147 3679 3203 de
3722 3151 3973 3222 peritura

2385 3232 2585 3290 iierico
2623 3231 2762 3305 [loco
2791 3231 3031 3306 Iericho]
3067 3230 3333 3298 salvavit;
3367 3233 3436 3289 de
3478 3235 3636 3308 cujus
3671 3239 3985 3309 perditione

2385 3341 2485 3382 nos
2512 3326 2718 3397 pariter
2763 3321 2953 3396 fugere
3005 3322 3204 3380 festiue
3254 3325 3573 3397 suppliciter
3606 3327 3891 3397 exhortor,
3925 3340 3987 3389 et

2382 3416 2521 3473 nihil
2549 3415 2616 3473 de
2635 3416 2981 3472 anathemate
3010 3414 3153 3471 illius
3183 3414 3514 3474 desiderare.
3544 3416 3682 3475 Nam
3711 3421 3980 3495 quidquid

2384 3509 2757 3568 doctrinarum
2799 3518 2956 3566 extra
2995 3507 3383 3567 ecclesiastica
3425 3510 3550 3568 ﬁdei
3585 3519 3643 3568 et
3667 3514 3981 3586 apostolica

2383 3601 2647 3658 doctrina
2672 3616 2856 3656 muros
2880 3600 3173 3664 invenitur,
3202 3598 3629 3659 Hiericboutina
3652 3606 3979 3676 perditionis

2385 3693 2731 3749 anathemate
2766 3692 3090 3748 tradendum
3128 3699 3232 3750 est.
3264 3691 3628 3767 Quapropter,
3655 3698 3981 3757 charissime

2386 3781 2576 3848 frater,
2599 3790 2654 3838 te
2680 3797 2780 3854 per
2804 3783 3123 3855 sanguinem
3142 3783 3334 3840 salutis
3357 3796 3561 3842 nostra
3584 3785 3865 3845 humiliter
3881 3790 3982 3847 ob-

2383 3888 2543 3930 secro
2568 3881 2630 3928 ut
2658 3887 2859 3930 caveas
2902 3874 3190 3945 diligenter
3216 3891 3286 3933 ne
3319 3877 3452 3948 quid
3497 3878 3642 3949 apud
3673 3888 3726 3936 te
3751 3881 3979 3938 exuvia-

2385 3981 2505 4021 rum
2531 3966 2757 4038 perdita
2785 3964 3024 4021 civitatis
3046 3966 3379 4034 inveniatur,
3413 3981 3484 4024 ne
3508 3983 3637 4040 pars
3657 3971 3838 4042 populi
3875 3971 3975 4029 Dei

2382 4065 2608 4129 propter
2649 4056 3056 4128 improbitatem
3107 4060 3270 4116 unius
3317 4060 3595 4129 hominis,
3643 4062 3774 4120 licet
3808 4065 3978 4123 sitde

2383 4152 2530 4207 tribu
2561 4147 2723 4216 Iuda,
2755 4148 2969 4222 fugiens
3006 4151 3193 4222 praelia
3221 4152 3473 4220 Domini,
3519 4162 3576 4210 et
3611 4157 3819 4214 corruit
3855 4155 3974 4232 [Ρη

2382 4236 2627 4314 corruat]
2650 4255 2835 4297 coram
2859 4241 3106 4298 hostibus
3129 4243 3265 4299 suis.
3291 4243 3567 4317 Recollige
3595 4247 3830 4317 teipsum
3850 4263 3977 4305 cum

683 4340 844 4382 sacra
872 4327 1076 4384 clamat
1105 4348 1117 4383 :
1153 4330 1259 4398 Qui
1288 4337 1474 4402 audit,
1515 4338 1660 4395 dicat
1697 4342 1840 4408 ueni;
1871 4343 1999 4400 huic
2048 4360 2280 4418 evange.
2306 4360 2358 4419 ι)
2385 4337 2657 4394 consociis
2705 4336 2813 4392 tuis
2841 4338 2898 4392 in
2927 4343 3108 4393 castra
3135 4337 3304 4412 Regis
3330 4340 3573 4410 superni,
3620 4347 3678 4396 et
3701 4341 3748 4397 si
3777 4340 3976 4398 alicubi

682 4417 787 4475 lica
823 4423 1121 4479 auctoritas
1181 4427 1393 4483 intonat
1424 4449 1436 4483 :
1472 4430 1578 4496 Qui
1641 4451 1729 4490 eos
1775 4437 1958 4503 audit,
1997 4456 2082 4495 me
2123 4417 2273 4496 audit

683 4509 835 4579 (Luc.
865 4527 924 4578 ι,
974 4514 1085 4584 id).
1129 4517 1366 4587 Spiritus
1387 4521 1478 4576 ubi
1508 4523 1642 4590 vult,
1693 4528 1886 4597 spirat.
1939 4529 2093 4588 Unde
2119 4539 2176 4588 et
2207 4534 2275 4590 de

679 4611 1032 4675 persecutore
1063 4605 1229 4663 Saulo
1253 4609 1429 4667 factus
1455 4623 1541 4670 est
1567 4613 1766 4673 Paulus
1789 4621 2130 4690 pradicator.

753 4691 816 4748 li.
858 4693 1001 4751 Olim
1028 4713 1116 4753 me
1145 4698 1323 4769 ipsum
1342 4743 1358 4769 ,
1388 4705 1799 4764 celeberrimam
1831 4718 1938 4766 tua
1962 4714 2274 4771 sanctitatis

682 4783 910 4841 audiens
936 4785 1137 4844 famam
1162 4806 1262 4861 per
1289 4795 1578 4863 quemdam
1605 4814 1671 4855 ex
1717 4799 1822 4857 illis
1852 4803 2096 4873 partibus
2120 4822 2271 4876 pres-

679 4875 930 4948 byterum
951 4879 1059 4935 tuis
1074 4884 1461 4942 sacratissimis
1486 4886 1708 4960 [Supple
1725 4905 1743 4942 :
1766 4875 2268 4956 intercessionibus.

679 4967 858 5024 Codex
882 4971 1046 5027 habet
1064 4974 1314 5047 eess.]....
1337 4981 1723 5038 commendare
1744 4985 1930 5040 curavi
1953 4986 2004 5053 ι),
2028 4997 2083 5042 et
2110 5005 2271 5059 quem

677 5068 809 5116 tunc
855 5062 1022 5120 solius
1051 5064 1210 5121 fama
1239 5069 1428 5124 auditu
1458 5087 1643 5126 amare
1668 5077 1988 5144 gestiebam,
2019 5095 2165 5136 nunc
2214 5082 2268 5137 in

678 5151 884 5208 Christi
910 5155 1177 5212 charitate
1201 5167 1258 5212 et
1276 5161 1561 5219 catholica
1580 5166 1730 5234 pacis
1755 5169 1964 5224 unitate
1986 5173 2268 5230 ardentius

677 5259 862 5302 amare
882 5247 1077 5314 audeo,
1098 5258 1294 5319 optans
1314 5252 1388 5307 illi
1410 5262 1628 5312 aterna
1647 5257 1995 5318 beatitudinis
2017 5263 2263 5336 gloriam,

674 5350 797 5405 qua
837 5336 1146 5395 nullatenus
1196 5341 1416 5400 cuilibet
1465 5346 1582 5403 sine
1633 5350 1957 5409 universalis
2009 5355 2266 5416 Ecclesia

674 5439 812 5495 pace
839 5433 896 5481 et
922 5429 1213 5486 concordia
1240 5434 1460 5488 evenire
1476 5435 1640 5493 valet.
1674 5437 1827 5495 Unde
1854 5451 1910 5496 et
1938 5442 2039 5497 has
2058 5484 2072 5510 ,
2097 5462 2233 5503 vene
2250 5478 2263 5488 -

678 5516 846 5570 rande
897 5515 1060 5573 Pater
1087 5527 1144 5574 et
1197 5521 1430 5578 amande
1468 5523 1659 5593 frater,
1704 5529 2110 5601 deprecatorias
2137 5553 2262 5594 cum

747 5623 1025 5715 I-Hicest
1075 5631 1448 5715 titulus'hujus
1499 5634 1751 5715 epistola
1783 5639 1834 5694 in
1883 5641 2002 5697 cod.
2036 5642 2259 5715 Salisb.,

678 5692 940 5754 hactenus
973 5699 1210 5757 inedita.
1250 5692 1381 5760 Vide
1407 5692 1567 5777 supra
1614 5692 1872 5766 hinnitum
1890 5692 2180 5786 'ﬁriév'iﬁih".

2383 4427 2536 4500 lapso
2584 4427 2724 4498 pede
2775 4427 3023 4482 titubasti
3049 4467 3065 4494 ,
3124 4426 3361 4483 reforma
3387 4444 3636 4500 gressum
3658 4471 3675 4497 ,
3721 4442 3781 4488 et
3803 4439 3888 4488 sta
3915 4432 3972 4490 in

2380 4518 2550 4589 gradu
2579 4526 2676 4572 tuo
2696 4557 2710 4583 ,
2739 4525 2796 4572 et
2835 4514 3053 4572 fortiter
3098 4516 3345 4589 praliare
3373 4518 3515 4574 bella
3566 4519 3800 4577 Domini.
3834 4522 3974 4580 Ecce

2378 4608 2538 4666 Iesus
2557 4608 2702 4664 levat
2721 4608 2970 4680 clypeum
2991 4615 3118 4662 ante
3142 4616 3215 4664 te.
3244 4609 3541 4666 Revertere
3561 4620 3619 4667 et
3634 4627 3974 4685 persequen-

2381 4709 2463 4756 tes
2491 4707 2544 4755 te
2563 4701 2751 4755 hostes
2778 4697 3053 4754 trucidare
3078 4713 3186 4754 non
3213 4698 3424 4767 desine,
3452 4700 3624 4758 donec
3643 4702 3712 4757 ad
3730 4702 3970 4773 palmam

2379 4791 2622 4846 victoria
2645 4790 2952 4862 pervenias.

2444 4898 2531 4953 iii.
2573 4897 2695 4954 Non
2732 4905 2817 4955 est
2868 4898 3181 4968 hareticus,
3207 4902 3314 4958 nisi
3343 4919 3411 4959 ex
3439 4905 3809 4964 contentione.
3844 4907 3968 4967 Noli

2375 4994 2706 5048 contendere
2734 4991 2937 5046 frustra
2954 5007 2969 5057 ;
2995 4992 3168 5049 claret
3180 4995 3325 5052 enim
3346 4997 3659 5067 evangelica
3671 5013 3770 5069 per
3793 5007 3966 5056 totum

2373 5083 2564 5138 orbem
2592 5083 2838 5140 doctrina
2870 5103 2883 5139 :
2912 5087 3056 5141 hanc
3084 5087 3417 5142 unanimiter
3447 5096 3730 5145 teneamus
3750 5099 3808 5147 et
3835 5092 3965 5149 ﬁde-

2375 5172 2500 5227 liter
2521 5173 2894 5243 pradicemus.
2922 5175 3064 5243 Quid
3088 5191 3188 5232 nos
3211 5177 3523 5235 homunculi
3549 5181 3603 5235 in
3631 5179 3738 5237 ﬁne
3758 5183 3961 5252 saculi,

2375 5263 2761 5336 refrigescente
2787 5268 3060 5323 charitate
3084 5269 3399 5338 multorum,
3431 5272 3627 5328 melius
3649 5276 3963 5348 excogitare

2370 5355 2691 5424 poterimus,
2719 5371 2884 5426 quam
2913 5366 2975 5412 ut
3010 5365 3124 5413 tota
3150 5361 3319 5416 animi
3364 5362 3665 5420 intentione
3703 5369 3959 5436 apostoli-

2371 5461 2492 5502 cam
2521 5454 2576 5502 et
2603 5446 2973 5518 evangelicum
3013 5450 3162 5503 omni
3192 5449 3317 5506 ﬁdei
3351 5451 3610 5509 ﬁrmitate
3643 5462 3700 5509 et
3728 5456 3960 5513 veritate

2371 5555 2663 5612 sequamur
2688 5539 2992 5596 doctrinam
3015 5581 3032 5608 ,
3061 5558 3169 5597 non
3219 5559 3355 5599 nova
3406 5543 3676 5617 ﬁngentes
3701 5550 3953 5611 nomina:

2443 5649 2472 5690 δ
2494 5649 2612 5706 Vid.
2643 5648 2802 5721 epist.
2833 5649 2890 5718 4,
2915 5650 2983 5707 ad
3004 5649 3240 5710 Felicem
3262 5654 3596 5730 episcopum.
