4346 6580
359 339 463 397 εει

926 336 1359 397 ὉΟΕΜΑἸἸΟΑ.
1397 369 1468 381 -—-
1501 338 1662 396 ADV.
1695 334 1992 394 FELlCEM
2015 332 2204 391 "LIBRI
2241 333 2352 392 Vll.
2382 361 2452 373 --
2487 329 2640 387 EPIS

1356 380 1359 392 .
1397 369 1468 381 -—-
1501 338 1662 396 ADV.
1695 334 1992 394 FELlCEM
2015 332 2204 391 LIBRI
2241 333 2352 392 Vll.
2382 361 2452 373 —
2487 329 2705 387 EPIST.
2746 327 3072 387 PRAEVL/E.

3537 332 3640 386 122

354 466 472 510 non
502 451 880 509 lnconsuetum
907 448 1040 520 quid
1064 449 1408 517 proferentes
1426 489 1443 513 ,
1481 465 1589 504 non
1619 447 1826 505 nomini
1851 461 1947 502 no-
1977 449 2024 507 Α
2054 441 2240 509 frater,
2267 444 2506 499 omnium
2533 443 2765 499 ﬁliorum
2803 459 2940 514 quos
2968 443 3218 514 genuisti.
3243 443 3379 500 Tota
3403 459 3639 516 evange-

358 553 482 602 stro
499 556 601 616 per
625 540 926 599 novitatem
953 538 1250 611 cujuslibet
1284 538 1546 596 doctrinae
1583 553 1779 595 vanam
1821 553 1954 594 can-

359 640 548 689 tantes
565 628 808 697 laudem,
848 643 917 684 ne
944 629 1291 686 inveniamur
1333 628 1811 700 reprehensibiles,
1859 625 1953 682 ubi

361 721 663 779 laudabiles
686 736 810 778 esse
838 719 1290 779 desideravimus.
1321 721 1651 779 Convertere
1679 719 1735 774 in
1759 733 1855 789 spe
1884 716 1952 772 ad

363 809 534 884 ’184
560 810 775 867 Domini
819 810 921 870 Dei
966 814 1044 868 tui
1074 812 1474 870 sanctissimam
1502 810 1868 873 clementiam,
1899 815 1954 862 et

361 898 662 971 deprecare
693 913 823 959 eum
850 902 939 958 die
965 907 1235 972 noctuque
1259 942 1275 967 ,
1305 908 1367 955 ut
1391 908 1664 955 extremos
1688 897 1807 954 dies
1832 897 1955 952 vitae

362 1002 474 1050 tua:
500 991 557 1048 in
586 991 736 1051 viam
765 993 1015 1050 veritatis
1037 1000 1094 1047 et
1116 991 1241 1047 ﬁdei
1269 989 1554 1046 catholicae
1590 1003 1782 1060 pacem
1823 1001 1957 1044 con-

360 1090 576 1152 vertat,
617 1100 687 1141 ne
715 1085 762 1140 si
812 1092 868 1140 te
915 1084 1003 1141 hic
1051 1083 1313 1139 sanctitas
1350 1080 1674 1137 universalis
1698 1078 1956 1137 Ecclesia:

364 1185 626 1251 respuat,
667 1175 780 1236 illic
803 1185 859 1232 te
883 1175 940 1230 in
963 1182 1169 1231 mterna
1208 1187 1344 1245 pace
1369 1175 1574 1230 habere
1595 1171 1952 1228 contradicat.

370 1269 645 1327 Memento
669 1267 996 1336 sententiam
1036 1265 1252 1322 Domini
1283 1265 1377 1320 Dei
1407 1263 1631 1329 Christi,
1652 1271 1709 1319 et
1729 1262 1952 1333 privile-

368 1363 518 1436 gium
546 1376 760 1434 magna
795 1358 1158 1424 auctoritatis,
1188 1357 1332 1428 quod
1362 1371 1475 1412 suae
1500 1362 1706 1412 sanctae
1731 1365 1955 1410 conces-

366 1454 446 1512 sit
471 1450 729 1511 Ecclesia
746 1451 933 1509 dicens
964 1468 977 1504 :
1008 1446 1174 1504 Amen
1215 1447 1333 1503 dico
1363 1446 1527 1511 vobis,
1553 1445 1681 1517 quia
1707 1459 1956 1516 quacun-

365 1561 470 1619 que
485 1541 829 1617 alligaveritis
851 1557 1010 1614 super
1039 1549 1256 1605 terram,
1279 1546 1432 1594 erunt
1446 1538 1611 1609 ligata
1629 1535 1755 1591 etin
1776 1534 1953 1600 cretis;

366 1647 419 1694 ct
441 1651 767 1712 quacunque
803 1632 1063 1690 solueritis
1081 1646 1240 1704 super
1262 1639 1479 1696 terram,
1509 1627 1720 1698 reliqua
1735 1624 1952 1699 (Matth.

367 1744 528 1796 mn,
559 1726 676 1800 i8.)
705 1726 847 1784 Ecce
871 1725 1050 1799 qualis
1075 1724 1369 1782 auctoritas
1407 1729 1612 1779 sancte
1636 1719 1741 1775 Dei
1767 1718 1957 1775 Eccle-

2056 535 2161 591 lica
2185 536 2384 591 clamat
2406 537 2723 599 auctoritas,
2738 535 2921 590 omnia
2943 532 3308 606 apostolorum
3327 544 3635 604 protestan-

2059 635 2148 683 tur
2185 627 2353 693 dieta,
2396 626 2583 682 mundi
2611 625 2840 681 latitudo
2862 625 3056 690 credit,
3088 625 3334 681 Romana
3381 628 3641 697 praedicat

2057 715 2319 781 Ecclesia,
2346 714 2624 771 Christum
2653 713 2835 771 Jesum
2863 730 3051 770 verum
3079 731 3200 770 esse
3229 716 3322 771 Dei
3354 717 3550 773 Filium
3578 725 3636 773 et

2054 810 2334 882 proprium
2365 809 2530 879 :quid
2550 808 2713 863 vultis
2736 809 2784 862 ei
2815 823 3010 863 nomen
3039 810 3271 879 adoptivi
3313 809 3593 881 imponere
3611 811 3638 864 ?

2056 901 2197 970 Quid
2237 911 2323 957 est
2359 901 2644 974 adoptivus
2669 900 2841 967 ﬁlius,
2893 902 2998 957 nisi
3028 899 3196 958 falsus
3251 901 3434 958 ﬁlius?
3487 902 3555 958 Et
3591 904 3636 958 si

2057 993 2305 1050 Christus
2331 990 2489 1048 Jesus
2516 993 2684 1048 falsus
2709 1002 2792 1048 est
2817 992 2927 1047 Deo
2948 992 3097 1047 Patri
3140 993 3308 1047 Filius
3325 1034 3339 1059 ,
3387 1001 3442 1048 et
3471 993 3638 1066 (quod

2057 1084 2281 1155 impium
2303 1093 2388 1140 est
2411 1084 2611 1156 dicere)
2639 1083 2806 1139 falsus
2825 1091 2908 1139 est
2923 1092 2976 1138 et
3000 1085 3163 1150 Deus,
3180 1082 3313 1139 falsa
3335 1095 3418 1140 est
3440 1093 3496 1139 et
3520 1093 3632 1140 tota

2057 1187 2255 1231 nostra:
2272 1174 2465 1231 salutis
2490 1177 2857 1246 dispensatio;
2909 1176 3076 1246 quia,
3129 1175 3177 1230 si
3225 1176 3510 1247 adoptivus
3553 1183 3642 1232 est

2057 1266 2200 1322 ﬁlius
2227 1267 2282 1322 in
2303 1266 2662 1332 humanitate,
2691 1267 2977 1337 ad0ptivus
2999 1275 3054 1322 et
3084 1267 3226 1323 Deus
3247 1270 3409 1325 homo
3439 1267 3526 1324 ille
3544 1269 3638 1339 qui

2058 1365 2220 1412 natus
2261 1365 2349 1412 est
2397 1372 2464 1412 ex
2499 1356 2743 1429 Virgine.
2782 1357 2852 1412 Et
2877 1358 3007 1428 quid
3053 1366 3138 1414 est
3175 1358 3319 1429 quod
3348 1358 3636 1414 Psalmista

2057 1450 2242 1505 canit:
2269 1447 2474 1505 Veritas
2520 1451 2585 1507 de
2621 1459 2762 1506 terra
2811 1460 2928 1506 orta
2956 1461 3030 1506 est
3051 1450 3223 1525 (Psal.
3255 1468 3478 1520 Lxxxtv,
3512 1453 3640 1525 12)?

2058 1536 2191 1607 Quis
2218 1547 2305 1596 est
2322 1541 2414 1609 qui
2438 1541 2505 1596 ad
2535 1541 2817 1598 dexteram
2839 1540 2937 1600 Dei
2967 1543 3140 1610 sedet,
3182 1551 3238 1598 et
3264 1552 3525 1601 venturus
3549 1555 3635 1600 est

2059 1632 2113 1688 in
2143 1631 2313 1704 gloria
2333 1631 2587 1702 judicare
2643 1633 2796 1690 vivos
2850 1642 2905 1690 et
2957 1634 3239 1691 mortuos?
3290 1633 3367 1692 ΟΞ
3417 1637 3640 1708 quantis

2059 1730 2374 1778 sanctorum
2393 1721 2619 1779 Patrum
2640 1723 2905 1795 exemplis
2932 1725 3073 1782 hanc
3101 1723 3262 1781 ﬁdem
3285 1724 3519 1798 probare
3540 1741 3638 1797 po-

365 1819 498 1886 sis,
514 1795 667 1875 ecce
681 1814 862 1890 qualis
885 1795 1066 1873 terror
1103 1812 1481 1873 recedentibus
1505 1811 1574 1867 ab
1599 1826 1687 1868 ea.
1735 1807 1952 1869 Scimus
1983 1795 2030 1858 Β
2058 1811 2155 1879 tui,
2178 1812 2325 1883 quod
2359 1810 2610 1868 Christus
2634 1810 2794 1870 Iesus
2815 1827 2982 1870 verus
3009 1822 3095 1870 est
3121 1815 3231 1870 Deo
3254 1795 3403 1873 Patri
3429 1795 3634 1884 Filius;

364 1909 515 1966 enim
536 1922 707 1965 unam
730 1921 852 1965 esse
873 1913 1120 1964 sanctam
1165 1902 1265 1960 Dei
1308 1902 1608 1960 Ecclesiam
1623 1942 1641 1970 ,
1673 1901 1742 1957 de
1761 1915 1869 1972 qua
1896 1899 1955 1956 in

367 1997 630 2072 Symbolo
663 1996 938 2055 catholico
965 1996 1259 2055 decantare
1296 1992 1534 2050 solemus
1571 2010 1587 2047 :
1632 1988 1804 2046 Unam
1828 2006 1956 2045 sau—

365 2102 510 2148 ctam
528 2088 845 2146 catholicam
871 2097 922 2144 et
943 2086 1287 2160 apostolicam
1314 2082 1629 2140 Ecclesium.
1669 2080 1747 2138 De
1769 2095 1876 2152 qua
1898 2086 1956 2137 et

367 2182 486 2255 ipse
513 2179 760 2254 Sponsus
777 2178 1084 2240 decantavit
1110 2195 1123 2232 :
1160 2174 1278 2232 Una
1302 2184 1378 2231 est
1401 2174 1642 2230 columba
1667 2189 1806 2241 mea,
1836 2189 1957 2244 per-

367 2275 509 2345 fecta
528 2288 668 2342 mea,
695 2272 1043 2329 immaculata
1079 2284 1222 2338 mea,
1245 2267 1409 2326 electa
1432 2268 1670 2341 genitrici
1693 2283 1824 2324 sua.
1861 2265 1956 2323 Vi-

365 2363 560 2419 derunt
617 2380 734 2420 eam
789 2363 918 2434 ﬁlice
938 2402 956 2431 ,
1017 2370 1068 2419 ct
1119 2359 1478 2418 beatissimam
1533 2357 1952 2431 prwdicaverunt

367 2453 551 2528 (Cant.
573 2471 650 2523 vr,
681 2456 762 2530 8.)

436 2548 529 2606 IV.
563 2548 706 2606 Ecce
732 2547 1114 2606 schismaticus
1133 2560 1290 2618 error
1311 2552 1526 2618 partem
1553 2543 1757 2616 rumpit
1776 2541 1845 2598 ab
1862 2556 1951 2608 ea,

365 2647 426 2696 et
442 2638 730 2696 cbaritatis
760 2639 1026 2695 unitatem
1067 2637 1379 2693 maculavit.
1407 2635 1577 2706 Igitur
1600 2635 1656 2689 in
1679 2631 1838 2688 nobis
1865 2630 1952 2688 vel

364 2731 424 2787 in
452 2729 609 2789 vobis
636 2729 902 2786 remansit
936 2726 1201 2784 Ecclesia.
1244 2725 1375 2782 Dum
1409 2723 1554 2780 enim
1583 2731 1767 2794 partes
1801 2729 1951 2790 sunt.

363 2832 424 2880 et
447 2838 556 2880 non
581 2830 670 2879 est
684 2823 909 2879 unitatis
935 2819 1249 2878 concordia.
1271 2818 1405 2885 Nos,
1431 2827 1546 2873 toto
1561 2817 1765 2873 mundo
1786 2823 1951 2883 teste,

368 2915 671 2971 clamamus
693 2913 974 2971 Christum
1012 2927 1204 2968 verum
1248 2911 1345 2967 Dei
1392 2925 1514 2966 esse
1561 2908 1730 2963 ﬁlium
1756 2948 1772 2975 ,
1812 2905 1955 2963 sicut

363 3005 602 3065 Joannes
626 3004 741 3063 Deo
764 3005 994 3064 diiectus
1031 3003 1326 3077 discipulus
1361 3012 1485 3074 post
1511 3000 1679 3058 multa
1708 2999 1953 3056 testimo-

364 3103 461 3160 nia
488 3117 610 3174 quae
632 3103 690 3160 in
726 3099 1018 3173 Evangelio
1043 3115 1142 3155 suo
1175 3100 1241 3154 de
1265 3097 1530 3169 unigeniti
1559 3095 1842 3151 nativitate
1863 3107 1951 3150 se-

2052 1911 2110 1959 et
2133 1919 2257 1960 mox
2297 1918 2328 1959 a
2356 1904 2712 1975 conceptione
2746 1903 3027 1977 virginalis
3049 1905 3190 1962 uteri
3214 1921 3378 1966 verus
3404 1922 3640 1980 concep-

2053 2007 2147 2056 tus
2175 2006 2261 2055 est
2296 1999 2473 2067 Deus,
2518 2015 2684 2056 verus
2711 2007 2769 2056 et
2804 2011 2963 2056 natus
2987 1999 3150 2057 Deus.
3179 1998 3286 2059 Sed
3332 2001 3467 2058 mihi
3507 2016 3639 2074 pro-

2051 2089 2289 2161 positum
2327 2087 2428 2144 fuit
2470 2089 2912 2160 deprecatorias,
2950 2089 3219 2147 cbaritate
3255 2100 3508 2164 cogente,
3537 2107 3638 2164 pro

2053 2180 2231 2238 salute
2267 2189 2361 2236 tua
2406 2189 2733 2254 tuorumque
2770 2188 2877 2238 tuae
2919 2183 3194 2240 sanctitati
3221 2181 3451 2257 dirigere
3495 2183 3639 2240 litte-

2055 2271 2225 2328 rulas.

2123 2365 2190 2421 V.
2222 2363 2465 2422 Plurima
2485 2367 2540 2420 in
2570 2365 2791 2437 scriptis
2819 2364 2928 2422 tuis
2938 2363 3091 2434 justa
3116 2375 3174 2422 et
3203 2381 3333 2423 vera
3356 2367 3638 2424 inveniun-

2052 2466 2163 2513 tur.
2197 2456 2344 2513 Cave
2379 2472 2448 2513 ne
2476 2458 2531 2513 in
2575 2457 2680 2514 hoc
2709 2456 2827 2513 solo
2874 2456 3028 2531 [Ms.,
3080 2459 3300 2527 saeculo,
3351 2457 3636 2532 mendose)

2051 2550 2360 2622 adoptionis
2380 2551 2599 2606 nomine
2613 2565 2645 2604 a
2673 2550 2924 2606 sensibus
2942 2560 3260 2607 saneton
3283 2551 3506 2608 Patrum
3529 2551 3638 2606 dis-

2051 2643 2295 2708 sentias;
2326 2641 2435 2696 noli
2464 2641 2543 2697 tui
2563 2657 2760 2697 sensus
2782 2657 2907 2698 cum
2927 2643 3115 2714 paucis
3134 2657 3257 2699 esse
3281 2652 3514 2710 amator,
3543 2643 3636 2698 sed

2052 2746 2178 2789 cum
2215 2732 2465 2805 plurimis
2493 2733 2743 2789 veritatis
2782 2741 3042 2790 assertor.
3092 2732 3181 2789 Me
3224 2733 3371 2789 enim
3411 2733 3637 2789 habebis

2052 2825 2107 2880 in
2128 2824 2331 2890 Christi
2365 2824 2634 2881 cbaritate
2657 2833 2762 2880 tua:
2782 2824 2971 2881 salutis
2994 2823 3228 2891 ﬁdelem,
3253 2831 3518 2896 quantum
3543 2841 3639 2880 va-

2051 2913 2157 2981 leo,
2185 2922 2631 2984 eooperatorem;
2657 2922 2713 2970 et
2735 2914 2781 2970 si
2806 2923 2986 2970 tecum
3007 2913 3260 2985 loquerer
3280 2956 3297 2982 ,
3326 2929 3434 2970 non
3460 2915 3639 2986 despi-

2051 3018 2237 3061 cerem
2263 3013 2447 3060 tecum
2473 3003 2686 3059 discere
2715 3018 2835 3076 qua:
2857 3019 2988 3060 vera
3016 3013 3143 3061 sunt
3175 3012 3232 3060 et
3255 3004 3378 3061 ﬁdei
3405 3005 3639 3061 catholi-

2052 3110 2133 3152 cae
2157 3104 2543 3152 consentanea.
2572 3095 2747 3152 Nolim
2769 3105 2824 3153 te
2849 3097 3078 3168 perdere
3103 3097 3343 3154 laborem
3374 3099 3640 3172 religiosae

359 3153 607 3252 iiiis;
622 3153 1156 3264 timuimus
1181 3189 1339 3254 solet,
1366 3153 1477 3243 ἷιοο
1499 3187 1704 3243 addidit
1729 3205 1743 3241 ς
1774 3183 1949 3239 Multa
1975 3153 2024 3220 ε

355 3285 572 3360 quidem
598 3295 648 3342 et
670 3285 780 3340 alia
807 3286 959 3356 signa
993 3282 1117 3354 fecit
1139 3281 1297 3337 Iesus
1327 3281 1384 3334 in
1413 3287 1692 3351 conspectu
1720 3277 1952 3347 discipw-
2053 3279 2399 3346 sustinuisti,
2436 3295 2510 3339 ne
2553 3280 2770 3337 dicatur
2798 3279 2934 3349 tibi,
2983 3289 3136 3338 tanta
3172 3282 3470 3354 patiebaris
3519 3283 3640 3340 sine

355 3381 536 3436 lorum
555 3379 697 3452 ejus,
735 3393 854 3451 qua
880 3394 985 3432 non
1019 3384 1139 3431 sunt
1185 3375 1380 3444 scripta
1423 3372 1482 3428 in
1508 3369 1641 3427 libro
1668 3371 1786 3426 hoc.
1818 3367 1952 3425 Haec
2051 3383 2241 3426 causa.
2281 3370 2452 3438 Veni,
2500 3370 2692 3439 frater,
2739 3373 2901 3440 veni,
2940 3371 3191 3429 Christus
3227 3382 3281 3428 te
3315 3381 3503 3440 vocat;
3535 3373 3639 3430 Ee-

358 3481 545 3527 autem
588 3470 787 3541 scripta
827 3475 966 3534 sunt,
1007 3476 1066 3521 ut
1093 3465 1320 3521 credatis
1361 3463 1487 3535 quia
1515 3462 1673 3519 Iesus
1708 3461 1951 3517 Christus
2050 3461 2218 3518 clesia
2254 3469 2311 3518 te
2345 3461 2638 3530 desiderat,
2669 3477 2860 3520 omnes
2895 3464 3073 3520 sancti
3098 3471 3152 3520 te
3178 3465 3350 3521 civem
3376 3464 3637 3536 concupi-

355 3559 539 3618 Filins
566 3558 665 3615 Dei
687 3557 914 3633 [Supple
934 3556 1054 3631 est],
1086 3567 1136 3612 et
1159 3567 1218 3612 ut
1243 3554 1511 3610 credentes
1533 3554 1691 3609 vitam
1714 3551 1950 3608 habeatis
2049 3560 2229 3609 scunt.
2391 3605 2395 3610 .

353 3654 416 3711 in
438 3653 650 3709 nomine
683 3652 849 3722 ipsius
879 3650 1064 3722 (Joan.
1091 3665 1186 3717 xx,
1219 3648 1308 3713 30,
1338 3647 1454 3718 3i).
1503 3646 1644 3715 Quid
1671 3654 1796 3716 post
1838 3645 1951 3702 tale
2120 3643 2212 3709 Vl.
2246 3641 2411 3717 785
2440 3643 2558 3701 Etsi
2594 3646 2730 3702 mihi
2756 3660 2865 3703 non
2891 3654 3036 3703 esset
3068 3647 3125 3703 in
3164 3654 3344 3704 mente
3371 3649 3637 3721 exemplis

355 3744 662 3801 tonitruum
687 3744 977 3812 dubitatis,
1011 3743 1276 3815 ﬁngentes
1310 3741 1651 3796 nativitatem
1680 3737 1800 3812 [F.,
1823 3746 1950 3810 post
2047 3745 2228 3795 tecum
2254 3755 2439 3811 agere,
2465 3740 2561 3796 sed
2585 3740 2860 3811 precibus,
2888 3749 3069 3796 tamen
3093 3755 3161 3796 ex
3188 3741 3436 3812 plurimis
3459 3758 3634 3814 pauca

353 3832 723 3910 nativitatem}
755 3835 900 3892 illius
928 3850 1129 3890 novum
1158 3833 1466 3904 adoptionis
1483 3845 1706 3898 nomen,
1724 3831 1867 3902 quod
1889 3831 1946 3887 in
2043 3845 2362 3902 proponam,
2384 3839 2446 3888 ut
2471 3833 2518 3888 si
2538 3847 2675 3889 mea:
2701 3833 2989 3904 parvitatis
3009 3833 3206 3890 litteris
3230 3849 3338 3890 non
3360 3832 3595 3892 ﬂecteris
3615 3877 3633 3904 ,

353 3934 476 3983 tota
493 3925 711 3983 Veteris
729 3925 976 3996 Novique
996 3924 1332 3982 Testamenti
1358 3923 1503 3979 serie
1521 3937 1629 3978 non
1648 3922 1942 3978 invenitur.
2046 3931 2360 3987 sanctorum
2403 3923 2628 3981 Patrum
2662 3923 2947 3982 catholicis
2990 3925 3240 3982 sensibus
3270 3925 3328 3982 in
3375 3925 3518 3984 viam
3545 3928 3635 3985 de-

353 4017 709 4092 Cognoscite,
734 4018 839 4074 viri
889 4016 1120 4083 fratres,
1157 4029 1322 4087 quam
1363 4027 1595 4085 parvum
1621 4021 1706 4068 est
1725 4011 1946 4069 Christo
2045 4014 2263 4070 ducaris
2289 4014 2560 4071 veritatis.

353 4107 493 4177 Deo,
517 4125 623 4165 non
653 4109 859 4164 habere
887 4108 1093 4164 electos
1141 4108 1196 4161 in
1242 4104 1349 4160 hoc
1375 4103 1601 4169 mundo,
1637 4117 1802 4174 quam
1843 4117 1944 4160 vos
2115 4103 2317 4162 Beatus
2339 4105 2597 4173 Hilarius,
2640 4106 2832 4165 doctor
2877 4108 3165 4176 mirabilis,
3195 4118 3250 4164 et
3273 4109 3420 4165 omni
3448 4109 3638 4166 Eccle-.

353 4214 593 4274 paucos;
620 4201 872 4256 latiorem
901 4215 1007 4254 non
1036 4198 1238 4254 habere
1261 4194 1584 4260 Ecclesiam,
1613 4207 1778 4263 quam
1799 4193 1942 4249 intra
2044 4197 2140 4253 sia:
2166 4197 2263 4253 Dei
2316 4197 2600 4254 laudabilis
2652 4200 2708 4254 in
2735 4215 2791 4255 v1
2834 4198 2975 4254 libro
3015 4199 3197 4270 operis
3243 4197 3629 4270 pulcherrimi,

353 4294 622 4366 angustiae
647 4299 848 4348 vestra:
892 4290 1152 4345 terminos
1203 4287 1385 4343 sitam.
1444 4283 1548 4341 Ubi
1583 4293 1668 4340 est
1698 4292 1942 4355 potestas
2043 4303 2204 4359 quem
2224 4289 2291 4345 de
2316 4288 2595 4346 catholicae
2617 4289 2740 4347 ﬁdei
2760 4290 3095 4361 professione
3109 4292 3435 4362 edidit,post
3461 4293 3632 4349 multa

349 4385 518 4443 Petro
544 4383 776 4455 principi
805 4380 1172 4452 apostolorum
1200 4378 1370 4433 data:
1409 4375 1487 4429 Tu
1539 4391 1593 4430 es
1640 4374 1864 4442 Petrus,
1890 4386 1939 4430 et
2042 4377 2286 4435 veritatis
2328 4379 2639 4436 testimonia
2679 4381 2755 4436 ita
2800 4381 2982 4436 intulit
3028 4381 3172 4455 (Lib.
3196 4398 3250 4437 vr
3299 4383 3366 4437 de
3411 4381 3629 4451 Trinit.,

348 4491 513 4547 super
543 4476 679 4529 hanc
729 4481 930 4544 petram
980 4469 1252 4540 ιεάὶρεώο
1308 4466 1602 4522 Ecclesium
1645 4482 1816 4520 meam
1834 4506 1848 4532 ,
1884 4475 1941 4522 et
1969 4509 2021 4547 η
2043 4485 2100 4523 n.
2128 4469 2220 4540 25)
2249 4487 2265 4523 :
2303 4487 2321 4520 ι
2348 4469 2667 4542 Assignetur
2689 4486 2819 4528 sane
2843 4471 2946 4528 hoc
2969 4472 3362 4529 communionis
3392 4473 3445 4528 in
3468 4474 3632 4531 Chri-

349 4573 554 4623 ctetera
583 4577 756 4635 usque
786 4578 802 4617 :
831 4561 1077 4617 cwlorum
1129 4557 1344 4631 (Matth.
1395 4572 1510 4621 xvi,
1541 4557 1656 4628 i8)?
1684 4555 1939 4628 Nunquid
1971 4555 2018 4573 "
2042 4566 2128 4614 sto
2153 4573 2370 4624 nomen,
2401 4568 2462 4615 ut
2490 4559 2659 4615 Filius
2685 4561 2777 4626 sit,
2801 4561 2848 4615 si
2890 4562 2957 4617 de
3002 4576 3272 4632 quoquam
3297 4562 3500 4618 dictum
3545 4579 3633 4619 re.

349 4659 473 4716 haec
493 4666 734 4730 potestas
761 4657 829 4711 ah
861 4670 928 4709 eo
955 4654 1135 4709 ablata
1173 4659 1278 4715 est,
1326 4658 1384 4706 et
1409 4650 1506 4705 tibi
1556 4649 1773 4714 tradita,
1805 4664 1940 4719 qua-
2038 4649 2318 4720 periatur:
2357 4647 2462 4703 Hic
2497 4659 2576 4705 est
2623 4647 2796 4704 Filius
2824 4666 2972 4705 meus
3007 4649 3219 4721 (Matth.
3269 4667 3352 4717 tu,
3382 4650 3491 4723 l7).
3533 4652 3630 4707 Sin

349 4759 516 4806 tenus
536 4763 699 4820 super
718 4747 845 4803 tein
869 4744 975 4800 ﬁne
999 4743 1199 4806 saeculi,
1221 4751 1276 4797 et
1297 4742 1351 4795 in
1374 4739 1571 4811 angulo
1591 4737 1778 4793 mundi
1798 4754 1938 4793 nova
2041 4753 2171 4795 vero
2204 4741 2481 4811 proprium
2528 4756 2593 4796 ac
2640 4741 2916 4812 singulare
2957 4743 3008 4795 ei
3049 4751 3168 4797 est:
3204 4741 3309 4795 Hic
3337 4751 3412 4796 est
3454 4740 3629 4798 Filius

348 4838 653 4895 aediﬁcetur
675 4836 940 4900 Ecclesia,
980 4843 1037 4889 et
1063 4831 1375 4903 apostolicis
1416 4828 1803 4885 inconveniens
1828 4837 1940 4884 tra-
2039 4848 2211 4897 meus,
2234 4832 2363 4902 quid
2392 4832 2718 4887 calumniam
2756 4833 2867 4888 Deo
2902 4832 3050 4887 Patri
3095 4833 3341 4904 proferre
3379 4834 3447 4889 de
3493 4834 3631 4890 Filio

348 4931 686 4989 ditionibus?
709 4929 918 4987 Caveas
948 4927 1256 4997 diligenter,
1290 4923 1461 4979 frater
1487 4920 1794 4977 venerande
1811 4961 1826 4988 ,
1869 4934 1940 4977 ne
2040 4923 2389 4992 proprietatis
2411 4925 2739 4979 asserimus?
2757 4925 2912 4980 Anne
2942 4925 3036 4980 tibi
3059 4926 3114 4979 in
3141 4939 3208 4981 eo
3235 4925 3378 4998 quod
3408 4925 3624 4990 dicitur,

349 5023 470 5078 haec
515 5020 801 5076 tediiicatio
853 5027 941 5073 tua
973 5031 1137 5088 super
1161 5030 1385 5070 arenam
1420 5014 1535 5080 ﬁat,
1573 5018 1630 5066 et
1673 5013 1745 5068 sit
1785 5010 1940 5067 labor
2043 5011 2128 5067 hic
2150 5022 2245 5079 est,
2278 5029 2386 5068 non
2416 5014 2520 5070 hoc
2539 5015 2827 5086 signiﬁcari
2849 5017 3095 5072 videtur?
3127 5018 3277 5074 Alios
3297 5017 3513 5089 quidem
3534 5033 3630 5075 co-

350 5122 481 5169 tuus
505 5112 560 5167 in
586 5112 747 5167 domo
770 5110 945 5165 aliena
979 5128 989 5163 :
1023 5107 1197 5176 Surge
1221 5147 1237 5172 ,
1267 5105 1366 5172 ﬁli,
1394 5119 1556 5177 surge
1589 5113 1643 5160 et
1667 5110 1938 5159 revertere
2043 5103 2384 5175 gnominatos
2407 5105 2474 5160 ab
2504 5120 2568 5161 eo
2620 5106 2676 5160 in
2706 5106 2870 5173 ﬁlios,
2903 5110 2995 5163 sed
3019 5108 3108 5163 hic
3133 5109 3303 5164 Filius
3324 5124 3477 5164 meus
3500 5118 3620 5164 est:

348 5203 422 5258 ad
473 5202 692 5257 Patrem
747 5209 928 5266 tuum,
978 5208 1035 5255 et
1077 5199 1132 5254 in
1179 5199 1443 5269 gremium
1497 5205 1699 5252 sancite
1743 5193 1935 5249 matris
2043 5192 2239 5250 donavi
2271 5193 2575 5265 adoptionis
2595 5197 2840 5268 plurimis
2869 5213 3083 5266 nomen,
3112 5203 3207 5256 sed
3246 5202 3345 5256 iste
3375 5197 3508 5258 mihi
3535 5202 3629 5257 Fi-

347 5294 632 5351 Ecclesize.
657 5294 752 5349 Pia
773 5302 858 5349 est
883 5301 1084 5357 mater;
1118 5299 1172 5345 te
1199 5289 1375 5360 ipsum
1402 5287 1672 5358 recollige,
1695 5299 1934 5353 ovesque
2042 5283 2147 5341 lius
2170 5295 2252 5342 est
2277 5301 2292 5340 :
2321 5301 2390 5340 ne
2417 5301 2627 5357 quaeras
2645 5289 2833 5355 alium,
2860 5305 2928 5345 ne
2953 5306 3060 5344 non
3091 5292 3234 5346 hunc
3258 5305 3378 5345 esse
3400 5293 3620 5358 eredas;

347 5395 477 5446 tuas
514 5395 692 5444 tecum
738 5387 792 5441 in
838 5384 979 5440 ovile
1025 5381 1263 5447 Christi,
1305 5395 1442 5451 quas
1471 5378 1585 5450 ipse
1627 5377 1699 5433 ob
1736 5379 1936 5433 trinam
2042 5377 2187 5434 hunc
2239 5393 2340 5448 ego
2387 5386 2643 5449 tanquam
2691 5380 2853 5451 digno
2899 5379 3062 5453 [Hit.,
3087 5381 3277 5455 digito]
3309 5381 3519 5448 indice,
3558 5398 3624 5439 ac

346 5479 708 5537 confessionis
748 5477 978 5548 gloriam
1020 5475 1180 5530 beato
1208 5473 1369 5530 Petro
1396 5472 1621 5543 principi
1659 5469 1935 5541 apostolo-
2040 5468 2191 5524 verbi
2217 5470 2609 5540 signiﬁcatione
2629 5474 2896 5544 contingo,
2928 5490 3034 5544 qua
3069 5475 3224 5530 dico:
3262 5484 3312 5530 et
3337 5491 3483 5530 meus
3519 5485 3619 5540 est,

347 5588 472 5628 rum
525 5571 826 5641 paseendas
859 5568 1262 5625 commendavit
1283 5607 1298 5633 ,
1327 5579 1619 5636 congrega.
1674 5561 1933 5633 Nunquid
2039 5570 2088 5615 et
2116 5562 2200 5615 hic
2223 5571 2318 5626 est,
2336 5561 2504 5618 Filius
2519 5563 2776 5632 est.Quid
2797 5572 2918 5636 post
2940 5565 3057 5620 haec
3086 5565 3438 5639 intelligentia
3453 5563 3619 5639 [Hil.,

344 5666 440 5737 qui
485 5664 706 5732 dormit,
746 5679 852 5718 non
895 5661 1132 5732 adjiciet,
1161 5669 1218 5714 ut
1247 5666 1486 5728 resurgat
1516 5653 1690 5729 (Psal.
1719 5670 1810 5720 XL,
1836 5654 1932 5726 9)?
2039 5650 2424 5724 intelligentize]
2451 5654 2647 5724 poterit
2667 5668 2806 5719 esse,
2831 5669 2898 5709 ne
2946 5668 3053 5709 non
3101 5671 3224 5713 esse
3260 5656 3548 5714 credatur?
3593 5673 3612 5707 ι

347 5757 471 5814 Noli
526 5755 848 5813 erubescere
891 5753 1164 5818 converti;
1219 5751 1328 5810 noli
1357 5748 1638 5821 despicere
1681 5747 1927 5815 animas,
2037 5742 2171 5799 item
2199 5741 2314 5815 ipse
2338 5743 2392 5798 in
2439 5744 2629 5802 eodem
2675 5742 3024 5818 libro(lbid.,
3049 5761 3199 5802 num.
3229 5746 3361 5821 36):
3400 5764 3419 5799 ‹
3446 5745 3622 5803 Gene-

2050 3191 2217 3258 γεω,
2253 3203 2416 3260 quem
2463 3205 2565 3262 pro
2610 3189 2815 3248 Christi
2862 3192 3082 3248 nomine
3111 3193 3179 3249 ab
3219 3193 3441 3249 ineunte
3481 3200 3639 3248 aetate
