  <div class='ocr_page' id='page_1' title='image "/cluster/home/n/w/nwhite01/storage/ocr_20150623/101/umn.31951002477394h/075.png"; bbox 0 0 4346 6630; ppageno 0'>
   <div class='ocr_carea' id='block_1_1' title="bbox 597 338 703 398">
    <p class='ocr_par' dir='ltr' id='par_1_1' title="bbox 597 338 703 398">
     <span class='ocr_line' id='line_1_1' title="bbox 597 338 703 398; baseline 0.019 -2"><span class='ocrx_word' id='word_1_1' title='bbox 597 338 703 398; x_wconf 69' lang='lat'><strong>{23</strong></span> 
     </span>
    </p>
   </div>
   <div class='ocr_carea' id='block_1_2' title="bbox 1457 310 3030 385">
    <p class='ocr_par' dir='ltr' id='par_1_2' title="bbox 1457 310 3030 385">
     <span class='ocr_line' id='line_1_2' title="bbox 1457 310 3030 385; baseline -0.012 -1"><span class='ocrx_word' id='word_1_2' title='bbox 1457 329 1518 385; x_wconf 85' lang='grc' dir='ltr'><strong>Β.</strong></span> <span class='ocrx_word' id='word_1_3' title='bbox 1559 326 1623 383; x_wconf 84' lang='lat' dir='ltr'><strong>F.</strong></span> <span class='ocrx_word' id='word_1_4' title='bbox 1664 321 1890 381; x_wconf 76' lang='lat' dir='ltr'><strong>ALBINI</strong></span> <span class='ocrx_word' id='word_1_5' title='bbox 1932 320 2064 378; x_wconf 81' lang='lat' dir='ltr'><strong>SEU</strong></span> <span class='ocrx_word' id='word_1_6' title='bbox 2095 312 2376 374; x_wconf 71' lang='lat' dir='ltr'><strong>ALCUINI</strong></span> <span class='ocrx_word' id='word_1_7' title='bbox 2413 311 2702 370; x_wconf 82' lang='lat' dir='ltr'><strong>OPERUM</strong></span> <span class='ocrx_word' id='word_1_8' title='bbox 2732 310 2912 368; x_wconf 80' lang='lat' dir='ltr'><strong>PARS</strong></span> <span class='ocrx_word' id='word_1_9' title='bbox 2941 311 3030 367; x_wconf 89' lang='lat' dir='ltr'><strong>Ill.</strong></span> 
     </span>
    </p>
   </div>
   <div class='ocr_carea' id='block_1_3' title="bbox 3796 302 3899 358">
    <p class='ocr_par' dir='ltr' id='par_1_3' title="bbox 3796 302 3899 358">
     <span class='ocr_line' id='line_1_3' title="bbox 3796 302 3899 358; baseline -0.01 0"><span class='ocrx_word' id='word_1_10' title='bbox 3796 302 3899 358; x_wconf 62' lang='grc' dir='ltr'><strong>εει</strong></span> 
     </span>
    </p>
   </div>
   <div class='ocr_carea' id='block_1_4' title="bbox 596 412 3902 526">
    <p class='ocr_par' dir='ltr' id='par_1_4' title="bbox 596 412 3902 526">
     <span class='ocr_line' id='line_1_4' title="bbox 596 412 3902 526; baseline -0.011 -16"><span class='ocrx_word' id='word_1_11' title='bbox 596 455 730 513; x_wconf 84' lang='lat' dir='ltr'><strong>ralis</strong></span> <span class='ocrx_word' id='word_1_12' title='bbox 757 450 1043 526; x_wconf 79' lang='lat' dir='ltr'><strong>professio,</strong></span> <span class='ocrx_word' id='word_1_13' title='bbox 1073 447 1200 518; x_wconf 91' lang='lat' dir='ltr'><strong>quid</strong></span> <span class='ocrx_word' id='word_1_14' title='bbox 1239 443 1371 518; x_wconf 71' lang='lat' dir='ltr'><strong>(Ms.</strong></span> <span class='ocrx_word' id='word_1_15' title='bbox 1394 484 1408 508; x_wconf 92' lang='lat'><strong>,</strong></span> <span class='ocrx_word' id='word_1_16' title='bbox 1447 435 1732 513; x_wconf 81' lang='lat' dir='ltr'><strong>quidquid]</strong></span> <span class='ocrx_word' id='word_1_17' title='bbox 1782 436 1944 490; x_wconf 84' lang='lat' dir='ltr'><strong>habet</strong></span> <span class='ocrx_word' id='word_1_18' title='bbox 1972 431 2186 492; x_wconf 84' lang='lat' dir='ltr'><strong>meriti,</strong></span> <span class='ocrx_word' id='word_1_19' title='bbox 2221 435 2264 488; x_wconf 76' lang='grc' dir='ltr'><strong>Α</strong></span> <span class='ocrx_word' id='word_1_20' title='bbox 2292 425 2454 493; x_wconf 90' lang='lat' dir='ltr'><strong>libro,</strong></span> <span class='ocrx_word' id='word_1_21' title='bbox 2486 422 2711 480; x_wconf 88' lang='lat' dir='ltr'><strong>homilia</strong></span> <span class='ocrx_word' id='word_1_22' title='bbox 2742 422 2808 478; x_wconf 68' lang='lat' dir='ltr'><strong>i4</strong></span> <span class='ocrx_word' id='word_1_23' title='bbox 2840 423 3048 495; x_wconf 87' lang='lat' dir='ltr'><strong>(Tract.</strong></span> <span class='ocrx_word' id='word_1_24' title='bbox 3079 437 3197 486; x_wconf 81' lang='lat' dir='ltr'><strong>xiv,</strong></span> <span class='ocrx_word' id='word_1_25' title='bbox 3234 435 3288 475; x_wconf 91' lang='lat' dir='ltr'><strong>n.</strong></span> <span class='ocrx_word' id='word_1_26' title='bbox 3330 419 3451 491; x_wconf 86' lang='lat' dir='ltr'><strong>ii),</strong></span> <span class='ocrx_word' id='word_1_27' title='bbox 3476 416 3645 473; x_wconf 87' lang='lat' dir='ltr'><strong>dicit:</strong></span> <span class='ocrx_word' id='word_1_28' title='bbox 3681 433 3701 468; x_wconf 76' lang='grc' dir='ltr'>ι</span> <span class='ocrx_word' id='word_1_29' title='bbox 3738 412 3902 472; x_wconf 74' lang='lat' dir='ltr'><strong>Pater</strong></span> 
     </span>
    </p>
   </div>
   <div class='ocr_carea' id='block_1_5' title="bbox 597 527 2196 618">
    <p class='ocr_par' dir='ltr' id='par_1_5' title="bbox 597 527 2196 618">
     <span class='ocr_line' id='line_1_5' title="bbox 597 527 2196 618; baseline -0.018 -14"><span class='ocrx_word' id='word_1_30' title='bbox 597 557 694 604; x_wconf 85' lang='lat' dir='ltr'><strong>aut</strong></span> <span class='ocrx_word' id='word_1_31' title='bbox 715 559 836 618; x_wconf 67' lang='lat' dir='ltr'><strong>quae</strong></span> <span class='ocrx_word' id='word_1_32' title='bbox 862 540 1210 598; x_wconf 85' lang='lat' dir='ltr'><strong>revelationis</strong></span> <span class='ocrx_word' id='word_1_33' title='bbox 1245 546 1329 592; x_wconf 89' lang='lat' dir='ltr'><strong>est</strong></span> <span class='ocrx_word' id='word_1_34' title='bbox 1374 532 1565 606; x_wconf 79' lang='lat' dir='ltr'><strong>gloria,</strong></span> <span class='ocrx_word' id='word_1_35' title='bbox 1589 531 1636 586; x_wconf 93' lang='lat' dir='ltr'><strong>si</strong></span> <span class='ocrx_word' id='word_1_36' title='bbox 1666 544 1732 585; x_wconf 82' lang='lat' dir='ltr'><strong>ex</strong></span> <span class='ocrx_word' id='word_1_37' title='bbox 1773 527 2063 598; x_wconf 82' lang='lat' dir='ltr'><strong>adeptione</strong></span> <span class='ocrx_word' id='word_1_38' title='bbox 2107 529 2196 578; x_wconf 89' lang='lat' dir='ltr'><strong>est</strong></span> 
     </span>
    </p>
   </div>
   <div class='ocr_carea' id='block_1_6' title="bbox 598 617 2196 697">
    <p class='ocr_par' dir='ltr' id='par_1_6' title="bbox 598 617 2196 697">
     <span class='ocr_line' id='line_1_6' title="bbox 598 617 2196 697; baseline -0.016 0"><span class='ocrx_word' id='word_1_39' title='bbox 598 617 778 697; x_wconf 68' lang='lat' dir='ltr'><strong>illius?</strong></span> <span class='ocrx_word' id='word_1_40' title='bbox 805 645 900 694; x_wconf 90' lang='lat' dir='ltr'><strong>aut</strong></span> <span class='ocrx_word' id='word_1_41' title='bbox 921 635 1063 692; x_wconf 86' lang='lat' dir='ltr'><strong>unde</strong></span> <span class='ocrx_word' id='word_1_42' title='bbox 1082 643 1170 690; x_wconf 88' lang='lat' dir='ltr'><strong>est</strong></span> <span class='ocrx_word' id='word_1_43' title='bbox 1189 634 1242 687; x_wconf 92' lang='lat' dir='ltr'><strong>in</strong></span> <span class='ocrx_word' id='word_1_44' title='bbox 1271 632 1428 686; x_wconf 83' lang='lat' dir='ltr'><strong>beato</strong></span> <span class='ocrx_word' id='word_1_45' title='bbox 1448 627 1612 682; x_wconf 89' lang='lat' dir='ltr'><strong>Petro</strong></span> <span class='ocrx_word' id='word_1_46' title='bbox 1632 622 1924 686; x_wconf 84' lang='lat' dir='ltr'><strong>confessio,</strong></span> <span class='ocrx_word' id='word_1_47' title='bbox 1951 621 2058 675; x_wconf 87' lang='lat' dir='ltr'><strong>hoc</strong></span> <span class='ocrx_word' id='word_1_48' title='bbox 2086 617 2196 672; x_wconf 90' lang='lat' dir='ltr'><strong>ﬁlio</strong></span> 
     </span>
    </p>
   </div>
   <div class='ocr_carea' id='block_1_7' title="bbox 600 719 2196 803">
    <p class='ocr_par' dir='ltr' id='par_1_7' title="bbox 600 719 2196 803">
     <span class='ocr_line' id='line_1_7' title="bbox 600 719 2196 803; baseline -0.016 -14"><span class='ocrx_word' id='word_1_49' title='bbox 600 731 869 789; x_wconf 74' lang='lat' dir='ltr'><strong>differenti</strong></span> <span class='ocrx_word' id='word_1_50' title='bbox 900 727 1066 803; x_wconf 84' lang='lat' dir='ltr'><strong>[Hil.,</strong></span> <span class='ocrx_word' id='word_1_51' title='bbox 1099 721 1410 795; x_wconf 76' lang='lat' dir='ltr'><strong>deferenlil,</strong></span> <span class='ocrx_word' id='word_1_52' title='bbox 1438 719 1584 793; x_wconf 85' lang='lat' dir='ltr'><strong>quod</strong></span> <span class='ocrx_word' id='word_1_53' title='bbox 1626 725 1712 774; x_wconf 91' lang='lat' dir='ltr'><strong>est</strong></span> <span class='ocrx_word' id='word_1_54' title='bbox 1755 728 2042 773; x_wconf 86' lang='lat' dir='ltr'><strong>commune</strong></span> <span class='ocrx_word' id='word_1_55' title='bbox 2068 726 2196 766; x_wconf 88' lang='lat' dir='ltr'><strong>san-</strong></span> 
     </span>
    </p>
   </div>
   <div class='ocr_carea' id='block_1_8' title="bbox 602 822 908 884">
    <p class='ocr_par' dir='ltr' id='par_1_8' title="bbox 602 822 908 884">
     <span class='ocr_line' id='line_1_8' title="bbox 602 822 908 884; baseline -0.036 0"><span class='ocrx_word' id='word_1_56' title='bbox 602 835 816 884; x_wconf 82' lang='lat' dir='ltr'><strong>ctorum</strong></span> <span class='ocrx_word' id='word_1_57' title='bbox 830 822 856 876; x_wconf 87' lang='lat'><strong>?</strong></span> <span class='ocrx_word' id='word_1_58' title='bbox 889 839 908 873; x_wconf 74' lang='grc' dir='ltr'>ι</span> 
     </span>
    </p>
   </div>
   <div class='ocr_carea' id='block_1_9' title="bbox 674 895 2200 972">
    <p class='ocr_par' dir='ltr' id='par_1_9' title="bbox 674 895 2200 972">
     <span class='ocr_line' id='line_1_9' title="bbox 674 895 2200 972; baseline -0.013 -3"><span class='ocrx_word' id='word_1_59' title='bbox 674 915 785 970; x_wconf 81' lang='lat' dir='ltr'><strong>VII.</strong></span> <span class='ocrx_word' id='word_1_60' title='bbox 824 914 958 970; x_wconf 88' lang='lat' dir='ltr'><strong>Item</strong></span> <span class='ocrx_word' id='word_1_61' title='bbox 977 912 1170 967; x_wconf 88' lang='lat' dir='ltr'><strong>beatus</strong></span> <span class='ocrx_word' id='word_1_62' title='bbox 1189 906 1518 962; x_wconf 89' lang='lat' dir='ltr'><strong>Athanasius</strong></span> <span class='ocrx_word' id='word_1_63' title='bbox 1542 903 1597 960; x_wconf 89' lang='lat' dir='ltr'><strong>in</strong></span> <span class='ocrx_word' id='word_1_64' title='bbox 1625 896 1854 972; x_wconf 88' lang='lat' dir='ltr'><strong>epistola</strong></span> <span class='ocrx_word' id='word_1_65' title='bbox 1885 897 1950 954; x_wconf 86' lang='lat' dir='ltr'><strong>ad</strong></span> <span class='ocrx_word' id='word_1_66' title='bbox 1985 895 2200 967; x_wconf 86' lang='lat' dir='ltr'><strong>Epicte-</strong></span> 
     </span>
    </p>
   </div>
   <div class='ocr_carea' id='block_1_10' title="bbox 606 995 2204 1078">
    <p class='ocr_par' dir='ltr' id='par_1_10' title="bbox 606 995 2204 1078">
     <span class='ocr_line' id='line_1_10' title="bbox 606 995 2204 1078; baseline -0.015 -11"><span class='ocrx_word' id='word_1_67' title='bbox 606 1020 741 1075; x_wconf 89' lang='lat' dir='ltr'><strong>tum,</strong></span> <span class='ocrx_word' id='word_1_68' title='bbox 775 1010 828 1065; x_wconf 91' lang='lat' dir='ltr'><strong>in</strong></span> <span class='ocrx_word' id='word_1_69' title='bbox 856 1006 1091 1078; x_wconf 88' lang='lat' dir='ltr'><strong>capitulo</strong></span> <span class='ocrx_word' id='word_1_70' title='bbox 1129 1003 1182 1069; x_wconf 83' lang='lat'><strong>5,</strong></span> <span class='ocrx_word' id='word_1_71' title='bbox 1226 1005 1306 1059; x_wconf 87' lang='lat' dir='ltr'><strong>sic</strong></span> <span class='ocrx_word' id='word_1_72' title='bbox 1343 1004 1458 1058; x_wconf 86' lang='lat' dir='ltr'><strong>ait:</strong></span> <span class='ocrx_word' id='word_1_73' title='bbox 1514 1018 1534 1050; x_wconf 74' lang='grc' dir='ltr'>ι</span> <span class='ocrx_word' id='word_1_74' title='bbox 1571 995 1851 1066; x_wconf 84' lang='lat' dir='ltr'><strong>Quomodo</strong></span> <span class='ocrx_word' id='word_1_75' title='bbox 1903 999 2087 1047; x_wconf 84' lang='lat' dir='ltr'><strong>autem</strong></span> <span class='ocrx_word' id='word_1_76' title='bbox 2145 996 2204 1043; x_wconf 88' lang='lat' dir='ltr'><strong>et</strong></span> 
     </span>
    </p>
   </div>
   <div class='ocr_carea' id='block_1_11' title="bbox 607 1081 2200 1175">
    <p class='ocr_par' dir='ltr' id='par_1_11' title="bbox 607 1081 2200 1175">
     <span class='ocr_line' id='line_1_11' title="bbox 607 1081 2200 1175; baseline -0.016 -15"><span class='ocrx_word' id='word_1_77' title='bbox 607 1102 882 1175; x_wconf 80' lang='lat' dir='ltr'><strong>ambigere</strong></span> <span class='ocrx_word' id='word_1_78' title='bbox 909 1100 1108 1154; x_wconf 89' lang='lat' dir='ltr'><strong>audent</strong></span> <span class='ocrx_word' id='word_1_79' title='bbox 1125 1097 1343 1168; x_wconf 88' lang='lat' dir='ltr'><strong>quidam</strong></span> <span class='ocrx_word' id='word_1_80' title='bbox 1370 1090 1685 1154; x_wconf 68' lang='lat' dir='ltr'><strong>Christiani,</strong></span> <span class='ocrx_word' id='word_1_81' title='bbox 1719 1089 1786 1153; x_wconf 95' lang='lat' dir='ltr'><strong>si,</strong></span> <span class='ocrx_word' id='word_1_82' title='bbox 1809 1086 1901 1158; x_wconf 90' lang='lat' dir='ltr'><strong>qui</strong></span> <span class='ocrx_word' id='word_1_83' title='bbox 1933 1101 1998 1139; x_wconf 87' lang='lat' dir='ltr'><strong>ex</strong></span> <span class='ocrx_word' id='word_1_84' title='bbox 2029 1081 2200 1175; x_wconf 73' lang='lat' dir='ltr'><strong>Maria</strong></span> 
     </span>
    </p>
   </div>
   <div class='ocr_carea' id='block_1_12' title="bbox 606 1174 2203 1268">
    <p class='ocr_par' dir='ltr' id='par_1_12' title="bbox 606 1174 2203 1268">
     <span class='ocr_line' id='line_1_12' title="bbox 606 1174 2203 1268; baseline -0.014 -16"><span class='ocrx_word' id='word_1_85' title='bbox 606 1174 872 1268; x_wconf 88' lang='lat' dir='ltr'><strong>processit</strong></span> <span class='ocrx_word' id='word_1_86' title='bbox 895 1191 990 1245; x_wconf 89' lang='lat' dir='ltr'><strong>Dei</strong></span> <span class='ocrx_word' id='word_1_87' title='bbox 1019 1188 1207 1250; x_wconf 83' lang='lat' dir='ltr'><strong>Filius.</strong></span> <span class='ocrx_word' id='word_1_88' title='bbox 1245 1186 1336 1257; x_wconf 84' lang='lat' dir='ltr'><strong>qui</strong></span> <span class='ocrx_word' id='word_1_89' title='bbox 1364 1185 1432 1240; x_wconf 91' lang='lat' dir='ltr'><strong>de</strong></span> <span class='ocrx_word' id='word_1_90' title='bbox 1460 1181 1764 1239; x_wconf 82' lang='lat' dir='ltr'><strong>substantia</strong></span> <span class='ocrx_word' id='word_1_91' title='bbox 1792 1188 1847 1234; x_wconf 90' lang='lat' dir='ltr'><strong>et</strong></span> <span class='ocrx_word' id='word_1_92' title='bbox 1870 1186 2064 1231; x_wconf 88' lang='lat' dir='ltr'><strong>natura</strong></span> <span class='ocrx_word' id='word_1_93' title='bbox 2105 1174 2203 1230; x_wconf 89' lang='lat' dir='ltr'><strong>Dei</strong></span> 
     </span>
    </p>
   </div>
   <div class='ocr_carea' id='block_1_13' title="bbox 606 1269 2204 1354">
    <p class='ocr_par' dir='ltr' id='par_1_13' title="bbox 606 1269 2204 1354">
     <span class='ocr_line' id='line_1_13' title="bbox 606 1269 2204 1354; baseline -0.013 -10"><span class='ocrx_word' id='word_1_94' title='bbox 606 1293 714 1354; x_wconf 86' lang='lat' dir='ltr'><strong>est,</strong></span> <span class='ocrx_word' id='word_1_95' title='bbox 745 1283 1041 1342; x_wconf 88' lang='lat' dir='ltr'><strong>secundum</strong></span> <span class='ocrx_word' id='word_1_96' title='bbox 1073 1295 1295 1337; x_wconf 83' lang='lat' dir='ltr'><strong>carnem</strong></span> <span class='ocrx_word' id='word_1_97' title='bbox 1334 1286 1517 1333; x_wconf 89' lang='lat' dir='ltr'><strong>autem</strong></span> <span class='ocrx_word' id='word_1_98' title='bbox 1557 1291 1626 1331; x_wconf 80' lang='lat' dir='ltr'><strong>ex</strong></span> <span class='ocrx_word' id='word_1_99' title='bbox 1659 1273 1867 1330; x_wconf 86' lang='lat' dir='ltr'><strong>semine</strong></span> <span class='ocrx_word' id='word_1_100' title='bbox 1914 1269 2109 1335; x_wconf 87' lang='lat' dir='ltr'><strong>David,</strong></span> <span class='ocrx_word' id='word_1_101' title='bbox 2135 1282 2204 1324; x_wconf 78' lang='lat' dir='ltr'><strong>ex</strong></span> 
     </span>
    </p>
   </div>
   <div class='ocr_carea' id='block_1_14' title="bbox 609 1360 2210 1437">
    <p class='ocr_par' dir='ltr' id='par_1_14' title="bbox 609 1360 2210 1437">
     <span class='ocr_line' id='line_1_14' title="bbox 609 1360 2210 1437; baseline -0.013 0"><span class='ocrx_word' id='word_1_102' title='bbox 609 1393 778 1437; x_wconf 86' lang='lat' dir='ltr'><strong>carne</strong></span> <span class='ocrx_word' id='word_1_103' title='bbox 824 1382 1002 1432; x_wconf 89' lang='lat' dir='ltr'><strong>autem</strong></span> <span class='ocrx_word' id='word_1_104' title='bbox 1048 1381 1249 1430; x_wconf 85' lang='lat' dir='ltr'><strong>sanctae</strong></span> <span class='ocrx_word' id='word_1_105' title='bbox 1303 1370 1505 1425; x_wconf 81' lang='lat' dir='ltr'><strong>Mariae.</strong></span> <span class='ocrx_word' id='word_1_106' title='bbox 1570 1366 1801 1434; x_wconf 81' lang='lat' dir='ltr'><strong>Quidam</strong></span> <span class='ocrx_word' id='word_1_107' title='bbox 1859 1371 2040 1418; x_wconf 89' lang='lat' dir='ltr'><strong>autem</strong></span> <span class='ocrx_word' id='word_1_108' title='bbox 2085 1360 2210 1433; x_wconf 84' lang='lat' dir='ltr'><strong>plus</strong></span> 
     </span>
    </p>
   </div>
   <div class='ocr_carea' id='block_1_15' title="bbox 611 1455 2212 1528">
    <p class='ocr_par' dir='ltr' id='par_1_15' title="bbox 611 1455 2212 1528">
     <span class='ocr_line' id='line_1_15' title="bbox 611 1455 2212 1528; baseline -0.012 -1"><span class='ocrx_word' id='word_1_109' title='bbox 611 1470 889 1528; x_wconf 79' lang='lat' dir='ltr'><strong>temerarii</strong></span> <span class='ocrx_word' id='word_1_110' title='bbox 912 1466 1042 1522; x_wconf 79' lang='lat' dir='ltr'><strong>facti</strong></span> <span class='ocrx_word' id='word_1_111' title='bbox 1069 1473 1215 1528; x_wconf 79' lang='lat' dir='ltr'><strong>Sunt,</strong></span> <span class='ocrx_word' id='word_1_112' title='bbox 1249 1471 1308 1518; x_wconf 92' lang='lat' dir='ltr'><strong>ut</strong></span> <span class='ocrx_word' id='word_1_113' title='bbox 1330 1463 1572 1517; x_wconf 88' lang='lat' dir='ltr'><strong>dicereut</strong></span> <span class='ocrx_word' id='word_1_114' title='bbox 1589 1457 1891 1522; x_wconf 85' lang='lat' dir='ltr'><strong>Christum,</strong></span> <span class='ocrx_word' id='word_1_115' title='bbox 1919 1455 2013 1526; x_wconf 89' lang='lat' dir='ltr'><strong>qui</strong></span> <span class='ocrx_word' id='word_1_116' title='bbox 2041 1467 2212 1510; x_wconf 86' lang='lat' dir='ltr'><strong>carne</strong></span> 
     </span>
    </p>
   </div>
   <div class='ocr_carea' id='block_1_16' title="bbox 613 1545 2213 1636">
    <p class='ocr_par' dir='ltr' id='par_1_16' title="bbox 613 1545 2213 1636">
     <span class='ocr_line' id='line_1_16' title="bbox 613 1545 2213 1636; baseline -0.012 -18"><span class='ocrx_word' id='word_1_117' title='bbox 613 1576 811 1636; x_wconf 86' lang='lat' dir='ltr'><strong>passus</strong></span> <span class='ocrx_word' id='word_1_118' title='bbox 856 1569 942 1616; x_wconf 87' lang='lat' dir='ltr'><strong>est</strong></span> <span class='ocrx_word' id='word_1_119' title='bbox 983 1568 1040 1614; x_wconf 90' lang='lat' dir='ltr'><strong>et</strong></span> <span class='ocrx_word' id='word_1_120' title='bbox 1064 1556 1379 1620; x_wconf 82' lang='lat' dir='ltr'><strong>cruciﬁxus,</strong></span> <span class='ocrx_word' id='word_1_121' title='bbox 1407 1568 1515 1608; x_wconf 89' lang='lat' dir='ltr'><strong>non</strong></span> <span class='ocrx_word' id='word_1_122' title='bbox 1547 1565 1671 1608; x_wconf 86' lang='lat' dir='ltr'><strong>esse</strong></span> <span class='ocrx_word' id='word_1_123' title='bbox 1699 1549 1988 1606; x_wconf 87' lang='lat' dir='ltr'><strong>Dominum</strong></span> <span class='ocrx_word' id='word_1_124' title='bbox 2019 1545 2213 1601; x_wconf 84' lang='lat' dir='ltr'><strong>Salva-</strong></span> 
     </span>
    </p>
   </div>
   <div class='ocr_carea' id='block_1_17' title="bbox 615 1639 2213 1721">
    <p class='ocr_par' dir='ltr' id='par_1_17' title="bbox 615 1639 2213 1721">
     <span class='ocr_line' id='line_1_17' title="bbox 615 1639 2213 1721; baseline -0.012 -8"><span class='ocrx_word' id='word_1_125' title='bbox 615 1665 811 1721; x_wconf 87' lang='lat' dir='ltr'><strong>torem,</strong></span> <span class='ocrx_word' id='word_1_126' title='bbox 839 1662 896 1708; x_wconf 90' lang='lat' dir='ltr'><strong>et</strong></span> <span class='ocrx_word' id='word_1_127' title='bbox 921 1653 1088 1707; x_wconf 84' lang='lat' dir='ltr'><strong>Deum</strong></span> <span class='ocrx_word' id='word_1_128' title='bbox 1119 1649 1313 1706; x_wconf 79' lang='lat' dir='ltr'><strong>Filium</strong></span> <span class='ocrx_word' id='word_1_129' title='bbox 1359 1647 1559 1704; x_wconf 85' lang='lat' dir='ltr'><strong>Patris.</strong></span> <span class='ocrx_word' id='word_1_130' title='bbox 1588 1647 1694 1700; x_wconf 88' lang='lat' dir='ltr'><strong>Aut</strong></span> <span class='ocrx_word' id='word_1_131' title='bbox 1741 1643 2013 1714; x_wconf 79' lang='lat' dir='ltr'><strong>quomodo</strong></span> <span class='ocrx_word' id='word_1_132' title='bbox 2049 1639 2213 1697; x_wconf 85' lang='lat' dir='ltr'><strong>Chri-</strong></span> 
     </span>
    </p>
   </div>
   <div class='ocr_carea' id='block_1_18' title="bbox 2293 507 3900 588">
    <p class='ocr_par' dir='ltr' id='par_1_18' title="bbox 2293 507 3900 588">
     <span class='ocr_line' id='line_1_18' title="bbox 2293 507 3900 588; baseline -0.005 -16"><span class='ocrx_word' id='word_1_133' title='bbox 2293 517 2469 588; x_wconf 87' lang='lat' dir='ltr'><strong>diligit</strong></span> <span class='ocrx_word' id='word_1_134' title='bbox 2499 515 2702 570; x_wconf 86' lang='lat' dir='ltr'><strong>Filium</strong></span> <span class='ocrx_word' id='word_1_135' title='bbox 2727 557 2743 581; x_wconf 91' lang='lat'><strong>,</strong></span> <span class='ocrx_word' id='word_1_136' title='bbox 2785 525 2832 569; x_wconf 84' lang='lat' dir='ltr'><strong>et</strong></span> <span class='ocrx_word' id='word_1_137' title='bbox 2857 515 3036 570; x_wconf 81' lang='lat' dir='ltr'><strong>omnia</strong></span> <span class='ocrx_word' id='word_1_138' title='bbox 3065 512 3207 567; x_wconf 82' lang='lat' dir='ltr'><strong>dedit</strong></span> <span class='ocrx_word' id='word_1_139' title='bbox 3247 512 3302 565; x_wconf 86' lang='lat' dir='ltr'><strong>in</strong></span> <span class='ocrx_word' id='word_1_140' title='bbox 3354 526 3516 564; x_wconf 86' lang='lat' dir='ltr'><strong>manu</strong></span> <span class='ocrx_word' id='word_1_141' title='bbox 3543 511 3678 580; x_wconf 78' lang='lat' dir='ltr'><strong>ejus.</strong></span> <span class='ocrx_word' id='word_1_142' title='bbox 3735 507 3900 566; x_wconf 86' lang='lat' dir='ltr'><strong>Pater</strong></span> 
     </span>
    </p>
   </div>
   <div class='ocr_carea' id='block_1_19' title="bbox 2295 601 3907 683">
    <p class='ocr_par' dir='ltr' id='par_1_19' title="bbox 2295 601 3907 683">
     <span class='ocr_line' id='line_1_19' title="bbox 2295 601 3907 683; baseline -0.006 -17"><span class='ocrx_word' id='word_1_143' title='bbox 2295 611 2470 683; x_wconf 81' lang='lat' dir='ltr'><strong>diligit</strong></span> <span class='ocrx_word' id='word_1_144' title='bbox 2497 608 2712 672; x_wconf 86' lang='lat' dir='ltr'><strong>Filium,</strong></span> <span class='ocrx_word' id='word_1_145' title='bbox 2746 606 2842 663; x_wconf 87' lang='lat' dir='ltr'><strong>sed</strong></span> <span class='ocrx_word' id='word_1_146' title='bbox 2870 605 3145 677; x_wconf 84' lang='lat' dir='ltr'><strong>quomodo</strong></span> <span class='ocrx_word' id='word_1_147' title='bbox 3171 602 3338 660; x_wconf 87' lang='lat' dir='ltr'><strong>Pater</strong></span> <span class='ocrx_word' id='word_1_148' title='bbox 3379 601 3599 667; x_wconf 82' lang='lat' dir='ltr'><strong>Filium,</strong></span> <span class='ocrx_word' id='word_1_149' title='bbox 3633 615 3740 657; x_wconf 89' lang='lat' dir='ltr'><strong>non</strong></span> <span class='ocrx_word' id='word_1_150' title='bbox 3768 613 3907 671; x_wconf 86' lang='lat' dir='ltr'><strong>quo—</strong></span> 
     </span>
    </p>
   </div>
   <div class='ocr_carea' id='block_1_20' title="bbox 2296 693 3912 770">
    <p class='ocr_par' dir='ltr' id='par_1_20' title="bbox 2296 693 3912 770">
     <span class='ocr_line' id='line_1_20' title="bbox 2296 693 3912 770; baseline -0.006 -11"><span class='ocrx_word' id='word_1_151' title='bbox 2296 703 2458 759; x_wconf 88' lang='lat' dir='ltr'><strong>modo</strong></span> <span class='ocrx_word' id='word_1_152' title='bbox 2483 702 2745 757; x_wconf 89' lang='lat' dir='ltr'><strong>Dominus</strong></span> <span class='ocrx_word' id='word_1_153' title='bbox 2765 712 2985 756; x_wconf 85' lang='lat' dir='ltr'><strong>servum</strong></span> <span class='ocrx_word' id='word_1_154' title='bbox 3012 715 3026 765; x_wconf 89' lang='lat'><strong>;</strong></span> <span class='ocrx_word' id='word_1_155' title='bbox 3068 695 3342 770; x_wconf 87' lang='lat' dir='ltr'><strong>quomodo</strong></span> <span class='ocrx_word' id='word_1_156' title='bbox 3368 693 3738 760; x_wconf 89' lang='lat' dir='ltr'><strong>unicum,nou</strong></span> <span class='ocrx_word' id='word_1_157' title='bbox 3767 705 3912 765; x_wconf 82' lang='lat' dir='ltr'><strong>quo-</strong></span> 
     </span>
    </p>
   </div>
   <div class='ocr_carea' id='block_1_21' title="bbox 2297 795 2897 865">
    <p class='ocr_par' dir='ltr' id='par_1_21' title="bbox 2297 795 2897 865">
     <span class='ocr_line' id='line_1_21' title="bbox 2297 795 2897 865; baseline -0.01 -14"><span class='ocrx_word' id='word_1_158' title='bbox 2297 795 2460 851; x_wconf 88' lang='lat' dir='ltr'><strong>modo</strong></span> <span class='ocrx_word' id='word_1_159' title='bbox 2494 796 2831 865; x_wconf 85' lang='lat' dir='ltr'><strong>adoptatum.</strong></span> <span class='ocrx_word' id='word_1_160' title='bbox 2878 812 2897 845; x_wconf 72' lang='grc' dir='ltr'><strong><em>ι</em></strong></span> 
     </span>
    </p>
   </div>
   <div class='ocr_carea' id='block_1_22' title="bbox 2369 897 3906 976">
    <p class='ocr_par' dir='ltr' id='par_1_22' title="bbox 2369 897 3906 976">
     <span class='ocr_line' id='line_1_22' title="bbox 2369 897 3906 976; baseline -0.008 -12"><span class='ocrx_word' id='word_1_161' title='bbox 2369 907 2440 964; x_wconf 77' lang='grc' dir='ltr'><strong>Χ.</strong></span> <span class='ocrx_word' id='word_1_162' title='bbox 2481 907 2617 964; x_wconf 82' lang='lat' dir='ltr'><strong>Item</strong></span> <span class='ocrx_word' id='word_1_163' title='bbox 2642 907 2835 962; x_wconf 87' lang='lat' dir='ltr'><strong>beatus</strong></span> <span class='ocrx_word' id='word_1_164' title='bbox 2863 903 3160 976; x_wconf 78' lang='lat' dir='ltr'><strong>Gregorius</strong></span> <span class='ocrx_word' id='word_1_165' title='bbox 3197 903 3254 958; x_wconf 92' lang='lat' dir='ltr'><strong>in</strong></span> <span class='ocrx_word' id='word_1_166' title='bbox 3278 900 3564 957; x_wconf 82' lang='lat' dir='ltr'><strong>Moralium</strong></span> <span class='ocrx_word' id='word_1_167' title='bbox 3588 897 3728 955; x_wconf 89' lang='lat' dir='ltr'><strong>libro</strong></span> <span class='ocrx_word' id='word_1_168' title='bbox 3767 909 3906 953; x_wconf 84' lang='lat' dir='ltr'><strong>xvnl</strong></span> 
     </span>
    </p>
   </div>
   <div class='ocr_carea' id='block_1_23' title="bbox 2302 989 3911 1072">
    <p class='ocr_par' dir='ltr' id='par_1_23' title="bbox 2302 989 3911 1072">
     <span class='ocr_line' id='line_1_23' title="bbox 2302 989 3911 1072; baseline -0.007 -18"><span class='ocrx_word' id='word_1_169' title='bbox 2302 999 2448 1072; x_wconf 88' lang='lat' dir='ltr'><strong>(cap.</strong></span> <span class='ocrx_word' id='word_1_170' title='bbox 2490 998 2582 1062; x_wconf 70' lang='lat'><strong>52,</strong></span> <span class='ocrx_word' id='word_1_171' title='bbox 2614 1014 2670 1052; x_wconf 90' lang='lat' dir='ltr'><strong>n.</strong></span> <span class='ocrx_word' id='word_1_172' title='bbox 2702 996 2792 1054; x_wconf 70' lang='lat'><strong>85)</strong></span> <span class='ocrx_word' id='word_1_173' title='bbox 2819 995 2932 1050; x_wconf 88' lang='lat' dir='ltr'><strong>ait:</strong></span> <span class='ocrx_word' id='word_1_174' title='bbox 2974 1013 2992 1047; x_wconf 73' lang='grc' dir='ltr'>ι</span> <span class='ocrx_word' id='word_1_175' title='bbox 3036 993 3198 1049; x_wconf 89' lang='lat' dir='ltr'><strong>Aliud</strong></span> <span class='ocrx_word' id='word_1_176' title='bbox 3220 998 3307 1048; x_wconf 90' lang='lat' dir='ltr'><strong>est</strong></span> <span class='ocrx_word' id='word_1_177' title='bbox 3349 992 3495 1046; x_wconf 89' lang='lat' dir='ltr'><strong>enim</strong></span> <span class='ocrx_word' id='word_1_178' title='bbox 3531 997 3690 1045; x_wconf 88' lang='lat' dir='ltr'><strong>natos</strong></span> <span class='ocrx_word' id='word_1_179' title='bbox 3732 989 3911 1045; x_wconf 82' lang='lat' dir='ltr'><strong>homi-</strong></span> 
     </span>
    </p>
   </div>
   <div class='ocr_carea' id='block_1_24' title="bbox 2301 1079 3910 1163">
    <p class='ocr_par' dir='ltr' id='par_1_24' title="bbox 2301 1079 3910 1163">
     <span class='ocr_line' id='line_1_24' title="bbox 2301 1079 3910 1163; baseline -0.007 -16"><span class='ocrx_word' id='word_1_180' title='bbox 2301 1107 2400 1147; x_wconf 85' lang='lat' dir='ltr'><strong>nes</strong></span> <span class='ocrx_word' id='word_1_181' title='bbox 2428 1090 2661 1163; x_wconf 78' lang='lat' dir='ltr'><strong>gratiam</strong></span> <span class='ocrx_word' id='word_1_182' title='bbox 2692 1087 3000 1158; x_wconf 84' lang='lat' dir='ltr'><strong>adoptionis</strong></span> <span class='ocrx_word' id='word_1_183' title='bbox 3035 1085 3317 1154; x_wconf 87' lang='lat' dir='ltr'><strong>accipere;</strong></span> <span class='ocrx_word' id='word_1_184' title='bbox 3355 1081 3500 1137; x_wconf 85' lang='lat' dir='ltr'><strong>aliud</strong></span> <span class='ocrx_word' id='word_1_185' title='bbox 3521 1094 3692 1135; x_wconf 90' lang='lat' dir='ltr'><strong>unum</strong></span> <span class='ocrx_word' id='word_1_186' title='bbox 3724 1079 3910 1149; x_wconf 84' lang='lat' dir='ltr'><strong>singu-</strong></span> 
     </span>
    </p>
   </div>
   <div class='ocr_carea' id='block_1_25' title="bbox 2303 1170 3912 1253">
    <p class='ocr_par' dir='ltr' id='par_1_25' title="bbox 2303 1170 3912 1253">
     <span class='ocr_line' id='line_1_25' title="bbox 2303 1170 3912 1253; baseline -0.009 -16"><span class='ocrx_word' id='word_1_187' title='bbox 2303 1183 2493 1237; x_wconf 90' lang='lat' dir='ltr'><strong>lariter</strong></span> <span class='ocrx_word' id='word_1_188' title='bbox 2520 1195 2620 1253; x_wconf 90' lang='lat' dir='ltr'><strong>per</strong></span> <span class='ocrx_word' id='word_1_189' title='bbox 2663 1180 2967 1234; x_wconf 86' lang='lat' dir='ltr'><strong>divinitatis</strong></span> <span class='ocrx_word' id='word_1_190' title='bbox 2993 1177 3295 1249; x_wconf 85' lang='lat' dir='ltr'><strong>potentiam</strong></span> <span class='ocrx_word' id='word_1_191' title='bbox 3323 1173 3498 1229; x_wconf 91' lang='lat' dir='ltr'><strong>Deum</strong></span> <span class='ocrx_word' id='word_1_192' title='bbox 3526 1186 3595 1226; x_wconf 79' lang='lat' dir='ltr'><strong>ex</strong></span> <span class='ocrx_word' id='word_1_193' title='bbox 3629 1170 3748 1242; x_wconf 89' lang='lat' dir='ltr'><strong>ipso</strong></span> <span class='ocrx_word' id='word_1_194' title='bbox 3775 1182 3912 1224; x_wconf 79' lang='lat' dir='ltr'><strong>con-</strong></span> 
     </span>
    </p>
   </div>
   <div class='ocr_carea' id='block_1_26' title="bbox 2303 1262 3920 1348">
    <p class='ocr_par' dir='ltr' id='par_1_26' title="bbox 2303 1262 3920 1348">
     <span class='ocr_line' id='line_1_26' title="bbox 2303 1262 3920 1348; baseline -0.008 -17"><span class='ocrx_word' id='word_1_195' title='bbox 2303 1283 2462 1348; x_wconf 88' lang='lat' dir='ltr'><strong>ceptu</strong></span> <span class='ocrx_word' id='word_1_196' title='bbox 2489 1275 2774 1346; x_wconf 86' lang='lat' dir='ltr'><strong>prodiisse.</strong></span> <span class='ocrx_word' id='word_1_197' title='bbox 2804 1271 2918 1328; x_wconf 86' lang='lat' dir='ltr'><strong>Nec</strong></span> <span class='ocrx_word' id='word_1_198' title='bbox 2938 1269 3144 1342; x_wconf 69' lang='lat' dir='ltr'><strong>aequari</strong></span> <span class='ocrx_word' id='word_1_199' title='bbox 3196 1277 3378 1340; x_wconf 82' lang='lat' dir='ltr'><strong>potest</strong></span> <span class='ocrx_word' id='word_1_200' title='bbox 3425 1264 3612 1338; x_wconf 61' lang='lat' dir='ltr'><strong>gloria</strong></span> <span class='ocrx_word' id='word_1_201' title='bbox 3640 1262 3920 1335; x_wconf 83' lang='lat' dir='ltr'><strong>Unigeniti</strong></span> 
     </span>
    </p>
   </div>
   <div class='ocr_carea' id='block_1_27' title="bbox 2307 1355 3910 1438">
    <p class='ocr_par' dir='ltr' id='par_1_27' title="bbox 2307 1355 3910 1438">
     <span class='ocr_line' id='line_1_27' title="bbox 2307 1355 3910 1438; baseline -0.007 -16"><span class='ocrx_word' id='word_1_202' title='bbox 2307 1367 2505 1423; x_wconf 63' lang='lat' dir='ltr'><strong>habitae</strong></span> <span class='ocrx_word' id='word_1_203' title='bbox 2549 1377 2648 1438; x_wconf 88' lang='lat' dir='ltr'><strong>per</strong></span> <span class='ocrx_word' id='word_1_204' title='bbox 2692 1373 2949 1420; x_wconf 88' lang='lat' dir='ltr'><strong>naturam</strong></span> <span class='ocrx_word' id='word_1_205' title='bbox 2995 1362 3101 1417; x_wconf 90' lang='lat' dir='ltr'><strong>alia</strong></span> <span class='ocrx_word' id='word_1_206' title='bbox 3127 1401 3144 1428; x_wconf 89' lang='lat'><strong>,</strong></span> <span class='ocrx_word' id='word_1_207' title='bbox 3190 1368 3413 1432; x_wconf 90' lang='lat' dir='ltr'><strong>accepta</strong></span> <span class='ocrx_word' id='word_1_208' title='bbox 3463 1367 3562 1431; x_wconf 87' lang='lat' dir='ltr'><strong>per</strong></span> <span class='ocrx_word' id='word_1_209' title='bbox 3603 1355 3856 1428; x_wconf 84' lang='lat' dir='ltr'><strong>gratiam.</strong></span> <span class='ocrx_word' id='word_1_210' title='bbox 3890 1375 3910 1410; x_wconf 73' lang='grc' dir='ltr'><strong>ι</strong></span> 
     </span>
    </p>
   </div>
   <div class='ocr_carea' id='block_1_28' title="bbox 2305 1450 3910 1532">
    <p class='ocr_par' dir='ltr' id='par_1_28' title="bbox 2305 1450 3910 1532">
     <span class='ocr_line' id='line_1_28' title="bbox 2305 1450 3910 1532; baseline -0.007 -15"><span class='ocrx_word' id='word_1_211' title='bbox 2305 1461 2442 1517; x_wconf 90' lang='lat' dir='ltr'><strong>Item</strong></span> <span class='ocrx_word' id='word_1_212' title='bbox 2473 1460 2586 1532; x_wconf 90' lang='lat' dir='ltr'><strong>ipse</strong></span> <span class='ocrx_word' id='word_1_213' title='bbox 2616 1460 2670 1515; x_wconf 92' lang='lat' dir='ltr'><strong>in</strong></span> <span class='ocrx_word' id='word_1_214' title='bbox 2696 1458 2874 1530; x_wconf 87' lang='lat' dir='ltr'><strong>primo</strong></span> <span class='ocrx_word' id='word_1_215' title='bbox 2920 1457 3060 1513; x_wconf 84' lang='lat' dir='ltr'><strong>libro</strong></span> <span class='ocrx_word' id='word_1_216' title='bbox 3100 1461 3260 1529; x_wconf 87' lang='lat' dir='ltr'><strong>(cap.</strong></span> <span class='ocrx_word' id='word_1_217' title='bbox 3316 1456 3451 1524; x_wconf 88' lang='lat' dir='ltr'><strong>i8):</strong></span> <span class='ocrx_word' id='word_1_218' title='bbox 3496 1471 3516 1505; x_wconf 73' lang='grc' dir='ltr'>ι</span> <span class='ocrx_word' id='word_1_219' title='bbox 3554 1451 3694 1521; x_wconf 85' lang='lat' dir='ltr'><strong>Quia</strong></span> <span class='ocrx_word' id='word_1_220' title='bbox 3753 1450 3800 1507; x_wconf 85' lang='lat' dir='ltr'><strong>si</strong></span> <span class='ocrx_word' id='word_1_221' title='bbox 3855 1456 3910 1506; x_wconf 86' lang='lat' dir='ltr'><strong>et</strong></span> 
     </span>
    </p>
   </div>
   <div class='ocr_carea' id='block_1_29' title="bbox 2309 1541 3915 1622">
    <p class='ocr_par' dir='ltr' id='par_1_29' title="bbox 2309 1541 3915 1622">
     <span class='ocr_line' id='line_1_29' title="bbox 2309 1541 3915 1622; baseline -0.006 -15"><span class='ocrx_word' id='word_1_222' title='bbox 2309 1552 2595 1622; x_wconf 78' lang='lat' dir='ltr'><strong>adoptivus</strong></span> <span class='ocrx_word' id='word_1_223' title='bbox 2650 1551 2880 1621; x_wconf 88' lang='lat' dir='ltr'><strong>quisque</strong></span> <span class='ocrx_word' id='word_1_224' title='bbox 2910 1547 3053 1604; x_wconf 89' lang='lat' dir='ltr'><strong>ﬁlius</strong></span> <span class='ocrx_word' id='word_1_225' title='bbox 3105 1547 3175 1604; x_wconf 86' lang='lat' dir='ltr'><strong>ad</strong></span> <span class='ocrx_word' id='word_1_226' title='bbox 3207 1543 3612 1619; x_wconf 84' lang='lat' dir='ltr'><strong>percipiendam</strong></span> <span class='ocrx_word' id='word_1_227' title='bbox 3652 1541 3915 1600; x_wconf 83' lang='lat' dir='ltr'><strong>divinita-</strong></span> 
     </span>
    </p>
   </div>
   <div class='ocr_carea' id='block_1_30' title="bbox 2314 1632 3925 1713">
    <p class='ocr_par' dir='ltr' id='par_1_30' title="bbox 2314 1632 3925 1713">
     <span class='ocr_line' id='line_1_30' title="bbox 2314 1632 3925 1713; baseline -0.004 -15"><span class='ocrx_word' id='word_1_228' title='bbox 2314 1652 2423 1698; x_wconf 91' lang='lat' dir='ltr'><strong>tem</strong></span> <span class='ocrx_word' id='word_1_229' title='bbox 2451 1639 2686 1713; x_wconf 90' lang='lat' dir='ltr'><strong>proﬁcit,</strong></span> <span class='ocrx_word' id='word_1_230' title='bbox 2719 1655 3086 1711; x_wconf 88' lang='lat' dir='ltr'><strong>nequaquam,</strong></span> <span class='ocrx_word' id='word_1_231' title='bbox 3113 1645 3176 1694; x_wconf 91' lang='lat' dir='ltr'><strong>ut</strong></span> <span class='ocrx_word' id='word_1_232' title='bbox 3207 1633 3352 1693; x_wconf 87' lang='lat' dir='ltr'><strong>Deus</strong></span> <span class='ocrx_word' id='word_1_233' title='bbox 3396 1643 3564 1703; x_wconf 83' lang='lat' dir='ltr'><strong>esset,</strong></span> <span class='ocrx_word' id='word_1_234' title='bbox 3594 1632 3925 1692; x_wconf 82' lang='lat' dir='ltr'><strong>naturaliter</strong></span> 
     </span>
    </p>
   </div>
   <div class='ocr_carea' id='block_1_31' title="bbox 616 1726 3920 1811">
    <p class='ocr_par' dir='ltr' id='par_1_31' title="bbox 616 1726 3920 1811">
     <span class='ocr_line' id='line_1_31' title="bbox 616 1726 3920 1811; baseline -0.007 -6"><span class='ocrx_word' id='word_1_235' title='bbox 616 1748 779 1806; x_wconf 88' lang='lat' dir='ltr'><strong>stiani</strong></span> <span class='ocrx_word' id='word_1_236' title='bbox 803 1746 993 1803; x_wconf 87' lang='lat' dir='ltr'><strong>volunt</strong></span> <span class='ocrx_word' id='word_1_237' title='bbox 1009 1742 1302 1806; x_wconf 87' lang='lat' dir='ltr'><strong>nominari,</strong></span> <span class='ocrx_word' id='word_1_238' title='bbox 1331 1741 1423 1811; x_wconf 86' lang='lat' dir='ltr'><strong>qui</strong></span> <span class='ocrx_word' id='word_1_239' title='bbox 1466 1739 1674 1802; x_wconf 83' lang='lat' dir='ltr'><strong>dicunt.</strong></span> <span class='ocrx_word' id='word_1_240' title='bbox 1706 1736 1760 1792; x_wconf 90' lang='lat' dir='ltr'><strong>in</strong></span> <span class='ocrx_word' id='word_1_241' title='bbox 1784 1735 2060 1791; x_wconf 88' lang='lat' dir='ltr'><strong>hominem</strong></span> <span class='ocrx_word' id='word_1_242' title='bbox 2089 1747 2217 1787; x_wconf 87' lang='lat' dir='ltr'><strong>san-</strong></span> <span class='ocrx_word' id='word_1_243' title='bbox 2251 1808 2284 1811; x_wconf 36' lang='grc' dir='ltr'><em>Ν</em></span> <span class='ocrx_word' id='word_1_244' title='bbox 2315 1733 2543 1803; x_wconf 88' lang='lat' dir='ltr'><strong>accepit.</strong></span> <span class='ocrx_word' id='word_1_245' title='bbox 2576 1750 2596 1785; x_wconf 77' lang='grc' dir='ltr'><strong><em>ι</em></strong></span> <span class='ocrx_word' id='word_1_246' title='bbox 2629 1732 2764 1786; x_wconf 89' lang='lat' dir='ltr'><strong>item</strong></span> <span class='ocrx_word' id='word_1_247' title='bbox 2787 1732 2904 1802; x_wconf 88' lang='lat' dir='ltr'><strong>ipse</strong></span> <span class='ocrx_word' id='word_1_248' title='bbox 2947 1730 3000 1785; x_wconf 89' lang='lat' dir='ltr'><strong>in</strong></span> <span class='ocrx_word' id='word_1_249' title='bbox 3026 1728 3219 1786; x_wconf 89' lang='lat' dir='ltr'><strong>eodem</strong></span> <span class='ocrx_word' id='word_1_250' title='bbox 3240 1727 3420 1784; x_wconf 89' lang='lat' dir='ltr'><strong>libro:</strong></span> <span class='ocrx_word' id='word_1_251' title='bbox 3456 1745 3477 1779; x_wconf 75' lang='grc' dir='ltr'>ι</span> <span class='ocrx_word' id='word_1_252' title='bbox 3511 1741 3723 1793; x_wconf 90' lang='lat' dir='ltr'><strong>omnes,</strong></span> <span class='ocrx_word' id='word_1_253' title='bbox 3745 1726 3838 1798; x_wconf 88' lang='lat' dir='ltr'><strong>qui</strong></span> <span class='ocrx_word' id='word_1_254' title='bbox 3862 1726 3920 1782; x_wconf 86' lang='lat' dir='ltr'><strong>in</strong></span> 
     </span>
    </p>
   </div>
   <div class='ocr_carea' id='block_1_32' title="bbox 619 1808 3926 1905">
    <p class='ocr_par' dir='ltr' id='par_1_32' title="bbox 619 1808 3926 1905">
     <span class='ocr_line' id='line_1_32' title="bbox 619 1808 3926 1905; baseline -0.006 -10"><span class='ocrx_word' id='word_1_255' title='bbox 619 1849 790 1905; x_wconf 89' lang='lat' dir='ltr'><strong>ctum,</strong></span> <span class='ocrx_word' id='word_1_256' title='bbox 832 1837 996 1893; x_wconf 81' lang='lat' dir='ltr'><strong>sicuti</strong></span> <span class='ocrx_word' id='word_1_257' title='bbox 1025 1837 1078 1891; x_wconf 82' lang='lat' dir='ltr'><strong>in</strong></span> <span class='ocrx_word' id='word_1_258' title='bbox 1105 1848 1270 1889; x_wconf 89' lang='lat' dir='ltr'><strong>unum</strong></span> <span class='ocrx_word' id='word_1_259' title='bbox 1300 1808 1690 1904; x_wconf 76' lang='lat' dir='ltr'><strong>prophetarum</strong></span> <span class='ocrx_word' id='word_1_260' title='bbox 1714 1828 1931 1883; x_wconf 76' lang='lat' dir='ltr'><strong>venisse</strong></span> <span class='ocrx_word' id='word_1_261' title='bbox 1955 1825 2211 1889; x_wconf 82' lang='lat' dir='ltr'><strong>Verbum,</strong></span> <span class='ocrx_word' id='word_1_262' title='bbox 2247 1808 2293 1871; x_wconf 77' lang='grc' dir='ltr'><strong>Β</strong></span> <span class='ocrx_word' id='word_1_263' title='bbox 2322 1825 2426 1882; x_wconf 69' lang='lat' dir='ltr'><strong>ﬁde</strong></span> <span class='ocrx_word' id='word_1_264' title='bbox 2449 1823 2561 1880; x_wconf 90' lang='lat' dir='ltr'><strong>Deo</strong></span> <span class='ocrx_word' id='word_1_265' title='bbox 2588 1831 2913 1889; x_wconf 88' lang='lat' dir='ltr'><strong>nascuntur,</strong></span> <span class='ocrx_word' id='word_1_266' title='bbox 2940 1826 3197 1892; x_wconf 88' lang='lat' dir='ltr'><strong>superat;</strong></span> <span class='ocrx_word' id='word_1_267' title='bbox 3230 1819 3357 1890; x_wconf 89' lang='lat' dir='ltr'><strong>quia</strong></span> <span class='ocrx_word' id='word_1_268' title='bbox 3405 1833 3514 1874; x_wconf 87' lang='lat' dir='ltr'><strong>nou</strong></span> <span class='ocrx_word' id='word_1_269' title='bbox 3559 1832 3707 1886; x_wconf 90' lang='lat' dir='ltr'><strong>eum,</strong></span> <span class='ocrx_word' id='word_1_270' title='bbox 3733 1825 3796 1872; x_wconf 91' lang='lat' dir='ltr'><strong>ut</strong></span> <span class='ocrx_word' id='word_1_271' title='bbox 3818 1831 3926 1875; x_wconf 67' lang='lat' dir='ltr'><strong>ce-</strong></span> 
     </span>
    </p>
   </div>
   <div class='ocr_carea' id='block_1_33' title="bbox 623 1908 3911 2002">
    <p class='ocr_par' dir='ltr' id='par_1_33' title="bbox 623 1908 3911 2002">
     <span class='ocr_line' id='line_1_33' title="bbox 623 1908 3911 2002; baseline -0.008 -13"><span class='ocrx_word' id='word_1_272' title='bbox 623 1942 682 1990; x_wconf 88' lang='lat' dir='ltr'><strong>et</strong></span> <span class='ocrx_word' id='word_1_273' title='bbox 717 1947 824 1987; x_wconf 87' lang='lat' dir='ltr'><strong>non</strong></span> <span class='ocrx_word' id='word_1_274' title='bbox 845 1931 1022 2002; x_wconf 82' lang='lat' dir='ltr'><strong>ipsum</strong></span> <span class='ocrx_word' id='word_1_275' title='bbox 1050 1927 1326 1985; x_wconf 82' lang='lat' dir='ltr'><strong>hominem</strong></span> <span class='ocrx_word' id='word_1_276' title='bbox 1349 1922 1577 1989; x_wconf 82' lang='lat' dir='ltr'><strong>factum,</strong></span> <span class='ocrx_word' id='word_1_277' title='bbox 1605 1929 1909 1978; x_wconf 74' lang='lat' dir='ltr'><strong>sementem</strong></span> <span class='ocrx_word' id='word_1_278' title='bbox 1949 1931 2017 1974; x_wconf 87' lang='lat' dir='ltr'><strong>ex</strong></span> <span class='ocrx_word' id='word_1_279' title='bbox 2048 1915 2220 1971; x_wconf 86' lang='lat' dir='ltr'><strong>Maria</strong></span> <span class='ocrx_word' id='word_1_280' title='bbox 2321 1921 2491 1982; x_wconf 84' lang='lat' dir='ltr'><strong>teres,</strong></span> <span class='ocrx_word' id='word_1_281' title='bbox 2519 1914 2760 1987; x_wconf 89' lang='lat' dir='ltr'><strong>adoptio.</strong></span> <span class='ocrx_word' id='word_1_282' title='bbox 2789 1916 2884 1970; x_wconf 89' lang='lat' dir='ltr'><strong>sed</strong></span> <span class='ocrx_word' id='word_1_283' title='bbox 2904 1922 3099 1969; x_wconf 90' lang='lat' dir='ltr'><strong>natura</strong></span> <span class='ocrx_word' id='word_1_284' title='bbox 3127 1909 3276 1969; x_wconf 91' lang='lat' dir='ltr'><strong>illum</strong></span> <span class='ocrx_word' id='word_1_285' title='bbox 3305 1910 3603 1967; x_wconf 78' lang='lat' dir='ltr'><strong>divinitatis</strong></span> <span class='ocrx_word' id='word_1_286' title='bbox 3630 1908 3855 1967; x_wconf 78' lang='lat' dir='ltr'><strong>exaltat.</strong></span> <span class='ocrx_word' id='word_1_287' title='bbox 3891 1929 3911 1963; x_wconf 71' lang='grc' dir='ltr'><strong>ι</strong></span> 
     </span>
    </p>
   </div>
   <div class='ocr_carea' id='block_1_34' title="bbox 625 2006 2218 2094">
    <p class='ocr_par' dir='ltr' id='par_1_34' title="bbox 625 2006 2218 2094">
     <span class='ocr_line' id='line_1_34' title="bbox 625 2006 2218 2094; baseline -0.011 -14"><span class='ocrx_word' id='word_1_288' title='bbox 625 2023 854 2094; x_wconf 88' lang='lat' dir='ltr'><strong>corpus?</strong></span> <span class='ocrx_word' id='word_1_289' title='bbox 889 2041 909 2075; x_wconf 73' lang='grc' dir='ltr'><strong><em>ι</em></strong></span> <span class='ocrx_word' id='word_1_290' title='bbox 946 2022 1081 2076; x_wconf 87' lang='lat' dir='ltr'><strong>Item</strong></span> <span class='ocrx_word' id='word_1_291' title='bbox 1113 2020 1227 2090; x_wconf 83' lang='lat' dir='ltr'><strong>ipse</strong></span> <span class='ocrx_word' id='word_1_292' title='bbox 1273 2023 1403 2089; x_wconf 90' lang='lat' dir='ltr'><strong>post</strong></span> <span class='ocrx_word' id='word_1_293' title='bbox 1442 2030 1615 2086; x_wconf 86' lang='lat' dir='ltr'><strong>pauca</strong></span> <span class='ocrx_word' id='word_1_294' title='bbox 1658 2015 1715 2069; x_wconf 88' lang='lat' dir='ltr'><strong>in</strong></span> <span class='ocrx_word' id='word_1_295' title='bbox 1752 2012 1945 2069; x_wconf 89' lang='lat' dir='ltr'><strong>eadem</strong></span> <span class='ocrx_word' id='word_1_296' title='bbox 1967 2006 2218 2081; x_wconf 89' lang='lat' dir='ltr'><strong>epistola,</strong></span> 
     </span>
    </p>
   </div>
   <div class='ocr_carea' id='block_1_35' title="bbox 627 2107 2221 2187">
    <p class='ocr_par' dir='ltr' id='par_1_35' title="bbox 627 2107 2221 2187">
     <span class='ocr_line' id='line_1_35' title="bbox 627 2107 2221 2187; baseline -0.009 -15"><span class='ocrx_word' id='word_1_297' title='bbox 627 2114 866 2187; x_wconf 81' lang='lat' dir='ltr'><strong>capitulo</strong></span> <span class='ocrx_word' id='word_1_298' title='bbox 888 2111 922 2168; x_wconf 88' lang='lat'><strong>6</strong></span> <span class='ocrx_word' id='word_1_299' title='bbox 951 2132 963 2167; x_wconf 90' lang='lat'><strong>:</strong></span> <span class='ocrx_word' id='word_1_300' title='bbox 1012 2131 1032 2164; x_wconf 77' lang='grc' dir='ltr'>ι</span> <span class='ocrx_word' id='word_1_301' title='bbox 1067 2124 1091 2152; x_wconf 76' lang='grc' dir='ltr'>ι</span> <span class='ocrx_word' id='word_1_302' title='bbox 1130 2110 1246 2166; x_wconf 82' lang='lat' dir='ltr'><strong>Non</strong></span> <span class='ocrx_word' id='word_1_303' title='bbox 1275 2123 1374 2179; x_wconf 88' lang='lat' dir='ltr'><strong>per</strong></span> <span class='ocrx_word' id='word_1_304' title='bbox 1399 2107 1747 2179; x_wconf 82' lang='lat' dir='ltr'><strong>adoptionem</strong></span> <span class='ocrx_word' id='word_1_305' title='bbox 1765 2107 1880 2162; x_wconf 52' lang='lat' dir='ltr'><strong>haec</strong></span> <span class='ocrx_word' id='word_1_306' title='bbox 1901 2107 2044 2159; x_wconf 83' lang='lat' dir='ltr'><strong>iacta</strong></span> <span class='ocrx_word' id='word_1_307' title='bbox 2070 2111 2221 2169; x_wconf 90' lang='lat' dir='ltr'><strong>sunt,</strong></span> 
     </span>
    </p>
   </div>
   <div class='ocr_carea' id='block_1_36' title="bbox 628 2197 2228 2274">
    <p class='ocr_par' dir='ltr' id='par_1_36' title="bbox 628 2197 2228 2274">
     <span class='ocr_line' id='line_1_36' title="bbox 628 2197 2228 2274; baseline -0.009 -9"><span class='ocrx_word' id='word_1_308' title='bbox 628 2209 792 2274; x_wconf 82' lang='lat' dir='ltr'><strong>absit,</strong></span> <span class='ocrx_word' id='word_1_309' title='bbox 815 2208 958 2263; x_wconf 89' lang='lat' dir='ltr'><strong>sicut</strong></span> <span class='ocrx_word' id='word_1_310' title='bbox 991 2205 1430 2268; x_wconf 67' lang='lat' dir='ltr'><strong>instimaverunt;</strong></span> <span class='ocrx_word' id='word_1_311' title='bbox 1462 2202 1558 2258; x_wconf 87' lang='lat' dir='ltr'><strong>sed</strong></span> <span class='ocrx_word' id='word_1_312' title='bbox 1599 2201 1742 2256; x_wconf 87' lang='lat' dir='ltr'><strong>sicut</strong></span> <span class='ocrx_word' id='word_1_313' title='bbox 1767 2207 1854 2255; x_wconf 87' lang='lat' dir='ltr'><strong>est</strong></span> <span class='ocrx_word' id='word_1_314' title='bbox 1879 2199 2102 2264; x_wconf 86' lang='lat' dir='ltr'><strong>veritas,</strong></span> <span class='ocrx_word' id='word_1_315' title='bbox 2126 2197 2228 2252; x_wconf 83' lang='lat' dir='ltr'><strong>ho-</strong></span> 
     </span>
    </p>
   </div>
   <div class='ocr_carea' id='block_1_37' title="bbox 634 2288 2226 2358">
    <p class='ocr_par' dir='ltr' id='par_1_37' title="bbox 634 2288 2226 2358">
     <span class='ocr_line' id='line_1_37' title="bbox 634 2288 2226 2358; baseline -0.01 1"><span class='ocrx_word' id='word_1_316' title='bbox 634 2302 781 2358; x_wconf 90' lang='lat' dir='ltr'><strong>mine</strong></span> <span class='ocrx_word' id='word_1_317' title='bbox 827 2299 971 2356; x_wconf 76' lang='lat' dir='ltr'><strong>facto</strong></span> <span class='ocrx_word' id='word_1_318' title='bbox 1015 2298 1300 2353; x_wconf 81' lang='lat' dir='ltr'><strong>Salvatore</strong></span> <span class='ocrx_word' id='word_1_319' title='bbox 1347 2297 1512 2351; x_wconf 84' lang='lat' dir='ltr'><strong>totius</strong></span> <span class='ocrx_word' id='word_1_320' title='bbox 1564 2292 1801 2349; x_wconf 89' lang='lat' dir='ltr'><strong>hominis</strong></span> <span class='ocrx_word' id='word_1_321' title='bbox 1866 2291 2016 2346; x_wconf 89' lang='lat' dir='ltr'><strong>salus</strong></span> <span class='ocrx_word' id='word_1_322' title='bbox 2079 2288 2226 2344; x_wconf 76' lang='lat' dir='ltr'><strong>facta</strong></span> 
     </span>
    </p>
   </div>
   <div class='ocr_carea' id='block_1_38' title="bbox 629 2382 2230 2460">
    <p class='ocr_par' dir='ltr' id='par_1_38' title="bbox 629 2382 2230 2460">
     <span class='ocr_line' id='line_1_38' title="bbox 629 2382 2230 2460; baseline -0.009 -10"><span class='ocrx_word' id='word_1_323' title='bbox 629 2402 731 2450; x_wconf 86' lang='lat' dir='ltr'><strong>est.</strong></span> <span class='ocrx_word' id='word_1_324' title='bbox 757 2390 816 2447; x_wconf 91' lang='lat' dir='ltr'><strong>Si</strong></span> <span class='ocrx_word' id='word_1_325' title='bbox 844 2392 990 2448; x_wconf 88' lang='lat' dir='ltr'><strong>enim</strong></span> <span class='ocrx_word' id='word_1_326' title='bbox 1041 2389 1329 2460; x_wconf 81' lang='lat' dir='ltr'><strong>adaptiOne</strong></span> <span class='ocrx_word' id='word_1_327' title='bbox 1375 2393 1496 2443; x_wconf 86' lang='lat' dir='ltr'><strong>erat</strong></span> <span class='ocrx_word' id='word_1_328' title='bbox 1533 2383 1587 2441; x_wconf 92' lang='lat' dir='ltr'><strong>in</strong></span> <span class='ocrx_word' id='word_1_329' title='bbox 1616 2398 1846 2456; x_wconf 77' lang='lat' dir='ltr'><strong>corpore</strong></span> <span class='ocrx_word' id='word_1_330' title='bbox 1871 2382 2097 2439; x_wconf 80' lang='lat' dir='ltr'><strong>verbum</strong></span> <span class='ocrx_word' id='word_1_331' title='bbox 2141 2397 2230 2437; x_wconf 86' lang='lat' dir='ltr'><strong>se-</strong></span> 
     </span>
    </p>
   </div>
   <div class='ocr_carea' id='block_1_39' title="bbox 630 2472 2225 2550">
    <p class='ocr_par' dir='ltr' id='par_1_39' title="bbox 630 2472 2225 2550">
     <span class='ocr_line' id='line_1_39' title="bbox 630 2472 2225 2550; baseline -0.008 -10"><span class='ocrx_word' id='word_1_332' title='bbox 630 2484 862 2540; x_wconf 90' lang='lat' dir='ltr'><strong>cundum</strong></span> <span class='ocrx_word' id='word_1_333' title='bbox 896 2482 1048 2545; x_wconf 87' lang='lat' dir='ltr'><strong>illos;</strong></span> <span class='ocrx_word' id='word_1_334' title='bbox 1082 2480 1223 2550; x_wconf 87' lang='lat' dir='ltr'><strong>quod</strong></span> <span class='ocrx_word' id='word_1_335' title='bbox 1254 2486 1439 2533; x_wconf 89' lang='lat' dir='ltr'><strong>autem</strong></span> <span class='ocrx_word' id='word_1_336' title='bbox 1480 2476 1772 2546; x_wconf 89' lang='lat' dir='ltr'><strong>adoptione</strong></span> <span class='ocrx_word' id='word_1_337' title='bbox 1798 2473 2019 2538; x_wconf 89' lang='lat' dir='ltr'><strong>dicitur,</strong></span> <span class='ocrx_word' id='word_1_338' title='bbox 2046 2472 2225 2544; x_wconf 88' lang='lat' dir='ltr'><strong>phan-</strong></span> 
     </span>
    </p>
   </div>
   <div class='ocr_carea' id='block_1_40' title="bbox 634 2565 1813 2640">
    <p class='ocr_par' dir='ltr' id='par_1_40' title="bbox 634 2565 1813 2640">
     <span class='ocr_line' id='line_1_40' title="bbox 634 2565 1813 2640; baseline -0.012 -10"><span class='ocrx_word' id='word_1_339' title='bbox 634 2574 772 2630; x_wconf 84' lang='lat' dir='ltr'><strong>tasia</strong></span> <span class='ocrx_word' id='word_1_340' title='bbox 796 2581 880 2628; x_wconf 89' lang='lat' dir='ltr'><strong>est</strong></span> <span class='ocrx_word' id='word_1_341' title='bbox 912 2587 930 2627; x_wconf 88' lang='lat'><strong>:</strong></span> <span class='ocrx_word' id='word_1_342' title='bbox 952 2571 1221 2640; x_wconf 85' lang='lat' dir='ltr'><strong>reperitur</strong></span> <span class='ocrx_word' id='word_1_343' title='bbox 1247 2575 1305 2623; x_wconf 91' lang='lat' dir='ltr'><strong>et</strong></span> <span class='ocrx_word' id='word_1_344' title='bbox 1330 2569 1574 2639; x_wconf 86' lang='lat' dir='ltr'><strong>putative</strong></span> <span class='ocrx_word' id='word_1_345' title='bbox 1593 2565 1761 2620; x_wconf 85' lang='lat' dir='ltr'><strong>salus.</strong></span> <span class='ocrx_word' id='word_1_346' title='bbox 1794 2582 1813 2616; x_wconf 75' lang='grc' dir='ltr'><strong>ι</strong></span> 
     </span>
    </p>
   </div>
   <div class='ocr_carea' id='block_1_41' title="bbox 709 2654 2233 2730">
    <p class='ocr_par' dir='ltr' id='par_1_41' title="bbox 709 2654 2233 2730">
     <span class='ocr_line' id='line_1_41' title="bbox 709 2654 2233 2730; baseline -0.007 -10"><span class='ocrx_word' id='word_1_347' title='bbox 709 2663 840 2720; x_wconf 83' lang='lat' dir='ltr'><strong>Vili.</strong></span> <span class='ocrx_word' id='word_1_348' title='bbox 870 2663 1005 2719; x_wconf 89' lang='lat' dir='ltr'><strong>Item</strong></span> <span class='ocrx_word' id='word_1_349' title='bbox 1034 2663 1226 2716; x_wconf 85' lang='lat' dir='ltr'><strong>beatus</strong></span> <span class='ocrx_word' id='word_1_350' title='bbox 1251 2658 1486 2730; x_wconf 82' lang='lat' dir='ltr'><strong>Cyrinus</strong></span> <span class='ocrx_word' id='word_1_351' title='bbox 1515 2657 1570 2712; x_wconf 88' lang='lat' dir='ltr'><strong>in</strong></span> <span class='ocrx_word' id='word_1_352' title='bbox 1590 2655 1819 2728; x_wconf 88' lang='lat' dir='ltr'><strong>epistola</strong></span> <span class='ocrx_word' id='word_1_353' title='bbox 1850 2655 1915 2711; x_wconf 87' lang='lat' dir='ltr'><strong>ari</strong></span> <span class='ocrx_word' id='word_1_354' title='bbox 1937 2654 2233 2710; x_wconf 85' lang='lat' dir='ltr'><strong>monachos</strong></span> 
     </span>
    </p>
   </div>
   <div class='ocr_carea' id='block_1_42' title="bbox 635 2745 2235 2812">
    <p class='ocr_par' dir='ltr' id='par_1_42' title="bbox 635 2745 2235 2812">
     <span class='ocr_line' id='line_1_42' title="bbox 635 2745 2235 2812; baseline -0.007 0"><span class='ocrx_word' id='word_1_355' title='bbox 635 2757 841 2812; x_wconf 88' lang='lat' dir='ltr'><strong>directa</strong></span> <span class='ocrx_word' id='word_1_356' title='bbox 870 2764 1059 2811; x_wconf 84' lang='lat' dir='ltr'><strong>contra</strong></span> <span class='ocrx_word' id='word_1_357' title='bbox 1085 2751 1464 2807; x_wconf 82' lang='lat' dir='ltr'><strong>Nestorianam</strong></span> <span class='ocrx_word' id='word_1_358' title='bbox 1514 2747 1763 2805; x_wconf 67' lang='lat' dir='ltr'><strong>haeresim</strong></span> <span class='ocrx_word' id='word_1_359' title='bbox 1790 2748 1933 2802; x_wconf 89' lang='lat' dir='ltr'><strong>inter</strong></span> <span class='ocrx_word' id='word_1_360' title='bbox 1960 2745 2128 2802; x_wconf 82' lang='lat' dir='ltr'><strong>multa</strong></span> <span class='ocrx_word' id='word_1_361' title='bbox 2156 2746 2235 2801; x_wconf 91' lang='lat' dir='ltr'><strong>sic</strong></span> 
     </span>
    </p>
   </div>
   <div class='ocr_carea' id='block_1_43' title="bbox 636 2837 2232 2905">
    <p class='ocr_par' dir='ltr' id='par_1_43' title="bbox 636 2837 2232 2905">
     <span class='ocr_line' id='line_1_43' title="bbox 636 2837 2232 2905; baseline -0.008 0"><span class='ocrx_word' id='word_1_362' title='bbox 636 2850 716 2905; x_wconf 85' lang='lat' dir='ltr'><strong>ait</strong></span> <span class='ocrx_word' id='word_1_363' title='bbox 746 2863 760 2902; x_wconf 89' lang='lat'><strong>:</strong></span> <span class='ocrx_word' id='word_1_364' title='bbox 799 2867 817 2898; x_wconf 76' lang='grc' dir='ltr'>ι</span> <span class='ocrx_word' id='word_1_365' title='bbox 845 2847 1055 2902; x_wconf 82' lang='lat' dir='ltr'><strong>Dictum</strong></span> <span class='ocrx_word' id='word_1_366' title='bbox 1086 2853 1171 2901; x_wconf 86' lang='lat' dir='ltr'><strong>est</strong></span> <span class='ocrx_word' id='word_1_367' title='bbox 1197 2843 1340 2899; x_wconf 90' lang='lat' dir='ltr'><strong>enim</strong></span> <span class='ocrx_word' id='word_1_368' title='bbox 1371 2840 1439 2896; x_wconf 87' lang='lat' dir='ltr'><strong>ad</strong></span> <span class='ocrx_word' id='word_1_369' title='bbox 1460 2853 1606 2902; x_wconf 87' lang='lat' dir='ltr'><strong>eum.</strong></span> <span class='ocrx_word' id='word_1_370' title='bbox 1638 2839 1775 2896; x_wconf 79' lang='lat' dir='ltr'><strong>Sede</strong></span> <span class='ocrx_word' id='word_1_371' title='bbox 1801 2856 1835 2894; x_wconf 91' lang='lat' dir='ltr'><strong>a</strong></span> <span class='ocrx_word' id='word_1_372' title='bbox 1863 2837 2062 2894; x_wconf 72' lang='lat' dir='ltr'><strong>dextris</strong></span> <span class='ocrx_word' id='word_1_373' title='bbox 2082 2839 2232 2903; x_wconf 77' lang='lat' dir='ltr'><strong>meis,</strong></span> 
     </span>
    </p>
   </div>
   <div class='ocr_carea' id='block_1_44' title="bbox 641 2930 2236 3010">
    <p class='ocr_par' dir='ltr' id='par_1_44' title="bbox 641 2930 2236 3010">
     <span class='ocr_line' id='line_1_44' title="bbox 641 2930 2236 3010; baseline -0.008 -16"><span class='ocrx_word' id='word_1_374' title='bbox 641 2940 811 2994; x_wconf 84' lang='lat' dir='ltr'><strong>donec</strong></span> <span class='ocrx_word' id='word_1_375' title='bbox 832 2955 1024 3010; x_wconf 85' lang='lat' dir='ltr'><strong>ponam</strong></span> <span class='ocrx_word' id='word_1_376' title='bbox 1063 2937 1304 2991; x_wconf 76' lang='lat' dir='ltr'><strong>inimicos</strong></span> <span class='ocrx_word' id='word_1_377' title='bbox 1330 2944 1447 2989; x_wconf 68' lang='lat' dir='ltr'><strong>tuo:</strong></span> <span class='ocrx_word' id='word_1_378' title='bbox 1481 2931 1765 2988; x_wconf 76' lang='lat' dir='ltr'><strong>scabellum</strong></span> <span class='ocrx_word' id='word_1_379' title='bbox 1805 2930 1997 3003; x_wconf 82' lang='lat' dir='ltr'><strong>pedum</strong></span> <span class='ocrx_word' id='word_1_380' title='bbox 2024 2940 2236 2984; x_wconf 84' lang='lat' dir='ltr'><strong>tuorum</strong></span> 
     </span>
    </p>
   </div>
   <div class='ocr_carea' id='block_1_45' title="bbox 639 3019 2229 3104">
    <p class='ocr_par' dir='ltr' id='par_1_45' title="bbox 639 3019 2229 3104">
     <span class='ocr_line' id='line_1_45' title="bbox 639 3019 2229 3104; baseline -0.006 -20"><span class='ocrx_word' id='word_1_381' title='bbox 639 3028 820 3104; x_wconf 75' lang='lat' dir='ltr'><strong>(Psal.</strong></span> <span class='ocrx_word' id='word_1_382' title='bbox 871 3029 1024 3103; x_wconf 67' lang='lat' dir='ltr'><strong>cxx);</strong></span> <span class='ocrx_word' id='word_1_383' title='bbox 1085 3029 1278 3085; x_wconf 88' lang='lat' dir='ltr'><strong>adoret</strong></span> <span class='ocrx_word' id='word_1_384' title='bbox 1316 3025 1481 3082; x_wconf 83' lang='lat' dir='ltr'><strong>etiam</strong></span> <span class='ocrx_word' id='word_1_385' title='bbox 1530 3036 1632 3080; x_wconf 86' lang='lat' dir='ltr'><strong>nos</strong></span> <span class='ocrx_word' id='word_1_386' title='bbox 1677 3032 2036 3094; x_wconf 86' lang='lat' dir='ltr'><strong>supernorum</strong></span> <span class='ocrx_word' id='word_1_387' title='bbox 2077 3019 2229 3092; x_wconf 82' lang='lat' dir='ltr'><strong>spiri-</strong></span> 
     </span>
    </p>
   </div>
   <div class='ocr_carea' id='block_1_46' title="bbox 640 3113 2236 3188">
    <p class='ocr_par' dir='ltr' id='par_1_46' title="bbox 640 3113 2236 3188">
     <span class='ocr_line' id='line_1_46' title="bbox 640 3113 2236 3188; baseline -0.01 -6"><span class='ocrx_word' id='word_1_388' title='bbox 640 3134 796 3182; x_wconf 84' lang='lat' dir='ltr'><strong>tuum</strong></span> <span class='ocrx_word' id='word_1_389' title='bbox 837 3123 1142 3180; x_wconf 87' lang='lat' dir='ltr'><strong>multitudo.</strong></span> <span class='ocrx_word' id='word_1_390' title='bbox 1197 3121 1424 3188; x_wconf 79' lang='lat' dir='ltr'><strong>Quando</strong></span> <span class='ocrx_word' id='word_1_391' title='bbox 1459 3120 1629 3185; x_wconf 76' lang='lat' dir='ltr'><strong>enim,</strong></span> <span class='ocrx_word' id='word_1_392' title='bbox 1683 3117 1894 3188; x_wconf 80' lang='lat' dir='ltr'><strong>inquit,</strong></span> <span class='ocrx_word' id='word_1_393' title='bbox 1946 3113 2236 3170; x_wconf 76' lang='lat' dir='ltr'><strong>introducit</strong></span> 
     </span>
    </p>
   </div>
   <div class='ocr_carea' id='block_1_47' title="bbox 641 3210 2234 3291">
    <p class='ocr_par' dir='ltr' id='par_1_47' title="bbox 641 3210 2234 3291">
     <span class='ocr_line' id='line_1_47' title="bbox 641 3210 2234 3291; baseline -0.007 -18"><span class='ocrx_word' id='word_1_394' title='bbox 641 3219 1042 3291; x_wconf 78' lang='lat' dir='ltr'><strong>primogenitum</strong></span> <span class='ocrx_word' id='word_1_395' title='bbox 1090 3218 1146 3270; x_wconf 86' lang='lat' dir='ltr'><strong>in</strong></span> <span class='ocrx_word' id='word_1_396' title='bbox 1193 3216 1368 3270; x_wconf 84' lang='lat' dir='ltr'><strong>orbem</strong></span> <span class='ocrx_word' id='word_1_397' title='bbox 1421 3224 1684 3268; x_wconf 83' lang='lat' dir='ltr'><strong>terrarum</strong></span> <span class='ocrx_word' id='word_1_398' title='bbox 1737 3212 1906 3267; x_wconf 82' lang='lat' dir='ltr'><strong>dicit:</strong></span> <span class='ocrx_word' id='word_1_399' title='bbox 1939 3219 1986 3264; x_wconf 84' lang='lat' dir='ltr'><strong>et</strong></span> <span class='ocrx_word' id='word_1_400' title='bbox 2017 3210 2234 3263; x_wconf 77' lang='lat' dir='ltr'><strong>adorent</strong></span> 
     </span>
    </p>
   </div>
   <div class='ocr_carea' id='block_1_48' title="bbox 642 3299 2235 3379">
    <p class='ocr_par' dir='ltr' id='par_1_48' title="bbox 642 3299 2235 3379">
     <span class='ocr_line' id='line_1_48' title="bbox 642 3299 2235 3379; baseline -0.01 -12"><span class='ocrx_word' id='word_1_401' title='bbox 642 3328 762 3368; x_wconf 80' lang='lat' dir='ltr'><strong>eum</strong></span> <span class='ocrx_word' id='word_1_402' title='bbox 796 3325 973 3364; x_wconf 79' lang='lat' dir='ltr'><strong>omnes</strong></span> <span class='ocrx_word' id='word_1_403' title='bbox 1000 3308 1170 3379; x_wconf 80' lang='lat' dir='ltr'><strong>angeli</strong></span> <span class='ocrx_word' id='word_1_404' title='bbox 1192 3307 1290 3362; x_wconf 78' lang='lat' dir='ltr'><strong>Dei</strong></span> <span class='ocrx_word' id='word_1_405' title='bbox 1323 3305 1509 3378; x_wconf 82' lang='lat' dir='ltr'><strong>(Hebr.</strong></span> <span class='ocrx_word' id='word_1_406' title='bbox 1536 3315 1618 3367; x_wconf 81' lang='lat' dir='ltr'><strong>tu,</strong></span> <span class='ocrx_word' id='word_1_407' title='bbox 1643 3302 1720 3375; x_wconf 82' lang='grc'><strong>6).</strong></span> <span class='ocrx_word' id='word_1_408' title='bbox 1747 3301 1853 3358; x_wconf 85' lang='lat' dir='ltr'><strong>Sed</strong></span> <span class='ocrx_word' id='word_1_409' title='bbox 1874 3313 1973 3356; x_wconf 89' lang='lat' dir='ltr'><strong>nos</strong></span> <span class='ocrx_word' id='word_1_410' title='bbox 1995 3299 2235 3371; x_wconf 83' lang='lat' dir='ltr'><strong>quidem,</strong></span> 
     </span>
    </p>
   </div>
   <div class='ocr_carea' id='block_1_49' title="bbox 2320 2001 3922 2078">
    <p class='ocr_par' dir='ltr' id='par_1_49' title="bbox 2320 2001 3922 2078">
     <span class='ocr_line' id='line_1_49' title="bbox 2320 2001 3922 2078; baseline -0.004 -15"><span class='ocrx_word' id='word_1_411' title='bbox 2320 2008 2451 2064; x_wconf 89' lang='lat' dir='ltr'><strong>Item</strong></span> <span class='ocrx_word' id='word_1_412' title='bbox 2479 2006 2660 2078; x_wconf 86' lang='lat' dir='ltr'><strong>ipsein</strong></span> <span class='ocrx_word' id='word_1_413' title='bbox 2687 2005 2910 2063; x_wconf 88' lang='lat' dir='ltr'><strong>homilia</strong></span> <span class='ocrx_word' id='word_1_414' title='bbox 2931 2006 2999 2063; x_wconf 91' lang='lat' dir='ltr'><strong>de</strong></span> <span class='ocrx_word' id='word_1_415' title='bbox 3018 2002 3339 2063; x_wconf 79' lang='lat' dir='ltr'><strong>Pentecoste</strong></span> <span class='ocrx_word' id='word_1_416' title='bbox 3359 2002 3631 2075; x_wconf 87' lang='lat' dir='ltr'><strong>ait(liom.</strong></span> <span class='ocrx_word' id='word_1_417' title='bbox 3646 2001 3735 2068; x_wconf 80' lang='lat'><strong>50,</strong></span> <span class='ocrx_word' id='word_1_418' title='bbox 3759 2018 3814 2057; x_wconf 92' lang='lat' dir='ltr'><strong>n.</strong></span> <span class='ocrx_word' id='word_1_419' title='bbox 3832 2001 3922 2074; x_wconf 88' lang='lat'><strong>9):</strong></span> 
     </span>
    </p>
   </div>
   <div class='ocr_carea' id='block_1_50' title="bbox 2328 2096 3927 2172">
    <p class='ocr_par' dir='ltr' id='par_1_50' title="bbox 2328 2096 3927 2172">
     <span class='ocr_line' id='line_1_50' title="bbox 2328 2096 3927 2172; baseline 0 -18"><span class='ocrx_word' id='word_1_420' title='bbox 2328 2119 2348 2154; x_wconf 72' lang='grc' dir='ltr'><strong><em>ο</em></strong></span> <span class='ocrx_word' id='word_1_421' title='bbox 2379 2101 2632 2167; x_wconf 88' lang='lat' dir='ltr'><strong>Pensate,</strong></span> <span class='ocrx_word' id='word_1_422' title='bbox 2672 2096 2872 2157; x_wconf 78' lang='lat' dir='ltr'><strong>fratres</strong></span> <span class='ocrx_word' id='word_1_423' title='bbox 2911 2100 3244 2165; x_wconf 88' lang='lat' dir='ltr'><strong>eharissimi,</strong></span> <span class='ocrx_word' id='word_1_424' title='bbox 3271 2107 3394 2172; x_wconf 84' lang='lat' dir='ltr'><strong>post</strong></span> <span class='ocrx_word' id='word_1_425' title='bbox 3435 2099 3776 2154; x_wconf 88' lang='lat' dir='ltr'><strong>nativitatem</strong></span> <span class='ocrx_word' id='word_1_426' title='bbox 3800 2099 3927 2154; x_wconf 78' lang='lat' dir='ltr'><strong>uni-</strong></span> 
     </span>
    </p>
   </div>
   <div class='ocr_carea' id='block_1_51' title="bbox 2324 2191 3930 2268">
    <p class='ocr_par' dir='ltr' id='par_1_51' title="bbox 2324 2191 3930 2268">
     <span class='ocr_line' id='line_1_51' title="bbox 2324 2191 3930 2268; baseline -0.002 -14"><span class='ocrx_word' id='word_1_427' title='bbox 2324 2191 2492 2268; x_wconf 76' lang='lat' dir='ltr'><strong>geniti</strong></span> <span class='ocrx_word' id='word_1_428' title='bbox 2522 2195 2663 2262; x_wconf 84' lang='lat' dir='ltr'><strong>Filii,</strong></span> <span class='ocrx_word' id='word_1_429' title='bbox 2693 2197 2872 2268; x_wconf 90' lang='lat' dir='ltr'><strong>qualis</strong></span> <span class='ocrx_word' id='word_1_430' title='bbox 2915 2197 2988 2253; x_wconf 91' lang='lat' dir='ltr'><strong>sit</strong></span> <span class='ocrx_word' id='word_1_431' title='bbox 3029 2196 3294 2253; x_wconf 87' lang='lat' dir='ltr'><strong>hodierna</strong></span> <span class='ocrx_word' id='word_1_432' title='bbox 3343 2194 3659 2253; x_wconf 86' lang='lat' dir='ltr'><strong>solemnitas</strong></span> <span class='ocrx_word' id='word_1_433' title='bbox 3698 2194 3768 2250; x_wconf 89' lang='lat' dir='ltr'><strong>de</strong></span> <span class='ocrx_word' id='word_1_434' title='bbox 3812 2194 3930 2250; x_wconf 89' lang='lat' dir='ltr'><strong>Ad-</strong></span> 
     </span>
    </p>
   </div>
   <div class='ocr_carea' id='block_1_52' title="bbox 2324 2285 3930 2360">
    <p class='ocr_par' dir='ltr' id='par_1_52' title="bbox 2324 2285 3930 2360">
     <span class='ocr_line' id='line_1_52' title="bbox 2324 2285 3930 2360; baseline -0.002 -17"><span class='ocrx_word' id='word_1_435' title='bbox 2324 2295 2488 2344; x_wconf 83' lang='lat' dir='ltr'><strong>ventu</strong></span> <span class='ocrx_word' id='word_1_436' title='bbox 2519 2285 2758 2360; x_wconf 86' lang='lat' dir='ltr'><strong>Spiritus</strong></span> <span class='ocrx_word' id='word_1_437' title='bbox 2808 2287 3000 2344; x_wconf 87' lang='lat' dir='ltr'><strong>sancti.</strong></span> <span class='ocrx_word' id='word_1_438' title='bbox 3056 2287 3213 2343; x_wconf 83' lang='lat' dir='ltr'><strong>Sicut</strong></span> <span class='ocrx_word' id='word_1_439' title='bbox 3237 2288 3386 2344; x_wconf 87' lang='lat' dir='ltr'><strong>enim</strong></span> <span class='ocrx_word' id='word_1_440' title='bbox 3415 2285 3506 2342; x_wconf 87' lang='lat' dir='ltr'><strong>illa</strong></span> <span class='ocrx_word' id='word_1_441' title='bbox 3534 2327 3550 2354; x_wconf 95' lang='lat'><strong>,</strong></span> <span class='ocrx_word' id='word_1_442' title='bbox 3603 2287 3683 2343; x_wconf 89' lang='lat' dir='ltr'><strong>sic</strong></span> <span class='ocrx_word' id='word_1_443' title='bbox 3713 2293 3772 2342; x_wconf 90' lang='lat' dir='ltr'><strong>et</strong></span> <span class='ocrx_word' id='word_1_444' title='bbox 3823 2285 3930 2341; x_wconf 86' lang='lat' dir='ltr'><strong>ista</strong></span> 
     </span>
    </p>
   </div>
   <div class='ocr_carea' id='block_1_53' title="bbox 2327 2376 3935 2452">
    <p class='ocr_par' dir='ltr' id='par_1_53' title="bbox 2327 2376 3935 2452">
     <span class='ocr_line' id='line_1_53' title="bbox 2327 2376 3935 2452; baseline -0.001 -16"><span class='ocrx_word' id='word_1_445' title='bbox 2327 2395 2543 2452; x_wconf 90' lang='lat' dir='ltr'><strong>quoque</strong></span> <span class='ocrx_word' id='word_1_446' title='bbox 2569 2387 2653 2435; x_wconf 91' lang='lat' dir='ltr'><strong>est</strong></span> <span class='ocrx_word' id='word_1_447' title='bbox 2679 2377 3047 2445; x_wconf 86' lang='lat' dir='ltr'><strong>honorabilis;</strong></span> <span class='ocrx_word' id='word_1_448' title='bbox 3087 2376 3161 2434; x_wconf 88' lang='lat' dir='ltr'><strong>ibi</strong></span> <span class='ocrx_word' id='word_1_449' title='bbox 3188 2378 3336 2435; x_wconf 90' lang='lat' dir='ltr'><strong>enim</strong></span> <span class='ocrx_word' id='word_1_450' title='bbox 3358 2377 3502 2435; x_wconf 88' lang='lat' dir='ltr'><strong>Deus</strong></span> <span class='ocrx_word' id='word_1_451' title='bbox 3522 2378 3577 2434; x_wconf 90' lang='lat' dir='ltr'><strong>in</strong></span> <span class='ocrx_word' id='word_1_452' title='bbox 3605 2392 3666 2436; x_wconf 88' lang='lat' dir='ltr'><strong>se</strong></span> <span class='ocrx_word' id='word_1_453' title='bbox 3693 2377 3935 2435; x_wconf 87' lang='lat' dir='ltr'><strong>creando</strong></span> 
     </span>
    </p>
   </div>
   <div class='ocr_carea' id='block_1_54' title="bbox 2329 2470 3935 2544">
    <p class='ocr_par' dir='ltr' id='par_1_54' title="bbox 2329 2470 3935 2544">
     <span class='ocr_line' id='line_1_54' title="bbox 2329 2470 3935 2544; baseline 0 -15"><span class='ocrx_word' id='word_1_454' title='bbox 2329 2472 2569 2544; x_wconf 89' lang='lat' dir='ltr'><strong>suscepit</strong></span> <span class='ocrx_word' id='word_1_455' title='bbox 2598 2472 2873 2528; x_wconf 88' lang='lat' dir='ltr'><strong>hominem</strong></span> <span class='ocrx_word' id='word_1_456' title='bbox 2898 2488 2913 2538; x_wconf 93' lang='lat'><strong>;</strong></span> <span class='ocrx_word' id='word_1_457' title='bbox 2952 2472 3044 2528; x_wconf 90' lang='lat' dir='ltr'><strong>hic</strong></span> <span class='ocrx_word' id='word_1_458' title='bbox 3075 2471 3327 2528; x_wconf 89' lang='lat' dir='ltr'><strong>homines</strong></span> <span class='ocrx_word' id='word_1_459' title='bbox 3359 2470 3597 2540; x_wconf 86' lang='lat' dir='ltr'><strong>desuper</strong></span> <span class='ocrx_word' id='word_1_460' title='bbox 3621 2470 3935 2529; x_wconf 76' lang='lat' dir='ltr'><strong>venientem</strong></span> 
     </span>
    </p>
   </div>
   <div class='ocr_carea' id='block_1_55' title="bbox 2333 2555 3943 2634">
    <p class='ocr_par' dir='ltr' id='par_1_55' title="bbox 2333 2555 3943 2634">
     <span class='ocr_line' id='line_1_55' title="bbox 2333 2555 3943 2634; baseline -0.001 -16"><span class='ocrx_word' id='word_1_461' title='bbox 2333 2569 2688 2634; x_wconf 84' lang='lat' dir='ltr'><strong>susceperunt</strong></span> <span class='ocrx_word' id='word_1_462' title='bbox 2715 2556 2887 2617; x_wconf 87' lang='lat' dir='ltr'><strong>Deum</strong></span> <span class='ocrx_word' id='word_1_463' title='bbox 2914 2579 2926 2617; x_wconf 94' lang='lat'>:</span> <span class='ocrx_word' id='word_1_464' title='bbox 2957 2560 3032 2616; x_wconf 88' lang='lat' dir='ltr'><strong>ibi</strong></span> <span class='ocrx_word' id='word_1_465' title='bbox 3073 2555 3216 2616; x_wconf 88' lang='lat' dir='ltr'><strong>Deus</strong></span> <span class='ocrx_word' id='word_1_466' title='bbox 3258 2560 3587 2617; x_wconf 87' lang='lat' dir='ltr'><strong>naturaliter</strong></span> <span class='ocrx_word' id='word_1_467' title='bbox 3640 2558 3816 2615; x_wconf 84' lang='lat' dir='ltr'><strong>factus</strong></span> <span class='ocrx_word' id='word_1_468' title='bbox 3851 2566 3943 2617; x_wconf 77' lang='lat' dir='ltr'><strong>est</strong></span> 
     </span>
    </p>
   </div>
   <div class='ocr_carea' id='block_1_56' title="bbox 2332 2650 3930 2723">
    <p class='ocr_par' dir='ltr' id='par_1_56' title="bbox 2332 2650 3930 2723">
     <span class='ocr_line' id='line_1_56' title="bbox 2332 2650 3930 2723; baseline -0.003 -13"><span class='ocrx_word' id='word_1_469' title='bbox 2332 2655 2513 2718; x_wconf 90' lang='lat' dir='ltr'><strong>homo,</strong></span> <span class='ocrx_word' id='word_1_470' title='bbox 2537 2652 2626 2709; x_wconf 92' lang='lat' dir='ltr'><strong>hic</strong></span> <span class='ocrx_word' id='word_1_471' title='bbox 2646 2653 2894 2709; x_wconf 88' lang='lat' dir='ltr'><strong>homines</strong></span> <span class='ocrx_word' id='word_1_472' title='bbox 2937 2664 3037 2723; x_wconf 88' lang='lat' dir='ltr'><strong>per</strong></span> <span class='ocrx_word' id='word_1_473' title='bbox 3065 2650 3412 2723; x_wconf 88' lang='lat' dir='ltr'><strong>adoptionem</strong></span> <span class='ocrx_word' id='word_1_474' title='bbox 3444 2651 3574 2708; x_wconf 80' lang='lat' dir='ltr'><strong>facti</strong></span> <span class='ocrx_word' id='word_1_475' title='bbox 3602 2658 3731 2707; x_wconf 87' lang='lat' dir='ltr'><strong>sunt</strong></span> <span class='ocrx_word' id='word_1_476' title='bbox 3769 2651 3865 2707; x_wconf 92' lang='lat' dir='ltr'><strong>dii.</strong></span> <span class='ocrx_word' id='word_1_477' title='bbox 3905 2669 3930 2706; x_wconf 73' lang='grc' dir='ltr'><strong>ο</strong></span> 
     </span>
    </p>
   </div>
   <div class='ocr_carea' id='block_1_57' title="bbox 2332 2740 3944 2816">
    <p class='ocr_par' dir='ltr' id='par_1_57' title="bbox 2332 2740 3944 2816">
     <span class='ocr_line' id='line_1_57' title="bbox 2332 2740 3944 2816; baseline -0.002 -15"><span class='ocrx_word' id='word_1_478' title='bbox 2332 2744 2470 2801; x_wconf 82' lang='lat' dir='ltr'><strong>Audi</strong></span> <span class='ocrx_word' id='word_1_479' title='bbox 2495 2745 2748 2815; x_wconf 88' lang='lat' dir='ltr'><strong>denique,</strong></span> <span class='ocrx_word' id='word_1_480' title='bbox 2780 2745 2925 2815; x_wconf 91' lang='lat' dir='ltr'><strong>quod</strong></span> <span class='ocrx_word' id='word_1_481' title='bbox 2954 2746 3145 2800; x_wconf 87' lang='lat' dir='ltr'><strong>beatus</strong></span> <span class='ocrx_word' id='word_1_482' title='bbox 3168 2742 3466 2816; x_wconf 83' lang='lat' dir='ltr'><strong>Gregorius</strong></span> <span class='ocrx_word' id='word_1_483' title='bbox 3511 2742 3565 2797; x_wconf 91' lang='lat' dir='ltr'><strong>in</strong></span> <span class='ocrx_word' id='word_1_484' title='bbox 3610 2743 3802 2798; x_wconf 89' lang='lat' dir='ltr'><strong>eodem</strong></span> <span class='ocrx_word' id='word_1_485' title='bbox 3830 2740 3944 2798; x_wconf 84' lang='lat' dir='ltr'><strong>IIo-</strong></span> 
     </span>
    </p>
   </div>
   <div class='ocr_carea' id='block_1_58' title="bbox 2334 2831 3942 2906">
    <p class='ocr_par' dir='ltr' id='par_1_58' title="bbox 2334 2831 3942 2906">
     <span class='ocr_line' id='line_1_58' title="bbox 2334 2831 3942 2906; baseline -0.002 -14"><span class='ocrx_word' id='word_1_486' title='bbox 2334 2837 2608 2893; x_wconf 90' lang='lat' dir='ltr'><strong>miiiarum</strong></span> <span class='ocrx_word' id='word_1_487' title='bbox 2632 2836 2790 2902; x_wconf 89' lang='lat' dir='ltr'><strong>libro,</strong></span> <span class='ocrx_word' id='word_1_488' title='bbox 2817 2850 2940 2891; x_wconf 91' lang='lat' dir='ltr'><strong>cum</strong></span> <span class='ocrx_word' id='word_1_489' title='bbox 2986 2835 3053 2891; x_wconf 88' lang='lat' dir='ltr'><strong>de</strong></span> <span class='ocrx_word' id='word_1_490' title='bbox 3099 2846 3239 2906; x_wconf 88' lang='lat' dir='ltr'><strong>agno</strong></span> <span class='ocrx_word' id='word_1_491' title='bbox 3268 2832 3511 2905; x_wconf 85' lang='lat' dir='ltr'><strong>paschali</strong></span> <span class='ocrx_word' id='word_1_492' title='bbox 3548 2839 3810 2889; x_wconf 86' lang='lat' dir='ltr'><strong>tractaret</strong></span> <span class='ocrx_word' id='word_1_493' title='bbox 3855 2831 3942 2888; x_wconf 63' lang='lat' dir='ltr'><strong>die</strong></span> 
     </span>
    </p>
   </div>
   <div class='ocr_carea' id='block_1_59' title="bbox 2335 2921 3939 2994">
    <p class='ocr_par' dir='ltr' id='par_1_59' title="bbox 2335 2921 3939 2994">
     <span class='ocr_line' id='line_1_59' title="bbox 2335 2921 3939 2994; baseline -0.005 -10"><span class='ocrx_word' id='word_1_494' title='bbox 2335 2943 2505 2984; x_wconf 88' lang='lat' dir='ltr'><strong>cens:</strong></span> <span class='ocrx_word' id='word_1_495' title='bbox 2544 2946 2562 2978; x_wconf 71' lang='grc' dir='ltr'>ι</span> <span class='ocrx_word' id='word_1_496' title='bbox 2597 2921 2718 2982; x_wconf 80' lang='lat' dir='ltr'><strong>Non</strong></span> <span class='ocrx_word' id='word_1_497' title='bbox 2752 2926 3029 2980; x_wconf 80' lang='lat' dir='ltr'><strong>comedetis</strong></span> <span class='ocrx_word' id='word_1_498' title='bbox 3081 2939 3146 2981; x_wconf 74' lang='lat' dir='ltr'><strong>ea:</strong></span> <span class='ocrx_word' id='word_1_499' title='bbox 3183 2939 3242 2981; x_wconf 79' lang='lat' dir='ltr'><strong>eo</strong></span> <span class='ocrx_word' id='word_1_500' title='bbox 3282 2926 3504 2981; x_wconf 84' lang='lat' dir='ltr'><strong>crudum</strong></span> <span class='ocrx_word' id='word_1_501' title='bbox 3530 2923 3681 2994; x_wconf 86' lang='lat' dir='ltr'><strong>quid,</strong></span> <span class='ocrx_word' id='word_1_502' title='bbox 3706 2939 3800 2978; x_wconf 85' lang='lat' dir='ltr'><strong>nec</strong></span> <span class='ocrx_word' id='word_1_503' title='bbox 3841 2938 3939 2977; x_wconf 83' lang='lat' dir='ltr'><strong>ca-</strong></span> 
     </span>
    </p>
   </div>
   <div class='ocr_carea' id='block_1_60' title="bbox 2336 3010 3941 3088">
    <p class='ocr_par' dir='ltr' id='par_1_60' title="bbox 2336 3010 3941 3088">
     <span class='ocr_line' id='line_1_60' title="bbox 2336 3010 3941 3088; baseline -0.002 -17"><span class='ocrx_word' id='word_1_504' title='bbox 2336 3027 2478 3072; x_wconf 80' lang='lat' dir='ltr'><strong>ctum</strong></span> <span class='ocrx_word' id='word_1_505' title='bbox 2503 3033 2639 3088; x_wconf 88' lang='lat' dir='ltr'><strong>aqua</strong></span> <span class='ocrx_word' id='word_1_506' title='bbox 2663 3015 2861 3088; x_wconf 73' lang='lat' dir='ltr'><strong>(Exod.</strong></span> <span class='ocrx_word' id='word_1_507' title='bbox 2897 3031 2995 3078; x_wconf 82' lang='lat' dir='ltr'><strong>xu,</strong></span> <span class='ocrx_word' id='word_1_508' title='bbox 3029 3013 3108 3081; x_wconf 88' lang='lat'><strong>9).</strong></span> <span class='ocrx_word' id='word_1_509' title='bbox 3130 3013 3199 3070; x_wconf 89' lang='lat' dir='ltr'><strong>Et</strong></span> <span class='ocrx_word' id='word_1_510' title='bbox 3222 3014 3382 3086; x_wconf 86' lang='lat' dir='ltr'><strong>paulo</strong></span> <span class='ocrx_word' id='word_1_511' title='bbox 3406 3021 3529 3084; x_wconf 85' lang='lat' dir='ltr'><strong>post</strong></span> <span class='ocrx_word' id='word_1_512' title='bbox 3548 3013 3733 3067; x_wconf 88' lang='lat' dir='ltr'><strong>intulit</strong></span> <span class='ocrx_word' id='word_1_513' title='bbox 3755 3010 3941 3084; x_wconf 87' lang='lat' dir='ltr'><strong>(Hom.</strong></span> 
     </span>
    </p>
   </div>
   <div class='ocr_carea' id='block_1_61' title="bbox 2338 3104 3945 3179">
    <p class='ocr_par' dir='ltr' id='par_1_61' title="bbox 2338 3104 3945 3179">
     <span class='ocr_line' id='line_1_61' title="bbox 2338 3104 3945 3179; baseline -0.005 -14"><span class='ocrx_word' id='word_1_514' title='bbox 2338 3109 2432 3175; x_wconf 74' lang='lat'><strong>2‘3,</strong></span> <span class='ocrx_word' id='word_1_515' title='bbox 2459 3124 2515 3163; x_wconf 93' lang='lat' dir='ltr'><strong>n.</strong></span> <span class='ocrx_word' id='word_1_516' title='bbox 2557 3106 2660 3179; x_wconf 88' lang='lat'><strong>8):</strong></span> <span class='ocrx_word' id='word_1_517' title='bbox 2696 3125 2716 3159; x_wconf 84' lang='grc'><em>‹</em></span> <span class='ocrx_word' id='word_1_518' title='bbox 2775 3104 3110 3176; x_wconf 81' lang='lat' dir='ltr'><strong>Redemptor</strong></span> <span class='ocrx_word' id='word_1_519' title='bbox 3163 3113 3346 3160; x_wconf 89' lang='lat' dir='ltr'><strong>autem</strong></span> <span class='ocrx_word' id='word_1_520' title='bbox 3398 3112 3585 3161; x_wconf 88' lang='lat' dir='ltr'><strong>noster</strong></span> <span class='ocrx_word' id='word_1_521' title='bbox 3624 3115 3728 3158; x_wconf 87' lang='lat' dir='ltr'><strong>nec</strong></span> <span class='ocrx_word' id='word_1_522' title='bbox 3770 3113 3945 3174; x_wconf 87' lang='lat' dir='ltr'><strong>purus</strong></span> 
     </span>
    </p>
   </div>
   <div class='ocr_carea' id='block_1_62' title="bbox 2341 3193 3944 3268">
    <p class='ocr_par' dir='ltr' id='par_1_62' title="bbox 2341 3193 3944 3268">
     <span class='ocr_line' id='line_1_62' title="bbox 2341 3193 3944 3268; baseline -0.006 -10"><span class='ocrx_word' id='word_1_523' title='bbox 2341 3204 2505 3259; x_wconf 89' lang='lat' dir='ltr'><strong>homo</strong></span> <span class='ocrx_word' id='word_1_524' title='bbox 2525 3199 2920 3257; x_wconf 82' lang='lat' dir='ltr'><strong>existimandus</strong></span> <span class='ocrx_word' id='word_1_525' title='bbox 2939 3207 3040 3264; x_wconf 87' lang='lat' dir='ltr'><strong>est,</strong></span> <span class='ocrx_word' id='word_1_526' title='bbox 3069 3211 3245 3268; x_wconf 87' lang='lat' dir='ltr'><strong>neque</strong></span> <span class='ocrx_word' id='word_1_527' title='bbox 3265 3212 3365 3267; x_wconf 90' lang='lat' dir='ltr'><strong>per</strong></span> <span class='ocrx_word' id='word_1_528' title='bbox 3391 3196 3690 3252; x_wconf 79' lang='lat' dir='ltr'><strong>humanam</strong></span> <span class='ocrx_word' id='word_1_529' title='bbox 3724 3193 3944 3263; x_wconf 87' lang='lat' dir='ltr'><strong>sapien-</strong></span> 
     </span>
    </p>
   </div>
   <div class='ocr_carea' id='block_1_63' title="bbox 2343 3284 3943 3362">
    <p class='ocr_par' dir='ltr' id='par_1_63' title="bbox 2343 3284 3943 3362">
     <span class='ocr_line' id='line_1_63' title="bbox 2343 3284 3943 3362; baseline -0.008 -14"><span class='ocrx_word' id='word_1_530' title='bbox 2343 3294 2497 3358; x_wconf 87' lang='lat' dir='ltr'><strong>tiam,</strong></span> <span class='ocrx_word' id='word_1_531' title='bbox 2522 3288 2756 3362; x_wconf 87' lang='lat' dir='ltr'><strong>qualiter</strong></span> <span class='ocrx_word' id='word_1_532' title='bbox 2776 3287 2919 3344; x_wconf 84' lang='lat' dir='ltr'><strong>Deus</strong></span> <span class='ocrx_word' id='word_1_533' title='bbox 2935 3286 3205 3345; x_wconf 87' lang='lat' dir='ltr'><strong>incarnari</strong></span> <span class='ocrx_word' id='word_1_534' title='bbox 3226 3284 3885 3359; x_wconf 86' lang='lat' dir='ltr'><strong>potuisset,cogitandus;</strong></span> <span class='ocrx_word' id='word_1_535' title='bbox 3921 3299 3943 3335; x_wconf 72' lang='grc' dir='ltr'><strong>ι</strong></span> 
     </span>
    </p>
   </div>
   <div class='ocr_carea' id='block_1_64' title="bbox 646 3377 3952 3469">
    <p class='ocr_par' dir='ltr' id='par_1_64' title="bbox 646 3377 3952 3469">
     <span class='ocr_line' id='line_1_64' title="bbox 646 3377 3952 3469; baseline -0.009 -8"><span class='ocrx_word' id='word_1_536' title='bbox 646 3404 750 3461; x_wconf 89' lang='lat' dir='ltr'><strong>etsi</strong></span> <span class='ocrx_word' id='word_1_537' title='bbox 778 3413 968 3460; x_wconf 85' lang='lat' dir='ltr'><strong>sancto</strong></span> <span class='ocrx_word' id='word_1_538' title='bbox 1004 3377 1152 3456; x_wconf 80' lang='lat' dir='ltr'><strong>uncti</strong></span> <span class='ocrx_word' id='word_1_539' title='bbox 1189 3377 1378 3455; x_wconf 84' lang='lat' dir='ltr'><strong>sumus</strong></span> <span class='ocrx_word' id='word_1_540' title='bbox 1421 3399 1650 3469; x_wconf 84' lang='lat' dir='ltr'><strong>Spiritu,</strong></span> <span class='ocrx_word' id='word_1_541' title='bbox 1679 3394 1986 3466; x_wconf 86' lang='lat' dir='ltr'><strong>adoptionis</strong></span> <span class='ocrx_word' id='word_1_542' title='bbox 2021 3392 2240 3463; x_wconf 80' lang='lat' dir='ltr'><strong>quidem</strong></span> <span class='ocrx_word' id='word_1_543' title='bbox 2342 3393 2539 3458; x_wconf 83' lang='lat' dir='ltr'><strong>etpost</strong></span> <span class='ocrx_word' id='word_1_544' title='bbox 2561 3397 2774 3456; x_wconf 90' lang='lat' dir='ltr'><strong>pauca:</strong></span> <span class='ocrx_word' id='word_1_545' title='bbox 2809 3403 2826 3436; x_wconf 82' lang='lat' dir='ltr'><strong>i</strong></span> <span class='ocrx_word' id='word_1_546' title='bbox 2866 3381 2967 3451; x_wconf 85' lang='lat' dir='ltr'><strong>Qui</strong></span> <span class='ocrx_word' id='word_1_547' title='bbox 3006 3383 3172 3454; x_wconf 87' lang='lat' dir='ltr'><strong>igitur</strong></span> <span class='ocrx_word' id='word_1_548' title='bbox 3210 3381 3485 3452; x_wconf 85' lang='lat' dir='ltr'><strong>paschalis</strong></span> <span class='ocrx_word' id='word_1_549' title='bbox 3513 3379 3695 3451; x_wconf 85' lang='lat' dir='ltr'><strong>gaudii</strong></span> <span class='ocrx_word' id='word_1_550' title='bbox 3739 3377 3952 3434; x_wconf 82' lang='lat' dir='ltr'><strong>festivi-</strong></span> 
     </span>
    </p>
   </div>
   <div class='ocr_carea' id='block_1_65' title="bbox 652 3474 3950 3566">
    <p class='ocr_par' dir='ltr' id='par_1_65' title="bbox 652 3474 3950 3566">
     <span class='ocr_line' id='line_1_65' title="bbox 652 3474 3950 3566; baseline -0.009 -13"><span class='ocrx_word' id='word_1_551' title='bbox 652 3499 892 3554; x_wconf 87' lang='lat' dir='ltr'><strong>ditamur</strong></span> <span class='ocrx_word' id='word_1_552' title='bbox 918 3496 1116 3566; x_wconf 84' lang='lat' dir='ltr'><strong>gratia,</strong></span> <span class='ocrx_word' id='word_1_553' title='bbox 1143 3506 1511 3562; x_wconf 79' lang='lat' dir='ltr'><strong>vocamurque</strong></span> <span class='ocrx_word' id='word_1_554' title='bbox 1546 3490 1711 3546; x_wconf 88' lang='lat' dir='ltr'><strong>etiam</strong></span> <span class='ocrx_word' id='word_1_555' title='bbox 1738 3489 1844 3552; x_wconf 87' lang='lat' dir='ltr'><strong>dii;</strong></span> <span class='ocrx_word' id='word_1_556' title='bbox 1887 3494 2089 3541; x_wconf 73' lang='lat' dir='ltr'><strong>nostrae</strong></span> <span class='ocrx_word' id='word_1_557' title='bbox 2111 3497 2245 3538; x_wconf 90' lang='lat' dir='ltr'><strong>vero</strong></span> <span class='ocrx_word' id='word_1_558' title='bbox 2344 3488 2512 3536; x_wconf 84' lang='lat' dir='ltr'><strong>tatem</strong></span> <span class='ocrx_word' id='word_1_559' title='bbox 2534 3477 2815 3534; x_wconf 82' lang='lat' dir='ltr'><strong>celebrare</strong></span> <span class='ocrx_word' id='word_1_560' title='bbox 2844 3474 3144 3540; x_wconf 88' lang='lat' dir='ltr'><strong>desiderat,</strong></span> <span class='ocrx_word' id='word_1_561' title='bbox 3174 3488 3371 3544; x_wconf 88' lang='lat' dir='ltr'><strong>agnum</strong></span> <span class='ocrx_word' id='word_1_562' title='bbox 3413 3486 3514 3528; x_wconf 90' lang='lat' dir='ltr'><strong>nec</strong></span> <span class='ocrx_word' id='word_1_563' title='bbox 3540 3484 3682 3542; x_wconf 89' lang='lat' dir='ltr'><strong>aqua</strong></span> <span class='ocrx_word' id='word_1_564' title='bbox 3706 3480 3906 3540; x_wconf 91' lang='lat' dir='ltr'><strong>coquat</strong></span> <span class='ocrx_word' id='word_1_565' title='bbox 3934 3510 3950 3534; x_wconf 98' lang='lat'><strong>,</strong></span> 
     </span>
    </p>
   </div>
   <div class='ocr_carea' id='block_1_66' title="bbox 649 3563 3950 3654">
    <p class='ocr_par' dir='ltr' id='par_1_66' title="bbox 649 3563 3950 3654">
     <span class='ocr_line' id='line_1_66' title="bbox 649 3563 3950 3654; baseline -0.008 -9"><span class='ocrx_word' id='word_1_566' title='bbox 649 3597 861 3645; x_wconf 68' lang='lat' dir='ltr'><strong>naturae</strong></span> <span class='ocrx_word' id='word_1_567' title='bbox 884 3600 1196 3641; x_wconf 86' lang='lat' dir='ltr'><strong>mensuram</strong></span> <span class='ocrx_word' id='word_1_568' title='bbox 1243 3601 1348 3638; x_wconf 86' lang='lat' dir='ltr'><strong>non</strong></span> <span class='ocrx_word' id='word_1_569' title='bbox 1378 3584 1706 3654; x_wconf 84' lang='lat' dir='ltr'><strong>ignoremus.</strong></span> <span class='ocrx_word' id='word_1_570' title='bbox 1741 3580 1943 3634; x_wconf 89' lang='lat' dir='ltr'><strong>Sumus</strong></span> <span class='ocrx_word' id='word_1_571' title='bbox 1995 3593 2061 3632; x_wconf 79' lang='lat' dir='ltr'><strong>ex</strong></span> <span class='ocrx_word' id='word_1_572' title='bbox 2096 3584 2242 3630; x_wconf 77' lang='lat' dir='ltr'><strong>terra</strong></span> <span class='ocrx_word' id='word_1_573' title='bbox 2345 3581 2525 3640; x_wconf 87' lang='lat' dir='ltr'><strong>neque</strong></span> <span class='ocrx_word' id='word_1_574' title='bbox 2564 3569 2792 3623; x_wconf 79' lang='lat' dir='ltr'><strong>Crudum</strong></span> <span class='ocrx_word' id='word_1_575' title='bbox 2832 3567 3116 3632; x_wconf 87' lang='lat' dir='ltr'><strong>comedat,</strong></span> <span class='ocrx_word' id='word_1_576' title='bbox 3167 3565 3220 3620; x_wconf 89' lang='lat' dir='ltr'><strong>id</strong></span> <span class='ocrx_word' id='word_1_577' title='bbox 3249 3574 3355 3629; x_wconf 89' lang='lat' dir='ltr'><strong>est,</strong></span> <span class='ocrx_word' id='word_1_578' title='bbox 3391 3572 3452 3619; x_wconf 89' lang='lat' dir='ltr'><strong>ut</strong></span> <span class='ocrx_word' id='word_1_579' title='bbox 3475 3580 3573 3634; x_wconf 88' lang='lat' dir='ltr'><strong>per</strong></span> <span class='ocrx_word' id='word_1_580' title='bbox 3629 3563 3950 3619; x_wconf 84' lang='lat' dir='ltr'><strong>dissolutam</strong></span> 
     </span>
    </p>
   </div>
   <div class='ocr_carea' id='block_1_67' title="bbox 655 3656 3954 3738">
    <p class='ocr_par' dir='ltr' id='par_1_67' title="bbox 655 3656 3954 3738">
     <span class='ocr_line' id='line_1_67' title="bbox 655 3656 3954 3738; baseline -0.008 -3"><span class='ocrx_word' id='word_1_581' title='bbox 655 3689 711 3735; x_wconf 92' lang='lat' dir='ltr'><strong>et</strong></span> <span class='ocrx_word' id='word_1_582' title='bbox 738 3678 1050 3735; x_wconf 83' lang='lat' dir='ltr'><strong>habitamus</strong></span> <span class='ocrx_word' id='word_1_583' title='bbox 1080 3676 1220 3730; x_wconf 89' lang='lat' dir='ltr'><strong>inter</strong></span> <span class='ocrx_word' id='word_1_584' title='bbox 1247 3688 1463 3738; x_wconf 81' lang='lat' dir='ltr'><strong>servos;</strong></span> <span class='ocrx_word' id='word_1_585' title='bbox 1496 3678 1552 3726; x_wconf 88' lang='lat' dir='ltr'><strong>at</strong></span> <span class='ocrx_word' id='word_1_586' title='bbox 1602 3670 1691 3726; x_wconf 87' lang='lat' dir='ltr'><strong>ille</strong></span> <span class='ocrx_word' id='word_1_587' title='bbox 1717 3678 1803 3725; x_wconf 88' lang='lat' dir='ltr'><strong>est</strong></span> <span class='ocrx_word' id='word_1_588' title='bbox 1828 3678 1936 3723; x_wconf 85' lang='lat' dir='ltr'><strong>non</strong></span> <span class='ocrx_word' id='word_1_589' title='bbox 1965 3669 2020 3722; x_wconf 90' lang='lat' dir='ltr'><strong>in</strong></span> <span class='ocrx_word' id='word_1_590' title='bbox 2048 3666 2246 3738; x_wconf 83' lang='lat' dir='ltr'><strong>quibus</strong></span> <span class='ocrx_word' id='word_1_591' title='bbox 2347 3661 2654 3728; x_wconf 86' lang='lat' dir='ltr'><strong>scientiam,</strong></span> <span class='ocrx_word' id='word_1_592' title='bbox 2685 3661 2919 3730; x_wconf 74' lang='lat' dir='ltr'><strong>qualiter</strong></span> <span class='ocrx_word' id='word_1_593' title='bbox 2942 3659 3086 3714; x_wconf 87' lang='lat' dir='ltr'><strong>Dens</strong></span> <span class='ocrx_word' id='word_1_594' title='bbox 3118 3656 3394 3713; x_wconf 84' lang='lat' dir='ltr'><strong>incarnari</strong></span> <span class='ocrx_word' id='word_1_595' title='bbox 3443 3657 3640 3727; x_wconf 89' lang='lat' dir='ltr'><strong>potuit,</strong></span> <span class='ocrx_word' id='word_1_596' title='bbox 3665 3656 3911 3726; x_wconf 87' lang='lat' dir='ltr'><strong>cogitans</strong></span> <span class='ocrx_word' id='word_1_597' title='bbox 3937 3694 3954 3721; x_wconf 95' lang='lat'><strong>,</strong></span> 
     </span>
    </p>
   </div>
   <div class='ocr_carea' id='block_1_68' title="bbox 655 3749 3958 3836">
    <p class='ocr_par' dir='ltr' id='par_1_68' title="bbox 655 3749 3958 3836">
     <span class='ocr_line' id='line_1_68' title="bbox 655 3749 3958 3836; baseline -0.008 -9"><span class='ocrx_word' id='word_1_598' title='bbox 655 3787 788 3836; x_wconf 87' lang='lat' dir='ltr'><strong>nos,</strong></span> <span class='ocrx_word' id='word_1_599' title='bbox 834 3770 930 3826; x_wconf 89' lang='lat' dir='ltr'><strong>sed</strong></span> <span class='ocrx_word' id='word_1_600' title='bbox 956 3779 1151 3822; x_wconf 82' lang='lat' dir='ltr'><strong>natura</strong></span> <span class='ocrx_word' id='word_1_601' title='bbox 1180 3775 1238 3821; x_wconf 90' lang='lat' dir='ltr'><strong>et</strong></span> <span class='ocrx_word' id='word_1_602' title='bbox 1266 3777 1427 3820; x_wconf 82' lang='lat' dir='ltr'><strong>verus</strong></span> <span class='ocrx_word' id='word_1_603' title='bbox 1463 3764 1634 3819; x_wconf 84' lang='lat' dir='ltr'><strong>Filius</strong></span> <span class='ocrx_word' id='word_1_604' title='bbox 1684 3769 1740 3816; x_wconf 89' lang='lat' dir='ltr'><strong>et</strong></span> <span class='ocrx_word' id='word_1_605' title='bbox 1793 3759 2036 3816; x_wconf 80' lang='lat' dir='ltr'><strong>omnium</strong></span> <span class='ocrx_word' id='word_1_606' title='bbox 2063 3755 2250 3814; x_wconf 87' lang='lat' dir='ltr'><strong>Domi-</strong></span> <span class='ocrx_word' id='word_1_607' title='bbox 2348 3767 2528 3823; x_wconf 89' lang='lat' dir='ltr'><strong>neque</strong></span> <span class='ocrx_word' id='word_1_608' title='bbox 2572 3751 2631 3807; x_wconf 88' lang='lat' dir='ltr'><strong>in</strong></span> <span class='ocrx_word' id='word_1_609' title='bbox 2689 3765 2816 3807; x_wconf 91' lang='lat' dir='ltr'><strong>eum</strong></span> <span class='ocrx_word' id='word_1_610' title='bbox 2857 3759 3118 3822; x_wconf 88' lang='lat' dir='ltr'><strong>tanquam</strong></span> <span class='ocrx_word' id='word_1_611' title='bbox 3160 3749 3216 3804; x_wconf 89' lang='lat' dir='ltr'><strong>in</strong></span> <span class='ocrx_word' id='word_1_612' title='bbox 3258 3749 3535 3804; x_wconf 89' lang='lat' dir='ltr'><strong>hominem</strong></span> <span class='ocrx_word' id='word_1_613' title='bbox 3593 3762 3792 3820; x_wconf 91' lang='lat' dir='ltr'><strong>purum</strong></span> <span class='ocrx_word' id='word_1_614' title='bbox 3837 3758 3958 3803; x_wconf 84' lang='lat' dir='ltr'><strong>cre-</strong></span> 
     </span>
    </p>
   </div>
   <div class='ocr_carea' id='block_1_69' title="bbox 660 3844 2577 3920">
    <p class='ocr_par' dir='ltr' id='par_1_69' title="bbox 660 3844 2577 3920">
     <span class='ocr_line' id='line_1_69' title="bbox 660 3844 2577 3920; baseline -0.012 0"><span class='ocrx_word' id='word_1_615' title='bbox 660 3881 782 3920; x_wconf 87' lang='lat' dir='ltr'><strong>nus.</strong></span> <span class='ocrx_word' id='word_1_616' title='bbox 823 3883 844 3918; x_wconf 70' lang='grc' dir='ltr'><strong><em>ι</em></strong></span> <span class='ocrx_word' id='word_1_617' title='bbox 2350 3844 2443 3900; x_wconf 86' lang='lat' dir='ltr'><strong>dat</strong></span> <span class='ocrx_word' id='word_1_618' title='bbox 2471 3844 2522 3898; x_wconf 71' lang='grc' dir='ltr'><strong>δ.</strong></span> <span class='ocrx_word' id='word_1_619' title='bbox 2559 3863 2577 3896; x_wconf 73' lang='grc' dir='ltr'><strong>ι</strong></span> 
     </span>
    </p>
   </div>
   <div class='ocr_carea' id='block_1_70' title="bbox 728 3940 2444 4020">
    <p class='ocr_par' dir='ltr' id='par_1_70' title="bbox 728 3940 2444 4020">
     <span class='ocr_line' id='line_1_70' title="bbox 728 3940 2444 4020; baseline -0.01 -10"><span class='ocrx_word' id='word_1_620' title='bbox 728 3956 816 4010; x_wconf 70' lang='grc' dir='ltr'><strong>ιχ.</strong></span> <span class='ocrx_word' id='word_1_621' title='bbox 859 3954 992 4010; x_wconf 83' lang='lat' dir='ltr'><strong>Item</strong></span> <span class='ocrx_word' id='word_1_622' title='bbox 1043 3951 1391 4009; x_wconf 83' lang='lat' dir='ltr'><strong>beatissimus</strong></span> <span class='ocrx_word' id='word_1_623' title='bbox 1427 3947 1762 4020; x_wconf 82' lang='lat' dir='ltr'><strong>Augustinus</strong></span> <span class='ocrx_word' id='word_1_624' title='bbox 1808 3943 1860 3999; x_wconf 89' lang='lat' dir='ltr'><strong>in</strong></span> <span class='ocrx_word' id='word_1_625' title='bbox 1900 3940 2253 4012; x_wconf 80' lang='lat' dir='ltr'><strong>Expositione</strong></span> <span class='ocrx_word' id='word_1_626' title='bbox 2422 3949 2444 4004; x_wconf 64' lang='lat'>1</span> 
     </span>
    </p>
   </div>
   <div class='ocr_carea' id='block_1_71' title="bbox 2243 3940 3959 4020">
    <p class='ocr_par' dir='ltr' id='par_1_71' title="bbox 2243 3945 3959 4004">
     <span class='ocr_line' id='line_1_71' title="bbox 2243 3945 3959 4004; baseline -0.001 0"><span class='ocrx_word' id='word_1_627' title='bbox 2243 3955 2253 3992; x_wconf 69' lang='grc' dir='ltr'><em>ε</em></span> <span class='ocrx_word' id='word_1_628' title='bbox 2422 3947 2514 4004; x_wconf 73' lang='lat' dir='ltr'><strong>XI.</strong></span> <span class='ocrx_word' id='word_1_629' title='bbox 2554 3947 2688 4004; x_wconf 85' lang='lat' dir='ltr'><strong>Item</strong></span> <span class='ocrx_word' id='word_1_630' title='bbox 2737 3946 3084 4004; x_wconf 84' lang='lat' dir='ltr'><strong>Chromatius</strong></span> <span class='ocrx_word' id='word_1_631' title='bbox 3137 3956 3339 4002; x_wconf 61' lang='lat' dir='ltr'><strong>sanctae</strong></span> <span class='ocrx_word' id='word_1_632' title='bbox 3403 3945 3664 4001; x_wconf 80' lang='lat' dir='ltr'><strong>Romame</strong></span> <span class='ocrx_word' id='word_1_633' title='bbox 3731 3945 3959 4003; x_wconf 69' lang='lat' dir='ltr'><strong>antistet</strong></span> 
     </span>
    </p>
   </div>
   <div class='ocr_carea' id='block_1_72' title="bbox 658 4035 2374 4116">
    <p class='ocr_par' dir='ltr' id='par_1_72' title="bbox 658 4035 2374 4116">
     <span class='ocr_line' id='line_1_72' title="bbox 658 4035 2374 4116; baseline -0.011 -11"><span class='ocrx_word' id='word_1_634' title='bbox 658 4049 1020 4112; x_wconf 89' lang='lat' dir='ltr'><strong>Psalmorum,</strong></span> <span class='ocrx_word' id='word_1_635' title='bbox 1054 4048 1107 4100; x_wconf 90' lang='lat' dir='ltr'><strong>in</strong></span> <span class='ocrx_word' id='word_1_636' title='bbox 1140 4045 1348 4116; x_wconf 86' lang='lat' dir='ltr'><strong>psalmo</strong></span> <span class='ocrx_word' id='word_1_637' title='bbox 1387 4058 1648 4097; x_wconf 78' lang='lat' dir='ltr'><strong>Lxxxvm.</strong></span> <span class='ocrx_word' id='word_1_638' title='bbox 1679 4058 1696 4090; x_wconf 76' lang='grc' dir='ltr'>ι</span> <span class='ocrx_word' id='word_1_639' title='bbox 1737 4038 1869 4105; x_wconf 81' lang='lat' dir='ltr'><strong>Quis</strong></span> <span class='ocrx_word' id='word_1_640' title='bbox 1917 4037 1971 4091; x_wconf 78' lang='lat' dir='ltr'><strong>in</strong></span> <span class='ocrx_word' id='word_1_641' title='bbox 2028 4035 2252 4090; x_wconf 76' lang='lat' dir='ltr'><strong>nubibus</strong></span> <span class='ocrx_word' id='word_1_642' title='bbox 2354 4042 2374 4099; x_wconf 84' lang='grc' dir='ltr'>ι</span> 
     </span>
    </p>
   </div>
   <div class='ocr_carea' id='block_1_73' title="bbox 2244 4035 3960 4116">
    <p class='ocr_par' dir='ltr' id='par_1_73' title="bbox 2244 4036 3960 4110">
     <span class='ocr_line' id='line_1_73' title="bbox 2244 4036 3960 4110; baseline -0.004 -11"><span class='ocrx_word' id='word_1_643' title='bbox 2244 4052 2252 4086; x_wconf 78' lang='grc' dir='ltr'>ι</span> <span class='ocrx_word' id='word_1_644' title='bbox 2354 4038 2608 4099; x_wconf 73' lang='lat' dir='ltr'><strong>Ecclesiae</strong></span> <span class='ocrx_word' id='word_1_645' title='bbox 2629 4043 2680 4096; x_wconf 92' lang='lat' dir='ltr'><strong>in</strong></span> <span class='ocrx_word' id='word_1_646' title='bbox 2712 4039 2892 4096; x_wconf 88' lang='lat' dir='ltr'><strong>libello</strong></span> <span class='ocrx_word' id='word_1_647' title='bbox 2928 4056 3090 4110; x_wconf 91' lang='lat' dir='ltr'><strong>quem</strong></span> <span class='ocrx_word' id='word_1_648' title='bbox 3119 4042 3185 4096; x_wconf 90' lang='lat' dir='ltr'><strong>de</strong></span> <span class='ocrx_word' id='word_1_649' title='bbox 3206 4048 3334 4094; x_wconf 89' lang='lat' dir='ltr'><strong>octo</strong></span> <span class='ocrx_word' id='word_1_650' title='bbox 3352 4036 3788 4094; x_wconf 89' lang='lat' dir='ltr'><strong>Beatitudinibus</strong></span> <span class='ocrx_word' id='word_1_651' title='bbox 3824 4036 3960 4093; x_wconf 88' lang='lat' dir='ltr'><strong>scri-</strong></span> 
     </span>
    </p>
   </div>
   <div class='ocr_carea' id='block_1_74' title="bbox 662 4124 2378 4214">
    <p class='ocr_par' dir='ltr' id='par_1_74' title="bbox 662 4124 2378 4214">
     <span class='ocr_line' id='line_1_74' title="bbox 662 4124 2378 4214; baseline -0.011 -15"><span class='ocrx_word' id='word_1_652' title='bbox 662 4144 955 4214; x_wconf 72' lang='lat' dir='ltr'><strong>a&#39;quabitur</strong></span> <span class='ocrx_word' id='word_1_653' title='bbox 985 4141 1332 4202; x_wconf 79' lang='lat' dir='ltr'><strong>Domino,aut</strong></span> <span class='ocrx_word' id='word_1_654' title='bbox 1351 4138 1466 4208; x_wconf 79' lang='lat' dir='ltr'><strong>quis</strong></span> <span class='ocrx_word' id='word_1_655' title='bbox 1490 4135 1679 4189; x_wconf 80' lang='lat' dir='ltr'><strong>similis</strong></span> <span class='ocrx_word' id='word_1_656' title='bbox 1708 4135 1806 4188; x_wconf 85' lang='lat' dir='ltr'><strong>erit</strong></span> <span class='ocrx_word' id='word_1_657' title='bbox 1828 4131 1932 4186; x_wconf 85' lang='lat' dir='ltr'><strong>Deo</strong></span> <span class='ocrx_word' id='word_1_658' title='bbox 1953 4132 2088 4186; x_wconf 79' lang='lat' dir='ltr'><strong>inter</strong></span> <span class='ocrx_word' id='word_1_659' title='bbox 2116 4124 2255 4197; x_wconf 83' lang='lat' dir='ltr'><strong>ﬁlios</strong></span> <span class='ocrx_word' id='word_1_660' title='bbox 2355 4150 2378 4204; x_wconf 66' lang='grc' dir='ltr'>ι</span> 
     </span>
    </p>
   </div>
   <div class='ocr_carea' id='block_1_75' title="bbox 2244 4124 3960 4214">
    <p class='ocr_par' dir='ltr' id='par_1_75' title="bbox 2244 4127 3960 4204">
     <span class='ocr_line' id='line_1_75' title="bbox 2244 4127 3960 4204; baseline -0.001 -16"><span class='ocrx_word' id='word_1_661' title='bbox 2244 4143 2255 4182; x_wconf 77' lang='grc' dir='ltr'>ι</span> <span class='ocrx_word' id='word_1_662' title='bbox 2355 4134 2488 4204; x_wconf 80' lang='lat' dir='ltr'><strong>psit,</strong></span> <span class='ocrx_word' id='word_1_663' title='bbox 2520 4135 2594 4189; x_wconf 88' lang='lat' dir='ltr'><strong>ita</strong></span> <span class='ocrx_word' id='word_1_664' title='bbox 2623 4133 2790 4188; x_wconf 85' lang='lat' dir='ltr'><strong>dicit:</strong></span> <span class='ocrx_word' id='word_1_665' title='bbox 2826 4152 2844 4184; x_wconf 71' lang='grc' dir='ltr'>α</span> <span class='ocrx_word' id='word_1_666' title='bbox 2883 4143 2903 4171; x_wconf 78' lang='grc' dir='ltr'><em>ε</em></span> <span class='ocrx_word' id='word_1_667' title='bbox 2944 4131 3002 4186; x_wconf 92' lang='lat' dir='ltr'><strong>In</strong></span> <span class='ocrx_word' id='word_1_668' title='bbox 3036 4131 3293 4203; x_wconf 83' lang='lat' dir='ltr'><strong>mysterio</strong></span> <span class='ocrx_word' id='word_1_669' title='bbox 3322 4131 3467 4186; x_wconf 86' lang='lat' dir='ltr'><strong>enim</strong></span> <span class='ocrx_word' id='word_1_670' title='bbox 3517 4129 3774 4200; x_wconf 88' lang='lat' dir='ltr'><strong>baptismi</strong></span> <span class='ocrx_word' id='word_1_671' title='bbox 3795 4137 3850 4184; x_wconf 88' lang='lat' dir='ltr'><strong>et</strong></span> <span class='ocrx_word' id='word_1_672' title='bbox 3872 4127 3960 4186; x_wconf 82' lang='lat' dir='ltr'><strong>Fi-</strong></span> 
     </span>
    </p>
   </div>
   <div class='ocr_carea' id='block_1_76' title="bbox 667 4219 3960 4297">
    <p class='ocr_par' dir='ltr' id='par_1_76' title="bbox 667 4219 3960 4297">
     <span class='ocr_line' id='line_1_76' title="bbox 667 4219 3960 4297; baseline -0.008 -6"><span class='ocrx_word' id='word_1_673' title='bbox 667 4236 808 4292; x_wconf 78' lang='lat' dir='ltr'><strong>Dei?</strong></span> <span class='ocrx_word' id='word_1_674' title='bbox 845 4235 937 4290; x_wconf 90' lang='lat' dir='ltr'><strong>Ille</strong></span> <span class='ocrx_word' id='word_1_675' title='bbox 965 4234 1180 4297; x_wconf 87' lang='lat' dir='ltr'><strong>unicus,</strong></span> <span class='ocrx_word' id='word_1_676' title='bbox 1218 4246 1317 4287; x_wconf 89' lang='lat' dir='ltr'><strong>nos</strong></span> <span class='ocrx_word' id='word_1_677' title='bbox 1362 4228 1546 4294; x_wconf 89' lang='lat' dir='ltr'><strong>multi;</strong></span> <span class='ocrx_word' id='word_1_678' title='bbox 1591 4227 1680 4282; x_wconf 86' lang='lat' dir='ltr'><strong>ille</strong></span> <span class='ocrx_word' id='word_1_679' title='bbox 1710 4241 1847 4280; x_wconf 87' lang='lat' dir='ltr'><strong>unus</strong></span> <span class='ocrx_word' id='word_1_680' title='bbox 1871 4265 1887 4290; x_wconf 92' lang='lat'><strong>,</strong></span> <span class='ocrx_word' id='word_1_681' title='bbox 1932 4239 2030 4278; x_wconf 88' lang='lat' dir='ltr'><strong>nos</strong></span> <span class='ocrx_word' id='word_1_682' title='bbox 2082 4220 2136 4277; x_wconf 90' lang='lat' dir='ltr'><strong>in</strong></span> <span class='ocrx_word' id='word_1_683' title='bbox 2167 4220 2258 4276; x_wconf 91' lang='lat' dir='ltr'><strong>illo</strong></span> <span class='ocrx_word' id='word_1_684' title='bbox 2358 4225 2464 4281; x_wconf 83' lang='lat' dir='ltr'><strong>lius</strong></span> <span class='ocrx_word' id='word_1_685' title='bbox 2489 4240 2716 4280; x_wconf 81' lang='lat' dir='ltr'><strong>manens</strong></span> <span class='ocrx_word' id='word_1_686' title='bbox 2741 4223 2958 4278; x_wconf 79' lang='lat' dir='ltr'><strong>videtur</strong></span> <span class='ocrx_word' id='word_1_687' title='bbox 3004 4223 3060 4278; x_wconf 83' lang='lat' dir='ltr'><strong>in</strong></span> <span class='ocrx_word' id='word_1_688' title='bbox 3110 4236 3357 4290; x_wconf 78' lang='lat' dir='ltr'><strong>corpore,</strong></span> <span class='ocrx_word' id='word_1_689' title='bbox 3378 4228 3435 4275; x_wconf 77' lang='lat' dir='ltr'><strong>et</strong></span> <span class='ocrx_word' id='word_1_690' title='bbox 3469 4219 3706 4288; x_wconf 78' lang='lat' dir='ltr'><strong>Spiritus</strong></span> <span class='ocrx_word' id='word_1_691' title='bbox 3736 4228 3960 4276; x_wconf 71' lang='lat' dir='ltr'><strong>sanctus</strong></span> 
     </span>
    </p>
   </div>
   <div class='ocr_carea' id='block_1_77' title="bbox 666 4311 3964 4394">
    <p class='ocr_par' dir='ltr' id='par_1_77' title="bbox 666 4311 3964 4394">
     <span class='ocr_line' id='line_1_77' title="bbox 666 4311 3964 4394; baseline -0.005 -10"><span class='ocrx_word' id='word_1_692' title='bbox 666 4344 864 4394; x_wconf 90' lang='lat' dir='ltr'><strong>unum;</strong></span> <span class='ocrx_word' id='word_1_693' title='bbox 914 4326 1004 4381; x_wconf 90' lang='lat' dir='ltr'><strong>ille</strong></span> <span class='ocrx_word' id='word_1_694' title='bbox 1034 4333 1216 4389; x_wconf 88' lang='lat' dir='ltr'><strong>natus,</strong></span> <span class='ocrx_word' id='word_1_695' title='bbox 1248 4338 1346 4378; x_wconf 90' lang='lat' dir='ltr'><strong>nos</strong></span> <span class='ocrx_word' id='word_1_696' title='bbox 1366 4320 1635 4391; x_wconf 85' lang='lat' dir='ltr'><strong>adoptati;</strong></span> <span class='ocrx_word' id='word_1_697' title='bbox 1670 4317 1758 4373; x_wconf 87' lang='lat' dir='ltr'><strong>ille</strong></span> <span class='ocrx_word' id='word_1_698' title='bbox 1781 4317 1849 4372; x_wconf 90' lang='lat' dir='ltr'><strong>ab</strong></span> <span class='ocrx_word' id='word_1_699' title='bbox 1876 4324 2079 4370; x_wconf 85' lang='lat' dir='ltr'><strong>aeterno</strong></span> <span class='ocrx_word' id='word_1_700' title='bbox 2113 4312 2262 4384; x_wconf 82' lang='lat' dir='ltr'><strong>geni-</strong></span> <span class='ocrx_word' id='word_1_701' title='bbox 2363 4319 2417 4372; x_wconf 91' lang='lat' dir='ltr'><strong>in</strong></span> <span class='ocrx_word' id='word_1_702' title='bbox 2448 4315 2626 4387; x_wconf 87' lang='lat' dir='ltr'><strong>specie</strong></span> <span class='ocrx_word' id='word_1_703' title='bbox 2649 4313 2912 4370; x_wconf 78' lang='lat' dir='ltr'><strong>columbas</strong></span> <span class='ocrx_word' id='word_1_704' title='bbox 2939 4312 3241 4378; x_wconf 89' lang='lat' dir='ltr'><strong>descendit,</strong></span> <span class='ocrx_word' id='word_1_705' title='bbox 3273 4320 3329 4368; x_wconf 91' lang='lat' dir='ltr'><strong>et</strong></span> <span class='ocrx_word' id='word_1_706' title='bbox 3355 4327 3458 4368; x_wconf 83' lang='lat' dir='ltr'><strong>vox</strong></span> <span class='ocrx_word' id='word_1_707' title='bbox 3512 4311 3694 4367; x_wconf 89' lang='lat' dir='ltr'><strong>Patris</strong></span> <span class='ocrx_word' id='word_1_708' title='bbox 3721 4311 3789 4366; x_wconf 92' lang='lat' dir='ltr'><strong>de</strong></span> <span class='ocrx_word' id='word_1_709' title='bbox 3809 4311 3964 4368; x_wconf 72' lang='lat' dir='ltr'><strong>caelis</strong></span> 
     </span>
    </p>
   </div>
   <div class='ocr_carea' id='block_1_78' title="bbox 668 4401 3965 4492">
    <p class='ocr_par' dir='ltr' id='par_1_78' title="bbox 668 4401 3965 4492">
     <span class='ocr_line' id='line_1_78' title="bbox 668 4401 3965 4492; baseline -0.006 -16"><span class='ocrx_word' id='word_1_710' title='bbox 668 4431 758 4478; x_wconf 85' lang='lat' dir='ltr'><strong>tus</strong></span> <span class='ocrx_word' id='word_1_711' title='bbox 785 4435 882 4492; x_wconf 88' lang='lat' dir='ltr'><strong>per</strong></span> <span class='ocrx_word' id='word_1_712' title='bbox 910 4429 1181 4481; x_wconf 85' lang='lat' dir='ltr'><strong>naturam,</strong></span> <span class='ocrx_word' id='word_1_713' title='bbox 1206 4431 1305 4469; x_wconf 90' lang='lat' dir='ltr'><strong>nos</strong></span> <span class='ocrx_word' id='word_1_714' title='bbox 1335 4431 1366 4467; x_wconf 87' lang='lat' dir='ltr'><strong>a</strong></span> <span class='ocrx_word' id='word_1_715' title='bbox 1409 4424 1649 4483; x_wconf 85' lang='lat' dir='ltr'><strong>tempore</strong></span> <span class='ocrx_word' id='word_1_716' title='bbox 1681 4408 1806 4466; x_wconf 75' lang='lat' dir='ltr'><strong>facti</strong></span> <span class='ocrx_word' id='word_1_717' title='bbox 1853 4422 1950 4479; x_wconf 80' lang='lat' dir='ltr'><strong>per</strong></span> <span class='ocrx_word' id='word_1_718' title='bbox 1997 4404 2259 4475; x_wconf 73' lang='lat' dir='ltr'><strong>gratiam:</strong></span> <span class='ocrx_word' id='word_1_719' title='bbox 2366 4409 2618 4472; x_wconf 86' lang='lat' dir='ltr'><strong>auditur,</strong></span> <span class='ocrx_word' id='word_1_720' title='bbox 2673 4413 2734 4460; x_wconf 92' lang='lat' dir='ltr'><strong>ut</strong></span> <span class='ocrx_word' id='word_1_721' title='bbox 2772 4404 3053 4459; x_wconf 90' lang='lat' dir='ltr'><strong>Trinitatis</strong></span> <span class='ocrx_word' id='word_1_722' title='bbox 3083 4403 3261 4458; x_wconf 88' lang='lat' dir='ltr'><strong>unitas</strong></span> <span class='ocrx_word' id='word_1_723' title='bbox 3301 4402 3649 4467; x_wconf 87' lang='lat' dir='ltr'><strong>declaretur;</strong></span> <span class='ocrx_word' id='word_1_724' title='bbox 3691 4401 3819 4473; x_wconf 92' lang='lat' dir='ltr'><strong>quia</strong></span> <span class='ocrx_word' id='word_1_725' title='bbox 3865 4416 3965 4457; x_wconf 88' lang='lat' dir='ltr'><strong>nec</strong></span> 
     </span>
    </p>
   </div>
   <div class='ocr_carea' id='block_1_79' title="bbox 672 4491 3966 4591">
    <p class='ocr_par' dir='ltr' id='par_1_79' title="bbox 672 4491 3966 4591">
     <span class='ocr_line' id='line_1_79' title="bbox 672 4491 3966 4591; baseline -0.008 -21"><span class='ocrx_word' id='word_1_726' title='bbox 672 4515 760 4570; x_wconf 89' lang='lat' dir='ltr'><strong>ille</strong></span> <span class='ocrx_word' id='word_1_727' title='bbox 788 4491 903 4568; x_wconf 72' lang='lat' dir='ltr'><strong>Sine</strong></span> <span class='ocrx_word' id='word_1_728' title='bbox 934 4511 1042 4566; x_wconf 91' lang='lat' dir='ltr'><strong>ullo</strong></span> <span class='ocrx_word' id='word_1_729' title='bbox 1081 4516 1326 4579; x_wconf 88' lang='lat' dir='ltr'><strong>peccato,</strong></span> <span class='ocrx_word' id='word_1_730' title='bbox 1360 4520 1458 4560; x_wconf 88' lang='lat' dir='ltr'><strong>nos</strong></span> <span class='ocrx_word' id='word_1_731' title='bbox 1493 4519 1592 4573; x_wconf 74' lang='lat' dir='ltr'><strong>per</strong></span> <span class='ocrx_word' id='word_1_732' title='bbox 1628 4502 1774 4557; x_wconf 88' lang='lat' dir='ltr'><strong>illum</strong></span> <span class='ocrx_word' id='word_1_733' title='bbox 1812 4497 2025 4591; x_wconf 56' lang='lat' dir='ltr'><strong>liberati</strong></span> <span class='ocrx_word' id='word_1_734' title='bbox 2057 4511 2087 4550; x_wconf 86' lang='lat' dir='ltr'><strong>a</strong></span> <span class='ocrx_word' id='word_1_735' title='bbox 2136 4507 2262 4565; x_wconf 84' lang='lat' dir='ltr'><strong>pec—</strong></span> <span class='ocrx_word' id='word_1_736' title='bbox 2294 4530 2344 4591; x_wconf 65' lang='grc' dir='ltr'>υ</span> <span class='ocrx_word' id='word_1_737' title='bbox 2366 4496 2528 4552; x_wconf 87' lang='lat' dir='ltr'><strong>Pater</strong></span> <span class='ocrx_word' id='word_1_738' title='bbox 2553 4497 2670 4552; x_wconf 89' lang='lat' dir='ltr'><strong>sine</strong></span> <span class='ocrx_word' id='word_1_739' title='bbox 2701 4495 2836 4550; x_wconf 88' lang='lat' dir='ltr'><strong>Filio</strong></span> <span class='ocrx_word' id='word_1_740' title='bbox 2863 4494 3085 4565; x_wconf 90' lang='lat' dir='ltr'><strong>intelligi</strong></span> <span class='ocrx_word' id='word_1_741' title='bbox 3127 4504 3324 4564; x_wconf 89' lang='lat' dir='ltr'><strong>potest,</strong></span> <span class='ocrx_word' id='word_1_742' title='bbox 3355 4508 3457 4548; x_wconf 90' lang='lat' dir='ltr'><strong>nec</strong></span> <span class='ocrx_word' id='word_1_743' title='bbox 3487 4491 3654 4548; x_wconf 85' lang='lat' dir='ltr'><strong>Filius</strong></span> <span class='ocrx_word' id='word_1_744' title='bbox 3703 4494 3819 4547; x_wconf 88' lang='lat' dir='ltr'><strong>sine</strong></span> <span class='ocrx_word' id='word_1_745' title='bbox 3845 4492 3966 4561; x_wconf 86' lang='lat' dir='ltr'><strong>Spi-</strong></span> 
     </span>
    </p>
   </div>
   <div class='ocr_carea' id='block_1_80' title="bbox 674 4583 3968 4671">
    <p class='ocr_par' dir='ltr' id='par_1_80' title="bbox 674 4583 3968 4671">
     <span class='ocr_line' id='line_1_80' title="bbox 674 4583 3968 4671; baseline -0.007 -10"><span class='ocrx_word' id='word_1_746' title='bbox 674 4616 816 4661; x_wconf 87' lang='lat' dir='ltr'><strong>cato.</strong></span> <span class='ocrx_word' id='word_1_747' title='bbox 858 4625 876 4657; x_wconf 71' lang='lat' dir='ltr'><strong>i</strong></span> <span class='ocrx_word' id='word_1_748' title='bbox 909 4603 1040 4658; x_wconf 89' lang='lat' dir='ltr'><strong>Item</strong></span> <span class='ocrx_word' id='word_1_749' title='bbox 1083 4601 1198 4671; x_wconf 83' lang='lat' dir='ltr'><strong>ipse</strong></span> <span class='ocrx_word' id='word_1_750' title='bbox 1225 4601 1278 4654; x_wconf 92' lang='lat' dir='ltr'><strong>in</strong></span> <span class='ocrx_word' id='word_1_751' title='bbox 1307 4597 1643 4667; x_wconf 85' lang='lat' dir='ltr'><strong>expositione</strong></span> <span class='ocrx_word' id='word_1_752' title='bbox 1671 4593 1836 4663; x_wconf 74' lang='lat'><strong>786</strong></span> <span class='ocrx_word' id='word_1_753' title='bbox 1873 4587 2149 4660; x_wconf 86' lang='lat' dir='ltr'><strong>Evangelii</strong></span> <span class='ocrx_word' id='word_1_754' title='bbox 2176 4601 2262 4642; x_wconf 89' lang='lat' dir='ltr'><strong>se-</strong></span> <span class='ocrx_word' id='word_1_755' title='bbox 2295 4583 2332 4591; x_wconf 68' lang='grc'><strong>’⁷</strong></span> <span class='ocrx_word' id='word_1_756' title='bbox 2369 4589 2475 4643; x_wconf 92' lang='lat' dir='ltr'><strong>ritu</strong></span> <span class='ocrx_word' id='word_1_757' title='bbox 2499 4597 2688 4643; x_wconf 89' lang='lat' dir='ltr'><strong>sancto</strong></span> <span class='ocrx_word' id='word_1_758' title='bbox 2716 4586 2991 4656; x_wconf 79' lang='lat' dir='ltr'><strong>cognosci.</strong></span> <span class='ocrx_word' id='word_1_759' title='bbox 3025 4585 3159 4639; x_wconf 80' lang='lat' dir='ltr'><strong>Vide</strong></span> <span class='ocrx_word' id='word_1_760' title='bbox 3196 4585 3359 4656; x_wconf 88' lang='lat' dir='ltr'><strong>igitur</strong></span> <span class='ocrx_word' id='word_1_761' title='bbox 3387 4584 3548 4654; x_wconf 87' lang='lat' dir='ltr'><strong>quale</strong></span> <span class='ocrx_word' id='word_1_762' title='bbox 3574 4583 3754 4639; x_wconf 90' lang='lat' dir='ltr'><strong>Patris</strong></span> <span class='ocrx_word' id='word_1_763' title='bbox 3785 4584 3850 4638; x_wconf 91' lang='lat' dir='ltr'><strong>de</strong></span> <span class='ocrx_word' id='word_1_764' title='bbox 3877 4583 3968 4638; x_wconf 87' lang='lat' dir='ltr'><strong>Fi-</strong></span> 
     </span>
    </p>
   </div>
   <div class='ocr_carea' id='block_1_81' title="bbox 674 4675 3969 4755">
    <p class='ocr_par' dir='ltr' id='par_1_81' title="bbox 674 4675 3969 4755">
     <span class='ocr_line' id='line_1_81' title="bbox 674 4675 3969 4755; baseline -0.004 -8"><span class='ocrx_word' id='word_1_765' title='bbox 674 4698 910 4753; x_wconf 80' lang='lat' dir='ltr'><strong>cundum</strong></span> <span class='ocrx_word' id='word_1_766' title='bbox 937 4693 1194 4748; x_wconf 80' lang='lat' dir='ltr'><strong>Joannem</strong></span> <span class='ocrx_word' id='word_1_767' title='bbox 1221 4692 1272 4745; x_wconf 90' lang='lat' dir='ltr'><strong>in</strong></span> <span class='ocrx_word' id='word_1_768' title='bbox 1300 4689 1515 4744; x_wconf 89' lang='lat' dir='ltr'><strong>homilia</strong></span> <span class='ocrx_word' id='word_1_769' title='bbox 1542 4687 1572 4740; x_wconf 87' lang='lat'><strong>7</strong></span> <span class='ocrx_word' id='word_1_770' title='bbox 1604 4687 1775 4755; x_wconf 85' lang='lat' dir='ltr'><strong>(num.</strong></span> <span class='ocrx_word' id='word_1_771' title='bbox 1807 4681 1861 4753; x_wconf 77' lang='grc'><strong>4)</strong></span> <span class='ocrx_word' id='word_1_772' title='bbox 1889 4681 1963 4735; x_wconf 74' lang='lat' dir='ltr'><strong>ait</strong></span> <span class='ocrx_word' id='word_1_773' title='bbox 1995 4698 2007 4732; x_wconf 85' lang='lat'>:</span> <span class='ocrx_word' id='word_1_774' title='bbox 2046 4697 2062 4728; x_wconf 81' lang='grc' dir='ltr'>ι</span> <span class='ocrx_word' id='word_1_775' title='bbox 2091 4677 2264 4748; x_wconf 71' lang='grc' dir='ltr'><strong>Οροτ-</strong></span> <span class='ocrx_word' id='word_1_776' title='bbox 2366 4684 2439 4737; x_wconf 92' lang='lat' dir='ltr'><strong>lio</strong></span> <span class='ocrx_word' id='word_1_777' title='bbox 2457 4681 2919 4738; x_wconf 78' lang='lat' dir='ltr'><strong>testimonium&#39;sii</strong></span> <span class='ocrx_word' id='word_1_778' title='bbox 2949 4680 3193 4735; x_wconf 83' lang='lat' dir='ltr'><strong>licentis:</strong></span> <span class='ocrx_word' id='word_1_779' title='bbox 3215 4678 3315 4733; x_wconf 79' lang='lat' dir='ltr'><strong>llic</strong></span> <span class='ocrx_word' id='word_1_780' title='bbox 3329 4687 3404 4735; x_wconf 83' lang='lat' dir='ltr'><strong>est</strong></span> <span class='ocrx_word' id='word_1_781' title='bbox 3431 4676 3606 4732; x_wconf 86' lang='lat' dir='ltr'><strong>Filius</strong></span> <span class='ocrx_word' id='word_1_782' title='bbox 3628 4695 3798 4732; x_wconf 81' lang='lat' dir='ltr'><strong>meus.</strong></span> <span class='ocrx_word' id='word_1_783' title='bbox 3827 4675 3969 4733; x_wconf 88' lang='lat' dir='ltr'><strong>Suus</strong></span> 
     </span>
    </p>
   </div>
   <div class='ocr_carea' id='block_1_82' title="bbox 675 4766 3970 4852">
    <p class='ocr_par' dir='ltr' id='par_1_82' title="bbox 675 4766 3970 4852">
     <span class='ocr_line' id='line_1_82' title="bbox 675 4766 3970 4852; baseline -0.011 -5"><span class='ocrx_word' id='word_1_784' title='bbox 675 4791 828 4846; x_wconf 88' lang='lat' dir='ltr'><strong>tcbat</strong></span> <span class='ocrx_word' id='word_1_785' title='bbox 859 4788 1003 4843; x_wconf 88' lang='lat' dir='ltr'><strong>enim</strong></span> <span class='ocrx_word' id='word_1_786' title='bbox 1059 4793 1116 4842; x_wconf 89' lang='lat' dir='ltr'><strong>ut</strong></span> <span class='ocrx_word' id='word_1_787' title='bbox 1145 4784 1230 4838; x_wconf 89' lang='lat' dir='ltr'><strong>ille</strong></span> <span class='ocrx_word' id='word_1_788' title='bbox 1267 4782 1562 4852; x_wconf 88' lang='lat' dir='ltr'><strong>baptizaret</strong></span> <span class='ocrx_word' id='word_1_789' title='bbox 1591 4777 1681 4848; x_wconf 87' lang='lat' dir='ltr'><strong>qui</strong></span> <span class='ocrx_word' id='word_1_790' title='bbox 1740 4784 1825 4831; x_wconf 89' lang='lat' dir='ltr'><strong>est</strong></span> <span class='ocrx_word' id='word_1_791' title='bbox 1852 4773 2046 4827; x_wconf 87' lang='lat' dir='ltr'><strong>unicus</strong></span> <span class='ocrx_word' id='word_1_792' title='bbox 2096 4767 2266 4825; x_wconf 85' lang='lat' dir='ltr'><strong>Filius</strong></span> <span class='ocrx_word' id='word_1_793' title='bbox 2366 4775 2554 4844; x_wconf 89' lang='lat' dir='ltr'><strong>utique</strong></span> <span class='ocrx_word' id='word_1_794' title='bbox 2584 4789 2689 4828; x_wconf 91' lang='lat' dir='ltr'><strong>non</strong></span> <span class='ocrx_word' id='word_1_795' title='bbox 2719 4789 2819 4843; x_wconf 89' lang='lat' dir='ltr'><strong>per</strong></span> <span class='ocrx_word' id='word_1_796' title='bbox 2844 4770 3189 4842; x_wconf 88' lang='lat' dir='ltr'><strong>adoptionem</strong></span> <span class='ocrx_word' id='word_1_797' title='bbox 3222 4770 3413 4843; x_wconf 67' lang='lat' dir='ltr'><strong>gratia:</strong></span> <span class='ocrx_word' id='word_1_798' title='bbox 3436 4811 3450 4836; x_wconf 96' lang='lat'><strong>,</strong></span> <span class='ocrx_word' id='word_1_799' title='bbox 3484 4785 3659 4841; x_wconf 86' lang='lat' dir='ltr'><strong>neque</strong></span> <span class='ocrx_word' id='word_1_800' title='bbox 3713 4783 3812 4838; x_wconf 80' lang='lat' dir='ltr'><strong>per</strong></span> <span class='ocrx_word' id='word_1_801' title='bbox 3843 4766 3970 4825; x_wconf 66' lang='grc' dir='ltr'><strong>ι-ιεῑί.</strong></span> 
     </span>
    </p>
   </div>
   <div class='ocr_carea' id='block_1_83' title="bbox 677 4860 3971 4948">
    <p class='ocr_par' dir='ltr' id='par_1_83' title="bbox 677 4860 3971 4948">
     <span class='ocr_line' id='line_1_83' title="bbox 677 4860 3971 4948; baseline -0.008 -10"><span class='ocrx_word' id='word_1_802' title='bbox 677 4882 796 4945; x_wconf 90' lang='lat' dir='ltr'><strong>Dei,</strong></span> <span class='ocrx_word' id='word_1_803' title='bbox 826 4897 933 4936; x_wconf 90' lang='lat' dir='ltr'><strong>non</strong></span> <span class='ocrx_word' id='word_1_804' title='bbox 977 4878 1298 4948; x_wconf 86' lang='lat' dir='ltr'><strong>adoptivus;</strong></span> <span class='ocrx_word' id='word_1_805' title='bbox 1341 4872 1577 4941; x_wconf 81' lang='lat' dir='ltr'><strong>adeptivi</strong></span> <span class='ocrx_word' id='word_1_806' title='bbox 1635 4877 1816 4924; x_wconf 89' lang='lat' dir='ltr'><strong>autem</strong></span> <span class='ocrx_word' id='word_1_807' title='bbox 1857 4865 2090 4920; x_wconf 82' lang='lat' dir='ltr'><strong>ministri</strong></span> <span class='ocrx_word' id='word_1_808' title='bbox 2143 4869 2269 4919; x_wconf 88' lang='lat' dir='ltr'><strong>sunt</strong></span> <span class='ocrx_word' id='word_1_809' title='bbox 2371 4867 2586 4939; x_wconf 91' lang='lat' dir='ltr'><strong>gionem</strong></span> <span class='ocrx_word' id='word_1_810' title='bbox 2614 4873 2918 4929; x_wconf 73' lang='lat' dir='ltr'><strong>creaturae,</strong></span> <span class='ocrx_word' id='word_1_811' title='bbox 2975 4870 3036 4917; x_wconf 92' lang='lat' dir='ltr'><strong>ut</strong></span> <span class='ocrx_word' id='word_1_812' title='bbox 3069 4862 3308 4917; x_wconf 66' lang='lat' dir='ltr'><strong>haeretici</strong></span> <span class='ocrx_word' id='word_1_813' title='bbox 3332 4861 3555 4925; x_wconf 82' lang='lat' dir='ltr'><strong>volunt,</strong></span> <span class='ocrx_word' id='word_1_814' title='bbox 3613 4861 3706 4923; x_wconf 87' lang='lat' dir='ltr'><strong>sed</strong></span> <span class='ocrx_word' id='word_1_815' title='bbox 3737 4860 3817 4914; x_wconf 90' lang='lat' dir='ltr'><strong>sui</strong></span> <span class='ocrx_word' id='word_1_816' title='bbox 3849 4872 3971 4932; x_wconf 77' lang='lat' dir='ltr'><strong>pm—</strong></span> 
     </span>
    </p>
   </div>
   <div class='ocr_carea' id='block_1_84' title="bbox 681 4950 2397 5039">
    <p class='ocr_par' dir='ltr' id='par_1_84' title="bbox 681 4952 2397 5039">
     <span class='ocr_line' id='line_1_84' title="bbox 681 4952 2397 5039; baseline -0.013 -10"><span class='ocrx_word' id='word_1_817' title='bbox 681 4973 867 5039; x_wconf 88' lang='lat' dir='ltr'><strong>uuici;</strong></span> <span class='ocrx_word' id='word_1_818' title='bbox 926 4973 1117 5025; x_wconf 88' lang='lat' dir='ltr'><strong>unicus</strong></span> <span class='ocrx_word' id='word_1_819' title='bbox 1168 4968 1310 5023; x_wconf 87' lang='lat' dir='ltr'><strong>enim</strong></span> <span class='ocrx_word' id='word_1_820' title='bbox 1381 4964 1545 5020; x_wconf 86' lang='lat' dir='ltr'><strong>habet</strong></span> <span class='ocrx_word' id='word_1_821' title='bbox 1597 4966 1920 5033; x_wconf 87' lang='lat' dir='ltr'><strong>potestatem</strong></span> <span class='ocrx_word' id='word_1_822' title='bbox 1979 4952 2270 5023; x_wconf 89' lang='lat' dir='ltr'><strong>adoptandi</strong></span> <span class='ocrx_word' id='word_1_823' title='bbox 2370 4975 2397 5031; x_wconf 65' lang='grc' dir='ltr'>ρ</span> 
     </span>
    </p>
   </div>
   <div class='ocr_carea' id='block_1_85' title="bbox 2251 4950 3967 5039">
    <p class='ocr_par' dir='ltr' id='par_1_85' title="bbox 2251 4950 3967 5031">
     <span class='ocr_line' id='line_1_85' title="bbox 2251 4950 3967 5031; baseline -0.002 -23"><span class='ocrx_word' id='word_1_824' title='bbox 2251 4952 2270 5008; x_wconf 90' lang='lat' dir='ltr'><strong>i</strong></span> <span class='ocrx_word' id='word_1_825' title='bbox 2370 4959 2604 5031; x_wconf 88' lang='lat' dir='ltr'><strong>prietate</strong></span> <span class='ocrx_word' id='word_1_826' title='bbox 2633 4955 2868 5026; x_wconf 88' lang='lat' dir='ltr'><strong>generis,</strong></span> <span class='ocrx_word' id='word_1_827' title='bbox 2897 4962 2952 5010; x_wconf 93' lang='lat' dir='ltr'><strong>et</strong></span> <span class='ocrx_word' id='word_1_828' title='bbox 2974 4954 3202 5008; x_wconf 83' lang='lat' dir='ltr'><strong>veritate</strong></span> <span class='ocrx_word' id='word_1_829' title='bbox 3231 4960 3456 5007; x_wconf 66' lang='lat' dir='ltr'><strong>naturae.</strong></span> <span class='ocrx_word' id='word_1_830' title='bbox 3489 4950 3640 5004; x_wconf 84' lang='lat' dir='ltr'><strong>Multi</strong></span> <span class='ocrx_word' id='word_1_831' title='bbox 3673 4951 3818 5006; x_wconf 89' lang='lat' dir='ltr'><strong>enim</strong></span> <span class='ocrx_word' id='word_1_832' title='bbox 3848 4965 3967 5006; x_wconf 77' lang='lat' dir='ltr'><strong>san&#39;</strong></span> 
     </span>
    </p>
   </div>
   <div class='ocr_carea' id='block_1_86' title="bbox 685 5037 3971 5143">
    <p class='ocr_par' dir='ltr' id='par_1_86' title="bbox 685 5037 3971 5143">
     <span class='ocr_line' id='line_1_86' title="bbox 685 5037 3971 5143; baseline -0.009 -21"><span class='ocrx_word' id='word_1_833' title='bbox 685 5037 875 5143; x_wconf 59' lang='lat' dir='ltr'><strong>[11qu</strong></span> <span class='ocrx_word' id='word_1_834' title='bbox 901 5060 1163 5134; x_wconf 87' lang='lat' dir='ltr'><strong>adoptati]</strong></span> <span class='ocrx_word' id='word_1_835' title='bbox 1194 5059 1578 5116; x_wconf 84' lang='lat' dir='ltr'><strong>ministerium.</strong></span> <span class='ocrx_word' id='word_1_836' title='bbox 1615 5075 1633 5108; x_wconf 72' lang='grc' dir='ltr'>ι</span> <span class='ocrx_word' id='word_1_837' title='bbox 1670 5053 1802 5108; x_wconf 87' lang='lat' dir='ltr'><strong>item</strong></span> <span class='ocrx_word' id='word_1_838' title='bbox 1834 5053 1947 5120; x_wconf 86' lang='lat' dir='ltr'><strong>ipse</strong></span> <span class='ocrx_word' id='word_1_839' title='bbox 1997 5050 2050 5104; x_wconf 89' lang='lat' dir='ltr'><strong>in</strong></span> <span class='ocrx_word' id='word_1_840' title='bbox 2081 5048 2272 5103; x_wconf 88' lang='lat' dir='ltr'><strong>eodem</strong></span> <span class='ocrx_word' id='word_1_841' title='bbox 2373 5058 2583 5106; x_wconf 90' lang='lat' dir='ltr'><strong>ctorum</strong></span> <span class='ocrx_word' id='word_1_842' title='bbox 2611 5045 2732 5100; x_wconf 86' lang='lat' dir='ltr'><strong>Filii</strong></span> <span class='ocrx_word' id='word_1_843' title='bbox 2762 5044 2858 5099; x_wconf 91' lang='lat' dir='ltr'><strong>Dei</strong></span> <span class='ocrx_word' id='word_1_844' title='bbox 2907 5044 3181 5108; x_wconf 86' lang='lat' dir='ltr'><strong>dicuntur,</strong></span> <span class='ocrx_word' id='word_1_845' title='bbox 3204 5051 3260 5097; x_wconf 89' lang='lat' dir='ltr'><strong>et</strong></span> <span class='ocrx_word' id='word_1_846' title='bbox 3287 5049 3432 5104; x_wconf 89' lang='lat' dir='ltr'><strong>sunt,</strong></span> <span class='ocrx_word' id='word_1_847' title='bbox 3463 5040 3558 5096; x_wconf 89' lang='lat' dir='ltr'><strong>sed</strong></span> <span class='ocrx_word' id='word_1_848' title='bbox 3598 5039 3690 5096; x_wconf 88' lang='lat' dir='ltr'><strong>hic</strong></span> <span class='ocrx_word' id='word_1_849' title='bbox 3725 5040 3842 5095; x_wconf 88' lang='lat' dir='ltr'><strong>sine</strong></span> <span class='ocrx_word' id='word_1_850' title='bbox 3871 5037 3971 5094; x_wconf 83' lang='lat' dir='ltr'><strong>du-</strong></span> 
     </span>
    </p>
   </div>
   <div class='ocr_carea' id='block_1_87' title="bbox 2379 5215 3970 5313">
    <p class='ocr_par' dir='ltr' id='par_1_87' title="bbox 2379 5215 3970 5313">
     <span class='ocr_line' id='line_1_87' title="bbox 2379 5215 3970 5313; baseline -0.011 -8"><span class='ocrx_word' id='word_1_851' title='bbox 2379 5248 2437 5305; x_wconf 89' lang='lat' dir='ltr'><strong>S.</strong></span> <span class='ocrx_word' id='word_1_852' title='bbox 2461 5215 2685 5303; x_wconf 84' lang='lat' dir='ltr'><strong>Paulino</strong></span> <span class='ocrx_word' id='word_1_853' title='bbox 2710 5241 3040 5313; x_wconf 59' lang='lat' dir='ltr'><strong>Aquileiensi</strong></span> <span class='ocrx_word' id='word_1_854' title='bbox 3063 5253 3277 5313; x_wconf 84' lang='lat' dir='ltr'><strong>quoque</strong></span> <span class='ocrx_word' id='word_1_855' title='bbox 3314 5235 3646 5313; x_wconf 50' lang='lat' dir='ltr'><strong>descriptum</strong></span> <span class='ocrx_word' id='word_1_856' title='bbox 3671 5234 3861 5313; x_wconf 75' lang='lat' dir='ltr'><strong>critico</strong></span> <span class='ocrx_word' id='word_1_857' title='bbox 3907 5247 3970 5288; x_wconf 77' lang='lat' dir='ltr'><strong>ac</strong></span> 
     </span>
    </p>
   </div>
   <div class='ocr_carea' id='block_1_88' title="bbox 2380 5303 3949 5375">
    <p class='ocr_par' dir='ltr' id='par_1_88' title="bbox 2380 5303 3949 5375">
     <span class='ocr_line' id='line_1_88' title="bbox 2380 5303 3949 5375; baseline -0.011 0"><span class='ocrx_word' id='word_1_858' title='bbox 2380 5303 2588 5375; x_wconf 84' lang='lat' dir='ltr'><strong>erudite</strong></span> <span class='ocrx_word' id='word_1_859' title='bbox 2614 5303 2867 5370; x_wconf 72' lang='lat' dir='ltr'><strong>observat</strong></span> <span class='ocrx_word' id='word_1_860' title='bbox 2890 5313 2958 5368; x_wconf 91' lang='lat' dir='ltr'><strong>cl.</strong></span> <span class='ocrx_word' id='word_1_861' title='bbox 2993 5303 3298 5373; x_wconf 65' lang='lat' dir='ltr'><strong>Mulli-isius,</strong></span> <span class='ocrx_word' id='word_1_862' title='bbox 3325 5303 3570 5375; x_wconf 43' lang='lat' dir='ltr'><strong>Oper.‘S.</strong></span> <span class='ocrx_word' id='word_1_863' title='bbox 3607 5303 3814 5375; x_wconf 87' lang='lat' dir='ltr'><strong>Paulini</strong></span> <span class='ocrx_word' id='word_1_864' title='bbox 3845 5317 3949 5373; x_wconf 78' lang='lat' dir='ltr'><strong>pag</strong></span> 
     </span>
    </p>
   </div>
   <div class='ocr_carea' id='block_1_89' title="bbox 765 5240 2276 5315">
    <p class='ocr_par' dir='ltr' id='par_1_89' title="bbox 765 5240 2276 5315">
     <span class='ocr_line' id='line_1_89' title="bbox 765 5240 2276 5315; baseline -0.012 1"><span class='ocrx_word' id='word_1_865' title='bbox 765 5271 790 5302; x_wconf 73' lang='grc' dir='ltr'>ι</span> <span class='ocrx_word' id='word_1_866' title='bbox 826 5258 884 5315; x_wconf 86' lang='lat' dir='ltr'><strong>In</strong></span> <span class='ocrx_word' id='word_1_867' title='bbox 923 5256 1045 5315; x_wconf 83' lang='lat' dir='ltr'><strong>edd.</strong></span> <span class='ocrx_word' id='word_1_868' title='bbox 1078 5263 1255 5310; x_wconf 79' lang='lat' dir='ltr'><strong>textus</strong></span> <span class='ocrx_word' id='word_1_869' title='bbox 1278 5254 1352 5307; x_wconf 89' lang='lat' dir='ltr'><strong>ita</strong></span> <span class='ocrx_word' id='word_1_870' title='bbox 1403 5258 1598 5306; x_wconf 89' lang='lat' dir='ltr'><strong>sonat:</strong></span> <span class='ocrx_word' id='word_1_871' title='bbox 1639 5267 1656 5298; x_wconf 86' lang='grc'><em>‹</em></span> <span class='ocrx_word' id='word_1_872' title='bbox 1691 5245 1816 5302; x_wconf 56' lang='lat' dir='ltr'><strong>llaec</strong></span> <span class='ocrx_word' id='word_1_873' title='bbox 1845 5253 2027 5300; x_wconf 87' lang='lat' dir='ltr'><strong>autem</strong></span> <span class='ocrx_word' id='word_1_874' title='bbox 2079 5260 2185 5299; x_wconf 90' lang='lat' dir='ltr'><strong>non</strong></span> <span class='ocrx_word' id='word_1_875' title='bbox 2218 5240 2276 5298; x_wconf 84' lang='lat' dir='ltr'><strong>li-</strong></span> 
     </span>
    </p>
   </div>
   <div class='ocr_carea' id='block_1_90' title="bbox 687 5316 2276 5393">
    <p class='ocr_par' dir='ltr' id='par_1_90' title="bbox 687 5316 2276 5393">
     <span class='ocr_line' id='line_1_90' title="bbox 687 5316 2276 5393; baseline -0.014 -3"><span class='ocrx_word' id='word_1_876' title='bbox 687 5333 871 5390; x_wconf 82' lang='lat' dir='ltr'><strong>etione</strong></span> <span class='ocrx_word' id='word_1_877' title='bbox 892 5329 1036 5385; x_wconf 74' lang='lat' dir='ltr'><strong>facta</strong></span> <span class='ocrx_word' id='word_1_878' title='bbox 1064 5333 1207 5390; x_wconf 89' lang='lat' dir='ltr'><strong>sunt,</strong></span> <span class='ocrx_word' id='word_1_879' title='bbox 1250 5322 1699 5393; x_wconf 83' lang='lat' dir='ltr'><strong>quemadmodum</strong></span> <span class='ocrx_word' id='word_1_880' title='bbox 1731 5317 1969 5393; x_wconf 63' lang='lat' dir='ltr'><strong>nonnulli</strong></span> <span class='ocrx_word' id='word_1_881' title='bbox 1995 5316 2276 5393; x_wconf 66' lang='lat' dir='ltr'><strong>existima-</strong></span> 
     </span>
    </p>
   </div>
   <div class='ocr_carea' id='block_1_91' title="bbox 696 5385 2280 5467">
    <p class='ocr_par' dir='ltr' id='par_1_91' title="bbox 696 5385 2280 5467">
     <span class='ocr_line' id='line_1_91' title="bbox 696 5385 2280 5467; baseline -0.013 -6"><span class='ocrx_word' id='word_1_882' title='bbox 696 5385 1041 5467; x_wconf 17' lang='lat' dir='ltr'><strong>runt,iabsit;</strong></span> <span class='ocrx_word' id='word_1_883' title='bbox 1076 5397 1170 5454; x_wconf 86' lang='lat' dir='ltr'><strong>sed</strong></span> <span class='ocrx_word' id='word_1_884' title='bbox 1196 5385 1498 5450; x_wconf 46' lang='lat' dir='ltr'><strong>&#39;Salvatore</strong></span> <span class='ocrx_word' id='word_1_885' title='bbox 1525 5405 1652 5446; x_wconf 78' lang='lat' dir='ltr'><strong>vere</strong></span> <span class='ocrx_word' id='word_1_886' title='bbox 1677 5389 1895 5467; x_wconf 71' lang='lat' dir='ltr'><strong>homine</strong></span> <span class='ocrx_word' id='word_1_887' title='bbox 1925 5387 2107 5467; x_wconf 35' lang='lat' dir='ltr'><strong>facto“,</strong></span> <span class='ocrx_word' id='word_1_888' title='bbox 2142 5385 2280 5467; x_wconf 72' lang='lat' dir='ltr'><strong>hinc</strong></span> 
     </span>
    </p>
   </div>
   <div class='ocr_carea' id='block_1_92' title="bbox 695 5456 2282 5533">
    <p class='ocr_par' dir='ltr' id='par_1_92' title="bbox 695 5456 2282 5533">
     <span class='ocr_line' id='line_1_92' title="bbox 695 5456 2282 5533; baseline -0.014 0"><span class='ocrx_word' id='word_1_889' title='bbox 695 5456 859 5533; x_wconf 56' lang='grc' dir='ltr'><strong>ξιξίίιῇ</strong></span> <span class='ocrx_word' id='word_1_890' title='bbox 887 5456 1120 5528; x_wconf 80' lang='lat' dir='ltr'><strong>hominis</strong></span> <span class='ocrx_word' id='word_1_891' title='bbox 1165 5467 1314 5521; x_wconf 88' lang='lat' dir='ltr'><strong>salus</strong></span> <span class='ocrx_word' id='word_1_892' title='bbox 1355 5471 1641 5533; x_wconf 72' lang='lat' dir='ltr'><strong>consecuta</strong></span> <span class='ocrx_word' id='word_1_893' title='bbox 1671 5469 1772 5515; x_wconf 83' lang='lat' dir='ltr'><strong>est.</strong></span> <span class='ocrx_word' id='word_1_894' title='bbox 1806 5459 1940 5533; x_wconf 71' lang='lat' dir='ltr'><strong>Nam</strong></span> <span class='ocrx_word' id='word_1_895' title='bbox 1989 5458 2034 5512; x_wconf 87' lang='lat' dir='ltr'><strong>si</strong></span> <span class='ocrx_word' id='word_1_896' title='bbox 2067 5456 2282 5510; x_wconf 88' lang='lat' dir='ltr'><strong>ﬁctione</strong></span> 
     </span>
    </p>
   </div>
   <div class='ocr_carea' id='block_1_93' title="bbox 697 5530 2282 5601">
    <p class='ocr_par' dir='ltr' id='par_1_93' title="bbox 697 5530 2282 5601">
     <span class='ocr_line' id='line_1_93' title="bbox 697 5530 2282 5601; baseline -0.013 -1"><span class='ocrx_word' id='word_1_897' title='bbox 697 5530 959 5600; x_wconf 74' lang='lat' dir='ltr'><strong>duntaxat</strong></span> <span class='ocrx_word' id='word_1_898' title='bbox 991 5541 1221 5597; x_wconf 81' lang='lat' dir='ltr'><strong>Verbum</strong></span> <span class='ocrx_word' id='word_1_899' title='bbox 1254 5539 1306 5591; x_wconf 91' lang='lat' dir='ltr'><strong>in</strong></span> <span class='ocrx_word' id='word_1_900' title='bbox 1337 5549 1564 5601; x_wconf 70' lang='lat' dir='ltr'><strong>corpore</strong></span> <span class='ocrx_word' id='word_1_901' title='bbox 1600 5531 1722 5598; x_wconf 81' lang='lat' dir='ltr'><strong>fuit,</strong></span> <span class='ocrx_word' id='word_1_902' title='bbox 1751 5540 1811 5584; x_wconf 88' lang='lat' dir='ltr'><strong>ut</strong></span> <span class='ocrx_word' id='word_1_903' title='bbox 1839 5530 1912 5584; x_wconf 90' lang='lat' dir='ltr'><strong>illi</strong></span> <span class='ocrx_word' id='word_1_904' title='bbox 1948 5535 2233 5582; x_wconf 82' lang='lat' dir='ltr'><strong>autumant</strong></span> <span class='ocrx_word' id='word_1_905' title='bbox 2265 5567 2282 5592; x_wconf 85' lang='lat'><strong>,</strong></span> 
     </span>
    </p>
   </div>
   <div class='ocr_carea' id='block_1_94' title="bbox 694 5601 2284 5682">
    <p class='ocr_par' dir='ltr' id='par_1_94' title="bbox 694 5601 2284 5682">
     <span class='ocr_line' id='line_1_94' title="bbox 694 5601 2284 5682; baseline -0.014 -11"><span class='ocrx_word' id='word_1_906' title='bbox 694 5626 758 5672; x_wconf 77' lang='lat' dir='ltr'><strong>et</strong></span> <span class='ocrx_word' id='word_1_907' title='bbox 797 5617 842 5670; x_wconf 88' lang='lat' dir='ltr'><strong>si</strong></span> <span class='ocrx_word' id='word_1_908' title='bbox 871 5615 1011 5682; x_wconf 83' lang='lat' dir='ltr'><strong>quod</strong></span> <span class='ocrx_word' id='word_1_909' title='bbox 1047 5611 1246 5666; x_wconf 82' lang='lat' dir='ltr'><strong>dicitur</strong></span> <span class='ocrx_word' id='word_1_910' title='bbox 1280 5607 1492 5682; x_wconf 73' lang='lat' dir='ltr'><strong>ﬁctione</strong></span> <span class='ocrx_word' id='word_1_911' title='bbox 1519 5620 1637 5682; x_wconf 76' lang='lat' dir='ltr'><strong>esse</strong></span> <span class='ocrx_word' id='word_1_912' title='bbox 1666 5644 1678 5664; x_wconf 85' lang='lat'><strong>.</strong></span> <span class='ocrx_word' id='word_1_913' title='bbox 1716 5601 2022 5682; x_wconf 57' lang='lat' dir='ltr'><strong>phantasia</strong></span> <span class='ocrx_word' id='word_1_914' title='bbox 2050 5606 2134 5652; x_wconf 90' lang='lat' dir='ltr'><strong>est</strong></span> <span class='ocrx_word' id='word_1_915' title='bbox 2153 5639 2168 5663; x_wconf 87' lang='lat'><strong>,</strong></span> <span class='ocrx_word' id='word_1_916' title='bbox 2198 5611 2284 5682; x_wconf 78' lang='lat' dir='ltr'><strong>se-</strong></span> 
     </span>
    </p>
   </div>
   <div class='ocr_carea' id='block_1_95' title="bbox 698 5665 2287 5756">
    <p class='ocr_par' dir='ltr' id='par_1_95' title="bbox 698 5665 2287 5756">
     <span class='ocr_line' id='line_1_95' title="bbox 698 5665 2287 5756; baseline -0.013 -16"><span class='ocrx_word' id='word_1_917' title='bbox 990 5665 1280 5756; x_wconf 66' lang='lat' dir='ltr'><strong>secundutu</strong></span> <span class='ocrx_word' id='word_1_918' title='bbox 1313 5677 1688 5755; x_wconf 59' lang='lat' dir='ltr'><strong>impiissimum</strong></span> <span class='ocrx_word' id='word_1_919' title='bbox 1716 5665 2287 5756; x_wconf 32' lang='lat' dir='ltr'><strong>iii-aiiicimuméspeeie</strong></span> 
     </span>
    </p>
   </div>
   <div class='ocr_carea' id='block_1_96' title="bbox 703 5737 2288 5814">
    <p class='ocr_par' dir='ltr' id='par_1_96' title="bbox 703 5737 2288 5814">
     <span class='ocr_line' id='line_1_96' title="bbox 703 5737 2288 5814; baseline -0.015 0"><span class='ocrx_word' id='word_1_920' title='bbox 703 5737 927 5814; x_wconf 38' lang='lat' dir='ltr'><strong>iiiis—iis</strong></span> <span class='ocrx_word' id='word_1_921' title='bbox 943 5737 1099 5810; x_wconf 80' lang='lat' dir='ltr'><strong>tenus</strong></span> <span class='ocrx_word' id='word_1_922' title='bbox 1141 5753 1286 5807; x_wconf 73' lang='lat' dir='ltr'><strong>salus</strong></span> <span class='ocrx_word' id='word_1_923' title='bbox 1319 5737 1732 5803; x_wconf 61' lang='lat' dir='ltr'><strong>ct&#39;resurrectio</strong></span> <span class='ocrx_word' id='word_1_924' title='bbox 1759 5744 2035 5814; x_wconf 75' lang='lat' dir='ltr'><strong>hominum</strong></span> <span class='ocrx_word' id='word_1_925' title='bbox 2067 5737 2288 5814; x_wconf 58' lang='lat' dir='ltr'><strong>ﬁerit“-</strong></span> 
     </span>
    </p>
   </div>
   <div class='ocr_carea' id='block_1_97' title="bbox 699 5808 2288 5894">
    <p class='ocr_par' dir='ltr' id='par_1_97' title="bbox 699 5808 2288 5894">
     <span class='ocr_line' id='line_1_97' title="bbox 699 5808 2288 5894; baseline -0.012 -13"><span class='ocrx_word' id='word_1_926' title='bbox 699 5808 923 5883; x_wconf 46' lang='lat' dir='ltr'><strong>alii?)</strong></span> <span class='ocrx_word' id='word_1_927' title='bbox 950 5808 1103 5882; x_wconf 29' lang='lat' dir='ltr'><strong>&quot;Vide</strong></span> <span class='ocrx_word' id='word_1_928' title='bbox 1151 5842 1184 5894; x_wconf 82' lang='lat' dir='ltr'><strong>q</strong></span> <span class='ocrx_word' id='word_1_929' title='bbox 1229 5839 1268 5874; x_wconf 81' lang='lat' dir='ltr'><strong>.r.</strong></span> <span class='ocrx_word' id='word_1_930' title='bbox 1316 5821 1369 5876; x_wconf 88' lang='lat' dir='ltr'><strong>in</strong></span> <span class='ocrx_word' id='word_1_931' title='bbox 1418 5818 1559 5875; x_wconf 86' lang='lat' dir='ltr'><strong>hunc</strong></span> <span class='ocrx_word' id='word_1_932' title='bbox 1604 5816 1780 5876; x_wconf 88' lang='lat' dir='ltr'><strong>locum</strong></span> <span class='ocrx_word' id='word_1_933' title='bbox 1825 5812 1882 5869; x_wconf 90' lang='lat' dir='ltr'><strong>S.</strong></span> <span class='ocrx_word' id='word_1_934' title='bbox 1924 5808 2204 5867; x_wconf 84' lang='lat' dir='ltr'><strong>Athanasii</strong></span> <span class='ocrx_word' id='word_1_935' title='bbox 2258 5823 2288 5862; x_wconf 89' lang='lat' dir='ltr'><strong>a</strong></span> 
     </span>
    </p>
   </div>
   <div class='ocr_carea' id='block_1_98' title="bbox 2381 5374 3752 5458">
    <p class='ocr_par' dir='ltr' id='par_1_98' title="bbox 2381 5374 3752 5458">
     <span class='ocr_line' id='line_1_98' title="bbox 2381 5374 3752 5458; baseline -0.013 -13"><span class='ocrx_word' id='word_1_936' title='bbox 2381 5374 2504 5453; x_wconf 60' lang='lat' dir='ltr'><strong>iiii,</strong></span> <span class='ocrx_word' id='word_1_937' title='bbox 2533 5397 2647 5442; x_wconf 90' lang='lat' dir='ltr'><strong>not.</strong></span> <span class='ocrx_word' id='word_1_938' title='bbox 2680 5382 3024 5458; x_wconf 64' lang='lat' dir='ltr'><strong>(Patrologiw</strong></span> <span class='ocrx_word' id='word_1_939' title='bbox 3064 5391 3208 5458; x_wconf 71' lang='lat' dir='ltr'><strong>tumo</strong></span> <span class='ocrx_word' id='word_1_940' title='bbox 3247 5374 3429 5441; x_wconf 73' lang='lat' dir='ltr'><strong>XCIX,</strong></span> <span class='ocrx_word' id='word_1_941' title='bbox 3460 5377 3561 5431; x_wconf 86' lang='lat' dir='ltr'><strong>col.</strong></span> 
     </span>
    </p>
   </div>
   <div class='ocr_carea' id='block_1_99' title="bbox 2456 5445 3976 5522">
    <p class='ocr_par' dir='ltr' id='par_1_99' title="bbox 2456 5445 3976 5522">
     <span class='ocr_line' id='line_1_99' title="bbox 2456 5445 3976 5522; baseline -0.011 -8"><span class='ocrx_word' id='word_1_942' title='bbox 2456 5445 2502 5501; x_wconf 64' lang='grc' dir='ltr'><strong>δ’</strong></span> <span class='ocrx_word' id='word_1_943' title='bbox 2521 5458 2664 5513; x_wconf 80' lang='lat' dir='ltr'><strong>Eiiit.</strong></span> <span class='ocrx_word' id='word_1_944' title='bbox 2687 5445 2707 5510; x_wconf 68' lang='grc' dir='ltr'>ἐ</span> <span class='ocrx_word' id='word_1_945' title='bbox 2744 5475 2762 5505; x_wconf 86' lang='grc'><strong><em>‹</em></strong></span> <span class='ocrx_word' id='word_1_946' title='bbox 2797 5455 2867 5510; x_wconf 89' lang='lat' dir='ltr'><strong>Ut</strong></span> <span class='ocrx_word' id='word_1_947' title='bbox 2887 5445 3060 5522; x_wconf 72' lang='lat' dir='ltr'><strong>néque</strong></span> <span class='ocrx_word' id='word_1_948' title='bbox 3078 5466 3175 5521; x_wconf 88' lang='lat' dir='ltr'><strong>per</strong></span> <span class='ocrx_word' id='word_1_949' title='bbox 3197 5453 3487 5505; x_wconf 88' lang='lat' dir='ltr'><strong>humanam</strong></span> <span class='ocrx_word' id='word_1_950' title='bbox 3510 5445 3828 5517; x_wconf 88' lang='lat' dir='ltr'><strong>sapientiam</strong></span> <span class='ocrx_word' id='word_1_951' title='bbox 3851 5457 3976 5515; x_wconf 76' lang='lat' dir='ltr'><strong>pro-</strong></span> 
     </span>
    </p>
   </div>
   <div class='ocr_carea' id='block_1_100' title="bbox 2384 5522 3974 5603">
    <p class='ocr_par' dir='ltr' id='par_1_100' title="bbox 2384 5522 3974 5603">
     <span class='ocr_line' id='line_1_100' title="bbox 2384 5522 3974 5603; baseline -0.009 -17"><span class='ocrx_word' id='word_1_952' title='bbox 2384 5531 2703 5586; x_wconf 76' lang='lat' dir='ltr'><strong>funditatem</strong></span> <span class='ocrx_word' id='word_1_953' title='bbox 2731 5527 2873 5581; x_wconf 88' lang='lat' dir='ltr'><strong>illius</strong></span> <span class='ocrx_word' id='word_1_954' title='bbox 2895 5522 3282 5603; x_wconf 71' lang='lat' dir='ltr'><strong>incarnatimiis</strong></span> <span class='ocrx_word' id='word_1_955' title='bbox 3307 5529 3592 5590; x_wconf 63' lang='lat' dir='ltr'><strong>penetrare</strong></span> <span class='ocrx_word' id='word_1_956' title='bbox 3616 5524 3855 5603; x_wconf 63' lang='lat' dir='ltr'><strong>appetat,</strong></span> <span class='ocrx_word' id='word_1_957' title='bbox 3879 5528 3974 5571; x_wconf 80' lang='lat' dir='ltr'><strong>ne-</strong></span> 
     </span>
    </p>
   </div>
   <div class='ocr_carea' id='block_1_101' title="bbox 2385 5585 3896 5681">
    <p class='ocr_par' dir='ltr' id='par_1_101' title="bbox 2385 5585 3896 5681">
     <span class='ocr_line' id='line_1_101' title="bbox 2385 5585 3896 5681; baseline -0.012 -27"><span class='ocrx_word' id='word_1_958' title='bbox 2385 5585 2492 5674; x_wconf 77' lang='lat' dir='ltr'><strong>que</strong></span> <span class='ocrx_word' id='word_1_959' title='bbox 2516 5603 2719 5681; x_wconf 56' lang='lat' dir='ltr'><strong>incum</strong></span> <span class='ocrx_word' id='word_1_960' title='bbox 2750 5609 3009 5681; x_wconf 79' lang='lat' dir='ltr'><strong>tanquam</strong></span> <span class='ocrx_word' id='word_1_961' title='bbox 3033 5594 3084 5646; x_wconf 92' lang='lat' dir='ltr'><strong>in</strong></span> <span class='ocrx_word' id='word_1_962' title='bbox 3113 5585 3383 5681; x_wconf 62' lang='lat' dir='ltr'><strong>hominépt</strong></span> <span class='ocrx_word' id='word_1_963' title='bbox 3408 5603 3602 5670; x_wconf 70' lang='lat' dir='ltr'><strong>purum</strong></span> <span class='ocrx_word' id='word_1_964' title='bbox 3630 5585 3837 5642; x_wconf 81' lang='lat' dir='ltr'><strong>credat.</strong></span> <span class='ocrx_word' id='word_1_965' title='bbox 3875 5602 3896 5636; x_wconf 69' lang='grc' dir='ltr'><strong>ι</strong></span> 
     </span>
    </p>
   </div>
   <div class='ocr_carea' id='block_1_102' title="bbox 2388 5651 3968 5809">
    <p class='ocr_par' dir='ltr' id='par_1_102' title="bbox 2388 5651 3968 5809">
     <span class='ocr_line' id='line_1_102' title="bbox 2388 5651 3968 5732; baseline -0.013 -5"><span class='ocrx_word' id='word_1_966' title='bbox 2388 5651 2491 5711; x_wconf 35' lang='lat' dir='ltr'><strong>Te.</strong></span> <span class='ocrx_word' id='word_1_967' title='bbox 2518 5651 2656 5725; x_wconf 36' lang='lat' dir='ltr'><strong>Vide</strong></span> <span class='ocrx_word' id='word_1_968' title='bbox 2673 5651 2827 5723; x_wconf 79' lang='lat' dir='ltr'><strong>hunc</strong></span> <span class='ocrx_word' id='word_1_969' title='bbox 2855 5651 3030 5720; x_wconf 80' lang='lat' dir='ltr'><strong>locum</strong></span> <span class='ocrx_word' id='word_1_970' title='bbox 3059 5677 3273 5732; x_wconf 86' lang='lat' dir='ltr'><strong>quoque</strong></span> <span class='ocrx_word' id='word_1_971' title='bbox 3315 5651 3650 5730; x_wconf 63' lang='lat' dir='ltr'><strong>descriptum</strong></span> <span class='ocrx_word' id='word_1_972' title='bbox 3674 5671 3838 5729; x_wconf 85' lang='lat' dir='ltr'><strong>supra</strong></span> <span class='ocrx_word' id='word_1_973' title='bbox 3865 5651 3968 5710; x_wconf 80' lang='lat' dir='ltr'><strong>oni.</strong></span> 
     </span>
     <span class='ocr_line' id='line_1_103' title="bbox 2388 5735 3300 5809; baseline -0.013 -11"><span class='ocrx_word' id='word_1_974' title='bbox 2388 5743 2481 5809; x_wconf 82' lang='lat'><strong>97,</strong></span> <span class='ocrx_word' id='word_1_975' title='bbox 2509 5755 2565 5797; x_wconf 74' lang='grc' dir='ltr'><strong>ιι,</strong></span> <span class='ocrx_word' id='word_1_976' title='bbox 2589 5739 2678 5806; x_wconf 72' lang='lat'><strong>26,</strong></span> <span class='ocrx_word' id='word_1_977' title='bbox 2704 5751 2828 5793; x_wconf 84' lang='lat' dir='ltr'><strong>cum</strong></span> <span class='ocrx_word' id='word_1_978' title='bbox 2854 5746 2976 5793; x_wconf 84' lang='lat' dir='ltr'><strong>uota</strong></span> <span class='ocrx_word' id='word_1_979' title='bbox 3005 5735 3078 5792; x_wconf 80' lang='lat' dir='ltr'><strong>ibi</strong></span> <span class='ocrx_word' id='word_1_980' title='bbox 3099 5735 3300 5789; x_wconf 84' lang='lat' dir='ltr'><strong>addita.</strong></span> 
     </span>
    </p>
   </div>
  </div>
