4346 6672
234 138 787 149 _ﬁ______—

234 138 787 149 _ﬁ______—

486 463 591 522 125

475 586 568 642 bio
627 590 1003 661 compassione
1028 591 1188 664 '[Leg.
1216 635 1232 659 ,
1283 594 1402 651 sine
1446 598 1877 670 comparatione]
1928 615 2069 657 unus
2096 608 2149 666 Α

474 678 590 735 Deo
617 680 765 737 Patri
790 682 962 739 Filius
987 686 1298 758 unigenitus
1314 695 1371 743 et
1390 703 1550 745 verus
1576 698 1632 745 et
1657 693 1931 763 proprius,
1965 709 2073 751 non

470 769 717 838 aliunde,
742 788 907 843 quam
928 776 997 831 de
1023 776 1192 832 Patre
1226 786 1407 845 natus,
1440 781 1568 850 quia
1596 790 1704 837 tam
1728 798 1893 840 verus
1911 784 2075 842 Pater

468 859 637 918 Pater
660 874 766 930 est,
788 880 953 936 quam
979 883 1143 924 verus
1171 879 1226 924 et
1255 868 1399 927 Deus
1425 880 1527 927 est.
1560 871 1730 929 Sicuti
1760 882 1871 929 tam
1908 890 2070 931 verus

468 953 641 1010 Filius
666 956 835 1013 Filius
869 967 973 1025 est,
1002 975 1167 1031 quam
1196 976 1359 1017 verus
1381 972 1438 1017 et
1457 963 1719 1020 Dominus
1740 973 1842 1020 est.
1879 965 2069 1021 Perfe-

465 1055 554 1101 cta
581 1061 713 1120 ergo
752 1049 888 1106 ﬁdes
917 1060 1003 1108 est
1044 1051 1329 1110 Trinitatis
1376 1064 1617 1122 ostensa,
1648 1072 1773 1112 cum
1805 1066 1861 1113 et
1906 1057 2070 1115 Pater

463 1138 745 1198 Christum
773 1144 1059 1201 Dominum
1094 1163 1159 1202 ac
1202 1149 1371 1204 Deum
1404 1160 1650 1208 nostrum
1687 1153 1883 1209 Filium
1908 1171 2065 1212 suum

462 1248 590 1290 esse
626 1244 882 1303 testatur,
911 1248 969 1294 et
988 1238 1227 1310 Spiritus
1251 1252 1494 1309 sanctus,
1525 1245 1576 1299 id
1615 1254 1718 1311 est,
1749 1245 2065 1303 Paracletus

462 1325 525 1381 in
563 1334 716 1382 tanto
744 1326 870 1384 ﬁdei
910 1340 1257 1387 sacramento
1293 1333 1444 1389 Patri
1493 1334 1738 1407 Filioque
1787 1338 2067 1410 conjungi-

462 1423 578 1483 tur,
606 1426 665 1473 ut
692 1434 883 1475 verum
917 1420 1137 1478 Patrem
1158 1463 1174 1489 ,
1218 1438 1410 1481 verum
1434 1425 1650 1493 Filium,
1678 1443 1869 1484 verum
1896 1429 2062 1485 etiam

459 1508 728 1585 Spiritum
773 1526 1022 1574 sanctum
1074 1521 1422 1578 crederemus
1458 1533 1570 1579 tres
1607 1539 1907 1596 personas,
1965 1526 2063 1583 sed

458 1616 629 1660 unam
656 1606 995 1664 divinitatem
1022 1608 1328 1679 Trinitatis,
1344 1616 2010 1685 unamquesubstantiam.
2033 1638 2054 1673 ι

534 1693 646 1750 Xll.
684 1696 781 1753 liis
826 1706 885 1754 et
937 1698 1246 1770 hujusmodi
1298 1705 1696 1763 venerabilibus
1743 1716 2059 1766 sanctorum

456 1782 685 1843 Patrum
711 1791 999 1848 sententiis
1012 1808 1119 1848 non
1147 1794 1376 1851 credere
1390 1795 1615 1868 impium
1635 1813 1760 1855 esse
1780 1806 2054 1871 putamus.

455 1876 630 1933 Nemo
656 1880 875 1938 sobrius
923 1894 1116 1941 contra
1170 1887 1490 1954 veritatem,
1547 1905 1710 1947 nemo
1759 1892 2058 1949 catholicus

1062 471 1482 533 DOGMATICA.
1521 508 1596 521 -
1626 479 1788 537 ADV.
1828 481 2127 541 FELICEM
2164 485 2346 545 LIBRI
2383 490 2494 549 Vll.
2536 519 2606 533 -
2642 494 2865 552 EPIST.
2906 497 3235 557 PRASVIAZ.

3665 502 3778 565 4‘38

2502 605 2837 667 EPISTOLA
2874 612 2903 653 ι)
2939 612 3142 670 ΒΕΑΤΙ
3178 613 3455 673 ALCUINI

2645 719 2715 759 AD
2753 719 3001 761 CAROLUII
3041 723 3284 764 ΙΙΑΕΝυΙ.

2785 798 2964 871 (Anno
2989 802 3140 867 800.)

2172 880 2516 941 Commendat
2554 890 2693 965 regis
2725 894 2957 965 examini
2994 895 3443 965 etiapprobutioni
3486 896 3645 953 libros
3682 915 3763 958 γη

2494 960 2743 1015 adversus
2772 961 3003 1018 Felicem
3035 960 3438 1035 Uryellitanum.

2239 1050 2473 1108 Maximo
2494 1063 2657 1125 atque
2683 1056 3038 1114 invictissime
3064 1061 3444 1130 triumphatori
3475 1070 3635 1133 atque
3655 1064 3764 1122 cle‘

2164 1146 2503 1201 mentissimo
2525 1162 2811 1219 regnorum
2839 1151 3036 1206 rectori
3063 1152 3258 1207 Carolo
3289 1157 3398 1225 regi
3425 1154 3761 1214 Francorum

2164 1246 2220 1292 et
2255 1237 2729 1309 Longobardorum
2761 1256 2827 1297 ac
2871 1244 3100 1313 patricio
3136 1243 3506 1302 Romanorum
3540 1250 3761 1307 humilis

2162 1328 2323 1385 levita
2351 1330 2615 1387 Alcuinus
2637 1331 2887 1389 salutem.

2232 1418 2542 1476 Laudabilis
2567 1421 2781 1477 bonitas
2801 1429 2962 1493 atque
2984 1423 3424 1495 incomparabilis
3439 1426 3757 1496 jucunditas

2159 1517 2356 1567 vestra:
2375 1512 2708 1570 excellentiae
2746 1513 2995 1571 ﬁduciam
3034 1530 3169 1572 mete
3220 1519 3472 1588 prtestitit
3500 1523 3756 1593 parvitati

2159 1602 2428 1661 scribendi
2454 1604 2657 1676 aliquid
2683 1607 2749 1662 de
2774 1608 2956 1664 causis
2980 1609 3363 1666 ecclesiasticis
3388 1612 3472 1668 vel
3498 1614 3565 1669 de
3592 1615 3756 1671 disci-

2156 1692 2321 1765 plinis
2375 1695 2731 1753 scholasticis.
2783 1698 2937 1768 Quod
2987 1700 3297 1758 nullatenus
3346 1718 3596 1775 agerem,
3647 1708 3753 1762 nisi

2156 1792 2310 1841 scuto
2336 1784 2493 1843 bona».
2539 1788 2831 1846 voluntatis
2874 1799 3068 1848 vestrae
3107 1792 3177 1848 ab
3219 1794 3527 1850 invidorum
3556 1786 3754 1869 linguis

2154 1893 2291 1935 mea:
2328 1879 2599 1938 litterulas
2649 1884 2968 1941 obedientire
3013 1888 3375 1958 protegendas
3422 1903 3747 1959 sperarem:

454 1967 623 2039 787
648 1980 840 2026 contra
878 1981 1083 2031 sancta
1132 1984 1188 2031 et
1238 1978 1413 2034 unica,
1460 1978 1714 2036 Ecclesia;
1756 1981 2009 2039 ἀπίοι-εδ
2035 2025 2052 2049 ν
2086 1961 2134 2024 Β
2157 1971 2285 2041 quia
2320 1973 2678 2043 quorumdam
2716 1975 2937 2031 solertia
2979 1976 3193 2033 laborat
3235 1979 3409 2050 magis
3433 1979 3661 2036 aliorum
3694 1982 3748 2036 iu

449 2074 615 2118 nemo
644 2063 768 2133 pius
795 2075 987 2122 contra
1038 2078 1356 2126 sanctarum
1390 2073 1703 2129 testimonia
1746 2074 2055 2148 Scriptura-

449 2166 577 2208 rum
604 2156 787 2212 sentit.
817 2157 1043 2226 Discite,
1075 2177 1197 2232 qun.-
1246 2162 1315 2218 ad
1342 2164 1575 2221 salutem
1620 2167 1928 2224 animarum
1955 2185 2052 2225 ve-

445 2250 692 2303 strarum
718 2248 1014 2316 pertinent,
1045 2258 1101 2306 et
1140 2252 1344 2322 regiam
1400 2254 1542 2311 viam
1572 2257 1642 2312 ab
1668 2257 1928 2329 apostolis
1953 2260 2053 2315 tri-

446 2338 584 2397 tam,
610 2350 641 2389 a
689 2336 946 2393 Patriixus
998 2339 1397 2410 frequentatam
1423 2386 1438 2411 ,
1484 2361 1514 2400 a
1539 2350 1725 2404 mundi
1768 2350 2087 2422 latitudine_

442 2421 703 2489 electam,
727 2425 888 2497 pleno
910 2429 1190 2485 catholicie
1211 2432 1337 2488 ﬁdei
1362 2434 1501 2505 pede
1527 2436 1785 2494 incedite.
1819 2438 2050 2498 Hortare

443 2514 675 2574 fratrem
711 2525 864 2575 tuum
911 2523 1276 2580 venerabilem
1326 2528 1644 2601 episcopum
1668 2570 1684 2597 ,
1723 2546 1886 2602 quem
1921 2549 2049 2591 cum

440 2624 638 2667 amore
664 2614 885 2669 nomina
920 2614 1034 2688 [Ita
1080 2618 1236 2685 cod.;
1262 2618 1364 2690 leg.
1403 2621 1669 2695 nomino],
1701 2624 2045 2696 Elipandum,

439 2707 503 2756 ut
522 2710 708 2759 tecum
728 2712 786 2760 et
811 2720 933 2761 cum
956 2716 1269 2765 sanctorum
1295 2712 1672 2770 innumerabili
1692 2717 2044 2776 multitudine

438 2793 511 2885 ad
528 2804 748 2868 portam
762 2808 1039 2871 perpetuae
1050 2803 1287 2860 civitatis
1312 2808 1591 2863 ascendat.
1622 2807 1801 2866 Nolite
1822 2826 2044 2885 gregem

438 2883 665 2953 Christi,
689 2903 854 2961 quem
909 2894 1199 2965 accepistis
1235 2897 1573 2965 pascendum
1596 2940 1612 2965 ,
1640 2900 1895 2970 perdere,
1933 2883 2044 2961 sed

439 2979 704 3036 salvarexI
728 2981 786 3038 in
814 2999 923 3040 uno
942 2989 1317 3044 tantummodo
1338 2990 1644 3061 adoptionis
1670 2993 1839 3049 verbo
1858 3009 1889 3049 a
1910 3010 2040 3051 san-

439 3076 527 3125 cta
548 3079 604 3126 et
623 3074 918 3145 apostolica
934 3075 1173 3133 Ecclesia
1196 3078 1605 3138 discordamini.
1632 3083 1814 3140 Facile
1830 3096 1915 3143 est
1937 3087 2040 3145 hoc

440 3163 689 3231 verbum,
720 3167 899 3223 divina
930 3184 1027 3224 vos
1069 3172 1364 3229 auxiliante
1410 3177 1609 3247 gratia,
1653 3177 1943 3235 immutare
1983 3189 2040 3237 et

436 3258 763 3329 evangelicis
787 3268 845 3315 et
870 3262 1178 3331 apostolicis
1219 3266 1296 3320 uti
1330 3266 1532 3321 verbis.
1570 3267 1744 3335 Quam
1766 3270 2032 3342 speciosa,

2156 2060 2367 2117 occulto
2397 2063 2591 2119 rodere
2617 2065 2785 2130 dicta,
2815 2081 2978 2136 quam
3008 2081 3105 2121 sua
3138 2069 3189 2122 in
3220 2069 3437 2138 publico
3462 2070 3747 2140 proferre;

2154 2168 2386 2225 quorum
2416 2156 2698 2213 scientiam
2744 2158 3001 2216 Salomon
3049 2161 3289 2231 serpenti
3334 2162 3389 2216 in
3427 2163 3748 2220 abscondito

2155 2246 2421 2303 mordenti
2441 2250 2779 2320 comparavit
2806 2249 2977 2322 (Eccl.
3009 2268 3065 2316 x,
3090 2252 3200 2322 Η).
3234 2253 3424 2308 Vestra
3450 2269 3576 2311 vero
3613 2254 3748 2314 nulli

2151 2340 2542 2394 contemnenda
2572 2341 2868 2398 auctoritas
2909 2350 3109 2398 nostra:
3146 2344 3415 2399 devotioni
3446 2347 3747 2416 mandavit,

2150 2435 2338 2484 contra
2368 2445 2535 2486 novas
2566 2431 2838 2488 haeretica:
2862 2435 3148 2504 pravitatis
3178 2435 3515 2492 inventiones
3539 2436 3745 2507 aliquid

2149 2521 2390 2577 scribere
2435 2533 2598 2593 atque
2644 2522 2824 2579 libello
2852 2526 3200 2594 respondere,
3232 2541 3393 2595 quem
3429 2534 3617 2582 contra
3643 2541 3745 2584 nos

2147 2604 2298 2670 Felix
2318 2615 2539 2687 quidam
2573 2618 2859 2688 episcopus
2879 2625 3074 2673 vestrae
3092 2618 3293 2674 direxit
3315 2620 3657 2684 auctoritati;
3685 2621 3743 2676 in

2144 2723 2256 2780 quo
2287 2708 2453 2764 multa
2500 2711 2848 2766 inveniuntur
2874 2725 2980 2766 non
3013 2710 3283 2767 catholico
3311 2711 3451 2783 style
3493 2720 3738 2779 exarata,

2144 2801 2241 2856 sed
2273 2811 2463 2857 contra
2495 2802 2780 2858 veritatem
2824 2803 3136 2874 apostolicae
3164 2802 3285 2858 ﬁdei
3318 2803 3552 2860 inaniter
3578 2805 3743 2860 desu-

2142 2890 2289 2948 data.
2317 2891 2416 2948 Cui
2455 2892 2628 2949 labori
2653 2901 2848 2949 vestrae
2887 2894 3060 2965 magis
3104 2895 3320 2963 pietatis
3342 2894 3589 2963 jussione
3619 2894 3744 2953 ani-

2140 2990 2341 3048 matus,
2369 2998 2531 3054 quam
2560 2984 2796 3055 propriae
2834 2982 3075 3040 conﬁsus
3112 2985 3322 3055 peritiae
3355 2985 3631 3055 juvamine
3670 2983 3740 3041 li-

2138 3072 2332 3131 benter
2372 3076 2650 3131 succubui.
2694 3075 2764 3130 Et
2810 3076 2935 3130 licet
2973 3075 3153 3129 nullus
3198 3091 3259 3131 se
3294 3073 3443 3144 juste
3471 3092 3736 3136 excusare

2137 3165 2318 3221 valeat
2351 3181 2384 3220 a
2421 3164 2735 3222 defensione
2779 3166 2902 3221 ﬁdei
2951 3166 3251 3232 catholicae,
3301 3175 3482 3223 tamen
3529 3176 3737 3226 sancta:

2137 3255 2431 3312 voluntatis
2457 3264 2652 3311 vestris
2679 3263 3006 3328 praeceptum
3034 3271 3169 3313 mea:
3196 3255 3499 3313 devotionis
3531 3259 3735 3330 stylum

433 3343 725 3406 laudabilis
751 3358 806 3406 et
830 3350 1063 3409 salubris
1087 3366 1172 3410 est
1199 3357 1487 3413 conversio
1521 3368 1709 3416 vestra
1755 3317 1826 3417 ad
1850 3364 2029 3418 unita-
2060 3317 2108 3381 ο
2138 3348 2149 3402 ¹

2015 3317 2032 3404 ί
2060 3317 2108 3381 C
2138 3346 2299 3417 hujus
2320 3347 2505 3418 operis
2554 3317 2872 3405 debitorem-
2887 3347 3125 3403 maxime
3148 3345 3353 3411 eﬁ‘ecit,
3381 3347 3527 3417 quod
3560 3317 3731 3405 totum

431 3445 551 3497 tem
574 3441 729 3511 pacis
754 3450 810 3498 et
835 3442 981 3510 ﬁdei,
1008 3453 1063 3500 et
1092 3456 1348 3517 quantam
1392 3449 1604 3507 habetis
1630 3451 1863 3524 gloriam
1884 3455 2027 3525 apud
2131 3448 2326 3495 vestrte
2345 3438 2817 3495 excellentissima:
2833 3440 3112 3511 sapientiae
3131 3438 3440 3510 specialiter
3452 3447 3734 3510 exspectat

430 3531 610 3591 Deum
644 3543 703 3589 et
743 3545 964 3592 sanctos
998 3535 1146 3607 ejus!
1181 3537 1398 3596 Utinam
1447 3540 1593 3612 legat
1650 3550 1708 3600 ει
1740 3545 1922 3600 videat
1977 3548 2034 3602 in
2125 3532 2411 3603 judicium,
2448 3540 2632 3588 utrum
2683 3531 3072 3588 ecclesiasticis
3115 3530 3337 3603 dignum
3391 3531 3463 3587 sit
3504 3532 3732 3589 auribus

429 3638 573 3697 pace
596 3632 652 3680 et
688 3626 936 3695 profectu
964 3629 1203 3698 parvitas
1239 3646 1360 3687 mea
1419 3630 1627 3689 litteras
1673 3635 2024 3695 beatitudinis
2131 3625 2360 3696 aperire.
2389 3624 2526 3680 Nam
2568 3625 2732 3681 istum
2762 3625 3003 3681 libellum
3034 3625 3090 3680 in
3126 3624 3492 3695 disputatione
3523 3637 3572 3692 ο,
3604 3640 3728 3697 qum

434 3724 655 3783 vestrae,
687 3725 748 3773 ut
774 3720 1015 3790 gaudens
1043 3721 1337 3794 intelligam
1357 3763 1371 3788 ,
1423 3724 1468 3779 si
1495 3724 1698 3794 aliquid
1726 3728 2033 3787 devotionis

429 3821 571 3863 mea:
598 3815 655 3863 et
683 3808 992 3875 cltaritatis,
1033 3826 1196 3881 quam
1248 3811 1422 3868 habeo
1447 3829 1547 3884 pro
1584 3815 1739 3871 vobis
1782 3817 1838 3872 in
1873 3817 2031 3875 Chri-

427 3912 543 3967 sto,
560 3899 891 3971 proﬁcerent
915 3917 1125 3974 preces.
1158 3903 1530 3962 Humiliamim'
1552 3908 1649 3963 sub
1675 3926 1837 3966 manu
1861 3914 2028 3967 omni-

426 3997 657 4066 potentis
682 3995 802 4063 Dei,
830 4006 887 4052 ut
942 4015 1030 4053 vos
1081 3998 1274 4054 exultet
1320 4002 1375 4055 in
1403 4011 1634 4072 tempore
1674 4003 2028 4061 tribulationis

426 4086 484 4160 (I
515 4085 662 4143 Petr.
692 4105 757 4155 v,
807 4089 862 4162 6)
892 4105 907 4144 :
939 4100 996 4146 et
1025 4093 1195 4149 nolite
1230 4101 1425 4149 vestrae
1471 4108 1743 4151 amatores
1775 4110 1895 4153 esse
1932 4114 2024 4155 sa-

423 4179 648 4252 pientia:
673 4196 798 4235 cum
849 4183 1065 4251 paucis,
1120 4184 1214 4239 sed
1252 4185 1499 4240 veritatis
1552 4195 1855 4243 assertores
1906 4189 2025 4246 sitis

424 4284 552 4327 cum
575 4272 845 4342 plurimis.
873 4271 1248 4330 Convertimini
1281 4276 1353 4330 ad
1370 4292 1476 4343 me,
1501 4284 1551 4331 et
1580 4293 1676 4348 ego
1705 4288 1937 4334 revertar
1953 4281 2024 4335 ad

422 4379 535 4430 vos,
567 4365 698 4420 dicit
736 4364 995 4422 Dominus
1021 4366 1208 4442 (lactt.
1242 4385 1281 4434 ι,
1310 4368 1389 4442 3).
1444 4370 1633 4427 Divina
1672 4389 1766 4429 vos
1816 4374 1869 4429 in
1901 4373 2024 4448 Spi-

420 4459 535 4514 ritu
556 4456 841 4515 Paracleto
878 4461 1176 4532 praeveniat
1210 4463 1385 4533 gratia
1419 4461 1487 4517 ad
1518 4462 1921 4535 intelligendam
1966 4476 2022 4522 et

417 4550 823 4624 praedicandam
868 4552 992 4607 ﬁdei
1034 4554 1339 4617 veritatem,
1373 4562 1641 4624 quatenus
1688 4557 2019 4615 immaculati

2131 3719 2187 3773 in
2213 3727 2392 3775 vestra
2421 3719 2589 3791 788
2607 3718 2911 3774 veneranda
2937 3710 3225 3789 praesentia
3254 3732 3379 3774 cum
3401 3712 3580 3775 Felice
3596 3732 3730 3777 ven-

2129 3811 2287 3866 tilata
2312 3819 2421 3877 est,
2438 3819 2761 3882 praesentem
2785 3811 2970 3867 habui.
2996 3810 3104 3866 Sed
3124 3811 3249 3881 quia
3274 3825 3375 3866 nec
3398 3810 3575 3868 adhuc
3598 3820 3728 3870 ante

2127 3911 2369 3959 vestrum
2394 3902 2668 3973 perlectus
2692 3901 2721 3942 (ι
2754 3911 2838 3958 est
2871 3903 3213 3973 sapientiam,
3244 3916 3344 3959 nec
3383 3917 3415 3956 a
3440 3903 3725 3968 vobis,cui

2127 3996 2362 4052 maxime
2401 3995 2636 4060 sudavit,
2677 3995 3077 4065 comprobatus,
3111 4002 3288 4048 ratum
3331 3993 3458 4047 duxi
3489 3993 3721 4064 publicis

2126 4104 2233 4143 non
2259 4087 2437 4143 ell'erri
2462 4088 2703 4143 auribus.
2736 4086 2891 4142 Nunc
2913 4101 3046 4141 vero
3069 4094 3249 4141 vestra
3278 4086 3458 4140 videat
3484 4085 3722 4139 auctori-

2126 4186 2209 4234 tas
2237 4178 2367 4248 quid
2396 4178 2461 4232 de
2491 4192 2558 4234 eo
2582 4177 2698 4232 ﬁeri
2734 4176 2876 4232 velit.
2907 4177 3142 4232 Tantum
3170 4176 3432 4247 deprecor
3450 4184 3510 4231 ut
3540 4176 3719 4231 nulla-

2122 4281 2279 4325 tenus
2295 4270 2447 4341 prius
2466 4270 2550 4325 vei
2575 4270 2861 4341 abjiciatur
2885 4268 2965 4324 vel
2998 4269 3053 4323 in
3082 4268 3356 4339 publicum
3385 4266 3716 4339 proferatur,

2122 4378 2282 4434 quam
2309 4371 2455 4419 totus
2481 4363 2626 4419 inter
2648 4362 2944 4418 familiares
2964 4376 3226 4433 personas
3252 4368 3447 4417 vestrae
3472 4361 3717 4418 auctori-

2120 4458 2248 4511 tatis
2274 4456 2510 4511 examini
2543 4454 2869 4526 perlegatur.
2900 4452 3083 4509 Multis
3118 4454 3264 4509 enim
3293 4452 3349 4508 in
3373 4453 3507 4509 locis
3531 4452 3717 4515 minus

2118 4548 2365 4604 ordinata
2391 4546 2755 4617 disputatione
2777 4560 3021 4611 currere,
3051 4552 3109 4600 et
3145 4559 3289 4615 saepe
3307 4553 3433 4600 ante
3459 4544 3602 4601 dicta
3626 4558 3714 4600 re-

417 4649 479 4698 et
495 4642 740 4698 coronati
768 4650 891 4698 ante
915 4642 1150 4699 tribunal
1193 4646 1389 4700 summi
1417 4644 1623 4703 Iudicis
1668 4647 1857 4707 audire
1905 4665 2015 4705 me—
2040 4677 2091 4739 D

1992 4682 2015 4691 _
2040 4677 2091 4739 υ
2116 4648 2321 4710 petere,
2355 4638 2667 4708 solutasque
2715 4637 2931 4691 videtur
2977 4637 3175 4692 iterare
3226 4636 3550 4701 sententias;
3581 4635 3707 4705 quia

418 4734 650 4788 reamini
696 4748 711 4788 :
752 4733 952 4800 Venite,
1002 4734 1274 4791 benedicti.
1330 4734 1558 4808 Reliqda
1592 4737 1826 4811 (Matth.
1883 4760 2014 4814 xxv,

418 4824 535 4897 at).
1980 4835 1985 4843 ·

490 5080 517 5108 ο
540 5066 621 5144 1ηΔ
652 5084 775 5122 uno.
806 5108 820 5121 .
845 5106 863 5124 .
890 5067 1186 5144 adoptionis
1228 5068 1401 5144 verbo.
1428 5067 1599 5144 Aliter
1640 5069 1896 5144 Al_cu_inus
1914 5090 2011 5144 po-

411 5149 531 5195 stca
556 5139 779 5195 edoctus
799 5140 986 5203 sensit,
1033 5147 1317 5209 postquam
1349 5140 1587 5195 libellum
1609 5154 1639 5194 a
1685 5140 1858 5198 Felice
1905 5139 2007 5200 sibi

411 5210 723 5282 oppositum
752 5211 969 5265 evolvit.
1000 5211 1075 5264 lta
1105 5212 1249 5265 enim
1281 5210 1478 5282 scribit,
1501 5211 1553 5264 in
1591 5211 1761 5282 Epist.
1797 5216 1885 5279 83,
1939 5216 2005 5270 ad

411 5281 679 5352 domuum
716 5296 940 5352 regem:
981 5300 1000 5333 ‹
1027 5282 1209 5351 Nuper
1234 5281 1377 5335 venit
1410 5281 1542 5337 mihi
1593 5281 1801 5338 libellus
1831 5302 1862 5339 a
1905 5285 2008 5352 Ee-

412 5352 520 5409 lice
560 5350 1082 5434 infelice—directus,
1116 5350 1310 5425 cujus,
1354 5361 1575 5434 propter
1611 5350 2003 5434 curiositatem,

410 5438 541 5479 cum
574 5438 772 5505 paucas
801 5422 1080 5505 paginolas
1104 5422 1434 5505 percucurri,
1462 5422 1637 5478 inveni
1662 5424 1872 5505 pejores
1896 5422 2006 5505 ita}?

410 5493 707 5575 reses,_v_el
757 5493 932 5563 magis
978 5494 1360 5565 blasphemias,
1408 5509 1572 5565 quam
1624 5493 1748 5550 ante
1793 5497 1848 5552 in
1886 5497 2003 5569 ejus

408 5564 1021 5699 ωῗρὲἓιξέεὲιζξέῗάιέιη
1071 5635 1379 5705 accepimus
1404 5651 1432 5687 a
1462 5634 1699 5699 Baluzio,
1730 5638 1821 5705 qui
1850 5638 1999 5694 illam

482 5650 516 5717 un
552 5650 701 5718 nunc
740 5650 1021 5699 CDISlOlam
1071 5650 1379 5759 accepimus
1404 5651 1432 5687 a
1464 5650 1699 5699 uatum,
1730 5651 1821 5705 QUI
1850 5650 1999 5725 illa]?

406 5720 637 5835 limi
663 5708 925 5833 ὲιὶέῗῖέἰὲἶ
945 5706 1697 5834 ἕρξἒὲᾟὲιῶ’ἓὸῖἰξέέιίξῒεέένν
1726 5724 1847 5779 '“g'
1876 5706 2002 5765 “°‘

569 5793 637 5834 CX
663 5793 783 5833 000.
816 5793 916 5833 ms.
945 5793 1084 5834 0300
1115 5793 1240 5832 mm.
1270 5793 1607 5833 uomerunze.

485 5817 637 5906 ἵἰῖ
663 5817 1090 5918 ’ἆίῖῥκὶὶὶῖὲοἷιὲἥ
1122 5849 1201 5904 εκ
1244 5849 1347 5904 hoc
1392 5848 1514 5903 loco
1556 5848 1833 5914 discimus,
1870 5872 1890 5903 ι
1918 5852 1998 5907 in-

408 5918 606 5991 quiunt
630 5927 879 5978 auctores
895 5920 1033 5977 Hist.
1051 5920 1154 5976 litt.
1180 5919 1441 5984 Francia),
1458 5925 1588 5975 tom.
1613 5918 1703 5985 ιν,
1725 5935 1845 5992 pag.
1870 5922 1929 5979 5|
1948 5925 1994 5988 t,

2116 4730 2170 4784 in
2214 4729 2361 4784 omni
2401 4727 2523 4784 loco
2547 4728 2911 4799 proponendis
2967 4726 3358 4796 quaestionibus
3398 4726 3708 4783 necessario

2114 4823 2544 4893 respondendum
2594 4821 2714 4887 fuit,
2760 4838 2829 4877 ne
2867 4820 3049 4892 aliquo
3094 4821 3437 4877 adversarius
3481 4820 3536 4874 in
3586 4819 3707 4874 loco

2111 4927 2241 4970 suas
2272 4912 2447 4981 iactet
2480 4912 2876 4983 propositiones
2906 4928 3233 4980 permanere
3270 4911 3618 4975 iudiscussas,
3648 4919 3705 4967 ct

2115 5106 2134 5139 ι
2170 5088 2316 5157 quod
2358 5085 2485 5141 alibi
2518 5102 2621 5141 non
2650 5087 2880 5156 legimus
2924 5089 3090 5143 libros
3118 5104 3190 5141 vn
3231 5098 3416 5143 contra
3461 5084 3697 5157 Felicem

2113 5156 2240 5241 ante
2260 5158 2399 5212 hanc
2421 5174 2542 5212 cum
2572 5157 2662 5240 illo
2683 5160 3095 5241 disputationem
3121 5159 3285 5241 fuisse
3312 5159 3509 5241 ﬁnitos.
3543 5156 3696 5241 Unde

2112 5228 2333 5283 eosdem
2386 5228 2704 5300 convenisse
2732 5238 2978 5298 oportet;
3012 5240 3296 5300 postquam
3330 5229 3416 5285 ille
3456 5230 3509 5285 in
3540 5229 3690 5299 prio-

2111 5314 2229 5371 rem
2257 5314 2501 5371 errorem
2528 5298 2773 5371 relapsus
2791 5310 2894 5365 est,
2919 5311 2975 5355 et
2998 5298 3289 5370 antequam
3309 5298 3568 5356 Aleuinus
3592 5301 3693 5371 hos

2110 5368 2279 5425 libros
2307 5369 2595 5437 vulgasset.
2632 5368 2658 5422 i
2685 5370 2967 5425 Alcuinum
2988 5388 3118 5426 cum
3147 5368 3330 5427 Felice
3367 5386 3550 5426 coram
3590 5370 3693 5427 Ca-

2112 5439 2227 5511 rolo
2253 5439 2444 5511 Magno
2469 5441 2775 5509 disputasse
2802 5440 2988 5496 nullibi
3014 5442 3334 5511 reperimus,
3358 5442 3459 5498 nisi
3486 5442 3538 5497 in
3567 5454 3695 5496 cono

2112 5509 2238 5582 eilio
2283 5509 2705 5582 Aquisgram-usi
2753 5511 2897 5567 circa
2946 5509 3106 5567 ﬁnem
3155 5512 3279 5567 anni
3334 5511 3438 5568 799
3481 5511 3687 5567 habito.

2102 5580 2271 5650 igitur
2302 5580 2725 5650 ﬁnito—primum
2766 5583 2868 5637 hoc
2898 5583 3149 5647 concilio,
3177 5598 3271 5638 eos
3301 5582 3470 5638 libros
3493 5582 3692 5637 Carolo

2106 5653 2411 5725 probandos
2441 5653 2605 5725 misit,
2629 5662 2683 5706 et
2710 5670 2855 5708 anno
2881 5654 3097 5709 demum
3119 5656 3363 5724 sequenti
3384 5654 3507 5721 800,
3535 5660 3689 5725 post-

2102 5724 2386 5798 quam_di_u
2418 5724 2518 5779 sub
2541 5739 2769 5798 censura
2800 5726 3079 5798 sudarunt,
3113 5725 3400 5798 evulgavit.

2106 5790 2200 5918 ἐῢς
2239 5790 2527 5851 Perlectus.
2567 5793 2684 5864 Qua
2716 5796 2784 5853 de
2822 5810 2879 5851 re
2915 5796 3111 5852 iterum
3156 5790 3265 5868 agii
3295 5797 3453 5867 epist.
3490 5792 3591 5849 lim
3630 5802 3686 5849 et
