4346 6644
620 387 724 444 12⁸1

620 513 722 568 ego
747 495 901 567 quasi
947 493 1123 551 victus
1162 505 1269 547 non
1317 490 1574 546 haberem
1621 486 1752 557 quid
1800 482 2202 556 responderem.
2238 483 2284 544 Α

620 590 793 664 Igitur
812 587 1043 660 plurima
1070 584 1310 657 copioso,
1350 581 1444 638 sed
1471 597 1575 636 non
1604 578 1929 635 scholastico
1957 588 2208 631 sermone

622 690 935 737 sanctorum
959 677 1180 734 Patrum
1205 674 1446 746 exempla
1487 671 1745 744 praefatus
1765 671 2074 740 disputator
2097 664 2209 721 col-

623 772 791 841 ligere
835 768 1059 832 studuit,
1095 780 1326 838 quorum
1371 765 1620 834 quaedam
1664 761 1882 818 sibimet
1925 759 2024 828 ipsi
2053 755 2210 812 valde

627 859 901 915 adversari
931 859 1210 923 videntur;
1239 856 1487 926 quaedam
1525 853 1658 908 nihil
1684 852 1797 907 suis
1825 851 2008 906 favere
2047 847 2213 918 parti-

625 951 729 1007 bus
755 948 1160 1020 intelliguntur;
1192 947 1438 1016 quaedam
1463 958 1632 1014 pravo
1651 956 1834 1004 sensu,
1866 938 2025 993 aliter
2047 951 2207 1006 quam

626 1042 697 1098 ab
717 1042 797 1097 eis
820 1040 993 1111 posita
1023 1045 1170 1102 sunt,
1197 1037 1557 1106 interpretare
1581 1033 1796 1089 nititur.
1837 1030 1908 1086 Et
1931 1028 2015 1083 his
2040 1026 2212 1081 tribus

623 1131 801 1188 modis
851 1129 1241 1186 sententiarum
1290 1127 1435 1181 illius
1479 1122 1841 1179 numerositas
1881 1118 2208 1177 contexitur.

623 1220 724 1278 Cui
747 1235 936 1276 revera
962 1218 1129 1275 multo
1162 1217 1354 1272 melius
1377 1223 1526 1271 esset
1557 1220 1821 1284 perpetuo
1847 1209 2213 1266 conticescere

624 1313 861 1379 silentio,
893 1327 1056 1383 quam
1080 1309 1232 1366 mala:
1256 1305 1546 1380 pravitatis
1563 1305 1809 1360 doctrina
1837 1317 2035 1358 nomen
2055 1314 2212 1355 suum

622 1405 785 1462 latius
827 1405 1188 1468 innotescere,
1211 1409 1270 1456 et
1303 1416 1413 1456 non
1438 1396 1764 1455 necessariis
1807 1411 1867 1451 se
1905 1394 2213 1450 immiscere

622 1497 1030 1569 quaestionibus.
1053 1492 1198 1564 Quid
1226 1493 1370 1550 enim
1398 1490 1622 1564 prodest
1647 1487 1903 1545 Ecclesiae
1929 1485 2027 1542 Dei
2048 1482 2214 1541 Chri-

622 1597 767 1643 stum
816 1585 1089 1658 appellare
1124 1582 1432 1654 adoptivum
1469 1579 1659 1647 ﬁlium,
1708 1579 1791 1634 vel
1817 1576 1986 1632 Deum
2007 1588 2214 1630 nuncu-

622 1675 900 1745 pativum?
929 1671 1028 1730 Vel
1054 1687 1175 1744 quae
1203 1685 1365 1726 aures
1389 1669 1654 1727 catholica
1684 1666 1790 1723 ﬁde
1830 1664 2059 1722 erudita:
2097 1663 2217 1720 haec

1476 377 1540 434 Β.
1580 377 1643 433 F.
1679 373 1906 432 ALBINI
1945 373 2078 430 SEU
2117 366 2393 427 ALCUINI
2429 361 2718 422 OI’ERUM
2754 360 2934 418 PARS
2971 361 3057 418 ιιι.

3789 365 3891 422 123

2875 476 2904 515 ι)
2937 471 3339 531 ΡΚΑΞΙΡΑΤΙΟ

2487 588 2555 645 IN
2593 587 2840 644 LIBROS
2867 586 2956 644 VII
2986 586 3355 644 ADV’ERSUS
3392 587 3709 646 FELICEM.

2771 696 2842 735 AD
2879 693 3128 736 CAROLUH
3166 694 3385 735 MAGNO)!
3394 720 3407 735 .

2380 769 2490 826 Hos
2529 770 2767 840 quinque
2795 783 2964 839 panes
2999 775 3055 822 et
3079 769 3212 823 duos
3248 767 3539 837 pisciculos
3567 780 3589 809 ο
3621 769 3784 824 simul
3810 781 3897 824 se—

2307 863 2558 934 ptenario
2592 877 2818 917 numero
2872 869 3242 926 consecratos,
3292 860 3359 914 de
3411 861 3720 930 apostolicae
3771 861 3895 920 ﬁdei

2307 969 2439 1025 pera
2468 954 2706 1025 prolatos
2735 961 2929 1008 vestra:
2945 951 3301 1007 sanctissimae
3313 952 3626 1008 auctoritati
3649 951 3856 1010 direxid
3883 993 3900 1018 ,

2309 1045 2527 1102 domine
2574 1045 2648 1099 mi
2694 1044 2883 1108 David,
2925 1052 2986 1098 ut
3023 1044 3116 1098 Dei
3141 1042 3345 1104 Christi
3368 1043 3745 1102 benedictione
3765 1042 3905 1100 mul-

2309 1135 2559 1204 tiplicati,
2584 1148 2682 1205 per
2709 1148 2808 1188 vos
2830 1133 3092 1188 esurienti
3120 1131 3315 1205 p0pulo
3345 1141 3400 1189 et
3436 1135 3492 1189 in
3513 1134 3742 1191 desertis
3765 1133 3896 1190 locis

2310 1227 2580 1283 habitanti
2623 1227 2692 1281 ad
2729 1225 3037 1281 satietatem
3088 1223 3355 1282 catholice
3398 1225 3794 1282 ministrentur.
3836 1224 3894 1281 In

2311 1318 2417 1374 hoc
2443 1332 2677 1388 namque
2704 1317 2964 1386 opusculo
3007 1315 3289 1372 catholicae
3339 1314 3467 1372 ﬁdei
3507 1315 3792 1372 veritatem
3830 1330 3899 1371 ex

2311 1420 2628 1466 sanctorum
2669 1407 2892 1465 Patrum
2932 1408 3101 1482 789
3123 1407 3446 1466 certissimis
3481 1408 3714 1480 probare
3743 1408 3900 1464 testi-

2313 1501 2511 1556 moniis
2546 1502 2699 1556 nisus
2739 1517 2880 1567 sum,
2928 1499 2985 1556 id
3021 1507 3125 1565 est,
3164 1499 3312 1556 beati
3358 1499 3697 1572 Hieronymi,
3734 1506 3903 1569 atque

2314 1593 2489 1648 sancti
2535 1591 2859 1663 Augustini,
2905 1590 3154 1663 Gregorii
3201 1607 3358 1664 papae
3402 1591 3667 1660 Romani,
3710 1590 3902 1648 Hilarii

2313 1683 2673 1742 Pictaviensis
2706 1683 2967 1754 episcopi,
3009 1682 3207 1740 Leonis
3231 1698 3447 1754 quoque
3478 1699 3656 1754 papas,
3683 1689 3740 1739 et
3771 1683 3906 1739 Ful-

621 1763 842 1822 ηοωίηα
869 1763 1101 1820 “belli”?
1134 1761 1322 1818 δυάίτθ
1358 1760 1638 1832 Palmm“r
1664 1758 1732 1815 de
1755 1755 2002 1850 “1an
2024 1763 2212 1850 “95"?
2245 1844 2282 1850 _
2316 1777 2483 1850 gentii
2509 1775 2772 1847 episcopi,
2805 1773 3078 1830 Ambrosii
3110 1789 3327 1845 quoque
3352 1773 3768 1830 Mediolanensis
3792 1773 3906 1846 epi-

623 1852 756 1913 Jesu
775 1853 996 1912 Christo
1035 1853 1402 1924 omnipotente
1423 1852 1536 1907 Deo
1563 1857 1623 1905 et
1655 1860 1785 1903 vero
1807 1846 1945 1902 Filio
1970 1845 2090 1912 Dei,
2119 1846 2212 1916 qui
2243 1844 2290 1905 Β
2315 1844 2339 1922 g

2189 1846 2212 1902 ί
2243 1844 2290 1905 Β
2315 1844 2498 1937 scepi;
2524 1844 2620 1922 sed
2642 1844 2997 1920 etfortissimi
3017 1844 3206 1920 contra
3224 1863 3532 1920 Nestorium
3556 1863 3742 1920 militis
3757 1844 3905 1921 beati

621 1953 710 2004 est
753 1949 915 2004 tertia
944 1959 971 1988 ι
1000 1946 1056 2002 in
1109 1954 1297 2003 sancta
1346 1943 1612 1999 Trinitate
1649 1955 1910 2013 persona,
1955 1947 2014 1996 et
2044 1939 2212 2010 judcx

621 2050 884 2098 venturus
927 2038 1173 2095 vivorum
1221 2045 1278 2094 et
1321 2034 1696 2092 mortuorum?
1751 2031 1924 2090 Unam
1978 2046 2215 2102 namque

623 2135 984 2191 substantiam
1006 2132 1365 2204 praedicamus
1385 2131 1439 2186 in
1461 2128 1645 2195 Patre,
1669 2137 1724 2184 et
1740 2127 1900 2195 Filio,
1928 2135 1985 2184 et
2007 2127 2214 2198 Spiritu

621 2231 836 2291 sancto,
864 2230 919 2279 et
964 2232 1076 2278 tres
1102 2237 1382 2293 personas.
1414 2219 1591 2278 Unam
1621 2235 1749 2277 vero
1773 2233 2062 2290 personam
2095 2232 2215 2274 cre-

621 2318 820 2385 dimus,
853 2324 910 2373 et
947 2316 1082 2373 duas
1121 2315 1454 2372 substantias
1496 2315 1551 2370 in
1598 2313 1818 2370 Christo
1846 2313 1956 2370 Deo
1984 2313 2214 2369 Domino

624 2418 832 2476 nostro,
875 2409 1236 2479 eumdemque
1277 2416 1446 2463 totum
1486 2407 1656 2464 Deum
1693 2408 2122 2480 omnipotentem
2159 2414 2219 2463 et

623 2498 723 2557 Dei
747 2498 942 2554 Filium
965 2513 1153 2554 verum
1175 2507 1230 2553 et
1253 2497 1554 2569 proprium.
1583 2496 1901 2566 Quicunque
1922 2510 2053 2551 vero
2074 2496 2219 2551 hanc

626 2590 788 2646 ﬁdem
823 2605 924 2646 nec
948 2588 1114 2645 corde
1151 2588 1346 2655 credit,
1375 2605 1477 2644 nec
1516 2603 1612 2645 ore
1639 2585 1955 2653 conﬁtetur,
1985 2585 2216 2641 nullate-

622 2696 729 2737 nus
777 2680 1076 2737 catholicus
1140 2677 1442 2736 credendus
1495 2687 1610 2744 est,
1659 2680 1756 2736 sed
1813 2677 2215 2735 schismaticus.

624 2771 820 2829 Vestra
848 2785 977 2826 vero
1025 2779 1214 2826 sancta
1257 2770 1508 2828 voluntas
1556 2781 1718 2841 atque
1758 2787 1791 2827 a
1827 2771 1939 2828 Deo
1965 2770 2218 2827 ordinata

624 2871 870 2934 potestas
895 2861 1216 2919 catholicam
1251 2869 1414 2932 atque
1441 2861 1794 2933 apostolicam
1826 2862 1988 2918 ﬁdem
2017 2861 2221 2931 ubique

626 2952 914 3019 defendat;
969 2968 1033 3009 ac
1079 2951 1248 3008 veluti
1293 2953 1462 3009 armis
1509 2952 1797 3024 imperium
1849 2953 2219 3010 Christianum

626 3042 844 3100 fortiter
869 3041 1100 3097 dilatare
1126 3040 1360 3108 laborat,
1388 3042 1465 3099 ita
1492 3049 1551 3099 et
1571 3043 1882 3113 apostolica;
1915 3042 2042 3099 ﬁdei
2077 3042 2222 3098 veri-

2313 1956 2530 2028 Cyrilli;
2559 1956 2705 2012 Petri
2745 1954 2913 2012 etiam
2960 1955 3333 2011 Ravennensis
3378 1954 3641 2026 episcopi,
3669 1961 3727 2012 et
3760 1953 3908 2012 beati

2312 2046 2471 2103 Beda:
2503 2045 2808 2118 presbyteri
2828 2086 2843 2112 ,
2888 2044 3245 2115 Gregoriique
3281 2042 3641 2111 Nasianzeni;
3673 2059 3776 2101 nec
3800 2059 3909 2101 non

2312 2147 2370 2193 et
2393 2137 2585 2194 Isidori
2612 2136 2983 2209 Hispaniensis
3010 2143 3066 2192 et
3088 2134 3316 2194 Juvenci
3344 2132 3587 2207 ejusdem
3615 2135 3910 2206 provincia:

2313 2227 2643 2284 scholastici.
2683 2226 2744 2282 Si
2771 2240 2902 2298 ergo
2939 2242 3028 2282 me
3054 2225 3178 2297 quis
3209 2223 3611 2296 reprehendere
3641 2225 3794 2290 velit,
3821 2227 3911 2282 vel

2301 2305 2468 2376 'meos
2497 2334 2691 2384 sensus
2717 2317 2966 2388 improbo
2992 2315 3154 2372 dente
3181 2317 3404 2383 rodere,
3431 2317 3629 2372 horum
3666 2316 3912 2372 testimo-

2315 2411 2424 2467 niis
2443 2417 2757 2466 sanctorum
2773 2409 2995 2463 Patrum
3014 2407 3295 2464 convictus
3315 2406 3534 2461 veritati
3558 2408 3914 2463 succumbere

2315 2517 2540 2559 necesse
2569 2502 2706 2567 erit;
2733 2515 2836 2557 nec
2861 2515 3046 2556 errare
3069 2500 3342 2570 putandus
3370 2507 3486 2566 est,
3512 2499 3604 2570 qui
3633 2515 3758 2556 cum
3787 2499 3916 2556 tali-

2314 2591 2419 2647 bus
2453 2593 2594 2646 intra
2635 2589 2919 2646 catholica:
2969 2587 3095 2645 ﬁdei
3140 2598 3323 2645 castra
3357 2597 3624 2645 moratur.
3665 2587 3918 2662 Origenis

2316 2697 2531 2755 quoque
2551 2683 2805 2754 quaedam
2840 2682 2926 2738 vel
2948 2683 3194 2740 Cassiani
3218 2682 3465 2755 exempla
3488 2683 3670 2754 posui,
3706 2683 3834 2740 licet
3858 2684 3915 2742 in

2315 2771 2641 2843 quibusdam
2662 2769 2798 2827 locis
2819 2767 3229 2842 Scripturarum
3249 2786 3470 2828 suarum
3492 2787 3526 2828 a
3547 2770 3654 2828 ﬁde
3674 2774 3918 2829 orbitare

2315 2864 2634 2932 videantur;
2664 2871 2846 2919 tamen
2886 2877 2951 2919 ea
2997 2863 3176 2935 posui,
3235 2863 3293 2920 in
3344 2865 3546 2936 quibus
3580 2867 3919 2938 prescriptis

2318 2955 2633 3013 doctoribus
2679 2962 3043 3010 consentanea
3087 2955 3290 3012 dixisse
3316 2956 3650 3028 probantur,
3681 2971 3919 3029 sequens

2319 3044 2566 3116 exempla
2590 3043 2894 3101 beatissimi
2931 3045 3171 3102 doctoris
3217 3044 3561 3118 Hieronymi,
3607 3046 3702 3117 qui
3744 3045 3916 3102 multa

625 3143 796 3194 tatem
833 3133 1147 3199 defendere,
1177 3133 1374 3191 docere
1405 3142 1464 3192 et
1503 3150 1805 3207 propagare
1829 3137 2062 3203 studeat,
2101 3133 2218 3208 ipso
2244 3185 2290 3208 η
2319 3151 2390 3191 ex
2417 3135 2653 3206 Origene
2684 3135 2994 3190 testimonia
3039 3136 3156 3192 auis
3198 3136 3442 3192 inserere
3479 3136 3758 3206 opusculis
3784 3151 3919 3192 con-

626 3229 922 3287 auxiliante
947 3229 1004 3284 in
1027 3225 1181 3298 aijus
1208 3236 1478 3300 potestate
1498 3235 1625 3283 sunt
1647 3228 1832 3284 omnia
1860 3242 2027 3301 regna
2048 3236 2222 3284 terra-

627 3337 772 3388 rum,
818 3331 1084 3393 quatenus
1130 3333 1256 3375 cum
1302 3318 1584 3390 multiplici
1625 3318 1828 3375 laboris
1865 3319 2117 3375 mercede
2148 3318 2218 3376 ad

627 3415 874 3490 perpetui
910 3415 1062 3487 regni
1090 3412 1479 3470 beatitudinem
1503 3410 1788 3482 pervenire
1809 3412 2094 3468 merearis.

700 3507 1053 3580 Omnipotens
1080 3504 1223 3560 Deus
1247 3504 1317 3560 ad
1355 3503 1740 3582 egaltationem
1766 3510 1824 3559 et
1846 3501 2218 3558 defensionem

628 3607 834 3657 sancta:
861 3613 973 3654 suae
999 3596 1256 3654 Ecclesiae
1277 3603 1334 3652 et
1366 3597 1436 3652 ad
1459 3594 1756 3653 Christiani
1782 3594 1998 3665 Imperii
2026 3609 2216 3667 pacem

629 3700 690 3749 et
731 3689 1032 3763 profectum
1067 3698 1306 3746 vestram
1350 3688 1551 3762 regalis
1583 3687 1767 3761 gloria:
1799 3689 2096 3759 potentiam
2122 3703 2222 3744 au-

552 3826 559 3832 κ
630 3799 781 3858 gere,
809 3791 1093 3855 protegere
1124 3790 1181 3838 et
1206 3795 1536 3839 conservare
1566 3789 1770 3837 aeterna
1800 3781 2003 3850 pietate
2030 3779 2220 3852 digne-

633 3883 742 3944 tur,
769 3875 988 3933 domine
1012 3873 1513 3932 desiderantissime
1539 3880 1703 3945 atque
1729 3869 2063 3930 beatissime.

701 4139 731 4170 ι
765 4123 1012 4196 Tertia...
1035 4139 1279 4196 persona.
1305 4121 1422 4196 Non
1441 4121 1653 4196 ordine,
1677 4119 1772 4196 sed
1790 4134 2043 4196 numero,
2061 4117 2217 4196 quasi

635 4213 742 4255 una
783 4213 850 4252 ex
880 4190 1082 4258 tribus;
1114 4193 1305 4249 ordine
1331 4195 1477 4249 enim
1509 4194 1668 4249 tertia
1697 4192 1755 4247 in
1797 4191 1979 4258 rigore
2005 4190 2213 4245 theoloo

635 4269 759 4342 gico
792 4265 1053 4342 dicendus
1077 4272 1174 4322 est
1188 4263 1424 4336 Spiritus
1446 4271 1671 4321 sanctus
1693 4262 1786 4335 qui
1811 4259 2030 4318 aPatre
2055 4259 2224 4317 Filio-

636 4354 748 4450 ηυξ
773 4336 1182 4478 {ﬁgamque
1213 4406 1586 4476 prmfationem
1629 4403 1891 4460 debemus
1911 4400 2157 4468 Baluzio,
2181 4399 2224 4457 l.

537 4516 547 4522 -
642 4479 762 4544 cit.,
791 4492 915 4548 pag.
941 4476 1046 4531 416

2243 3185 2291 3250 C

2321 3225 2518 3292 suevit,
2544 3233 2981 3296 caeterorumque
3004 3240 3113 3281 non
3142 3225 3428 3282 abhorruit
3449 3226 3730 3283 doctorum
3765 3227 3914 3284 dicta

2321 3332 2624 3383 assumere,
2653 3317 2782 3372 licet
2806 3317 2861 3372 in
2891 3315 3217 3387 quibusdam
3243 3325 3497 3373 notentur
3525 3332 3716 3375 errare
3740 3317 3919 3375 sensi-

2318 3410 2441 3468 bus.
2468 3408 2605 3466 Nam
2641 3416 2702 3466 et
2722 3411 2914 3466 beatus
2939 3409 3140 3466 Paulus
3175 3425 3274 3466 vas
3309 3409 3591 3467 electionis
3621 3418 3680 3467 et
3718 3411 3918 3467 doctor

2317 3503 2558 3576 gentium
2615 3504 2859 3574 quaedam
2913 3500 3223 3558 testimonia
3271 3502 3338 3558 de
3386 3517 3718 3574 paganorum
3762 3501 3919 3560 libris

2319 3595 2569 3668 proterre
2615 3596 2898 3666 probatur,
2947 3604 3126 3650 ratum
3179 3603 3372 3666 putans
3401 3611 3595 3652 aurum
3619 3611 3651 3652 e
3675 3605 3922 3655 stercore

2323 3688 2532 3754 tulisse,
2585 3687 2933 3758 levatumque
2980 3688 3278 3746 Dominicis
3323 3689 3570 3748 intulisse
3623 3689 3918 3749 thesauris.

2322 3779 2488 3849 Cujus
2512 3781 2759 3852 exempla
2787 3788 3078 3852 sequentes
3095 3797 3236 3852 pene
3254 3798 3445 3840 omnes
3469 3785 3642 3842 sancti
3666 3785 3920 3844 doctores

2324 3870 2390 3925 de
2407 3870 2850 3941 philosophorum
2871 3872 2955 3927 vel
2973 3880 3257 3942 poetarum
3277 3875 3558 3946 gentilium
3577 3874 3731 3935 libris
3746 3875 3919 3934 multa

2324 3961 2438 4017 suis
2457 3960 2740 4019 inseruere
2775 3962 3068 4034 opusculis.
3096 3963 3352 4037 Explicit.

2363 4121 2666 4212 affligit
2704 4123 3062 4212 adqqt‘i‘inque
3110 4140 3281 4208 panes
3305 4126 3654 4212 hordeaceus"
3679 4137 3738 4186 et
3781 4129 3924 4186 duos

2322 4194 2501 4279 pisces
2541 4193 2846 4279 Ii}ypngelii_’
2871 4193 2930 4249 S.
2971 4193 3198 4279 Joannis
3246 4212 3368 4268 cap.
3416 4213 3496 4264 vi,
3543 4200 3744 4279 quibus
3786 4214 3919 4259 suos

2324 4263 2533 4334 septem
2569 4263 2738 4320 libros
2770 4264 3033 4323 adversus
3055 4265 3293 4323 Felicem
3314 4263 3624 4338 comparat.

2329 4405 2343 4420 ο
2370 4419 2375 4420 γ
2389 4332 2424 4420 ξ
2463 4333 2667 4420 Diras}.
2696 4334 2802 4420 Per
2813 4334 3243 4420 Candidum,_ttti
3264 4338 3342 4394 ait
3363 4337 3419 4394 in
3442 4339 3601 4410 epist.
3629 4340 3701 4396 ad
3725 4339 3912 4408 ﬁliam,

2327 4405 2492 4472 infra,
2515 4405 2571 4460 in
2601 4404 2710 4463 ﬁne
2736 4404 2898 4476 hujus
2925 4407 3195 4478 opusculi.

659 4592 3866 4624 Mm

1977 4694 2216 4757 LIBER
2254 4692 2575 4759 PRIMUS.

713 4894 756 4950 ι.
795 4891 1000 4963 Scripsi
1026 4888 1307 4959 epistolam
1337 4886 1548 4958 pridem
1578 4882 1743 4940 Felici
1771 4881 2022 4953 episcopo
2045 4878 2228 4936 chari-
2253 4881 2304 4941 υ
2329 4877 2471 4935 serie
2511 4876 2783 4949 prolixum
2834 4874 2992 4932 nobis
3043 4873 3277 4948 dirigere
3325 4876 3534 4932 studuit
3587 4895 3601 4933 :

647 4986 774 5043 tatis
803 4983 1035 5045 calamo,
1062 4996 1167 5036 non
1197 4977 1559 5035 contentionis
1585 4974 1824 5040 stimulo,
1852 4971 2104 5028 fraternae
2139 4985 2228 5028 sa-

645 5076 772 5134 lutis
795 5074 1082 5141 desiderio,
1108 5088 1214 5128 non
1262 5069 1532 5126 mordacis
1578 5064 2014 5138 reprehensionis
2051 5063 2225 5135 style;

649 5169 867 5236 cupiens
894 5180 1018 5220 eum
1039 5164 1312 5234 corrigere
1338 5163 1393 5216 in
1417 5159 1618 5216 Christi
1645 5156 1951 5220 dilectione,
1982 5169 2144 5222 quem
2173 5153 2228 5208 in

649 5256 928 5328 cujusdam
969 5255 1202 5310 nominis
1230 5253 1468 5308 novitate
1496 5251 1562 5305 de
1608 5249 1824 5304 Christo
1855 5262 1918 5302 ac
1949 5243 2230 5300 catholica:

648 5347 800 5419 pacis
824 5347 1029 5401 unitate
1051 5345 1305 5400 recedere
1330 5350 1518 5398 notum
1551 5339 1800 5395 habetur.
1828 5338 1935 5392 Sed
1959 5347 2020 5392 ut
2065 5352 2232 5407 agno-

650 5456 766 5508 sco,
795 5454 900 5494 non
919 5452 988 5494 eo
1003 5437 1287 5493 charitatis
1308 5432 1502 5498 oﬁicio,
1527 5432 1610 5487 vel
1633 5430 1953 5488 humilitatis
1972 5427 2232 5499 obsequio

653 5547 788 5590 mete
830 5529 1092 5587 litterulas
1129 5528 1416 5600 diligentia:
1457 5527 1680 5596 recepit,
1726 5540 1833 5594 quo
1861 5540 1947 5578 me
1968 5523 2226 5585 scribere,

651 5620 746 5690 qui
777 5634 955 5676 meam
1001 5619 1218 5689 pietatis
1263 5618 1458 5672 intuitu
1494 5616 1685 5688 legerit
1717 5614 2021 5685 epistolam,
2067 5628 2226 5682 agno-

654 5727 809 5772 scere
834 5712 1053 5784 poterit.
1074 5709 1207 5766 Nam
1230 5713 1368 5766 idem
1391 5709 1644 5781 praefatus
1663 5709 1810 5765 Felix
1841 5723 1966 5765 mox
1991 5705 2230 5764 libellum

657 5818 765 5860 non
795 5801 1067 5876 epistolari
1092 5801 1359 5860 brevitate
1397 5802 1752 5870 succinctum,
1783 5799 1879 5856 sed
1918 5811 2228 5854 sermonum

3652 4894 3710 4935 in
3763 4893 3921 4950 cuius

2330 4969 2600 5042 principio
2627 4969 2693 5024 de
2730 4965 3070 5023 confessione
3098 4981 3240 5022 verte
3268 4964 3394 5022 ﬁdei
3418 4967 3665 5037 quaedam
3689 4983 3758 5025 ex
3787 4985 3918 5025 san-

2328 5071 2542 5118 ctorum
2573 5059 2794 5118 Patrum
2836 5057 3116 5114 catholicis
3157 5058 3406 5113 sensibus
3434 5059 3504 5113 ab
3536 5059 3726 5115 eodem
3777 5061 3919 5116 bene

2329 5151 2542 5222 prolata
2567 5150 2836 5220 legebam;
2868 5149 2961 5204 sed
2990 5164 3117 5202 mox
3146 5149 3200 5203 in
3229 5149 3580 5218 sequentibus
3601 5150 3916 5222 multiplici-

2331 5251 2417 5298 ter
2435 5240 2648 5312 pristini
2672 5239 2877 5296 erroris
2893 5238 3248 5295 assertionem
3271 5239 3597 5294 conﬁrmare
3611 5239 3913 5306 nitebatur;

2332 5350 2434 5389 nec
2453 5333 2626 5388 solum
2659 5333 2877 5403 antiqua
2917 5347 3024 5386 non
3071 5331 3369 5397 destruere,
3422 5332 3518 5387 sed
3568 5332 3733 5386 etiam
3774 5347 3921 5387 nova

2335 5425 2583 5496 qumdam
2630 5425 2846 5490 addere,
2901 5422 3084 5493 pejora
3135 5423 3408 5493 prioribus
3457 5436 3743 5494 aggressus
3785 5429 3869 5478 est
3899 5438 3917 5475 :

2335 5521 2476 5576 sicut
2498 5518 2642 5574 enim
2667 5515 2861 5572 fabula:
2889 5515 3088 5580 ferunt,
3116 5515 3362 5585 hydram,
3386 5529 3489 5569 una
3512 5521 3656 5570 secta
3683 5515 3912 5577 cervice,

2336 5609 2577 5667 centenis
2617 5607 2911 5679 pullulasse
2946 5605 3240 5676 capitibus;
3273 5606 3351 5661 sic
3385 5620 3452 5660 ex
3481 5620 3590 5661 uno
3619 5605 3915 5676 serpentini

2335 5701 2529 5773 capitis
2554 5714 2740 5754 errore
2764 5696 3039 5768 multiplex
3060 5712 3238 5767 pravae
3269 5696 3525 5752 doctrina:
3549 5710 3702 5766 seges
3732 5697 3915 5752 inhor-

2337 5791 2464 5848 ruit.
2499 5786 2610 5846 Nec
2642 5787 2744 5846 sibi
2779 5785 3076 5844 suﬁiciebat
3103 5785 3472 5843 tantummodo
3502 5784 3797 5853 Christum,
3823 5785 3925 5858 qui
