4346 6682
301 552 408 611 B9

1056 551 1477 610 DOGMATICA.
1509 581 1580 593 —
1616 550 1776 607 ADV.
1818 547 2114 606 FELlCEM
2154 547 2338 606 LIBRI
2376 546 2484 605 γη.
2525 577 2596 590 --
2630 545 2762 605 ΜΒ.
2802 546 2843 606 l.

3476 547 3580 602 150

297 672 364 728 de
389 668 608 742 Virgine
648 677 811 726 natus
848 673 954 734 est,
983 682 1184 742 negare
1227 668 1507 741 proprium
1537 677 1658 722 esse
1690 663 1889 719 Filium
1914 666 1968 726 Α
1996 668 2128 726 tum,
2158 658 2582 730 nuncupativum
2609 658 2779 714 Deum
2807 656 3071 714 allirmat?
3097 654 3250 726 Quod
3273 655 3366 727 qui
3387 657 3583 727 pracdi-

297 763 413 829 Dei,
441 763 536 819 sed
562 762 730 818 etiam
761 761 909 817 hunc
951 759 1197 816 eumdem
1230 775 1351 815 .non
1391 758 1663 815 consentit
1698 771 1889 811 verum

295 865 420 908 οδω
448 851 653 916 Deum;
681 849 777 908 sed
801 864 944 904 novo
973 857 1030 903 et
1068 847 1313 904 inaudito
1350 856 1554 904 sancta:
1580 847 1675 902 Dei
1703 845 1891 902 Eccle-

296 943 392 999 siae
416 942 635 1000 nomine
663 943 1076 1009 nuncupativum
1098 939 1264 994 Deum
1286 939 1573 996 nominare
1608 938 1760 994 illum
1780 952 1888 993 non

294 1033 470 1100 timet,
497 1032 746 1090 dividens
772 1031 1048 1088 Christum
1075 1031 1130 1086 in
1155 1030 1292 1086 duos
1319 1029 1483 1096 filios,
1503 1045 1669 1084 unum
1699 1043 1890 1083 vocans

293 1124 592 1196 proprium,
620 1122 845 1177 alterum
867 1121 1168 1190 adoptivum
1195 1132 1214 1170 :
1235 1129 1283 1174 et
1307 1119 1362 1174 in
1392 1119 1524 1173 duos
1548 1116 1693 1182 deos,
1726 1131 1889 1171 unum

291 1231 471 1271 versuta
492 1211 686 1280 Deum,
716 1211 944 1266 alterum
976 1210 1387 1281 nuncupativum
1407 1209 1598 1264 Deum.
1624 1207 1802 1277 Atque
1822 1205 1892 1262 ad

291 1304 766 1364 conﬁrmationem
802 1303 968 1375 hujus
1005 1303 1210 1358 erroris
1246 1300 1416 1358 multa
1462 1300 1679 1372 collegit
1721 1314 1892 1372 pravo

293 1413 457 1457 sensu
487 1396 821 1462 testimonia,
849 1409 970 1464 quae
990 1394 1058 1448 ad
1081 1408 1226 1450 verte
1248 1392 1374 1448 fidei
1405 1393 1752 1465 agnitionem,
1770 1391 1893 1462 Spi-

291 1491 403 1546 ritu
427 1496 618 1544 sancto
657 1487 921 1552 dictante,
947 1501 979 1540 a
1009 1484 1324 1541 doctoribus
1358 1482 1496 1540 Novi
1544 1483 1630 1540 vel
1677 1483 1892 1541 Veteris

292 1580 633 1639 Testamenti
648 1577 858 1649 prolata
883 1584 1035 1633 sunt.

361 1669 428 1726 ll.
468 1669 719 1742 Speravi,
742 1666 904 1738 juxta
937 1669 1264 1725 sententiam
1299 1667 1689 1741 sapientissimi
1735 1667 1894 1726 Salo-

291 1764 492 1829 monis,
515 1763 649 1820 dare
676 1761 727 1818 ei
744 1761 1087 1818 occasionem
1113 1760 1393 1833 sapientiae
1413 1777 1515 1833 per
1532 1761 1745 1818 litteras
1765 1776 1892 1834 pre-

289 1853 560 1920 catorias;
583 1853 679 1924 qui
701 1853 778 1908 ait
810 1864 825 1906 :
853 1851 934 1907 Da
961 1852 1307 1908 occasionem
1333 1852 1567 1924 sapienti
1591 1860 1652 1909 et
1675 1853 1893 1925 sapien-

289 1949 399 2004 tior
439 1947 549 2003 erit
598 1945 792 2020 (Prov.
830 1960 920 2013 rx,
955 1944 1046 2018 9).
1076 1943 1243 2013 item,
1284 1952 1411 2017 post
1451 1960 1628 2018 pauca
1665 1944 1891 2017 :Argue

286 2041 590 2112 sapientem
605 2015 679 2095 ‘et
726 2015 1025 2111 sapientior
1054 2037 1162 2093 erit
1201 2055 1214 2092 :
1246 2015 1345 2094 sed
1383 2015 1687 2104 ut—vereor,
1713 2015 1890 2111 magis
1923 2015 1966 2076 Β

285 2127 448 2200 hujus
469 2129 751 2188 sententia:
769 2129 1053 2198 sequentia
1074 2128 1216 2183 illius
1230 2127 1414 2184 sensui
1433 2127 1611 2199 aptari
1627 2136 1886 2200 possunt:

283 2220 469 2293 Argue
496 2219 516 2283 ί
533 2219 741 2293 inquit)
785 2219 1032 2285 stultum,
1064 2226 1117 2274 et
1160 2217 1338 2274 oderit
1377 2225 1452 2274 te.
1493 2216 1629 2274 lliud
1671 2232 1890 2289 quoque

282 2327 395 2368 non
425 2309 624 2380 injuste
650 2311 719 2366 de
753 2308 846 2365 tali
891 2319 1284 2381 praesumpsere
1317 2308 1422 2365 dici
1458 2315 1642 2380 potest
1671 2325 1684 2363 :
1714 2307 1890 2381 Magis

282 2405 494 2476 expedit
517 2420 658 2459 ursae
679 2403 848 2476 captis
883 2401 1075 2458 catulis
1097 2418 1392 2470 occanere,
1410 2417 1572 2475 quam
1595 2402 1744 2473 fatuo
1765 2418 1893 2458 con-

285 2495 479 2566 ﬁdenti
497 2495 553 2550 iu
575 2493 802 2549 stultitia
826 2509 927 2549 sua
942 2489 1128 2564 (Prov.
1143 2507 1282 2559 xvtt,
1306 2491 1417 2566 12).
1443 2491 1610 2564 790
1628 2490 1699 2547 Et
1723 2492 1883 2548 item:

286 2585 352 2643 Si
379 2586 682 2642 cantuderis
721 2583 944 2640 stultum
969 2585 1028 2638 in
1053 2580 1188 2654 pila,
1215 2582 1370 2655 quasi
1403 2583 1642 2652 ptisauas
1670 2582 1890 2654 feriente

281 2675 512 2748 desuper
535 2675 665 2748 pilo,
689 2690 796 2731 non
815 2675 1091 2745 auferetur
1109 2672 1288 2728 abillo
1313 2671 1538 2729 stultitia
1565 2673 1681 2746 ejus
1702 2670 1885 2747 (Prov.

285 2785 462 2836 um,
485 2767 599 2835 9.2).
630 2767 872 2825 Stultitia
892 2780 1090 2838 magna
1111 2775 1196 2822 est
1217 2766 1494 2824 hominem
1516 2765 1570 2822 in
1593 2780 1693 2822 sua
1719 2765 1891 2822 solius

283 2858 560 2917 conﬁdere
583 2858 888 2925 sententia,
911 2865 970 2915 et
990 2865 1306 2914 sanctorum
1342 2855 1570 2914 Patrum
1601 2855 1688 2912 vel
1718 2856 1891 2914 totius

282 2950 542 3009 Ecclesia:
556 2949 854 3006 catholicos
873 2962 1134 3021 spernere
1149 2964 1365 3005 sensus.
1383 2947 1576 3006 Nonne
1586 2948 1704 3006 hac
1717 2947 1892 3005 omni-

284 3043 387 3100 bus
411 3043 686 3102 haereticis
702 3056 871 3099 causa
897 3040 1001 3096 fuit
1028 3041 1374 3113 perditionis,
1399 3042 1548 3113 quod
1571 3057 1685 3099 suae
1709 3041 1888 3114 magis

284 3135 576 3192 voluerunt
613 3142 891 3191 amatores
926 3147 1051 3191 esse
1077 3134 1387 3200 sententias,
1412 3149 1582 3206 quam
1608 3135 1889 3192 veritatis?

286 3224 402 3281 Hoc
432 3225 610 3281 solum
647 3225 695 3281 si
737 3224 969 3297 sapienti
1001 3223 1185 3280 animo
1223 3224 1311 3282 vel
1340 3225 1533 3282 humili
1578 3226 1894 3299 intelligen-

287 3318 364 3372 tia
408 3316 757 3373 considerare
801 3313 1082 3380 voluisset,
1102 3313 1394 3386 praefatum
1436 3316 1615 3373 virum
1648 3317 1886 3374 Felicem

283 3407 357 3462 ab
403 3421 592 3464 errore
632 3421 891 3463 revocare
936 3405 1248 3474 debuisset,
1293 3407 1438 3478 quod
1484 3415 1602 3464 tota
1642 3408 1886 3466 Ecclesia

281 3498 490 3557 Christi
515 3497 587 3554 ab
608 3498 764 3554 initio
789 3498 1098 3568 apostolica:
1125 3498 1532 3570 praedicationis
1557 3503 1664 3558 hoc
1687 3517 1888 3559 nomen

281 3591 595 3662 adoptionis
637 3591 693 3645 in
730 3588 969 3654 Christo,
1019 3589 1108 3646 vel
1162 3593 1544 3664 nuncupatim
1588 3593 1889 3650 divinitatis

282 3695 567 3752 nunquam
591 3679 870 3745 habuerit,
898 3694 1178 3750 nunquam
1197 3681 1534 3752 pradicavit.
1559 3681 1692 3751 Quae
1713 3684 1889 3740 nomi-

281 3787 356 3827 na
384 3785 491 3827 nec
518 3772 575 3825 in
615 3769 946 3840 Evangeliis,
980 3783 1083 3825 nec
1127 3770 1182 3824 in
1212 3769 1579 3841 apostolorum
1607 3772 1886 3843 Epistolis,

282 3866 399 3921 imo
445 3877 551 3919 nec
593 3863 649 3918 in
695 3861 1030 3935 propheticis
1075 3863 1243 3918 totius
1286 3863 1500 3922 Veteris
1551 3865 1888 3925 Testamenti

282 3953 511 4025 scriptis
530 3952 732 4010 alicubi
761 3953 1145 4019 inveniuntur;
1174 3954 1268 4009 sed
1291 3969 1394 4010 nec
1417 3956 1474 4011 in
1503 3955 1731 4027 alicujus
1763 3973 1890 4015 san-

283 4057 504 4104 ctorum
527 4044 753 4102 Patrum
775 4053 833 4100 et
859 4046 1144 4102 doctorum
1183 4047 1675 4105 ecclesiasticorum
1712 4049 1887 4119 libris,

289 4155 394 4196 nec
421 4141 477 4195 in
519 4137 766 4211 symbolo
808 4138 1129 4209 apostolico,
1159 4139 1247 4195 vel
1287 4139 1490 4198 Nicaeui
1537 4142 1774 4211 concilii,
1801 4142 1890 4200 vel

291 4233 458 4290 etiam
484 4230 542 4288 in
563 4229 795 4300 alicujus
821 4231 1016 4303 synodi
1048 4229 1440 4300 aiilrmatione,
1472 4241 1568 4288 aut
1603 4231 1661 4289 in
1706 4232 1888 4304 aliqua

289 4325 575 4384 catholicae
605 4323 730 4380 fidei
765 4323 1109 4380 auctoritate.
1160 4322 1230 4380 Et
1275 4325 1476 4380 mirum
1518 4331 1604 4380 est
1654 4341 1754 4382 cur
1780 4339 1891 4382 non

292 4417 523 4475 timeam
548 4415 689 4472 tales
711 4414 962 4472 doctores
990 4429 1129 4471 nova
1151 4412 1378 4482 inferre,
1407 4422 1465 4470 et
1492 4413 1770 4486 incognita
1794 4431 1892 4472 an-

289 4509 460 4583 tiquis
505 4507 844 4580 temporibus
859 4547 878 4575 ,
926 4506 1057 4563 dum
1107 4507 1359 4578 egregius
1404 4508 1597 4564 doctor
1646 4507 1891 4579 gentium

285 4615 486 4660 omnes
521 4601 792 4656 novitates
830 4613 1042 4663 vocum,
1085 4607 1144 4655 et
1185 4600 1431 4656 inventas
1466 4600 1683 4658 noviter
1715 4608 1896 4657 sectas

1990 757 2080 806 cat
2105 749 2244 806 sciat
2271 764 2330 805 se
2367 749 2672 804 certissime
2709 747 3009 818 apostolico
3037 747 3371 802 anathemati
3399 747 3585 818 subja-

1989 854 2134 897 cere.
2152 839 2412 910 Quisquis
2429 839 2591 910 hujus
2609 837 2916 907 apostolica
2938 837 3277 893 auctoritatis
3295 850 3584 893 censuram

1988 946 2099 988 non
2149 931 2370 994 metuit,
2415 944 2522 985 non
2569 928 2876 994 dormiens,
2921 930 3019 983 sed
3068 927 3290 983 omnino
3336 936 3585 982 mortuus

1989 1020 2343 1078 aestimandus
2367 1029 2466 1076 est.
2500 1019 2704 1075 Tamen
2727 1019 2820 1090 qui
2842 1019 3262 1088 quatriduanum
3282 1019 3497 1074 vocavit
3516 1018 3587 1074 de

1989 1120 2342 1168 monumento
2369 1111 2436 1167 ad
2463 1110 2650 1177 vitam,
2686 1118 2880 1181 potens
2907 1115 2992 1165 est
3014 1110 3279 1165 suscitare
3306 1116 3360 1164 et
3395 1106 3578 1175 illum;

1991 1204 2107 1276 ipse
2135 1204 2282 1260 enim
2316 1205 2392 1261 ait
2423 1223 2438 1261 :
2467 1204 2573 1271 Qui
2611 1205 2777 1260 credit
2821 1206 2877 1258 in
2923 1220 3036 1270 me,
3063 1205 3220 1259 etiam
3257 1203 3303 1258 si
3344 1214 3584 1258 mortuus

1991 1294 2175 1366 fuerit,
2199 1296 2366 1352 vivet:
2394 1304 2443 1350 et
2471 1295 2637 1350 omnis
2663 1296 2751 1367 qui
2779 1297 2923 1360 vivit,
2955 1306 3002 1348 et
3049 1295 3211 1349 credit
3235 1295 3292 1348 in
3328 1310 3430 1360 me,
3476 1311 3584 1350 non

1989 1389 2244 1440 morietur
2271 1387 2325 1440 in
2346 1397 2598 1441 wtemum
2624 1385 2817 1457 (Joan.
2845 1402 2923 1451 ιι,
2951 1384 3038 1448 25,
3070 1383 3191 1456 26).
3220 1384 3350 1452 Quis
3381 1391 3466 1439 est
3489 1382 3585 1454 qui

1989 1477 2145 1542 vivit,
2170 1477 2277 1534 nisi
2300 1476 2391 1532 ille
2412 1476 2480 1533 de
2508 1493 2616 1549 quo
2637 1476 2931 1549 Apostolus
2956 1477 3055 1544 ait,
3083 1476 3187 1546 Qui
3208 1476 3342 1533 vivit
3370 1477 3424 1533 in
3452 1476 3584 1543 fide,

1990 1566 2164 1624 Filius
2183 1567 2282 1625 Dei
2309 1576 2396 1625 est
2411 1569 2437 1624 ‘t

2057 1705 2149 1763 lli.
2176 1707 2296 1766 Duo
2320 1715 2449 1764 sunt
2468 1707 2667 1780 quippe
2687 1722 2810 1779 qua:
2834 1707 2889 1763 in
2915 1721 3103 1764 errore
3134 1705 3414 1763 hominum
3442 1705 3583 1762 ditii-

1989 1795 2194 1854 cillime
2241 1797 2574 1864 tolerantur,
2618 1795 2971 1869 praesumptio
3023 1795 3340 1868 priusquam
3381 1797 3589 1852 veritas

1987 1897 2213 1962 pateat:
2244 1897 2304 1946 et
2343 1904 2467 1947 cum
2502 1890 2619 1962 jam
2658 1891 2923 1961 patuerit,
2956 1898 3296 1960 praesumpta:
3340 1890 3586 1950 defensio

1991 1978 2264 2036 falsitatis.
2296 1980 2378 2036 Ex
2415 1980 2504 2038 his
2530 1981 2743 2037 duobus
2772 1980 3008 2038 musis
3042 1980 3234 2036 rivulis
3256 1980 3436 2038 omnis
3468 1983 3585 2038 hat-

1991 2069 2285 2126 reticorum
2309 2068 2552 2141 pravitas
2577 2071 2856 2126 emanavit
2886 2087 2900 2124 :
2930 2068 2977 2124 Α
3006 2069 3203 2139 quibus
3227 2070 3373 2127 vitiis
3418 2073 3584 2129 nimis

1989 2160 2228 2218 inimicis
2253 2161 2552 2219 inventioni
2591 2163 2863 2229 veritatis,
2887 2171 2944 2219 et
2976 2164 3256 2221 catholica:
3280 2165 3407 2222 fidei
3431 2167 3586 2223 inda-

1987 2251 2217 2324 gationi,
2238 2253 2355 2310 sive
2378 2251 2800 2310 considerationi
2819 2261 3130 2311 sanctarum
3154 2254 3588 2328 Scripturarum,

1987 2341 2037 2397 si
2058 2357 2169 2408 me,
2193 2350 2258 2398 ut
2277 2357 2474 2414 precor
2493 2350 2551 2400 et
2574 2357 2757 2415 spero,
2782 2344 2925 2401 Deus
2946 2343 3248 2404 defenderit
3271 2353 3435 2419 atque
3462 2362 3584 2404 mu-

1987 2432 2154 2489 nierit
2185 2440 2341 2489 scuto
2365 2433 2523 2490 bona:
2559 2433 2857 2493 voluntatis
2899 2450 3030 2502 suae,
3058 2445 3114 2493 et
3143 2437 3317 2509 gratia
3365 2438 3586 2494 miseri-

1987 2523 2189 2581 cordiae
2213 2538 2327 2582 suae
2349 2523 2705 2594 adjuvaverit,
2733 2541 2842 2582 non
2867 2542 2966 2584 ero
2986 2528 3170 2600 segnis
3189 2544 3313 2585 cum
3337 2544 3586 2602 quaeren-

1987 2617 2135 2673 tibus
2163 2631 2411 2688 quterere
2453 2616 2700 2675 veritatis
2744 2618 3098 2686 soliditatem,
3145 2628 3203 2678 et
3244 2635 3368 2677 cum
3397 2619 3586 2677 defen-

1986 2709 2243 2766 dentihus
2269 2707 2564 2768 defendere
2593 2709 2878 2768 catholicas
2904 2710 3031 2767 fidei
3074 2712 3442 2769 sanctitatem.
3472 2711 3588 2771 Nec

1986 2800 2233 2873 trepidus
2273 2815 2375 2859 ero
2415 2804 2485 2859 ad
2528 2801 2912 2875 proferendam
2945 2805 3268 2862 sententiam
3296 2820 3497 2873 meam,
3529 2807 3588 2863 in

1987 2909 2096 2966 qua
2124 2896 2298 2968 magis
2321 2895 2517 2952 amabo
2544 2896 2740 2967 inspici
2759 2912 2792 2953 a
2814 2897 3003 2966 rectis,
3023 2913 3191 2970 quam
3211 2899 3416 2956 timebo
3437 2915 3588 2957 mor-

1987 2988 2104 3046 deri
2131 3004 2163 3044 a
2193 2989 2491 3060 perversis.
2518 2989 2708 3046 Nullus
2729 2991 2878 3047 enim
2903 2991 3266 3063 reprehensor
3286 2992 3598 3052 formidano-

1986 3079 2090 3137 dus
2116 3087 2201 3136 est
2221 3079 2455 3137 amatori
2482 3080 2749 3139 veritatis.
2769 3081 2983 3139 Etenim
3004 3091 3101 3139 aut
3126 3083 3379 3141 inimicus
3401 3099 3591 3156 repre-

1987 3167 2259 3226 hensuros
2287 3177 2391 3237 est,
2425 3176 2524 3227 aut
2544 3172 2792 3228 amicus?
2816 3171 2874 3230 Si
2898 3187 3031 3246 ergo
3058 3173 3313 3232 inimicus
3339 3176 3585 3244 insultat,

1985 3258 2246 3317 ferendus
2277 3270 2391 3328 est;
2423 3261 2635 3318 amicus
2663 3271 2844 3319 autem
2881 3264 2929 3320 si
2953 3273 3123 3332 errat,
3171 3266 3445 3324 docendus
3469 3275 3587 3336 est;

1909 3362 1960 3427 ο
1989 3350 2037 3406 si
2058 3351 2222 3408 docet
2243 3367 2364 3423 qua
2388 3363 2536 3408 recta
2579 3361 2728 3421 sunt,
2761 3354 3082 3413 audiendus.
3123 3355 3415 3415 Gratanter
3438 3357 3589 3415 enim

1992 3445 2221 3517 suscipit
2249 3446 2468 3504 oculum
2508 3447 2875 3506 columbinum
2903 3452 3274 3523 pulcherrima
3311 3461 3368 3510 et
3402 3453 3592 3511 mode-

1990 3536 2230 3594 stissime
2255 3537 2528 3603 Charitas;
2557 3537 2775 3595 dentem
2807 3548 2990 3597 autem
3018 3542 3274 3598 caninum
3299 3543 3386 3600 vel
3418 3544 3592 3602 evitat

1989 3629 2307 3685 cautissime
2328 3629 2608 3688 humilitas
2621 3671 2637 3699 ,
2653 3630 2740 3688 vel
2760 3631 3001 3689 retundit
3013 3631 3342 3691 solidissima
3362 3636 3588 3692 veritas.

2061 3739 2151 3796 iV.
2184 3739 2294 3795 Sed
2318 3747 2531 3812 tempus
2555 3749 2642 3798 est
2665 3749 2728 3798 ut
2755 3741 3109 3800 discutiamus
3134 3758 3418 3802 sermones
3441 3759 3589 3816 prte-

1988 3828 2090 3886 fati
2119 3830 2245 3899 viri,
2266 3838 2326 3886 et
2345 3832 2648 3890 sententias
2671 3841 2873 3890 saneta
2897 3831 3217 3906 Scriptum,
3243 3850 3383 3906 quas
3401 3835 3472 3894 ad
3499 3836 3587 3893 sui

1989 3938 2186 3980 sensus
2219 3923 2415 3980 nititur
2452 3924 2674 3982 trahere
2719 3926 3111 3994 testimonium,
3161 3927 3323 3985 aliter
3367 3937 3592 3986 auctos

1990 4014 2240 4071 doctores
2269 4015 2602 4074 intellexisse
2622 4017 2996 4074 ostendamus.
3022 4018 3082 4076 In
3110 4019 3382 4092 principio
3403 4020 3593 4092 itaque

1991 4102 2157 4159 libelli
2179 4103 2263 4160 sui
2285 4105 2552 4162 unitatem
2578 4114 2779 4164 sanctae
2800 4107 3060 4165 Ecclesiae
3083 4109 3288 4180 Optime
3307 4110 3590 4182 exposuit;

1990 4193 2087 4250 sed
2112 4193 2320 4250 utinam
2358 4194 2414 4250 in
2436 4197 2897 4267 consequentibus
2917 4200 3163 4255 eamdem
3187 4207 3434 4257 servaret
3459 4215 3593 4258 con-

1991 4287 2232 4342 cordiam
2263 4302 2427 4359 quam
2468 4287 2524 4343 in
2553 4289 2820 4360 principio
2861 4291 3031 4347 tantis
3054 4290 3308 4348 laudibus
3343 4293 3594 4350 exaltare

1991 4380 2213 4437 studuit.
2234 4381 2365 4449 Sed,
2384 4390 2445 4438 ut
2457 4382 2636 4449 video,
2656 4381 2894 4456 gladium
2910 4384 3067 4442 melle
3091 4385 3247 4443 litum
3276 4387 3589 4457 abscondit.

1989 4481 2054 4530 ut
2079 4471 2296 4530 facilius
2334 4473 2569 4546 decipiat
2593 4475 2866 4533 incautius
2898 4477 3140 4552 legentes
3169 4477 3338 4536 libelli
3363 4481 3597 4537 seriem.-

2063 4589 2222 4664 791
2253 4591 2394 4647 υἱοῖι
2417 4591 2604 4664 itaque
2624 4608 2646 4647 :'
2672 4611 2694 4646 ο
2726 4591 3012 4651 Credimus
3034 4601 3093 4651 et
3113 4595 3441 4654 confitemur
3464 4612 3595 4655 san-

286 4689 812 4783 omnino_firmiterA
827 4687 1113 4783 prohibeat
1146 4703 1178 4744 a
1204 4704 1478 4762 quoquam
1507 4690 1776 4747 catholico
1799 4704 1888 4746 re-
1918 4717 1973 4783 υ
1991 4692 2138 4742 ctam
2184 4684 2484 4783 Ecclesiam
2525 4685 2874 4783 catholicam.
2907 4695 3044 4783 toto,
3069 4688 3144 4783 in_
3166 4689 3300 4747 orbe
3336 4688 3591 4748 diiiusam

288 4784 400 4854 cipi
427 4782 480 4852 (1
511 4781 649 4837 Tim.
679 4795 753 4845 vr,
783 4778 906 4854 20);
938 4782 994 4837 in
1019 4789 1251 4847 tantum,
1296 4791 1360 4838 ut
1398 4783 1567 4840 etiam
1609 4783 1815 4857 angelis
1836 4789 1894 4840 et
1919 4778 1956 4783 —
1991 4793 2092 4849 per
2132 4779 2499 4850 apostolorum
2543 4779 3007 4851 pradicationem,
3031 4782 3086 4837 in
3112 4781 3332 4839 Christo
3362 4783 3594 4839 Domino

290 4874 445 4931 omni
489 4874 698 4931 homini
724 4873 1019 4931 anathema
1066 4874 1328 4931 indixisse
1374 4889 1483 4931 non
1516 4874 1810 4941 dubitaret,
1846 4875 1892 4932 si
1991 4869 2138 4925 velut
2184 4869 2355 4927 solida
2404 4880 2561 4942 petra
2608 4869 2918 4939 fundatam,
2962 4880 3118 4928 extra
3165 4888 3331 4944 quam
3384 4873 3591 4930 nullum

289 4966 456 5023 aliter
497 4964 848 5038 praedicasset
893 4981 1059 5036 quam
1112 4967 1182 5021 ab
1228 4965 1320 5022 illo
1362 4967 1717 5038 praedicatum
1746 4973 1896 5022 esset
1994 4960 2202 5017 salvum
2253 4960 2372 5016 ﬁeri
2415 4976 2574 5033 posse
2618 4962 2926 5028 credimus,
2973 4962 3180 5021 nullum
3231 4963 3442 5022 salvum
3484 4965 3593 5021 nisi

293 5054 444 5131 (Gal.
474 5074 517 5124 ι,
547 5056 625 5127 8).
653 5056 930 5113 invenitur
953 5071 1086 5112 vero
1104 5057 1161 5112 in
1188 5056 1307 5128 ejus
1329 5055 1714 5127 praedicatione
1743 5055 1896 5112 Chri-
1993 5066 2119 5107 eum
2163 5050 2258 5122 qui
2304 5049 2444 5105 intra
2488 5052 2750 5107 terminos
2795 5051 2920 5107 fidei
2961 5052 3100 5124 ejus,
3146 5059 3205 5108 et
3256 5054 3312 5110 in
3359 5069 3592 5110 concor-

292 5158 466 5215 stum,
500 5149 593 5220 qui
619 5147 846 5205 traditus
877 5155 963 5203 est
986 5163 1017 5201 a
1042 5147 1156 5203 Deo
1183 5147 1345 5204 Patre
1369 5149 1438 5204 ad
1457 5148 1767 5218 passionem
1793 5163 1895 5219 pro
1996 5141 2086 5197 dia
2125 5141 2409 5196 charitatis
2452 5156 2622 5211 usque
2670 5143 2726 5196 in
2775 5142 3016 5198 debitum
3061 5143 3224 5200 finem
3272 5143 3595 5200 inconcusse

294 5241 456 5298 nobis
480 5239 662 5312 (Rom.
693 5255 813 5306 vm,
849 5239 1267 5314 52),proprium
1313 5238 1510 5295 Filium
1537 5239 1634 5295 Dei
1673 5238 1804 5306 diei,
1841 5247 1896 5294 et
1997 5237 2360 5308 permanserit
2399 5255 2412 5291 :
2455 5252 2617 5293 unam
2661 5237 2951 5305 videlicet,
2996 5253 3103 5295 non
3149 5240 3420 5308 divisam;
3461 5241 3593 5296 sim-

296 5347 569 5402 nusquam
622 5331 936 5404 adoptivum
965 5347 978 5383 :
1009 5339 1066 5386 et
1109 5331 1282 5395 illum,
1320 5331 1413 5402 qui
1445 5330 1513 5385 de
1539 5330 1703 5386 Patre
1737 5337 1900 5385 natus

298 5431 408 5488 est,
431 5437 598 5493 super
633 5421 819 5477 omnia
851 5421 1024 5477 Deum
1059 5420 1405 5476 benedictum
1429 5418 1604 5492 (Rom.
1633 5436 1711 5486 ιι,
1740 5419 1819 5493 5),
1843 5428 1902 5475 et

299 5527 574 5582 nusquam
593 5512 742 5567 inter
765 5511 950 5566 omnia
970 5509 1396 5580 nuncupativum
1421 5509 1614 5564 Deum.
1645 5507 1900 5579 Nunquid

304 5619 412 5657 non
437 5602 596 5656 aliter
631 5601 891 5672 pmdicat
933 5615 1096 5672 quam
1147 5608 1333 5657 tantus
1365 5600 1663 5673 apostolus,
1686 5599 1901 5656 Christo

305 5698 360 5752 in
407 5711 466 5751 se
507 5695 777 5765 loquente,
818 5693 1150 5763 praedicavit,
1188 5693 1280 5762 qui
1319 5691 1598 5748 Christum
1648 5692 1816 5746 Deum
1846 5697 1902 5746 et

305 5789 605 5850 hominem,
632 5801 794 5856 quem
827 5785 915 5839 ille
940 5783 1037 5838 Dei
1056 5782 1252 5837 Filium
1273 5784 1551 5852 proprium
1581 5781 1900 5845 nominavit,

308 5878 624 5949 adeptivum
646 5877 844 5933 asserit
870 5894 882 5929 :
910 5874 991 5930 vel
1014 5875 1105 5945 qui
1133 5873 1301 5929 Deum
1323 5874 1667 5930 benedictum
1697 5875 1763 5929 de
1780 5872 1904 5944 Spi-

313 5974 420 6028 ritu
446 5979 636 6033 sancto
663 5977 716 6028 et
751 5969 907 6024 beata
938 5967 1116 6024 Maria
1133 5967 1355 6041 Virgine
1379 5975 1701 6040 conceptum
1725 5974 1779 6021 et
1803 5981 1900 6021 na-

1997 5327 2228 5400 plicem,
2282 5342 2390 5383 non
2439 5327 2703 5394 scissam,
2757 5329 2855 5386 sed
2906 5329 2961 5384 in
3004 5329 3321 5397 catholicis,
3379 5347 3485 5388 non
3537 5332 3594 5388 in

1999 5421 2298 5482 haereticis;
2355 5421 2409 5476 in
2455 5420 2703 5476 fidelibus
2748 5422 3020 5477 charitate
3062 5424 3340 5490 connexis,
3385 5440 3493 5480 non
3536 5424 3594 5479 in

2001 5513 2380 5568 schismaticis.
2422 5532 2441 5565 ›
2479 5511 2892 5584 Elegantissime
2931 5515 3077 5571 enim
3103 5515 3433 5587 praecipuam
3460 5529 3595 5570 san—

2003 5613 2104 5660 ctae
2127 5603 2222 5659 Dei
2246 5603 2500 5659 Ecclesia:
2537 5605 2800 5659 unitatem
2843 5613 2957 5660 toto
2995 5607 3131 5661 orbe
3159 5605 3406 5661 diffusam
3441 5619 3594 5661 asse-

2003 5695 2094 5759 rit,
2127 5693 2220 5749 sed
2245 5694 2418 5748 minus
2445 5695 2680 5764 seipsum
2711 5711 2942 5767 suosque
2968 5712 3233 5768 sequaces
3259 5697 3594 5760 considerat,

2004 5788 2096 5859 qui
2131 5789 2183 5842 in
2207 5801 2314 5840 uno
2343 5794 2614 5841 terrarum
2643 5786 2837 5856 angulo
2864 5789 3112 5857 quaedam
3158 5796 3360 5844 sanctas
3408 5786 3566 5842 Eccle

2004 5878 2119 5941 sine,
2165 5875 2319 5943 cujus
2366 5873 2704 5930 latitudinem
2754 5874 2958 5940 laudat,
2989 5877 3228 5932 inaudita
3277 5877 3496 5932 nomina
3525 5875 3596 5931 de

2006 5967 2222 6024 Christo
2259 5967 2370 6023 Deo
2399 5980 2522 6023 cum
2561 5967 2747 6038 paucis
2793 5966 2907 6024 Suis
2953 5968 3275 6042 Sequacibus
3318 5972 3592 6023 susurrat.
