4346 6616
676 331 775 389 {fil

1546 316 1610 381 Β.
1650 318 1714 374 F.
1754 315 1978 374 ALBlNl
2020 314 2150 374 SEU
2190 309 2466 370 ALCUINI
2504 305 2793 365 OPEBUM
2828 301 3009 361 PARS
3045 300 3132 359 ll].

3849 293 3963 350 132

670 441 840 515 lp’tur
863 438 915 496 si
941 418 1132 493 sancti
1157 432 1256 492 Dei
1277 429 1520 491 Ecclesia
1547 429 1605 486 in
1632 436 1749 488 toto
1771 427 1906 486 orbe
1931 433 2019 487 est
2042 421 2254 487 diﬂ‘usa,
2282 431 2337 492 Α
2361 420 2644 493 largiente,
2670 433 2776 488 pax
2802 425 2965 486 atque
2992 413 3147 486 quies
3171 410 3366 469 collata
3392 409 3575 474 fuerit,
3600 410 3653 464 in
3679 413 3796 464 toto
3822 403 3964 462 orbe

674 546 807 604 ergo
839 542 1183 601 nequaquam
1212 526 1270 581 in
1311 525 1422 581 illis
1448 531 1564 593 est;
1592 522 1725 592 quia
1765 519 1845 577 illi
1888 532 1997 574 non
2034 523 2165 576 sunt
2205 515 2263 572 in

576 681 581 687 ,
674 629 790 678 toto
815 620 950 676 orbe
975 633 990 675 ς
1022 617 1067 674 si
1094 630 1225 673 vero
1250 616 1304 671 in
1330 614 1437 671 illis
1453 612 1744 679 est,.etiam
1770 619 1900 667 tunc
1922 608 1978 666 in
1996 616 2111 665 tom
2130 606 2265 665 orbe

675 727 787 770 non
805 720 912 777 est,
937 710 1065 782 quia
1105 708 1180 765 illi
1223 706 1499 764 contraria
1519 705 1619 761 toti
1646 703 1765 760 orbi
1805 701 2017 773 lingunt
2042 700 2265 757 nomina

677 803 1099 866 dehumanitate
1126 800 1328 858 Christi
1359 798 1457 857 Dei
1494 798 1688 864 nostri,
1735 796 1828 867 qui
1857 802 1943 850 est
1965 786 2129 865 caput
2163 792 2267 848 Ec.

678 897 874 954 clesitc.
902 894 1072 950 Porro
1099 907 1199 950 nos
1228 893 1369 948 intra
1401 890 1660 946 terminos
1675 884 1984 958 apostolico
2006 884 2268 941 doctrina

678 996 735 1044 et
755 995 956 1044 sanctae
976 985 1232 1042 Romanae
1253 982 1508 1041 Ecclesia:
1536 980 1763 1037 firmiter
1782 985 1990 1033 stamus
2014 992 2029 1031 :
2052 974 2267 1031 illorum

679 1079 1117 1153 probatissimam
1150 1083 1440 1144 sequentes
1479 1070 1879 1133 auctoritatem,
1905 1074 1963 1122 et
1987 1062 2268 1123 sanctissi-

681 1172 785 1229 mis
805 1170 1133 1226 inhaerentes
1150 1165 1435 1229 doctrinis,
1457 1162 1591 1220 nihil
1613 1160 1738 1217 novi
1764 1158 2081 1223 inferentes,
2103 1154 2273 1210 nulla-

2366 521 2658 575 terrarum,
2685 508 2896 565 cunctis
2925 507 2980 563 iu
3009 505 3233 562 urbibus
3260 519 3356 560 seu
3398 504 3532 559 locis
3572 501 3836 565 ﬁdelium,
3858 512 3964 570 per

2365 603 2628 658 unitatem
2658 599 2803 663 fidei,
2825 612 2923 669 per
2950 594 3296 654 concordiam
3318 592 3627 657 charitatis,
3650 590 3781 662 quia
3807 588 3967 644 deest

2364 694 2460 766 qui
2487 699 2687 757 tentet;
2721 699 2777 746 et
2803 691 2877 744 ita
2906 695 3132 759 apparet
3158 692 3220 742 ut
3246 685 3471 740 nimium
3501 697 3679 740 caecus
3708 687 3768 737 et
3792 692 3969 736 manu

2364 787 2593 859 palpans
2620 784 2918 853 iudicetur,
2953 781 3045 852 qui
3079 794 3201 836 eam
3245 778 3447 849 ubique
3485 784 3808 846 prmsentem
3850 782 3965 826 non

2365 878 2558 934 cernit.
2589 897 2608 930 ι
2637 876 2860 931 Dicitis:
2907 874 3034 945 quia
3071 871 3210 926 deest
3249 869 3339 941 qui
3387 877 3567 923 tentet.
3598 866 3790 923 Videte
3828 875 3969 935 ergo

2366 969 2923 1042 rogogvosmetipsos,
2978 981 3047 1021 ne
3092 963 3235 1019 forte
3282 963 3401 1017 sitis
3452 967 3754 1016 tentatores
3795 955 3971 1022 illius.

2368 1061 2679 1118 scindentes
2701 1059 2937 1113 tunicam
2960 1054 3187 1120 Christi,
3215 1066 3382 1123 quam
3406 1050 3606 1107 milites
3628 1049 3685 1105 in
3711 1046 3969 1119 passione

2371 1151 2516 1208 illius
2557 1166 2666 1206 non
2706 1149 2827 1205 ausi
2875 1155 3000 1203 sunt
3045 1146 3308 1201 dividere.
3345 1143 3413 1199 Et
3460 1142 3602 1197 bene
3635 1138 3800 1212 792
3837 1135 3975 1193 sub-

682 1279 789 1335 que
835 1262 1178 1334 recipientes,
1211 1260 1314 1315 nisi
1356 1273 1478 1329 qua
1511 1258 1569 1313 in
1615 1254 1832 1311 illorum
1866 1252 2148 1309 catholicis
2191 1250 2273 1305 in.
2364 1243 2661 1315 junxistis:
2696 1262 2717 1295 ι
2749 1249 2810 1296 ut
2836 1240 3065 1295 nimium
3096 1252 3275 1294 caicus
3302 1244 3358 1292 et
3379 1250 3544 1291 manu
3566 1232 3795 1305 palpsns
3816 1228 3973 1335 judi-

683 1354 974 1410 veniuntur
1002 1352 1239 1422 scriptis.
1271 1350 1339 1404 Et
1362 1348 1483 1419 quis
1513 1345 1815 1402 censendus
1848 1352 1937 1400 est
1960 1341 2271 1406 haereticus,

2373 1312 2544 1399 cetur,
2578 1334 2673 1404 qui
2697 1347 2819 1387 eam
2863 1330 3061 1401 ubique
3088 1334 3410 1400 praesentem
3442 1340 3552 1381 non
3583 1323 3776 1380 cernit.
3813 1340 3833 1376 ι
3878 1312 3979 1374 νι-

684 1462 755 1502 an
782 1446 870 1500 ille
894 1445 982 1515 qui
1011 1414 1323 1499 sanctorum
1353 1414 1575 1495 Patrum
1618 1446 1675 1494 et
1716 1436 1883 1491 totius
1927 1433 2181 1490 Ecclesiae
2206 1432 2275 1487 ab
2374 1425 2533 1482 detur
2570 1425 2715 1480 enim
2755 1437 2787 1479 a
2811 1430 2997 1477 vestra
3033 1420 3277 1475 caecitate
3320 1416 3466 1470 illam
3507 1429 3627 1469 esse
3666 1414 3972 1470 absentem.

685 1538 842 1597 initio
863 1502 1134 1592 nascentis
1161 1533 1288 1589 ﬁdei
1327 1530 1625 1586 catholicos
1652 1528 1896 1599 sequitur
1921 1539 2135 1591 sensus,
2180 1531 2277 1579 aut
2374 1516 2443 1572 Et
2468 1515 2514 1570 si
2535 1515 2734 1585 ubique
2758 1521 2862 1578 est.
2890 1512 3037 1582 agile
3072 1510 3327 1581 Ρτθεὶδιιε
3347 1505 3682 1599 εΡυά-Βειιω
3705 1513 3760 1559 ει
3781 1502 3978 1599 Διιιιιῑιὶευ

685 1633 777 1691 ille
801 1633 894 1703 qui
923 1632 975 1687 in
1006 1630 1195 1685 ultimo
1226 1636 1468 1697 tempore
1505 1622 1691 1680 mundi
1731 1594 1869 1677 nova
1900 1619 2146 1690 quaedam
2180 1633 2279 1673 no-
2377 1609 2530 1665 lilate
2553 1607 2695 1678 apud
2719 1606 2989 1668 homines,
3015 1610 3157 1703 ut-et
3179 1600 3472 1703 vobiscum"
3484 1596 3597 1661 fiat,
3631 1611 3751 1666 qua:
3780 1594 3832 1649 in
3858 1601 3979 1650 toto

687 1687 856 1786 mina,
885 1720 1126 1775 inaudita
1154 1687 1355 1787 priscis
1377 1713 1734 1783 temporibus,
1769 1687 1931 1782 ﬁngit
1965 1708 2033 1765 de
2075 1706 2275 1763 Christi
2308 1783 2344 1787 __
2378 1699 2601 1765 mundo,
2631 1697 2759 1753 licet
2782 1695 3034 1766 sparsim,
3064 1692 3232 1763 fulget
3258 1700 3312 1747 et
3339 1688 3556 1787 proiicit
3583 1705 3598 1743 :
3631 1702 3700 1787 ne
3723 1687 3978 1787 sitis‘eso

689 1776 902 1871 numini
935 1776 1273 1869 humanitate
1308 1808 1396 1864 vel
1433 1776 1883 1863 divinitateillius
1927 1802 2020 1874 qui
2058 1817 2126 1857 ex
2154 1801 2280 1856 vn-
2307 1783 2354 1843 B
2385 1801 2557 1851 torres
2579 1789 2721 1844 illius
2749 1787 2990 1851 luminis,
3021 1793 3075 1840 et
3103 1784 3269 1874 alieni
3293 1798 3325 1837 ο
3351 1780 3599 1874 claritate
3626 1776 3980 1874 plenitudinis

689 1908 813 1982 gine
840 1915 999 1962 natus
1017 1905 1134 1959 est?
1155 1903 1408 1973 Legimus
1434 1913 1670 1969 namque
1696 1865 1997 1954 Orientales
2023 1892 2278 1965 synodos,
2380 1889 2655 1954 perpetuat
2685 1879 2841 1936 lucis.
2873 1877 3051 1935 Nolite
3098 1865 3379 1946 superbire
3414 1882 3469 1928 et
3502 1873 3557 1926 in
3586 1871 3774 1942 paucis
3822 1869 3982 1982 vobis

691 1958 813 2067 qua:
836 2012 867 2051 a
897 1996 1098 2051 sanctis
1124 1958 1381 2047 Pati-ibus
1411 1958 1751 2061 congregatae
1774 1994 1919 2052 sunt,
1951 1958 2281 2055 tem-poribus
2382 1975 2528 2034 illius
2570 1988 2692 2032 esse
2726 1985 2953 2043 regnum
2999 1978 3215 2042 putare,
3247 1967 3314 2023 de
3351 1980 3461 2037 quo
3503 1965 3707 2019 dictum
3748 1970 3873 2017 est:
3906 1958 3982 2015 Et

693 2088 923 2146 diversis
951 2095 1140 2143 contra
1170 2083 1351 2138 varios
1395 2079 1822 2147 hteresiarchas;
1867 2085 1924 2132 et
1948 2075 2151 2132 nullam
2200 2075 2283 2129 in-

694 2180 943 2235 venimus
983 2190 1212 2247 usquam
1268 2174 1452 2229 dicere
1502 2170 1587 2226 vel
1637 2168 1929 2235 afﬁrmare,
1970 2167 2284 2239 adoptivum

696 2269 891 2335 filium,
935 2266 1021 2324 vel
1061 2266 1483 2337 nuncupativum
1511 2262 1684 2319 Deum
1715 2262 1991 2318 Christum
2027 2274 2169 2315 esse.
2200 2257 2287 2313 Si-

695 2359 808 2417 mul
849 2368 907 2414 et
944 2357 1322 2415 Occidentales
1370 2356 1605 2427 synodos
1637 2354 2034 2429 perspeximus,
2081 2366 2184 2407 nec
2231 2352 2286 2406 in

694 2451 803 2506 illis
823 2451 929 2506 tale
958 2449 1161 2521 aliquid
1189 2450 1532 2506 invenimus:
1565 2448 1659 2503 sed
1689 2463 1789 2502 nec
1816 2448 1871 2502 in
1892 2447 2073 2518 aliqua
2098 2460 2288 2501 earum

696 2556 818 2613 quae
849 2543 905 2599 in
937 2541 1219 2612 Hispania.
1250 2539 1335 2596 vel
1364 2539 1556 2604 Gallia,
1600 2538 1686 2593 vel
1730 2539 1848 2595 istis
1881 2539 2124 2609 partibus
2165 2552 2291 2607 pro-

700 2633 953 2703 mulgata:
989 2639 1133 2697 sunt,
1174 2631 1290 2686 haec
1326 2630 1566 2693 nomina,
1601 2645 1723 2700 quae
1747 2644 1920 2701 nuper
1942 2644 2079 2684 nova
2119 2636 2290 2684 teme-

701 2725 839 2781 ritas
864 2723 1105 2796 protulit,
1134 2723 1517 2793 comperimus.
1562 2720 1671 2776 Sed
1718 2720 1917 2793 ubique
1958 2734 2058 2791 per
2102 2732 2292 2775 omnes

703 2817 941 2888 synodos
961 2823 1018 2870 et
1029 2814 1236 2871 libellos
1254 2823 1566 2871 Sanctorum
1588 2812 1872 2869 doctorum
1893 2827 2107 2884 semper
2126 2824 2293 2865 unum

703 2910 898 2968 Filium
925 2906 1018 2963 Dei
1040 2908 1316 2979 proprium
1346 2907 1599 2979 legimus,
1627 2914 1683 2961 et
1706 2919 1874 2960 unum
1902 2903 2073 2958 Deum
2103 2917 2294 2959 verum

708 3005 762 3060 in
808 3004 1015 3060 duabus
1060 3002 1273 3057 naturis
1320 3000 1650 3072 praedicari:
1683 3006 1740 3054 et
1787 3013 1957 3052 unum
1998 2995 2290 3061 Christum,

708 3111 817 3151 non
866 3095 1001 3149 duos
1054 3093 1325 3159 christos;
1369 3106 1469 3146 nec
1515 3089 1651 3146 duos
1692 3091 1855 3156 deos,
1887 3105 2053 3144 unum
2079 3102 2292 3150 verum,

707 3189 940 3246 alterum
979 3187 1434 3257 nuncupativum;
1459 3200 1561 3241 nec
1587 3185 1723 3240 duos
1752 3182 1914 3250 ﬁlios,
1958 3198 2124 3237 unum
2170 3196 2297 3253 pro-

707 3284 909 3356 prium,
948 3280 1178 3336 alterum
1214 3278 1564 3350 adoptivum:
1598 3276 1693 3332 sed
1734 3290 1948 3347 semper
1996 3289 2164 3329 unum
2204 3272 2299 3328 Fi-

708 3376 839 3431 lium
861 3374 1136 3447 prOprium
1159 3371 1255 3426 Dei
1278 3369 1478 3435 Patris,
1505 3368 1861 3437 eumdemquc
1888 3366 2059 3422 Deum
2086 3379 2300 3431 verum,

709 3468 851 3522 sicut
883 3466 939 3520 in
967 3462 1313 3533 sequentibus
1351 3458 1676 3531 evangelicis
1717 3457 1801 3512 vel
1849 3455 2159 3527 apostolicis
2206 3456 2306 3511 do-

710 3547 924 3621 ctrinis,
967 3557 1079 3612 sive
1109 3562 1418 3608 sanctorum
1462 3550 1685 3604 Patrum
1730 3547 2076 3611 testimoniis,
2122 3546 2305 3601 divina

711 3649 1009 3723 opitulante
1055 3648 1251 3720 gratia,
1302 3644 1535 3716 probare
1583 3642 1918 3700 curabimus.
1973 3637 2089 3695 Non
2133 3639 2302 3703 enim,

713 3744 879 3798 veluti
902 3757 999 3797 vos
1021 3741 1221 3803 dicitis,
1254 3736 1631 3793 transierimus
1660 3734 1888 3804 lapides,
1912 3732 1967 3787 id
1993 3738 2099 3799 est,
2122 3731 2307 3787 catho-

716 3835 850 3889 licos
889 3846 1080 3887 sensus
1120 3831 1187 3887 de
1225 3828 1519 3885 stabilitate
1559 3826 1653 3882 Dei
1691 3824 1970 3888 Ecclesiae,
2009 3821 2104 3879 sed
2155 3820 2306 3877 illum

716 3923 967 3993 eligimus
991 3921 1220 3993 lapidem
1247 3919 1364 3991 qui,
1393 3918 1657 3990 praecisus
1682 3914 1749 3972 de
1773 3922 1959 3970 monte
1991 3914 2108 3968 sine
2135 3909 2309 3966 mani-

719 4018 841 4080 bus,
878 4012 1117 4085 implevit
1143 4011 1331 4065 urbem
1360 4018 1629 4064 terrarum
1656 4018 1672 4061 :
1707 4020 1873 4076 super
1909 4002 2053 4059 hunc
2077 3998 2311 4056 nidiﬁca-

728 4121 865 4171 mus,
891 4113 946 4160 et
968 4104 1281 4175 angularem
1305 4100 1556 4172 ponimus
1582 4099 1638 4153 in
1669 4097 2000 4154 sublimitate
2026 4101 2311 4149 structurae

720 4206 923 4253 nostra
952 4214 966 4248 :
994 4210 1154 4265 quem
1181 4203 1367 4249 vestra
1410 4192 1687 4247 temeritas
1720 4204 1846 4245 cum
1879 4186 2077 4242 ludatis
2118 4200 2309 4257 repro-

724 4290 839 4354 bat,
864 4288 1119 4358 potestati
1148 4287 1293 4341 illius
1338 4285 1682 4355 derogantes,
1712 4281 1956 4337 nolentes
1993 4278 2188 4336 cadere
2216 4293 2311 4333 su-

723 4398 822 4455 per
854 4381 1024 4446 illum,
1053 4387 1115 4435 ut
1141 4377 1448 4448 confringet
1482 4375 1736 4431 duritiam
1775 4372 1955 4428 cordis
1982 4370 2146 4426 vestri
2173 4387 2187 4423 :
2217 4367 2313 4424 sed

2380 2064 2741 2124 dominabitur
2760 2082 2795 2121 a
2818 2064 2956 2118 mari
2979 2077 3143 2133 usque
3162 2059 3233 2114 ad
3258 2074 3420 2121 mare,
3446 2065 3497 2111 et
3518 2073 3549 2110 a
3571 2056 3790 2127 ﬂumine
3814 2066 3983 2124 usque

2385 2158 2455 2215 ad
2501 2157 2752 2213 terminos
2795 2155 2937 2209 orbis
2986 2162 3141 2207 teme
3192 2148 3364 2223 (Psal.
3397 2163 3549 2213 Lxxt,
3595 2146 3674 2218 8).
3722 2145 3791 2200 Et
3816 2143 3986 2215 paulo

2384 2261 2546 2321 post:
2577 2248 2647 2305 Et
2687 2246 2985 2302 adorabunt
3014 2260 3134 2299 eum
3173 2257 3351 2296 omnes
3390 2256 3537 2310 rcges
3580 2248 3754 2311 terrae,
3802 2251 3986 2291 omnes

2387 2353 2560 2415 gentes
2588 2341 2809 2398 servient
2838 2341 2887 2394 ci
2914 2337 3089 2412 (Ibid.
3119 2353 3172 2392 v.
3193 2334 3284 2409 7).
3317 2335 3394 2390 De
3421 2350 3488 2389 eo
3515 2333 3818 2390 certissime
3856 2345 3987 2401 pro-

2388 2434 2667 2505 phetatum
2694 2440 2799 2496 est,
2833 2430 2921 2485 cui
2963 2436 3145 2484 vestra
3177 2427 3527 2497 praesumptio
3552 2424 3853 2480 divinitatis
3888 2436 3989 2493 po-

2391 2524 2613 2579 tentiam
2643 2522 2963 2579 subtrahere
2986 2518 3199 2585 nititur,
3225 2518 3293 2573 de
3327 2516 3484 2586 cujus
3524 2514 3705 2570 divina
3743 2511 3990 2567 humaui-

2395 2625 2510 2672 tate
2535 2624 2588 2671 et
2618 2615 2855 2670 humana
2877 2611 3160 2669 divinitate
3178 2624 3246 2666 eo
3269 2611 3385 2682 ipso
3412 2609 3646 2665 donante
3671 2606 3728 2661 in
3754 2619 3991 2677 sequen-

2395 2709 2540 2763 tibus
2583 2706 2795 2777 plenius
2837 2703 3036 2760 dicturi
3062 2717 3268 2759 sumus.

2463 2819 2551 2874 VI.
2570 2817 2732 2874 Juxta
2754 2815 3136 2887 disputationis
3153 2822 3209 2869 et
3225 2812 3393 2870 vestri
3415 2810 3681 2870 sermonis
3706 2808 3989 2879 sequentia

2395 2909 2579 2964 dicitis
2605 2927 2617 2961 :
2657 2926 2676 2960 ι
2706 2906 3009 2977 Aliquando
3033 2919 3162 2960 vero
3182 2903 3425 2960 Ecclesia
3455 2903 3510 2957 in
3532 2902 3743 2973 exiguis
3765 2909 3872 2965 est,
3893 2897 3992 2956 sed

2395 3017 2501 3056 non
2530 3001 2587 3055 in
2618 3014 2726 3055 uno
2757 2998 2953 3068 angulo
2989 3006 3257 3053 terrarum
3304 2994 3543 3060 exclusa,
3588 2992 3685 3049 sed
3725 3004 3899 3061 neque
3936 2990 3992 3045 in

2398 3107 2507 3148 una
2540 3092 2839 3162 provincia,
2871 3098 2965 3145 aut
2991 3097 3150 3160 gente
3176 3088 3260 3142 vel
3288 3102 3475 3156 regno,
3515 3086 3609 3141 sed
3640 3093 3753 3140 toto
3780 3084 3835 3138 in
3862 3081 3997 3138 orbe

2401 3194 2671 3240 terrarum
2703 3180 2914 3237 dilfusa.
2956 3199 2977 3233 ›
3007 3179 3260 3250 Nunquid
3289 3191 3398 3232 non
3444 3191 3542 3232 vos
3584 3175 3640 3231 in
3668 3190 3775 3230 uno
3800 3172 3998 3243 angulo

2400 3283 2697 3341 terrarum,
2721 3282 2778 3328 et
2802 3273 2855 3328 in
2886 3289 2992 3328 una
3022 3271 3154 3327 estis
3180 3269 3372 3341 gente?
3398 3267 3578 3337 Quare
3608 3284 3717 3325 non
3747 3266 3999 3337 intelligi-

2402 3367 2489 3432 tis,
2514 3365 2667 3437 juxta
2691 3372 2933 3421 vestram
2961 3362 3309 3428 sententiam,
3355 3362 3410 3416 in
3431 3362 3588 3417 vobis
3613 3375 3721 3415 non
3747 3371 3870 3415 esse
3893 3358 3996 3413 Ec-

2402 3459 2627 3515 clesium
2657 3457 2884 3523 Christi,
2916 3456 3012 3526 qui
3049 3454 3104 3511 in
3156 3470 3267 3510 uno
3307 3454 3503 3526 angulo
3544 3454 3678 3510 estis
3705 3461 3999 3517 terrarum,

2403 3560 2459 3608 et
2482 3566 2588 3607 una
2617 3550 2813 3623 gente?
2841 3547 2951 3603 Ant
2992 3549 3039 3604 si
3090 3548 3146 3602 in
3189 3546 3344 3602 vobis
3369 3555 3474 3611 est,
3506 3543 3890 3615 proferendum
3920 3552 4004 3597 est

2403 3643 2578 3709 vobis,
2611 3644 2665 3697 in
2694 3657 2800 3712 qua
2836 3640 2941 3695 alia
2990 3648 3149 3709 gente
3186 3639 3257 3693 sit
3293 3636 3379 3692 vel
3422 3634 3619 3707 populo
3672 3633 3757 3689 vel
3804 3648 3998 3705 regno;

2408 3735 2491 3791 vel
2514 3733 2604 3804 qui
2633 3734 2743 3788 sint
2776 3733 2868 3802 qui
2894 3731 3172 3786 vobiscum
3216 3729 3556 3784 consentiant
3600 3726 3656 3782 in
3701 3726 4004 3797 adoptionis

2405 3825 2492 3881 vel
2545 3822 2963 3895 nuncnpationis
3007 3820 3225 3877 nomine
3271 3818 3341 3876 de
3380 3818 3619 3874 Christo.
3663 3815 3775 3877 Aut
3810 3816 3858 3871 si
3893 3829 4001 3871 non

2406 3918 2636 3991 potestis
2683 3917 2738 3973 in
2765 3924 2883 3972 toto
2920 3916 3055 3971 orbe
3096 3913 3274 3970 socios
3304 3920 3499 3968 vestrae
3546 3911 3830 3968 sententiae
3858 3914 4004 3965 inve.-

2408 4010 2548 4077 nire,
2578 4006 2890 4079 cognoscite
2912 4020 3010 4061 vos
3036 4013 3221 4060 vestro
3242 4002 3451 4073 judicio
3474 4002 3759 4058 haereticos
3785 4020 3797 4055 :
3821 4010 3877 4063 et
3897 3999 4007 4073 pla-

2409 4105 2532 4155 ceat
2573 4097 2731 4152 vobis
2776 4095 2950 4167 magis
2984 4109 3111 4150 cum
3153 4092 3404 4166 plurimis
3427 4092 3647 4158 salvari,
3676 4105 3841 4165 quam
3879 4104 4002 4148 cum

2409 4187 2601 4261 paucis
2640 4186 2840 4259 perire.
2889 4183 3319 4241 Animadvertite
3370 4183 3595 4256 (Jacobo
3631 4182 3876 4253 apostolo
3924 4182 4006 4240 di-

2413 4280 2591 4356 cente)
2636 4281 2781 4337 unde
2817 4290 3012 4336 vestrm
3049 4279 3329 4349 sapientiae
3374 4278 3446 4334 sit
3491 4278 3664 4347 origo.
3695 4276 3787 4333 Ait
3813 4276 3956 4333 enim
3990 4292 4008 4332 :

2414 4372 2571 4440 Quod
2598 4373 2644 4427 si
2675 4371 2846 4426 selum
2891 4385 3134 4425 amarum
3178 4369 3402 4437 habetis,
3450 4379 3499 4424 et
3546 4369 3902 4424 contentiones
3952 4370 4009 4423 in

725 4473 1071 4546 exspectatis,
1095 4472 1266 4527 donec
1292 4471 1452 4525 cadat
1479 4482 1642 4539 super
1667 4481 1762 4521 vos
1786 4466 1837 4520 in
1863 4463 2085 4533 judicio,
2103 4469 2159 4517 et
2177 4477 2310 4518 con-
2338 4490 2387 4550 υ
2411 4464 2657 4519 cordibus
2686 4462 2892 4528 castris,
2923 4460 3083 4517 nolite
3120 4460 3337 4532 gloriari
3380 4470 3429 4515 et
3457 4460 3732 4516 mendaces
3772 4476 3881 4515 esse
3915 4460 4010 4515 ad-

729 4574 868 4623 terat
918 4563 1199 4618 audaciam
1247 4568 1506 4616 vestram.
1565 4555 1789 4613 Dixistis
1837 4553 2087 4609 veritatis
2134 4565 2309 4606 voce:

730 4654 954 4711 Necesse
976 4664 1051 4712 est
1078 4663 1131 4707 ut
1161 4650 1415 4707 scandala
1437 4650 1665 4713 veniant,
1687 4655 1744 4701 et
1765 4645 2013 4702 tacuistis
2036 4642 2314 4713 sequentia

729 4748 873 4805 illius
901 4745 1178 4803 sententia:
1209 4763 1224 4800 :
1252 4759 1330 4799 ua?
1350 4753 1525 4798 tamen
1549 4739 1749 4796 homini
1775 4756 1867 4811 per
1883 4753 2035 4810 quem
2061 4733 2319 4792 scandala

730 4842 938 4898 veniunt
971 4838 1188 4911 (Matth.
1231 4851 1391 4901 xvtn,
1424 4833 1500 4908 7).
1533 4834 1745 4889 Timent
1783 4830 1887 4887 sibi
1924 4830 2316 4898 unusquisque,

733 4948 801 4989 ne
827 4948 926 5004 per
953 4947 1012 4986 se
1036 4928 1289 4985 scandala
1317 4925 1667 4983 dissensionis
1685 4932 1744 4978 et
1763 4920 2095 4979 schismatici
2115 4918 2320 4974 erroris

732 5027 997 5082 oriantur.
1029 5022 1087 5077 ln
1110 5023 1291 5093 quiete
1319 5030 1373 5075 et
1398 5034 1532 5091 pace
1550 5017 1884 5088 temporibus
1906 5015 2109 5071 nostris
2131 5019 2320 5068 sancta

734 5118 829 5173 Dei
861 5116 1232 5185 requiescebat
1258 5112 1524 5176 Ecclesia,
1548 5108 1724 5166 donec
1755 5122 1852 5162 vos
1876 5122 1998 5162 eam
2041 5104 2321 5169 turbastis,

734 5219 790 5264 et
813 5210 868 5262 in
889 5209 1026 5264 lunze
1054 5207 1295 5271 modum,
1317 5204 1471 5273 juxta
1497 5212 1736 5258 vestram
1761 5199 2105 5261 sententiam,
2138 5197 2325 5253 decre.

737 5316 890 5357 scere
918 5299 1062 5354 illam
1091 5298 1315 5352 fecistis.
1343 5296 1538 5351 Nostra
1557 5308 1685 5349 vero
1714 5291 2042 5348 unanimitas
2064 5296 2325 5358 quantum

739 5391 905 5457 valet,
931 5400 988 5447 et
1013 5389 1108 5444 Dei
1144 5404 1246 5444 nos
1270 5387 1487 5457 adjuvat
1522 5385 1716 5456 gratia,
1766 5383 1977 5440 laborat
2015 5390 2075 5437 ut
2118 5387 2329 5436 crescat

736 5495 793 5539 et
830 5482 1078 5558 proﬁciat
1114 5482 1180 5537 ad
1206 5479 1505 5552 perfectum
1532 5478 1697 5542 diem,
1728 5477 1795 5533 de
1833 5489 1939 5548 qua
1968 5475 2022 5530 in
2056 5472 2329 5544 sequenti-

742 5575 842 5631 bus
882 5572 1187 5637 addidistis,
1240 5571 1364 5628 dum
1414 5568 1622 5626 lunaris
1664 5566 1996 5638 plenitudine
2030 5564 2330 5636 splendoris

715 5664 1199 5735 comparationem
1230 5661 1492 5719 fecissetis
1519 5660 1595 5716 ita
1625 5658 1864 5716 dicentes
1890 5676 1902 5709 :

822 5755 878 5809 γ.
916 5774 933 5806 ε
974 5753 1172 5811 Sancta
1207 5752 1469 5818 Ecclesia,
1507 5752 1551 5808 si
1588 5752 1803 5822 quando
1830 5751 1899 5811 ei,
1933 5749 2111 5804 divina
2156 5746 2327 5815 gratia

2415 4575 2596 4614 uorsus
2616 4558 2907 4613 veritatem.
2945 4554 3068 4610 Non
3090 4563 3165 4610 est
3190 4554 3293 4608 ista
3334 4553 3594 4625 sapientia
3619 4552 3896 4607 desursum
3922 4552 4011 4606 de-

2416 4649 2689 4714 scendens,
2739 4646 2831 4702 sed
2884 4656 3114 4710 terrena,
3146 4644 3412 4708 animatis,
3454 4640 3738 4697 diabolica.
3792 4638 3890 4695 Ubi
3937 4650 4010 4697 est

2417 4738 2561 4794 zelus
2588 4747 2635 4794 et
2664 4738 2944 4798 contentio,
2982 4735 3056 4790 ibi
3096 4734 3451 4790 inconstantia
3477 4743 3525 4787 et
3555 4750 3707 4789 omne
3734 4748 3864 4802 Opus
3892 4749 4012 4803 pra-

2419 4847 2558 4885 vum.
2584 4827 2715 4894 Qua:
2743 4838 2917 4882 autem
2942 4826 3221 4883 desursum
3248 4835 3322 4881 est
3348 4826 3628 4897 sapientia,
3653 4825 3880 4895 primum
3902 4825 4013 4895 qui.

2420 4921 2539 4977 dein
2564 4922 2759 4993 pudica
2788 4930 2883 4989 est,
2915 4919 3104 4974 deinde
3151 4918 3398 4993 paciﬁca,
3441 4916 3695 4981 modesta,
3727 4915 4013 4980 sensibilis,

2421 5013 2570 5069 bonis
2614 5014 2940 5067 consentiens
2988 5009 3130 5083 (Jac.
3182 5026 3267 5075 ut,
3312 5007 3521 5078 ιιι-Π).
3556 5006 3830 5061 Videtisne
3874 5006 4019 5075 quod

2421 5112 2603 5160 vestra
2631 5103 2893 5174 sapientia
2922 5117 3029 5157 non
3064 5109 3149 5156 est
3186 5099 3429 5170 paciﬁca,
3474 5113 3581 5153 non
3613 5105 3698 5152 est
3721 5098 4017 5161 suasibilis.

2425 5210 2534 5252 non
2563 5194 2722 5251 bonis
2776 5191 3139 5249 consentiens.
3194 5190 3263 5245 Et
3305 5190 3428 5245 ideo
3470 5188 3691 5243 omnino
3738 5187 4017 5257 intelligite

2424 5302 2545 5344 eam
2576 5303 2606 5343 a
2629 5286 2743 5342 Deo
2768 5301 2877 5341 non
2903 5299 3028 5340 esse
3054 5282 3258 5346 datam,
3290 5280 3384 5336 sed
3413 5279 3646 5350 quadam
3677 5279 3877 5334 astutia
3904 5276 4012 5333 dia-

2424 5381 2614 5439 bolicze
2664 5378 2871 5434 fraudis
2919 5378 3215 5433 inventam.
3269 5372 3463 5430 Dicitis
3517 5387 3617 5430 nos
3662 5385 3852 5428 verum
3911 5378 4011 5426 non

2427 5471 2628 5526 dixisse
2678 5469 2822 5539 quod
2868 5475 3013 5523 totus
3062 5465 3296 5521 mundus
3344 5465 3651 5529 nobiscum,
3683 5460 3737 5519 id
3764 5472 3869 5530 est,
3900 5461 4009 5517 uni-

2428 5559 2655 5615 versalis
2704 5558 2945 5613 Ecclesia
2994 5556 3197 5613 Christi
3245 5556 3567 5619 consentiat,
3618 5554 3720 5609 nisi
3764 5567 3862 5609 vos
3897 5551 4008 5622 soli,

2431 5651 2686 5715 Probate,
2716 5652 2760 5705 si
2790 5649 3037 5720 potestis,
3065 5661 3252 5702 verum
3282 5660 3401 5701 esse
3430 5644 3572 5715 quod
3608 5643 3813 5709 dicitis,
3843 5651 4006 5699 osten-

2434 5744 2543 5800 dite
2589 5743 2743 5799 nobis
2786 5742 2870 5796 vol
2903 5752 3062 5795 unam
3099 5747 3312 5810 gentem
3363 5738 3447 5793 vel
3499 5747 3661 5791 unam
3698 5736 3906 5798 urbem,
3935 5732 4004 5789 vel
