4346 6672
317 550 425 608 155

1069 540 1491 600 DOGMATICA.
1528 570 1602 583 —-
1638 538 1801 598 ADV.
1843 535 2142 596 FELICEM
2181 536 2365 595 LIBRI
2402 538 2512 594 VII.
2551 569 2621 580 -ο
2650 538 2782 596 LIB.
2818 540 2863 596 1.

3515 544 3625 601 154

313 669 563 724 ganeum
612 658 919 717 Bouianam
966 653 1288 719 Ecclesiam,
1335 666 1457 723 quae
1497 658 1583 707 est
1619 657 1784 722 caput
1817 648 1920 705 Ec-
1949 653 1999 714 Α
2024 649 2396 708 consentimus
2422 667 2437 706 :
2466 650 2561 706 sed
2590 652 2647 707 in
2669 667 2755 719 eo,
2788 653 2835 709 si
2864 667 3053 708 verum
3080 660 3185 720 est,
3207 652 3477 712 valdeeos
3500 674 3629 717 esse

310 753 630 817 etesiarum,
655 749 745 807 vel
775 745 1430 816 Constantinopolitanam
1477 743 1565 799 vel
1609 741 1921 814 Hierosoly-

313 846 581 907 mitanam
604 843 775 914 ipsius
789 840 1002 897 Domini
1026 838 1317 909 praesentia
1338 836 1677 904 dedicatam;
1704 834 1925 892 autAn-

315 937 653 1001 tiochenam,
682 934 738 989 in
788 948 895 1003 qua
932 929 1180 1005 [Querc.,
1209 930 1265 986 in
1301 928 1492 1002 quam]
1536 929 1773 1001 primum
1803 943 1924 985 san-

313 1035 470 1085 ctum
496 1024 934 1083 Christianitatis
958 1038 1156 1079 nomen
1183 1036 1305 1078 esse
1325 1021 1556 1092 legitur;
1578 1028 1673 1076 aut
1688 1017 1924 1075 Alexan-

315 1119 558 1183 drinam.
589 1118 676 1175 vel
707 1117 875 1173 ullam
903 1115 1205 1170 Ecclesiam
1244 1115 1298 1169 in
1327 1122 1439 1169 tota
1470 1112 1644 1179 Italia,
1670 1111 1758 1166 vel
1781 1110 1922 1166 Ger-

315 1210 520 1276 mania,
570 1208 659 1267 vel
702 1209 867 1266 etiam
919 1206 1115 1271 Gallia,
1161 1214 1254 1261 aut
1307 1205 1620 1275 Aquitania,
1671 1205 1783 1263 imo
1828 1211 1924 1259 aut

313 1298 618 1365 Britannia,
658 1315 782 1371 quae
817 1299 973 1356 vobis
1016 1299 1320 1355 consentiat
1364 1297 1421 1352 in
1461 1296 1564 1351 hac
1604 1302 1784 1351 vestra
1834 1310 1921 1350 as-

310 1394 577 1459 sertione,
609 1400 671 1449 ut
713 1407 903 1451 verum
930 1392 1193 1461 probetis,
1224 1390 1433 1461 aliquos
1464 1404 1561 1445 vos
1600 1388 1804 1445 habere
1833 1403 1922 1443 so-

311 1483 431 1543 cios
456 1482 742 1539 sententia
768 1491 965 1539 vestrae
993 1499 1006 1534 :
1048 1490 1101 1537 et
1128 1482 1173 1538 si
1197 1496 1303 1539 non
1332 1481 1560 1551 potestis
1585 1481 1689 1537 hoc
1718 1479 1916 1545 facere,

313 1574 520 1630 credite
540 1587 640 1629 vos
668 1583 871 1629 sanctae
898 1571 995 1633 Dei
1020 1571 1277 1629 Ecclesia:
1305 1571 1576 1626 contraria
1606 1572 1832 1636 sentire,
1865 1580 1922 1627 et

314 1673 504 1727 cavete
528 1665 685 1723 vobis
718 1663 1030 1736 apostolicae
1052 1664 1395 1722 auctoritatis
1429 1663 1690 1735 gladium,
1718 1673 1775 1718 et
1795 1680 1923 1720 san-

315 1769 419 1822 cta:
455 1761 782 1819 universalis
822 1761 1080 1819 Ecclesizn
1127 1761 1418 1816 anathema
1461 1758 1775 1825 formidato,
1816 1759 1919 1815 nisi

313 1854 603 1926 corrigatis
629 1854 956 1910 sententiam
983 1862 1246 1919 vestram,
1285 1861 1344 1909 et
1381 1853 1453 1910 ad
1491 1852 1759 1909 unitatem
1785 1867 1919 1925 apo-

311 1944 523 2007 stolicae
548 1946 814 2003 doctrinae
840 1946 1251 2003 convertamini.

2026 743 2480 814 reprehensibiles
2499 742 2828 814 iudicamus.
2857 743 3133 804 Catholica
3164 749 3311 802 enim
3352 746 3485 804 fides
3525 750 3624 806 hs-

2024 831 2140 902 bet,
2160 849 2324 906 quam
2356 851 2457 891 nos
2494 835 2857 904 defendimus,
2898 839 3256 909 praedicamus
3278 847 3333 894 ct
3351 855 3623 911 amamus,

2024 924 2078 980 in
2115 924 2334 983 Christo
2380 927 2519 985 duas
2545 935 2772 984 naturas
2809 945 2931 985 esse
2978 932 3223 1000 proprias
3248 939 3304 985 et
3328 931 3619 1001 perfectas.

2023 1017 2263 1073 divinam
2292 1018 2518 1085 scilicet,
2559 1036 2667 1091 qua
2691 1035 2758 1076 ex
2783 1020 2893 1077 Deo
2916 1021 3076 1077 Patre
3105 1031 3232 1077 ante
3264 1022 3445 1078 omnia
3478 1032 3622 1081 tent—

2023 1124 2156 1179 pora
2207 1111 2748 1169 consubstantialiter
2795 1122 2955 1168 natus
2997 1122 3121 1169 est:
3158 1115 3450 1171 humanam
3492 1131 3625 1172 vero

2023 1216 2130 1271 qua
2157 1200 2210 1255 in
2246 1201 2586 1271 plenitudine
2630 1210 2932 1274 temporum
2974 1219 3043 1259 ex
3070 1203 3289 1275 Virgine
3331 1205 3472 1260 idem
3507 1206 3626 1278 ipse

2023 1291 2193 1348 Filius
2227 1292 2321 1347 Dei
2368 1308 2589 1351 carnem
2645 1297 2959 1365 assumpsit,
2999 1304 3051 1349 et
3100 1295 3276 1352 fartus
3324 1304 3405 1351 cst
3461 1312 3626 1357 verus

2023 1380 2204 1447 homo,
2238 1383 2330 1451 qui
2369 1392 2453 1438 cst
2483 1398 2649 1438 verus
2680 1383 2851 1438 Filius
2878 1385 2973 1439 Dei
3005 1394 3153 1439 totus
3183 1387 3232 1439 in
3263 1400 3380 1449 suo,
3410 1392 3470 1439 ut
3498 1388 3627 1441 lzea-

2023 1479 2112 1526 tus
2140 1471 2251 1528 Leo
2279 1488 2417 1544 papa
2445 1473 2540 1537 ait,
2571 1482 2628 1529 et
2667 1481 2812 1529 toms
2860 1475 2915 1531 in
2960 1486 3177 1541 nostro;
3211 1476 3353 1530 idem
3395 1480 3447 1530 iu
3472 1484 3625 1532 utro-

2024 1580 2149 1635 que,
2183 1580 2289 1621 non
2317 1564 2456 1622 alter
2485 1566 2540 1621 in
2567 1581 2686 1633 suo,
2715 1575 2771 1622 et
2797 1566 2935 1622 alter
2969 1568 3022 1621 in
3054 1578 3260 1623 nostro.
3299 1568 3434 1637 Quia
3475 1570 3624 1626 enim

2022 1656 2264 1712 Verbum
2298 1671 2420 1711 cum
2460 1672 2625 1712 carne
2664 1659 2741 1712 ita
2770 1666 2855 1713 est
2884 1657 3139 1713 ineffabili
3181 1663 3343 1715 modo
3388 1660 3624 1726 unitum,

2023 1755 2085 1804 ut
2118 1747 2292 1817 ipsum
2314 1746 2575 1811 Verbum,
2600 1748 2666 1803 de
2687 1761 2795 1817 quo
2817 1750 3008 1804 beatus
3030 1747 3267 1805 Joannes
3290 1751 3625 1821 evangelista

2023 1837 2156 1896 dicit
2201 1855 2215 1892 :
2258 1837 2326 1893 In
2366 1838 2624 1917 principio
2674 1848 2789 1895 erat
2846 1838 3090 1905 Verbum,
3141 1850 3191 1897 et
3244 1838 3463 1897 Verbum
3510 1855 3623 1899 erat

2022 1929 2165 1999 apud
2195 1928 2382 1994 Deum,
2412 1940 2462 1986 et
2492 1928 2633 1987 Deus
2655 1938 2770 1985 erat
2811 1929 3030 1986 Verbum
3080 1930 3262 2005 (Joan.
3296 1950 3341 1999 ι,
3390 1934 3466 2003 l),
3507 1951 3630 1991 car-

384 2035 498 2092 vn,
546 2035 914 2106 Ρι-ομοωίειίε
951 2037 1118 2093 etiam
1169 2036 1476 2109 exemplum
1530 2039 1761 2095 duorum
1803 2037 1916 2092 mi-
1949 2019 1995 2080 Β
2023 2040 2145 2079 nem
2185 2024 2430 2080 dicamus
2480 2024 2710 2091 factum;
2751 2026 2893 2082 sicut
2937 2027 3079 2082 idem
3128 2029 3243 2100 ipse
3290 2031 3627 2103 evangelista

310 2128 583 2200 gantiam,
612 2146 632 2180 ι
662 2131 786 2198 quis
812 2144 881 2184 ex
907 2128 1016 2184 illis
1042 2130 1251 2198 :equius
1279 2144 1338 2185 sc
1367 2128 1703 2197 defenderet,
1734 2146 1802 2185 an
1826 2132 1922 2201 qui

309 2234 541 2281 causam
587 2221 839 2281 movebat
870 2221 1042 2290 prior,
1087 2229 1181 2276 aut
1216 2223 1308 2292 qui
1353 2238 1412 2277 se
1461 2238 1494 2277 a
1542 2224 1923 2293 persecutione

312 2312 541 2369 alterius
585 2312 880 2371 defendere
922 2314 1078 2369 nisus
1123 2315 1233 2369 sit?
1268 2334 1289 2367 ι
1332 2314 1477 2370 Bene
1527 2315 1919 2386 proposuistis,

314 2403 413 2464 sed
467 2420 577 2461 non
620 2405 890 2460 veraciter
938 2404 1307 2471 intellexistis,
1360 2407 1486 2476 quis
1530 2414 1775 2461 moveret
1818 2409 1921 2464 hoc

310 2496 652 2565 scandalum,
674 2496 950 2567 quomodo
978 2494 1099 2569 [F.,
1123 2498 1268 2567 quod
1308 2496 1494 2570 modo]
1522 2497 1668 2553 inter
1706 2508 1922 2554 nostras

310 2598 635 2660 vestrasque
717 2598 903 2660 partes
966 2600 1238 2646 versatur.
1316 2589 1569 2661 Nunquid
1636 2607 1742 2647 non
1809 2601 1921 2647 tota

310 2680 558 2738 Ecclesia
612 2680 840 2747 Christi,
894 2681 1167 2739 damnatis
1224 2681 1544 2753 Eutychetis
1588 2690 1644 2739 et
1685 2682 1921 2740 Nestorii

308 2774 644 2840 haeresibus,
700 2775 902 2845 ubique
964 2776 1020 2829 in
1074 2790 1211 2845 pace
1265 2776 1534 2832 catholica
1578 2783 1636 2831 et
1700 2775 1754 2832 in
1800 2779 1923 2832 uni-

310 2872 424 2927 tate
472 2865 597 2924 fidei
625 2864 959 2935 apostolicae,
994 2865 1143 2920 nullo
1188 2866 1465 2931 turbante,
1524 2865 1697 2921 multo
1736 2868 1921 2938 quies-

308 2958 473 3017 cebat
506 2966 771 3027 tempore,
824 2961 997 3015 donec
1048 2960 1163 3014 haec
1209 2974 1348 3015 nova
1394 2968 1450 3016 et
1500 2962 1741 3031 antiquis
1784 2969 1925 3016 tern-

309 3053 538 3125 porihus
594 3051 839 3107 inaudita
893 3060 1042 3107 secta
1110 3067 1211 3123 per
1269 3060 1510 3107 vestram
1575 3053 1921 3110 insolentiam

317 3148 503 3206 subito
540 3146 842 3203 exarserit?
886 3144 966 3201 Ac
1000 3161 1102 3217 per
1148 3146 1252 3202 hoc
1290 3144 1492 3215 iustius
1515 3147 1730 3201 videtur
1756 3147 1921 3202 alium

316 3241 436 3316 [Ρη
488 3241 661 3315 illum]
701 3242 1017 3297 baereticum
1048 3242 1283 3306 censeri,
1332 3243 1423 3312 qui
1457 3258 1624 3298 novas
1653 3244 1816 3299 audet
1840 3245 1923 3299 in-

312 3337 602 3391 troducere
639 3341 838 3397 sectas,
872 3348 1036 3402 quam
1073 3332 1224 3386 illum
1255 3333 1368 3402 qui,
1409 3334 1648 3403 paternis
1673 3334 1919 3390 traditio-

2025 2115 2158 2173 dicit
2189 2134 2202 2169 :
2231 2126 2281 2171 et
2316 2113 2543 2171 Verbum
2580 2134 2704 2172 caro
2730 2117 2929 2188 factum
2956 2128 3052 2184 est,
3083 2130 3134 2174 ct
3159 2120 3410 2177 habitavit
3450 2124 3506 2176 in
3536 2139 3630 2177 no.

2024 2206 2126 2272 bis,
2153 2206 2209 2265 id
2232 2215 2336 2273 est,
2369 2209 2685 2276 nobiscum;
2718 2209 2844 2269 licet
2873 2212 3003 2265 illud
3020 2212 3257 2267 Verbum
3278 2229 3385 2269 non
3413 2216 3485 2269 sit
3508 2231 3629 2271 mu—

2023 2306 2197 2355 tatum
2229 2299 2281 2354 in
2303 2314 2554 2357 carnem:
2586 2309 2641 2355 et
2667 2317 2798 2358 caro
2820 2302 2911 2359 illa
2936 2303 3151 2358 dicatur
3180 2304 3339 2369 Deus,
3367 2306 3493 2362 licet
3516 2322 3628 2364 non

2023 2391 2161 2449 sitin
2181 2392 2398 2449 deitatis
2420 2402 2669 2448 naturam
2691 2404 2895 2449 mutata
2914 2420 2926 2450 ;
2944 2405 3097 2451 etest
3115 2412 3259 2451 unus
3272 2396 3441 2453 Filius
3457 2399 3625 2465 Deus,

2022 2492 2080 2542 et.
2102 2500 2245 2541 unus
2276 2484 2420 2543 Deus
2449 2484 2709 2544 Dominus
2732 2483 2892 2541 Jesus
2916 2484 3190 2542 Christus.
3226 2487 3309 2543 Ob
3335 2490 3476 2546 hanc
3498 2492 3626 2547 uni-

2024 2586 2191 2636 tatem
2222 2578 2422 2634 dicitur
2447 2578 2620 2635 Filius
2656 2579 2890 2635 hominis
2914 2580 3260 2636 descendisse
3284 2583 3352 2635 de
3381 2583 3541 2650 coelo,
3567 2593 3630 2640 et

2023 2668 2288 2729 Dominus
2310 2671 2497 2743 gloriae
2526 2671 2842 2737 crucifixus,
2873 2680 2929 2727 et
2954 2673 3036 2728 sic
3061 2673 3467 2743 impassibiliter
3490 2676 3627 2731 Ver-

2022 2762 2155 2819 bum
2178 2763 2275 2821 Dei
2298 2779 2522 2834 passum
2569 2774 2672 2830 est,
2703 2773 2761 2819 et
2786 2763 2959 2820 Filius
3025 2766 3261 2820 hominis
3306 2766 3632 2823 mirabiliter

2023 2855 2303 2913 descendit
2327 2858 2393 2912 de
2415 2857 2572 2922 coelo,
2596 2865 2654 2913 et
2678 2857 2821 2913 illius
2845 2872 3056 2925 manus,
3081 2859 3171 2929 qui
3194 2861 3401 2914 creavit
3422 2861 3620 2916 coetum

2021 2956 2081 3006 et
2105 2956 2327 3016 terram,
2358 2949 2526 3006 clavis
2557 2950 2613 3004 in
2649 2965 2813 3007 cruce
2840 2950 3052 3007 confixa
3076 2961 3162 3009 est
3194 2971 3206 3007 :
3246 2963 3300 3007 et
3328 2952 3472 3009 illius
3500 2968 3628 3011 san-

2023 3042 2163 3114 guis,
2205 3059 2304 3113 per
2339 3058 2503 3112 quem
2548 3044 2729 3099 omnia
2776 3052 2959 3101 creata
3004 3054 3152 3111 sunt,
3198 3043 3352 3101 fusus
3399 3054 3484 3101 est
3527 3061 3629 3116 pro

2023 3135 2265 3191 omnium
2313 3136 2511 3203 salute,
2554 3134 2817 3207 Apostolo
2861 3144 3115 3200 testante,
3140 3138 3233 3206 qui
3258 3139 3374 3192 ait:
3406 3137 3474 3192 Et
3503 3154 3631 3193 aan-

2024 3229 2143 3299 gttis
2173 3226 2305 3282 Filii
2337 3226 2435 3282 Dei
2461 3229 2683 3282 redemit
2726 3244 2821 3282 nos
2862 3227 2917 3300 (I
2957 3229 3116 3283 Joun.
3148 3244 3225 3296 tv,
3248 3228 3326 3301 7).
3352 3230 3483 3296 Qum
3510 3245 3630 3285 om-

2025 3317 2117 3374 nia
2141 3316 2313 3387 magis
2352 3316 2458 3377 [ide
2487 3319 2757 3384 venerari,
2789 3334 2954 3388 quam
2984 3321 3194 3374 ratione
3237 3322 3507 3376 discutere
3534 3321 3628 3376 de-

310 3426 477 3483 nibus
514 3425 787 3480 enutritus
839 3430 895 3479 et
939 3423 1184 3487 edoctus,
1236 3424 1289 3477 in
1339 3425 1759 3496 propugnaculis
1807 3444 1919 3483 sum
1949 3405 2026 3468 ct

1913 3449 1919 3478 ε
1949 3405 1995 3468 C
2024 3409 2256 3466 bemus:
2293 3409 2422 3480 quia
2453 3409 2545 3464 ubi
2574 3411 2715 3467 ratio
2742 3410 2945 3479 deﬁcit,
2986 3412 3058 3468 ibi
3104 3413 3238 3470 fides
3266 3423 3629 3472 est‘necessa—

309 3516 556 3575 civitatis
574 3514 809 3571 viriliter
834 3522 1009 3581 stans,
1057 3530 1117 3570 se
1148 3528 1385 3585 suosque
1427 3517 1678 3572 concives
1706 3516 1922 3575 fortiter

308 3607 607 3667 defendere
655 3606 872 3672 nititur,
928 3605 1136 3662 habens
1183 3613 1543 3673 armaturam,
1594 3607 1662 3664 de
1707 3625 1813 3679 qua
1863 3612 1920 3666 in

309 3700 543 3759 Cantica
587 3698 925 3753 canticorum
979 3696 1096 3767 ipsa
1160 3697 1416 3753 decantat
1473 3712 1722 3767 sponsa:
1768 3699 1918 3755 Sicut

309 3792 479 3848 turris
524 3789 699 3845 Dauid
743 3788 937 3843 collum
976 3799 1147 3853 tuum,
1198 3804 1318 3860 qua
1366 3788 1632 3860 aediﬁcata
1676 3800 1753 3845 est
1801 3809 1919 3846 cum

308 3882 750 3959 propugnacutis,
772 3879 916 3937 mille
936 3881 1101 3952 clypei
1122 3882 1347 3952 pendent
1365 3898 1430 3935 ex
1450 3899 1533 3948 ea,
1559 3885 1727 3938 omnis
1748 3901 1921 3939 arma—

310 3990 439 4036 tura
462 3978 679 4049 fortium
707 3974 885 4049 (Cant.
914 3992 992 4040 Iv,
1019 3976 1096 4049 4.).
1130 3974 1263 4043 Quis
1288 3975 1450 4047 793
1495 3984 1581 4031 est
1609 3976 1782 4032 David
1822 3992 1919 4033 rex

312 4070 864 4142 Hierosolymitauus,
892 4069 995 4125 nisi
1022 4069 1272 4125 Christus
1298 4068 1563 4125 Dominus
1599 4079 1784 4127 noster
1821 4087 1921 4126 rex

314 4162 476 4219 fortis
498 4170 554 4217 et
580 4163 763 4226 veru‘s,
794 4161 887 4233 qui
918 4161 985 4217 de
1013 4163 1166 4234 virga
1201 4177 1322 4233 quae
1349 4164 1415 4218 de
1445 4164 1628 4219 radice
1649 4162 1804 4221 Jesse
1828 4182 1924 4222 ex-

316 4256 401 4319 iit,
434 4252 613 4309 utilos
650 4254 925 4320 ascendit;
959 4250 1113 4321 cujus
1139 4252 1333 4309 civ-itas
1367 4262 1452 4309 est
1480 4265 1668 4309 sancta
1710 4267 1766 4311 et
1806 4260 1925 4315 uni-

316 4345 548 4401 versatis
569 4345 827 4407 Ecclesia,
845 4344 1175 4416 quaepartlm
1200 4360 1321 4401 cum
1343 4346 1434 4400 illo
1449 4354 1644 4418 regnat
1663 4356 1921 4405 coronata

315 4439 375 4494 in
400 4440 580 4505 caelis,
606 4440 806 4510 partim
833 4454 936 4510 pro
971 4439 1061 4493 illo
1097 4440 1305 4495 laborat
1333 4443 1675 4512 peregrinata
1711 4444 1765 4496 in
1807 4452 1920 4497 ter-

316 4531 421 4597 ris,
445 4531 620 4587 donec
649 4541 942 4587 coronetur
974 4539 1028 4586 et
1053 4532 1334 4600 perveniat
1376 4531 1432 4586 in
1469 4533 1719 4602 patriam.
1750 4532 1923 4603 Hujus

316 4623 559 4678 civitatis
602 4622 1009 4695 propugnacula
1056 4635 1259 4679 sanctae
1314 4632 1442 4679 sunt
1484 4622 1819 4696 Scripturre,
1868 4633 1924 4682 et

317 4715 740 4784 praecedentium
773 4712 995 4770 Patrum
1048 4714 1316 4787 exempla,
1352 4715 1549 4785 quibus
1597 4718 1803 4773 munita
1839 4726 1926 4774 est

320 4813 514 4861 contra
562 4819 753 4860 omnes
795 4804 1158 4861 adversitates
1207 4824 1220 4860 :
1270 4814 1327 4861 et
1373 4814 1455 4862 est
1494 4807 1609 4863 haec
1643 4818 1923 4867 armatura

321 4893 569 4961 fortium,
599 4895 653 4951 id
686 4906 793 4961 est,
833 4905 1147 4951 sanctorum
1187 4898 1489 4962 doctorum,
1526 4900 1617 4970 qui
1645 4900 1730 4956 his
1758 4902 1928 4957 armis

322 4996 515 5046 contra
552 5002 747 5043 omnes
780 4986 1065 5043 haereticas
1090 4988 1391 5058 pravitates
1428 4990 1665 5046 victores
1702 4993 1930 5048 exstite-

323 5090 471 5138 runt.
505 5081 601 5137 llis
629 5095 730 5137 nos
757 5095 859 5151 pro
877 5081 1079 5136 virium
1110 5091 1419 5136 nostrarum
1451 5084 1719 5153 portione,
1747 5086 1926 5142 divina

323 5176 623 5233 auxiliante
650 5176 847 5245 gratia,
872 5175 1068 5230 armati
1099 5172 1334 5249 [contra]
1363 5191 1553 5232 omnes
1579 5178 1847 5235 novitates
1874 5188 1929 5232 et

324 5266 595 5325 inauditas
640 5267 969 5339 qutestiones
1013 5274 1221 5321 stamus
1271 5266 1530 5333 viriliter,
1573 5268 1924 5325 defendentes

327 5359 654 5430 apostolicus
677 5360 998 5415 traditiones
1023 5368 1079 5423 et
1106 5356 1268 5414 fidem
1296 5375 1458 5432 quam
1479 5360 1546 5417 al)
1570 5359 1782 5416 illorum
1805 5360 1921 5418 cbi—

328 5450 508 5509 bimus
537 5449 819 5505 uberibus.

400 5537 532 5593 νιιι.
598 5537 754 5605 Quod
799 5554 931 5594 vero
971 5538 1259 5608 quemdam
1300 5538 1527 5599 Beatum
1576 5541 1825 5601 abbawm
1870 5551 1923 5597 ct

330 5630 655 5700 discipulum
704 5629 819 5698 cjus
858 5630 1163 5686 Hlthcrium
1211 5630 1524 5703 episcopum
1575 5630 1755 5691 dicitis
1800 5633 1925 5691 huic

331 5731 527 5778 vestra:
558 5732 720 5777 sectae
744 5724 978 5794 primum
1024 5724 1312 5789 contraire,
1354 5723 1637 5778 laudamus
1665 5740 1760 5782 eos
1783 5726 1837 5783 in
1862 5742 1928 5781 eo

330 5814 479 5883 quod
498 5815 785 5869 veritatem
814 5812 1101 5870 defendere
1130 5825 1308 5871 conati
1348 5824 1490 5871 sunt.
1532 5814 1639 5877 Sed
1667 5818 1715 5875 si
1740 5833 1927 5877 verum

329 5915 413 5959 est
442 5906 589 5974 quod
633 5906 865 5970 dixistis,
895 5921 991 5961 eos
1019 5907 1154 5966 duas
1188 5916 1411 5965 naturas
1436 5908 1636 5965 Christi
1666 5910 1718 5966 in
1761 5927 1928 5969 unum

331 5996 683 6065 t-onmndere,
718 6000 857 6055 sicut
889 6001 1071 6054 vinum
1118 6010 1170 6055 et
1219 6017 1435 6071 aquam,
1478 6003 1576 6058 hoc
1621 6002 1927 6060 nullatenus

2024 3514 2130 3561 ria.

2096 3610 2189 3668 lx.
2220 3610 2422 3669 Contra
2448 3619 2697 3668 naturam
2727 3620 2811 3668 est
2851 3613 2995 3684 quod
3039 3615 3215 3686 virga,
3246 3616 3433 3672 multis
3476 3617 3631 3674 arida

2028 3704 2256 3769 diebus,
2316 3704 2501 3761 ﬂoruit
2561 3705 2616 3760 in
2678 3705 3066 3775 tabernaculo;
3124 3716 3313 3765 contra
3378 3719 3632 3764 naturam

2028 3805 2115 3853 est
2158 3804 2223 3851 ut
2271 3797 2426 3868 virgo
2470 3795 2680 3866 absque
2715 3797 2861 3852 virili
2905 3797 3286 3866 conjunctione
3338 3797 3505 3853 ﬁlium
3541 3813 3637 3872 ge-

2036 3896 2301 3943 neraret:
2333 3888 2429 3943 sed
2463 3888 2716 3943 conditor
2753 3898 3071 3944 naturarum
3109 3889 3242 3944 nihil
3281 3891 3381 3944 sibi
3424 3889 3631 3960 impos—

2033 3978 2195 4034 sibile
2243 3978 2522 4047 condidit,
2575 3980 2720 4035 unde
2766 3994 2874 4034 non
2930 3980 3195 4049 potuisset
3242 3981 3311 4035 de
3350 3981 3634 4050 qualicun-

2025 4085 2136 4141 que
2176 4078 2371 4125 natura
2411 4071 2773 4141 quodcunque
2811 4069 3334 4127 voluisset'efliccre.
3376 4072 3630 4128 Potuitne

2026 4161 2097 4221 de
2124 4177 2293 4218 carne
2325 4163 2558 4235 Virginis
2597 4164 2880 4234 proprium
2922 4164 3027 4220 sibi
3071 4178 3360 4234 procreare
3405 4163 3628 4230 Filium,

2024 4267 2092 4309 an
2117 4269 2225 4307 rion
2266 4254 2483 4324 potuit?
2521 4251 2580 4309 Si
2608 4269 2718 4312 non
2758 4255 2955 4325 potuit,
2982 4270 3088 4309 non
3130 4263 3215 4310 est
3240 4255 3628 4324 omnipotens:

2023 4344 2069 4399 si
2096 4360 2227 4400 vero
2268 4344 2449 4416 potuit
2473 4353 2531 4400 et
2558 4344 2746 4408 noluit,
2792 4360 2891 4403 vos
2930 4346 3141 4401 habetis
3185 4346 3316 4400 dare
3363 4348 3629 4403 rationem

2023 4453 2193 4508 quare
2228 4436 2528 4493 noluisset:
2569 4445 2624 4493 et
2651 4438 2697 4494 sl
2745 4438 2851 4493 hoe
2877 4439 3130 4508 poteritis
3173 4454 3455 4506 enarrare,
3498 4456 3629 4514 ergo

2024 4531 2275 4586 voluntas
2315 4529 2412 4585 Dei
2439 4529 2688 4586 altissimi
2736 4531 3244 4602 comprehensibilis
3276 4543 3359 4588 est
3388 4533 3630 4588 humano

2026 4624 2209 4679 animo
2238 4639 2252 4675 :
2276 4631 2334 4677 et
2359 4620 2552 4677 falsum
2581 4630 2683 4689 est,
2713 4622 2856 4693 quod
2880 4623 3172 4694 Apostclus
3194 4625 3290 4689 ait,
3320 4625 3628 4695 incompre-

2026 4713 2351 4770 hensibilem
2370 4728 2491 4770 esse
2515 4714 2704 4770 Deum.
2734 4713 2989 4785 Nunquid
3012 4730 3118 4771 non
3148 4716 3321 4787 major
3344 4725 3429 4772 est
3450 4717 3629 4790 digni-

2031 4815 2115 4863 tas
2136 4806 2190 4861 in
2215 4807 2438 4878 proprio
2460 4804 2572 4861 tilio
2588 4820 2751 4876 quam
2782 4806 2835 4858 in
2862 4806 3150 4875 adoptivo?
3168 4805 3278 4861 Nos
3307 4822 3437 4862 vero
3460 4807 3630 4864 voluit

2026 4899 2086 4955 in
2134 4901 2373 4955 secundo
2421 4900 2592 4971 gradu
2632 4900 2834 4953 habere
2872 4898 3010 4954 filios
3059 4900 3339 4971 adoptivos
3376 4916 3475 4970 per
3504 4917 3627 4957 eum

2029 4993 2123 5064 qui
2169 4992 2222 5046 in
2263 4992 2439 5062 primo
2479 4990 2651 5062 gradu
2687 5006 2753 5045 ex
2792 4991 3034 5062 Virgine,
3075 4992 3143 5045 de
3185 4991 3390 5064 Spiritu
3439 5002 3628 5051 sancto

2028 5082 2391 5154 concipiente,
2438 5083 2542 5137 silui
2594 5082 2772 5138 factus
2819 5093 2903 5136 est
2954 5082 3121 5137 Filius
3164 5084 3437 5152 proprius.
3485 5083 3629 5151 Quid

2028 5180 2203 5249 potuit
2226 5193 2292 5233 ex
2322 5176 2434 5231 Deo
2465 5176 2638 5241 nasci,
2673 5177 2775 5231 nisi
2804 5191 2964 5229 verus
2994 5175 3167 5232 Deus?
3214 5175 3347 5230 Nam
3394 5177 3631 5248 Spiritus

2030 5280 2115 5324 est
2139 5268 2301 5331 Dens.
2335 5277 2391 5322 et
2423 5268 2599 5324 omnis
2627 5266 2890 5323 catholica
2938 5264 3173 5321 Ecclesia
3220 5277 3424 5331 cantat,
3453 5270 3634 5327 credit

2031 5368 2085 5415 et
2115 5361 2371 5431 praedicat
2397 5366 2517 5428 post
2540 5357 2931 5413 confessionem
2964 5366 3204 5426 paterna:
3237 5359 3533 5429 majestatis
3561 5360 3630 5416 de

2034 5451 2171 5504 Filio
2218 5453 2378 5505 unico
2426 5458 2481 5502 et
2520 5449 2801 5519 unigenito
2836 5449 3141 5517 hujusmodi
3172 5450 3334 5506 verba
3383 5450 3437 5505 in
3481 5466 3629 5524 sym-

2035 5541 2196 5598 bolo:
2230 5541 2503 5595 Credimus
2551 5550 2604 5593 et
2641 5540 2695 5591 in
2744 5539 2928 5591 Iasum
2971 5538 3238 5593 Christum
3286 5538 3485 5593 Filium
3530 5538 3631 5593 Dei

2036 5636 2380 5706 unigenitum,
2414 5644 2601 5689 natura
2632 5649 2700 5687 ea?
2729 5631 2891 5685 Putre
2931 5641 3056 5685 art-re
3093 5634 3272 5686 omnia
3300 5632 3516 5697 sa'cula,
3546 5630 3632 5687 ια-

2037 5742 2157 5782 men
2178 5726 2240 5779 de
2278 5725 2496 5789 lumine,
2526 5722 2693 5777 Deum
2740 5739 2916 5776 rerum
2958 5724 3023 5776 d‘e
3072 5722 3183 5776 Deo
3222 5738 3343 5776 vero
3373 5740 3391 5776 :
3422 5731 3629 5785 natum,

2037 5836 2143 5875 non
2171 5818 2390 5887 factum,
2436 5816 2931 5871 conatibuantiulm
2966 5815 3139 5881 Pist-ri,
3169 5832 3428 5885 perque"!
3452 5814 3631 5870 omnia

2036 5909 2180 5980 facta
2221 5920 2363 5966 sunt.
2399 5908 2505 5974 Qui
2531 5920 2742 5979 propter
2790 5926 2883 5961 nos
2924 5909 3155 5961 bonum
3196 5917 3250 5960 cr
3283 5919 3491 5977 propter
3538 5922 3633 5962 no-

2035 6012 2199 6057 stram
2230 6001 2448 6055 salutem
2478 6003 2739 6057 discendit
2770 6003 2831 6057 de
2863 6002 3011 6067 octo,
3051 6014 3103 6058 et
3131 6003 3433 6055 incarnatus
3462 6012 3536 6054 est
3566 6001 3631 6056 de
