4346 6690
210 555 316 610 157

953 548 1372 611 DOCMATICA.
1413 584 1484 595 -——
1521 553 1684 612 ΑΜ.
1723 552 2020 611 FELICEM
2062 552 2241 610 LIBIII
2283 549 2393 608 VII.
2426 504 2660 607 -ἰιῐλ
2698 547 2740 608 Ι.

3387 551 3490 610 158

206 668 353 724 Deus
377 670 515 722 stetit
542 671 595 722 in
624 683 892 738 synagoga
923 664 1164 733 deorum,
1193 669 1247 722 in
1277 665 1450 726 taedio
1478 677 1650 723 autem
1678 666 1801 721 deos
1829 671 1879 730 Α
1907 665 2075 721 Deum
2101 667 2528 736 omnipotentem
2579 665 2859 721 nominare
2895 664 3094 733 soleat;
3126 669 3272 740 quod
3296 671 3494 742 sapius

204 760 459 815 discernit
483 755 658 830 (Psal.
701 772 886 823 utut,
916 757 993 827 .I).
1022 756 1404 816 Essentialiter
1429 764 1609 820 autem
1657 755 1800 810 Deus

206 849 430 917 dicitur,
465 847 605 902 sicut
633 847 747 918 ipse
773 847 842 902 ad
885 844 1124 918 Moysem
1154 845 1286 903 dicit
1318 863 1330 900 :
1361 845 1478 916 Ego
1507 861 1624 900 sum
1659 845 1802 900 Deus

206 939 499 1005 Abraham,
531 948 579 993 et
603 938 748 992 Deus
776 935 955 1004 Isaac,
985 945 1044 995 ,εἰ
1090 935 1233 991 Deus
1273 934 1439 989 Iacob
1479 934 1678 1007 (Exod.
1715 951 1800 1000 tu,

205 1033 283 1103 6).
319 1033 472 1090 Unde
493 1029 694 1087 Paulus
720 1027 1000 1100 apostolus
1019 1027 1205 1083 volens
1238 1027 1333 1082 Dei
1368 1041 1566 1082 nomen
1595 1041 1804 1082 nuncu-

204 1124 449 1195 pativum
470 1123 538 1179 ab
561 1119 838 1178 essentiall
861 1119 1190 1182 discernere,
1222 1118 1302 1173 ait
1324 1117 1604 1184 LQuorum
1627 1127 1802 1179 patres

203 1232 271 1270 ea:
298 1215 487 1286 quibus
516 1210 759 1268 Christus
807 1210 1096 1264 secundum
1137 1224 1368 1273 carnem,
1416 1208 1612 1280 quiest
1653 1207 1802 1262 bene-

201 1305 380 1360 dictus
403 1319 560 1376 super
583 1303 762 1358 omnia
786 1302 930 1356 Deus
949 1301 1008 1357 in
1023 1299 1224 1357 saecula
1251 1298 1431 1371 (Rom.
1455 1314 1529 1363 ix,
1553 1296 1633 1370 5).
1656 1297 1806 1362 Nun-

202 1394 492 1465 cupativus
519 1393 666 1449 enim
695 1391 839 1448 Deus
865 1391 1010 1446 inter
1037 1390 1242 1456 omnia,
1275 1390 1584 1450 cssentialis
1621 1396 1804 1446 autem

204 1502 373 1556 super
402 1485 604 1540 omnia.
630 1484 713 1541 .Ut
745 1499 879 1556 ergo
922 1484 1237 1541 ostenderet
1265 1483 1552 1541 Christum
1583 1491 1805 1538 natura-

203 1576 333 1630 liter
354 1576 550 1640 .Deum,
575 1590 683 1631 non
714 1576 861 1630 hunc
884 1574 1054 1630 Deum
1085 1573 1483 1638 tantummodo,
1514 1576 1609 1629 sed
1631 1573 1804 1630 Deum

204 1681 372 1737 super
398 1667 580 1722 omnia
604 1681 726 1720 esse
756 1665 1112 1721 memoravit:
1138 1665 1266 1734 quia
1294 1673 1350 1722 et
1372 1663 1554 1733 justus
1580 1665 1806 1734 quilibet

205 1760 354 1816 Deus
394 1767 497 1826 est,
528 1758 622 1814 sed
660 1759 806 1814 inter
839 1757 1042 1820 omnia,
1071 1755 1199 1826 quia
1221 1755 1626 1824 .nuncupativus
1662 1755 1806 1811 Deus

205 1859 290 1904 est
322 1869 334 1903 :
377 1849 626 1905 Christus
666 1855 848 1902 autem
889 1848 1032 1902 Deus
1060 1861 1223 1916 super
1248 1848 1453 1912 omnia,
1493 1846 1619 1917 quia
1651 1855 1807 1902 natu-

205 1940 398 1996 raliter
421 1939 565 1995 Deus
591 1947 693 1994 est.
731 1960 750 1990 ι
787 1938 955 2010 Igitur
984 1954 1089 1993 non
1121 1954 1276 2009 aequa
1304 1939 1636 2009 pr0prietate
1680 1948 1808 1994 sunt

1906 755 2142 828 legentes
2168 757 2368 827 quique
2397 757 2641 811 invenire
2664 766 2910 827 possunt,
2943 773 3103 828 quam
3133 770 3193 816 ut
3231 761 3492 832 cxomplis

1905 847 2188 918 indigeat:
2221 857 2276 900 et
2316 849 2431 917 ipse
2471 862 2687 918 quoque
2732 846 2896 903 Pater
2940 849 3136 905 Filium
3181 866 3336 907 suum
3365 869 3492 910 eum

1905 939 2232 1001 nominaret,
2256 939 2396 991 sicut
2420 937 2472 992 in
2495 948 2682 992 sancto
2707 939 2977 1010 baptismo
3001 941 3218 1009 legitur,
3251 944 3342 998 ubi
3370 943 3490 1001 ait:

1906 1028 2011 1083 Hic
2037 1039 2112 1084 est
2138 1026 2314 1083 Filius
2333 1045 2480 1082 meus
2497 1028 2738 1096 dilectus,
2761 1032 2814 1085 in
2839 1049 2941 1102 quo
2963 1034 3090 1087 mihi
3111 1035 3236 1089 bene
3259 1036 3493 1107 compla-

1904 1123 1988 1176 cui
2018 1121 2235 1193 (Matth.
2262 1138 2347 1186 ut,
2375 1121 2482 1194 17).
2513 1122 2776 1178 Similiter
2798 1133 2853 1179 et
2874 1125 2928 1180 in
2973 1134 3154 1180 monte
3185 1135 3372 1182 sancto
3398 1142 3499 1184 au-

1904 1213 2176 1270 dientibus
2197 1213 2478 1283 apostolis,
2500 1214 2593 1283 qui
2620 1230 2741 1269 cum
2768 1232 2834 1270 eo
2854 1223 3012 1270 erant
3041 1235 3053 1270 :
3081 1215 3184 1271 llic
3215 1226 3288 1272 est
3319 1216 3494 1274 Filius

1905 1319 2050 1359 meus
2079 1302 2324 1369 dilectus,
2350 1305 2406 1358 in
2436 1320 2538 1375 quo
2561 1305 2690 1359 mihi
2719 1304 2844 1360 bene
2864 1307 3176 1375 complacui,
3198 1307 3368 1375 ipsum
3399 1323 3496 1362 au-

1904 1394 2010 1447 dite
2045 1392 2260 1466 (Matth.
2296 1403 2428 1458 xvii,
2460 1391 2536 1464 ὃ).
2566 1393 2708 1464 Ergo
2753 1393 3071 1458 divisionem
3103 1408 3211 1448 non
3239 1392 3368 1450 fecit
3390 1410 3495 1450 vox

1905 1492 2131 1554 paterna
2160 1484 2306 1539 inter
2329 1481 2525 1538 Filium
2550 1491 2606 1537 et
2626 1483 2846 1549 Filium,
2877 1484 3002 1554 quia
3029 1499 3188 1554 quem
3216 1484 3497 1556 proprium

1905 1574 2006 1629 sibi
2039 1574 2226 1644 genuit
2263 1589 2328 1628 ex
2359 1575 2684 1639 aeternitate,
2715 1575 2992 1645 proprium
3023 1590 3237 1645 quoque
3265 1576 3368 1631 sibi
3401 1591 3499 1640 vo-

1906 1665 2007 1721 luit
2037 1665 2240 1721 hahere
2287 1682 2354 1722 ex
2400 1677 2595 1722 matre.
2643 1666 2718 1720 De
2749 1666 2851 1720 hac
2877 1681 3092 1735 quoque
3120 1665 3500 1725 testiﬁcatione

1905 1765 2148 1828 paternae
2173 1757 2324 1812 vocis
2352 1765 2409 1811 et
2437 1757 2631 1810 beatus
2651 1754 2800 1810 Beda
2849 1757 3133 1827 presbyter
3179 1757 3232 1811 in
3287 1759 3499 1829 exposi-

1908 1847 2056 1902 tione
2081 1845 2293 1904 Cautici
2324 1846 2662 1903 canticorum
2709 1845 3017 1916 huiusmodi
3047 1849 3377 1904 mentionem
3421 1847 3502 1904 fe-

1911 1937 1986 1994 cit
2019 1955 2032 1990 :
2061 1955 2078 1988 t
2110 1936 2344 1991 Dilectus
2371 1953 2522 1991 meus
2563 1937 2821 1991 candidus
2858 1947 2907 1990 et
2931 1937 3271 2004 rubicundus,
3308 1938 3502 1994 electus

205 2037 303 2092 ﬁlii
337 2035 503 2091 Jaeoh
547 2035 874 2108 patriarcha:
919 2031 1106 2098 ludas,
1152 2033 1245 2103 qui
1288 2033 1390 2090 sibi
1424 2033 1480 2090 in
1521 2035 1803 2105 propriqu
1825 2020 1971 2102 Beas
2001 2029 2234 2084 millibus
2271 2027 2446 2098 (Cant.
2475 2043 2533 2093 v,
2566 2025 2659 2098 .10)
2701 2045 2713 2080 :
2747 2027 3029 2092 candidus,
3065 2028 3193 2097 quia
3223 2029 3500 2099 sincpcc-

204 2129 378 2184 ﬁlium
432 2127 647 2198 genitus
689 2133 795 2191 est,
841 2135 896 2183 et
928 2125 1207 2196 Ephraim,
1251 2142 1412 2196 quem
1441 2127 1658 2196 quidem
1689 2127 1806 2198 ipse

203 2220 514 2292 patriarcha
543 2219 819 2290 adoptavit
848 2219 950 2274 sibi
978 2220 1031 2274 in
1063 2217 1252 2274 ﬁlium.
1290 2219 1355 2273 Et
1387 2218 1514 2275 licet
1542 2218 1610 2274 de
1634 2220 1804 2274 utris-

203 2327 317 2382 que
367 2312 650 2380 nepotibus
697 2309 896 2380 regalis
943 2309 1193 2380 prosapia
1239 2316 1361 2366 orta
1404 2317 1571 2374 esset,
1623 2317 1804 2365 tamen

201 2403 460 2458 Christus
498 2401 670 2471 magis
707 2399 878 2456 voluit
925 2399 994 2455 de
1023 2398 1154 2467 .ejus
1191 2400 1477 2468 nepotibus
1506 2399 1679 2464 nasci,-
1712 2399 1804 2469 qui

204 2494 462 2566 proprius
491 2492 632 2548 ﬁlius
658 2492 778 2556 fuit,
807 2504 972 2561 quam
1009 2490 1077 2546 de
1108 2490 1272 2556 illius,
1300 2505 1465 2561 quem
1483 2491 1805 2563 patriarcha

204 2585 312 2640 sibi
353 2582 626 2653 adoptavit
661 2583 714 2636 in
747 2580 938 2635 ﬁlium.

279 2675 396 2732 XII.
433 2674 587 2742 Quod
613 2690 744 2729 vero
790 2672 973 2728 dicitis
999 2684 1023 2714 ι
1054 2685 1069 2726 :
1104 2691 1124 2724 t
1160 2669 1427 2728 Christum
1451 2669 1595 2726 duo:
1615 2669 1807 2725 habere

202 2777 404 2839 patres,
425 2766 597 2820 Deum
628 2766 1057 2834 omnipotentem,
1089 2773 1137 2817 et
1173 2763 1344 2819 David
1383 2777 1586 2834 regem;
1609 2770 1656 2816 et
1702 2777 1807 2814 non

205 2877 361 2934 posse
387 2859 656 2930 proprium
683 2857 854 2926 [ilium
881 2857 1013 2908 duos
1056 2855 1247 2908 habere
1288 2864 1500 2924 patres;
1527 2871 1549 2905 ι
1578 2853 1702 2922 quis
1725 2859 1810 2906 est

210 2953 491 3012 hominum
514 2952 606 3023 qui
622 2967 700 3004 eo
730 2949 888 3004 modo
911 2963 1018 3003 non
1048 2947 1246 3002 habeat
1273 2955 1397 3016 post
1420 2947 1698 3016 proprium
1715 2960 1808 3014 pa-

211 3055 378 3111 trem,
403 3052 461 3098 et
485 3043 648 3096 alium
677 3048 909 3109 patrem,
939 3052 1051 3108 quo
1069 3038 1237 3093 David
1266 3036 1368 3090 fuit
1393 3043 1547 3108 pater
1573 3035 1810 3095 Christi?

213 3136 336 3193 Non
357 3133 529 3190 solum
547 3146 749 3196 unum,
775 3129 870 3184 sed
895 3128 1078 3199 plures
1109 3128 1295 3192 etiam,
1329 3127 1472 3182 sicut
1501 3127 1614 3196 ipsa
1649 3127 1810 3181 beata

214 3228 402 3298 Virgo,
432 3224 786 3293 Omnipotens
811 3221 988 3291 potuit
1011 3221 1214 3275 habere
1253 3228 1456 3300 patres,
1487 3217 1554 3273 de
1578 3231 1809 3287 quorum

213 3318 527 3390 genealogis
555 3322 679 3370 orta
709 3319 794 3368 est
820 3328 851 3366 a
890 3319 1044 3380 patre
1076 3323 1136 3364 se
1171 3301 1487 3379 generante,
1531 3322 1703 3377 usque
1743 3307 1812 3362 ad

1906 2129 2061 2186 cato;
2105 2119 2462 2182 rubicundus,
2515 2119 2642 2190 quia
2687 2135 2784 2174 suo
2821 2120 3086 2191 sanguine
3115 2135 3214 2176 nos
3241 2121 3499 2186 redemit;

1906 2214 2114 2269 electus
2162 2231 2229 2269 ex
2271 2215 2532 2278 millibus,
2579 2214 2705 2284 quia
2734 2229 2801 2267 ex
2831 2214 2978 2268 omni
3013 2227 3222 2283 genere
3266 2213 3504 2269 humano

1907 2321 2047 2360 unus
2074 2307 2341 2362 mediator
2366 2306 2461 2361 Dei
2485 2314 2540 2360 et
2561 2306 2864 2370 hominum,
2913 2320 3012 2375 per
3063 2320 3224 2374 quem
3269 2308 3505 2363 mundus

1909 2398 2309 2465 reconciliatur,
2333 2405 2644 2469 assumptus
2673 2408 2759 2454 est
2775 2413 2807 2453 a
2832 2398 2963 2455 Deo.
3000 2398 3159 2454 Solus
3191 2400 3500 2458 mortalium

1909 2503 1940 2542 a
1987 2487 2098 2544 Deo
2141 2490 2208 2544 de
2255 2489 2393 2547 oculo
2429 2490 2623 2559 dignus
2666 2488 2769 2544 fuit
2819 2490 3008 2546 audire
3051 2507 3064 2543 :
3123 2489 3226 2543 Hie
3275 2501 3349 2546 est
3406 2488 3505 2545 Fi-

1907 2578 2013 2632 lius
2065 2595 2211 2634 meus
2256 2579 2501 2645 dilectus,
2549 2580 2605 2635 in
2641 2597 2745 2650 quo
2779 2581 2906 2634 mihi
2951 2579 3247 2650 complacui
3282 2580 3498 2655 (Matth.

1909 2685 2046 2732 xvtt,
2069 2669 2145 2740 5).
2186 2690 2204 2724 i

1981 2761 2116 2816 Xlll.
2156 2762 2289 2829 Quis
2316 2773 2400 2818 cst
2428 2774 2537 2820 tam
2583 2766 2956 2822 contentiosns
2981 2774 3039 2822 et
3077 2776 3190 2822 tam
3239 2769 3500 2837 perﬁdus,

1909 2854 2000 2924 qui
2031 2855 2342 2911 testimonio
2386 2857 2480 2912 Dei
2520 2857 2697 2912 Patris
2737 2873 2843 2913 non
2893 2860 3079 2916 credat
3113 2860 3180 2914 de
3209 2860 3346 2914 Filio
3366 2861 3505 2917 suo?

1910 2941 2066 3008 Quod
2091 2943 2460 2999 testimonium
2487 2944 2748 3014 praefatus
2772 2947 2962 3000 doctor
3008 2947 3138 3002 dicit
3164 2964 3329 3020 super
3356 2949 3504 3009 illum

1911 3035 2148 3099 venisse,
2181 3035 2275 3105 qui
2297 3035 2545 3090 mortalis
2580 3035 2682 3091 fuit
2711 3051 2725 3090 :
2759 3037 2848 3093 ubi
2891 3039 3068 3093 locum
3114 3039 3288 3098 habet
3325 3048 3504 3095 vestra

1911 3126 2191 3181 contentio
2223 3141 2348 3181 eum
2400 3143 2600 3198 negare
2646 3125 2844 3185 Filium
2893 3129 2988 3184 Dei
3047 3145 3168 3185 esse
3201 3133 3504 3202 proprium,

1912 3232 2074 3288 quem
2105 3233 2204 3272 suo
2227 3217 2538 3274 testimonio
2559 3234 2804 3276 summus
2844 3217 3009 3275 Pater
3050 3236 3207 3277 suum
3237 3237 3358 3278 esse
3378 3215 3506 3294 pro—

1911 3307 2114 3378 prium,
2141 3309 2305 3369 etiam
2333 3316 2390 3363 et
2427 3308 2686 3364 dilectum
2729 3317 2956 3366 testatus
3003 3312 3123 3366 est?
3163 3311 3356 3367 Nescio
3398 3328 3508 3382 qua

210 3379 415 3473 David;
445 3379 530 3463 vel
558 3406 724 3463 etiam
754 3379 925 3472 usque
953 3403 1021 3456 ad
1061 3402 1236 3470 ipsum
1260 3399 1434 3456 Adam
1468 3415 1480 3453 τ
1515 3397 1641 3455 licet
1669 3415 1808 3470 quo-
1835 3379 1886 3446 C
1914 3397 2160 3452 caecitate
2191 3397 2396 3452 seducti
2423 3398 2576 3464 estis,
2599 3399 2756 3467 quasi
2786 3414 2890 3453 non
2916 3401 3087 3470 possit
3107 3416 3228 3458 esse
3256 3379 3509 3476 proprius

211 3505 339 3559 dam
373 3501 591 3572 speciali
617 3497 780 3569 regite
803 3492 1386 3565 dignitatis-privilegio
1412 3499 1634 3562 propter
1655 3489 1814 3546 Chri-

209 3605 384 3656 stum,
409 3592 518 3646 ﬁlia
547 3589 715 3644 David
742 3587 850 3643 dici
884 3587 1100 3653 debeat,
1149 3586 1292 3640 sicut
1343 3592 1400 3639 et
1438 3583 1564 3654 .ipse
1611 3582 1811 3654 Ioseph

211 3685 386 3742 David
407 3685 552 3739 ﬁlius
580 3683 799 3746 dicitur,
818 3680 886 3734 ad
908 3693 1068 3749 quem
1096 3677 1320 3747 angelus
1341 3676 1419 3730 ait
1447 3692 1460 3730 :
1488 3674 1814 3746 Joseph,ﬁli

209 3779 410 3842 David,
437 3775 544 3830 noli
570 3776 753 3828 timere
785 3773 1020 3841 accipere
1067 3769 1300 3824 Mariam
1357 3767 1631 3837 conjugem
1667 3775 1814 3819 tuam

213 3869 434 3939 (Matth.
487 3884 526 3929 ι.
577 3863 858 3936 ‘20);quia
899 3877 967 3916 ex
997 3860 1167 3914 David
1215 3858 1427 3939 semine
1468 3855 1813 3912 sanctissima

215 3938 376 4016 iugo
404 3944 572 4000 Maria
603 3957 722 3998 orta
769 3950 876 4006 est,
901 3943 971 3997 de
996 3957 1106 4014 qua
1157 3941 1259 3996 sibi
1291 3938 1558 3993 Christus
1583 3951 1804 3990 carnem

217 4041 540 4108 assumpsit.
565 4036 710 4099 lam,
733 4036 1036 4090 secundum
1056 4032 1201 4103 quod
1225 4029 1386 4085 vobis
1408 4029 1813 4099 placet,.hono—

217 4135 450 4190 nbilior
478 4143 562 4185 est
585 4132 637 4184 iu
660 4129 885 4182 Christo
909 4127 1214 4196 paternitas
1238 4124 1406 4178 David
1434 4130 1810 4191 quampater-

221 4229 369 4284 nitas
392 4227 487 4281 Dei
520 4225 789 4281 l’atris,Et
814 4224 945 4294 quid
967 4223 1132 4276 vultis
1155 4221 1221 4276 de
1236 4219 1440 4291 Ioseph
1467 4220 1588 4289 ipso
1609 4220 1815 4285 dicere,

1917 3485 2086 3541 Filius
2123 3485 2240 3550 Dei,
2297 3487 2390 3557 qui
2427 3502 2496 3541 ex
2549 3488 2770 3559 Virgine
2798 3497 2958 3546 natus
2987 3501 3090 3546 est.
3127 3490 3192 3548 Et
3239 3496 3512 3564 quomodo

1914 3585 2102 3632 saneta
2132 3577 2228 3633 Dei
2253 3577 2499 3634 Ecclesia
2524 3578 2737 3634 beatam
2765 3581 3043 3651 Virginem
3070 3585 3384 3653 genitricem
3413 3585 3512 3642 Dei

1916 3668 2194 3738 appellare
2243 3667 2400 3733 solet,
2449 3669 2553 3724 nisi
2584 3671 2709 3738 quia
2738 3669 2827 3726 ille
2868 3672 2985 3742 ipse
3013 3675 3105 3742 qui
3148 3683 3308 3730 natus
3332 3685 3417 3734 est
3441 3693 3509 3732 ex

1916 3757 2034 3826 ejus
2056 3773 2241 3821 carne,
2273 3759 2528 3828 proprius
2556 3767 2643 3814 est
2671 3755 2840 3816 Filius
2861 3761 2966 3816 .Dei
2997 3781 3008 3810 :
3041 3773 3097 3818 et
3124 3764 3215 3833 qui
3245 3769 3404 3823 natus
3427 3775 3512 3820 est

1915 3861 1984 3902 ex
2011 3847 2315 3908 substantia
2345 3847 2438 3902 Dei
2490 3847 2973 3921 Patrishproprius
3019 3861 3103 3906 est
3120 3852 3300 3912 Filius
3333 3855 3512 3927 Virgi-

1917 3936 2036 3990 nis?
2076 3935 2230 3997 Utin
2261 3944 2492 4008 utraque
2530 3942 2882 4009 generatione
2929 3943 3001 3996 sit
3047 3946 3371 4014 praprietas,
3401 3962 3510 4004 non

1918 4027 2165 4097 adoptio;
2201 4031 2423 4096 veritas,
2450 4047 2557 4086 non
2585 4033 2893 4105 appellatio.
2948 4035 3119 4092 Sicuti
3159 4037 3210 4092 in
3257 4037 3397 4092 libro
3420 4053 3511 4093 ec-

1919 4117 2348 4174 clesiasticorum
2391 4119 2713 4189 Dogmatum
2767 4122 2984 4193 legitur,
3016 4126 3106 4179 ubi
3134 4136 3260 4195 post
3283 4125 3515 4182 catholi-

1921 4223 2041 4270 cam
2074 4219 2276 4266 sanctze
2306 4210 2587 4266 Trinitatis
2609 4211 3007 4278 confessionem
3031 4217 3098 4270 de
3122 4216 3242 4272 Filii
3271 4219 3514 4288 proprie-

221 4322 292 4376 de
326 4335 436 4390 quo
463 4319 800 4388 evangeIasta
831 4316 908 4369 ait
935 4331 947 4366 :
979 4312 1047 4366 Et
1095 4322 1207 4368 erat
1245 4323 1398 4382 pater
1423 4315 1540 4382 ejus
1568 4321 1620 4367 et
1648 4320 1819 4366 mater
1921 4309 2031 4356 late
2060 4302 2111 4356 in
2137 4310 2365 4372 utraque
2391 4313 2584 4359 natura
2614 4314 2978 4375 congruenter
3011 4309 3515 4378 apostolicistradio

223 4415 483 4468 mirantes
512 4412 577 4465 de
605 4412 708 4473 his,
751 4425 868 4478 qua?
897 4407 1215 4461 dicebantur
1242 4407 1308 4460 de
1340 4421 1405 4458 eo
1431 4404 1582 4474 (Luc.
1611 4420 1675 4470 ιι,
1701 4402 1816 4471 5'5),
1923 4401 1939 4444 ῑ

1801 4445 1816 4468 ν
1923 4393 2156 4447 tionibus
2205 4393 2468 4449 insertum
2517 4394 2764 4464 legiturb
2798 4412 2815 4451 :
2847 4413 2868 4447 ‹
2921 4397 3037 4452 Non
3079 4397 3243 4454 Pater
3293 4416 3511 4458 carnem

217 4517 275 4560 et
311 4509 430 4575 ipsa
461 4501 880 4558 materIDomini
911 4499 1084 4554 nostri
1112 4496 1240 4554 Jesu
1264 4496 1468 4553 Christi
1499 4495 1586 4551 :F
1593 4497 1672 4564 ili,
1695 4499 1822 4567 quid
1923 4485 2234 4555 assumpSil.
2267 4499 2443 4554 neque
2490 4483 2726 4554 Spiritus
2774 4495 3016 4554 sanctus,
3047 4489 3141 4544 sed
3185 4489 3354 4546 Filius
3390 4499 3511 4546 tan-

218 4599 401 4669 Iecisti
423 4596 573 4650 nobis
593 4595 702 4650 sic?
717 4611 812 4664 ego
829 4603 877 4648 et
896 4601 1048 4662 pater
1067 4590 1820 4661 tuusdolentesquwrebamus
1922 4584 2036 4669 lum
2101 4584 2161 4631 ιη
2191 4576 2294 4643 "lui
2335 4579 2764 4669 θηιιγίίίνίηίῑθίε
2785 4579 2879 4633 Ποῖ
2909 4579 3102 4644 Filius,
3134 4582 3249 4652 ipse
3276 4582 3433 4639 θθτθι
3459 4587 3512 4639 ίη

221 4668 275 4748 ιε
298 4690 496 4785 (tua.
526 4691 638 4785 is).
655 4689 770 4778 .Cui
802 4688 1015 4785 «ot‘irpse.
1032 4687 1176 4785 ﬁlius
1213 4686 1495 4785 respondit
1513 4704 1539 4778 _;
1576 4683 1821 4785 Quirine.“
1848 4668 1937 4785 υ

1795 4693 1821 4737 ει
1848 4726 1901 4785 D
1923 4668 2144 4722 homine
2177 4668 2484 4726 hominisF
2489 4669 2649 4724 ilius:
2685 4685 2751 4724 ne
2792 4670 2913 4725 Filii
2965 4687 3158 4728 nomen
3185 4675 3251 4728 ad
3283 4674 3511 4730 alterum

1925 4761 2181 4785 ο-Α..-ε..-ι
2257 4761 2343 4785 ---Ξ
2374 4776 2477 4785 -Α-
2526 4770 2638 4785 ιιι-ΑΔ.
2680 4762 2957 4785 -..ιξυξσριιι
3005 4762 3170 4785 13113---
3241 4763 3332 4785 “-9
3389 4779 3508 4785 μμ..-

217 4769 363 4838 quod
382 4767 694 4838 qmerebatis
716 4766 836 4820 me?
858 4765 1183 4822 Nesciebatis
1200 4769 1339 4837 quod
1380 4767 1436 4818 in
1469 4767 1551 4819 his
1567 4764 1820 4836 gate-Pa-

220 4858 324 4913 tris
354 4856 452 4909 mei
485 4863 606 4910 sunt
635 4864 836 4926 oportet
866 4871 947 4910 me
993 4871 1105 4910 esse
1135 4855 1323 4928 (lbid.,
1345 4923 1348 4928 ι
1373 4854 1507 4927 49)Ῥ
1535 4854 1606 4911 Ut
1635 4863 1818 4910 osten-

218 4949 382 5003 deret
406 4945 624 5002 Patrem
654 4961 810 5005 suum
838 4960 959 5001 esse
986 4945 1181 5011 Deum,
1207 4947 1380 5014 magis
1400 4960 1561 5016 quam
1588 4944 1813 5014 Joseph.

221 5037 548 5102 Tamen,.ut
591 5045 813 5093 sanctus
848 5037 1186 5107 Augustinus
1211 5037 1312 5102 ait,
1361 5037 1534 5106 magis
1567 5036 1817 5092 Christus

217 5128 482 5184 cstﬁlius
511 5127 736 5198 Joseph,
769 5142 934 5197 quam
988 5126 1034 5181 si
1076 5141 1202 5180 eum
1247 5127 1530 5196 adoptaret
1577 5126 1814 5188 aliunde,

223 5220 356 5290 quia
383 5219 452 5273 de
482 5232 650 5273 uxore.
676 5233 773 5272 sua
800 5226 961 5272 natus
990 5224 1093 5272 est.
1125 5216 1356 5286 Ideoque
1395 5216 1558 5273 velim
1595 5231 1823 5285 respon-

224 5313 421 5372 deatis,
450 5327 519 5365 an
547 5310 720 5382 magis
749 5312 829 5366 sic
855 5307 1308 5374 JesusChristus,
1350 5325 1417 5365 ex
1447 5309 1678 5380 Virgine
1726 5325 1823 5363 na-

229 5412 352 5468 tus,
364 5411 450 5456 est
476 5403 568 5457 Dei
596 5401 798 5466 Patris,
821 5410 916 5454 aut
961 5401 1131 5471 ipsius
1153 5399 1554 5471 Josephﬁlius?
1590 5400 1826 5459 Nullate-

1925 4761 2202 4826 transiret,
2252 4761 2344 4833 qui
2373 4776 2479 4817 non
2522 4770 2641 4816 erat
2680 4762 2959 4821 nativitate
3005 4762 3192 4819 Filius.
3240 4763 3336 4819 Dei
3382 4779 3514 4836 ergo

1926 4856 2116 4922 Filius,
2162 4858 2398 4913 hominis
2445 4856 2622 4914 factus
2660 4865 2743 4919 est
2775 4857 2957 4914 .Filitts
2989 4875 3001 4910 :
3031 4860 3513 4923 natussccundum

1924 4949 2209 5006 veritatem
2239 4959 2446 5012 natura:
2473 4963 2540 5003 ex
2590 4948 2702 5003 Deo
2753 4948 2849 5002 Dei
2895 4948 3085 5013 Filius,
3137 4934 3193 5002 ut
3218 4950 3515 5012 secundum

1925 5038 2211 5092 veritatem
2240 5045 2451 5093 naturae
2478 5053 2544 5095 ex
2575 5039 2795 5093 homine
2824 5038 3062 5094 hominis
3083 5037 3138 5092 .F
3141 5039 3266 5094 ilius
3296 5056 3310 5094 :
3337 5047 3399 5094 ut
3423 5055 3516 5097 vc-

1927 5125 2062 5180 ritas
2090 5127 2255 5196 geniti
2277 5142 2384 5181 non
2411 5127 2720 5196 adoptione,
2766 5141 2873 5182 non
2915 5128 3304 5198 appellatione;
3336 5131 3431 5189 scd
3458 5132 3513 5185 in

1928 5229 2162 5290 utraque
2189 5221 2471 5278 nativitate
2500 5220 2621 5276 Filii
2649 5237 2845 5275 nomen
2863 5222 3145 5276 nascendo
3177 5222 3424 5283 haberet,
3459 5231 3514 5280 ct

1930 5319 2076 5367 esset
2103 5310 2456 5373 verusDcus,
2485 5320 2540 5365 et
2562 5326 2722 5364 verus
2766 5313 2952 5375 homo,
2999 5327 3136 5365 unus
3177 5311 3365 5367 Filius.
3397 5311 3512 5368 Non

1929 5420 2060 5477 ergo
2085 5404 2222 5459 duos
2264 5404 2533 5468 Christos,
2566 5419 2741 5473 neque
2791 5405 2925 5460 duos
2955 5405 3112 5470 ﬁlios,
3143 5405 3236 5460 sed
3263 5405 3434 5462 Deum
3461 5418 3514 5462 et

229 5513 336 5554 nus
365 5495 592 5556 audetis,
634 5502 699 5549 ut
729 5509 870 5556 reor,
914 5495 1298 5565 paternitatem
1319 5492 1523 5564 Joseph
1554 5493 1828 5562 .prmferrc
1930 5499 2204 5554 hominem
2231 5513 2398 5551 unum
2423 5497 2648 5556 Filium;
2675 5512 2835 5566 quem
2866 5505 3150 5567 praptcrea
3190 5505 3245 5550 et
3264 5499 3512 5568 unigeni-

227 5588 546 5660 paternitati
572 5586 666 5640 Dei
683 5584 868 5640 Patris
878 5584 1044 5657 796
1066 5584 1120 5640 in
1133 5585 1352 5641 Christo
1364 5584 1616 5650 .lesu,.'ne
1633 5594 1825 5654 aperta
1929 5599 1943 5645 ι

1797 5599 1825 5638 a
1929 5599 2042 5645 tum
2071 5590 2302 5645 dicimus
2329 5597 2638 5644 manentem
2668 5588 2720 5642 in
2754 5589 2962 5643 dualms
3007 5589 3344 5652 substantiis,
3376 5589 3513 5644 sicut

228 5698 329 5737 vos
361 5678 646 5736 involvatis
666 5677 1003 5749 blasphemia
1039 5699 1050 5732 :
1079 5678 1206 5734 dum
1254 5681 1346 5736 ubi
1379 5678 1497 5752 [F.,
1521 5677 1744 5751 ubique]
1772 5678 1824 5732 in

230 5768 771 5843 sanctis'Evangeliis
797 5767 884 5823 ille
906 5768 1181 5842 ipseDeus
1195 5769 1448 5828 Christus
1475 5770 1578 5826 sibi
1608 5769 1822 5824 Patrem

303 5967 331 5996 ι
363 5952 483 6007 Vid.
511 5949 674 6009 inira,
698 5948 797 6005 lib.
829 5965 910 6014 tu,
941 5967 994 6004 n.
1027 5951 1054 6006 1

479 6044 752 6104 l’nnot.
799 6040 898 6104 Cl.

1929 5693 2191 5738 creatura:
2215 5681 2416 5738 veritas
2430 5681 2673 5743 contulit,
2694 5695 2800 5735 non
2827 5681 3066 5735 confusis
3089 5682 3314 5742 naturis,
3341 5694 3512 5748 neque

1931 5773 2209 5838 immistis,
2235 5772 2378 5828 sicut
2400 5771 2730 5828 Timothiani
2762 5771 2967 5834 volunt,
3000 5771 3094 5825 sed
3119 5771 3517 5826 societalcuni'

1999 5947 2027 5988 It
2048 5945 2194 6001 Inter
2217 5943 2457 6018 Append.
2489 5945 2554 5998 ad
2583 5943 2719 6016 Opp.
2755 5944 2922 5998 sancti
2953 5943 3260 6013 Augustini.

2997 6038 3036 6096 5
