  <div class='ocr_page' id='page_1' title='image "/cluster/home/n/w/nwhite01/storage/ocr_20150623/101/umn.31951002477394h/083.png"; bbox 0 0 4346 6658; ppageno 0'>
   <div class='ocr_carea' id='block_1_1' title="bbox 675 401 777 455">
    <p class='ocr_par' dir='ltr' id='par_1_1' title="bbox 675 401 777 455">
     <span class='ocr_line' id='line_1_1' title="bbox 675 401 777 455; baseline 0.02 -2"><span class='ocrx_word' id='word_1_1' title='bbox 675 401 777 455; x_wconf 74' lang='grc'><strong>130</strong></span> 
     </span>
    </p>
   </div>
   <div class='ocr_carea' id='block_1_2' title="bbox 1499 395 3073 457">
    <p class='ocr_par' dir='ltr' id='par_1_2' title="bbox 1499 395 3073 457">
     <span class='ocr_line' id='line_1_2' title="bbox 1499 395 3073 457; baseline 0 -2"><span class='ocrx_word' id='word_1_2' title='bbox 1499 399 1563 455; x_wconf 76' lang='lat' dir='ltr'><strong>Il.</strong></span> <span class='ocrx_word' id='word_1_3' title='bbox 1602 398 1663 455; x_wconf 83' lang='lat' dir='ltr'><strong>F.</strong></span> <span class='ocrx_word' id='word_1_4' title='bbox 1697 397 1922 454; x_wconf 79' lang='lat' dir='ltr'><strong>ALBINI</strong></span> <span class='ocrx_word' id='word_1_5' title='bbox 1963 397 2093 454; x_wconf 84' lang='lat' dir='ltr'><strong>SEU</strong></span> <span class='ocrx_word' id='word_1_6' title='bbox 2133 395 2411 453; x_wconf 66' lang='lat' dir='ltr'><strong>ALCIIINI</strong></span> <span class='ocrx_word' id='word_1_7' title='bbox 2447 395 2729 456; x_wconf 76' lang='lat' dir='ltr'><strong>OPERUM</strong></span> <span class='ocrx_word' id='word_1_8' title='bbox 2768 398 2950 457; x_wconf 79' lang='lat' dir='ltr'><strong>PARS</strong></span> <span class='ocrx_word' id='word_1_9' title='bbox 2985 395 3073 455; x_wconf 83' lang='lat' dir='ltr'><strong>Ill.</strong></span> 
     </span>
    </p>
   </div>
   <div class='ocr_carea' id='block_1_3' title="bbox 3844 395 3952 455">
    <p class='ocr_par' dir='ltr' id='par_1_3' title="bbox 3844 395 3952 455">
     <span class='ocr_line' id='line_1_3' title="bbox 3844 395 3952 455; baseline -0.009 0"><span class='ocrx_word' id='word_1_10' title='bbox 3844 395 3952 455; x_wconf 72' lang='lat' dir='ltr'><strong>MO</strong></span> 
     </span>
    </p>
   </div>
   <div class='ocr_carea' id='block_1_4' title="bbox 678 506 3950 583">
    <p class='ocr_par' dir='ltr' id='par_1_4' title="bbox 678 506 3950 583">
     <span class='ocr_line' id='line_1_4' title="bbox 678 506 3950 583; baseline -0.002 -15"><span class='ocrx_word' id='word_1_11' title='bbox 678 517 763 569; x_wconf 90' lang='lat' dir='ltr'><strong>tis.</strong></span> <span class='ocrx_word' id='word_1_12' title='bbox 793 514 935 567; x_wconf 84' lang='lat' dir='ltr'><strong>Deus</strong></span> <span class='ocrx_word' id='word_1_13' title='bbox 961 526 1091 583; x_wconf 87' lang='lat' dir='ltr'><strong>ergo</strong></span> <span class='ocrx_word' id='word_1_14' title='bbox 1116 509 1391 567; x_wconf 89' lang='lat' dir='ltr'><strong>hominem</strong></span> <span class='ocrx_word' id='word_1_15' title='bbox 1419 509 1736 581; x_wconf 90' lang='lat' dir='ltr'><strong>assumpsit,</strong></span> <span class='ocrx_word' id='word_1_16' title='bbox 1773 510 1937 564; x_wconf 90' lang='lat' dir='ltr'><strong>homo</strong></span> <span class='ocrx_word' id='word_1_17' title='bbox 1988 509 2042 562; x_wconf 90' lang='lat' dir='ltr'><strong>in</strong></span> <span class='ocrx_word' id='word_1_18' title='bbox 2090 507 2258 562; x_wconf 89' lang='lat' dir='ltr'><strong>Deum</strong></span> <span class='ocrx_word' id='word_1_19' title='bbox 2284 514 2334 571; x_wconf 77' lang='grc' dir='ltr'>Α</span> <span class='ocrx_word' id='word_1_20' title='bbox 2361 506 2418 561; x_wconf 91' lang='lat' dir='ltr'><strong>ln</strong></span> <span class='ocrx_word' id='word_1_21' title='bbox 2461 506 2569 566; x_wconf 87' lang='lat' dir='ltr'><strong>hoc</strong></span> <span class='ocrx_word' id='word_1_22' title='bbox 2614 514 2799 566; x_wconf 81' lang='lat' dir='ltr'><strong>autem</strong></span> <span class='ocrx_word' id='word_1_23' title='bbox 2837 507 2989 565; x_wconf 87' lang='lat' dir='ltr'><strong>illum</strong></span> <span class='ocrx_word' id='word_1_24' title='bbox 3016 509 3326 579; x_wconf 78' lang='lat' dir='ltr'><strong>adoptivum</strong></span> <span class='ocrx_word' id='word_1_25' title='bbox 3372 508 3647 565; x_wconf 76' lang='lat' dir='ltr'><strong>credimus</strong></span> <span class='ocrx_word' id='word_1_26' title='bbox 3670 507 3813 581; x_wconf 85' lang='lat' dir='ltr'><strong>apud</strong></span> <span class='ocrx_word' id='word_1_27' title='bbox 3847 508 3950 565; x_wconf 67' lang='grc' dir='ltr'><strong>ιδε-</strong></span> 
     </span>
    </p>
   </div>
   <div class='ocr_carea' id='block_1_5' title="bbox 676 596 2261 668">
    <p class='ocr_par' dir='ltr' id='par_1_5' title="bbox 676 596 2261 668">
     <span class='ocr_line' id='line_1_5' title="bbox 676 596 2261 668; baseline -0.005 -11"><span class='ocrx_word' id='word_1_28' title='bbox 676 600 955 668; x_wconf 86' lang='lat' dir='ltr'><strong>transivit;</strong></span> <span class='ocrx_word' id='word_1_29' title='bbox 986 615 1093 656; x_wconf 92' lang='lat' dir='ltr'><strong>non</strong></span> <span class='ocrx_word' id='word_1_30' title='bbox 1122 610 1332 657; x_wconf 63' lang='lat' dir='ltr'><strong>natura:</strong></span> <span class='ocrx_word' id='word_1_31' title='bbox 1370 599 1749 663; x_wconf 80' lang='lat' dir='ltr'><strong>versibilitate,</strong></span> <span class='ocrx_word' id='word_1_32' title='bbox 1793 599 1889 654; x_wconf 89' lang='lat' dir='ltr'><strong>sed</strong></span> <span class='ocrx_word' id='word_1_33' title='bbox 1935 597 2031 652; x_wconf 89' lang='lat' dir='ltr'><strong>Dei</strong></span> <span class='ocrx_word' id='word_1_34' title='bbox 2076 596 2261 667; x_wconf 89' lang='lat' dir='ltr'><strong>digna-</strong></span> 
     </span>
    </p>
   </div>
   <div class='ocr_carea' id='block_1_6' title="bbox 671 686 2262 759">
    <p class='ocr_par' dir='ltr' id='par_1_6' title="bbox 671 686 2262 759">
     <span class='ocr_line' id='line_1_6' title="bbox 671 686 2262 759; baseline -0.005 -11"><span class='ocrx_word' id='word_1_35' title='bbox 671 694 841 759; x_wconf 91' lang='lat' dir='ltr'><strong>tione,</strong></span> <span class='ocrx_word' id='word_1_36' title='bbox 864 701 923 748; x_wconf 92' lang='lat' dir='ltr'><strong>ut</strong></span> <span class='ocrx_word' id='word_1_37' title='bbox 949 708 1050 750; x_wconf 92' lang='lat' dir='ltr'><strong>nec</strong></span> <span class='ocrx_word' id='word_1_38' title='bbox 1078 692 1222 748; x_wconf 89' lang='lat' dir='ltr'><strong>Deus</strong></span> <span class='ocrx_word' id='word_1_39' title='bbox 1243 699 1549 747; x_wconf 90' lang='lat' dir='ltr'><strong>mutaretur</strong></span> <span class='ocrx_word' id='word_1_40' title='bbox 1574 691 1632 747; x_wconf 92' lang='lat' dir='ltr'><strong>in</strong></span> <span class='ocrx_word' id='word_1_41' title='bbox 1675 690 1968 744; x_wconf 85' lang='lat' dir='ltr'><strong>humanam</strong></span> <span class='ocrx_word' id='word_1_42' title='bbox 2012 686 2262 743; x_wconf 85' lang='lat' dir='ltr'><strong>substan-</strong></span> 
     </span>
    </p>
   </div>
   <div class='ocr_carea' id='block_1_7' title="bbox 671 776 2260 845">
    <p class='ocr_par' dir='ltr' id='par_1_7' title="bbox 671 776 2260 845">
     <span class='ocr_line' id='line_1_7' title="bbox 671 776 2260 845; baseline -0.006 -7"><span class='ocrx_word' id='word_1_43' title='bbox 671 786 802 838; x_wconf 90' lang='lat' dir='ltr'><strong>tiam</strong></span> <span class='ocrx_word' id='word_1_44' title='bbox 834 783 1161 839; x_wconf 84' lang='lat' dir='ltr'><strong>assumendo</strong></span> <span class='ocrx_word' id='word_1_45' title='bbox 1199 781 1512 845; x_wconf 84' lang='lat' dir='ltr'><strong>hominem;</strong></span> <span class='ocrx_word' id='word_1_46' title='bbox 1564 794 1667 836; x_wconf 89' lang='lat' dir='ltr'><strong>nec</strong></span> <span class='ocrx_word' id='word_1_47' title='bbox 1706 780 1868 838; x_wconf 90' lang='lat' dir='ltr'><strong>homo</strong></span> <span class='ocrx_word' id='word_1_48' title='bbox 1897 778 1950 833; x_wconf 93' lang='lat' dir='ltr'><strong>in</strong></span> <span class='ocrx_word' id='word_1_49' title='bbox 1997 776 2260 844; x_wconf 84' lang='lat' dir='ltr'><strong>divinam,</strong></span> 
     </span>
    </p>
   </div>
   <div class='ocr_carea' id='block_1_8' title="bbox 670 871 2263 945">
    <p class='ocr_par' dir='ltr' id='par_1_8' title="bbox 670 871 2263 945">
     <span class='ocr_line' id='line_1_8' title="bbox 670 871 2263 945; baseline -0.003 -16"><span class='ocrx_word' id='word_1_50' title='bbox 670 875 799 931; x_wconf 91' lang='lat' dir='ltr'><strong>licet</strong></span> <span class='ocrx_word' id='word_1_51' title='bbox 840 873 1170 945; x_wconf 77' lang='lat' dir='ltr'><strong>gloriﬁcatus</strong></span> <span class='ocrx_word' id='word_1_52' title='bbox 1220 875 1275 929; x_wconf 91' lang='lat' dir='ltr'><strong>in</strong></span> <span class='ocrx_word' id='word_1_53' title='bbox 1326 874 1516 928; x_wconf 90' lang='lat' dir='ltr'><strong>Deum.</strong></span> <span class='ocrx_word' id='word_1_54' title='bbox 1567 890 1586 925; x_wconf 81' lang='grc' dir='ltr'><strong>ι</strong></span> <span class='ocrx_word' id='word_1_55' title='bbox 1629 871 1767 926; x_wconf 86' lang='lat' dir='ltr'><strong>Nam</strong></span> <span class='ocrx_word' id='word_1_56' title='bbox 1815 874 1861 926; x_wconf 86' lang='lat' dir='ltr'><strong>si</strong></span> <span class='ocrx_word' id='word_1_57' title='bbox 1911 884 2135 925; x_wconf 90' lang='lat' dir='ltr'><strong>necesse</strong></span> <span class='ocrx_word' id='word_1_58' title='bbox 2178 875 2263 926; x_wconf 87' lang='lat' dir='ltr'><strong>est</strong></span> 
     </span>
    </p>
   </div>
   <div class='ocr_carea' id='block_1_9' title="bbox 667 959 2261 1036">
    <p class='ocr_par' dir='ltr' id='par_1_9' title="bbox 667 959 2261 1036">
     <span class='ocr_line' id='line_1_9' title="bbox 667 959 2261 1036; baseline -0.004 -16"><span class='ocrx_word' id='word_1_59' title='bbox 667 966 979 1036; x_wconf 87' lang='lat' dir='ltr'><strong>adoptivum</strong></span> <span class='ocrx_word' id='word_1_60' title='bbox 1022 979 1143 1020; x_wconf 88' lang='lat' dir='ltr'><strong>esse</strong></span> <span class='ocrx_word' id='word_1_61' title='bbox 1175 961 1455 1020; x_wconf 89' lang='lat' dir='ltr'><strong>Christum</strong></span> <span class='ocrx_word' id='word_1_62' title='bbox 1504 962 1600 1017; x_wconf 91' lang='lat' dir='ltr'><strong>Dei</strong></span> <span class='ocrx_word' id='word_1_63' title='bbox 1629 961 1828 1028; x_wconf 82' lang='lat' dir='ltr'><strong>Patris,</strong></span> <span class='ocrx_word' id='word_1_64' title='bbox 1873 970 2099 1031; x_wconf 85' lang='lat' dir='ltr'><strong>propter</strong></span> <span class='ocrx_word' id='word_1_65' title='bbox 2116 959 2261 1030; x_wconf 90' lang='lat' dir='ltr'><strong>quod</strong></span> 
     </span>
    </p>
   </div>
   <div class='ocr_carea' id='block_1_10' title="bbox 668 1052 2257 1114">
    <p class='ocr_par' dir='ltr' id='par_1_10' title="bbox 668 1052 2257 1114">
     <span class='ocr_line' id='line_1_10' title="bbox 668 1052 2257 1114; baseline -0.002 -6"><span class='ocrx_word' id='word_1_66' title='bbox 668 1071 736 1109; x_wconf 75' lang='lat' dir='ltr'><strong>CX</strong></span> <span class='ocrx_word' id='word_1_67' title='bbox 767 1055 1070 1110; x_wconf 88' lang='lat' dir='ltr'><strong>substantia</strong></span> <span class='ocrx_word' id='word_1_68' title='bbox 1101 1068 1198 1109; x_wconf 89' lang='lat' dir='ltr'><strong>sua</strong></span> <span class='ocrx_word' id='word_1_69' title='bbox 1248 1061 1409 1108; x_wconf 88' lang='lat' dir='ltr'><strong>natus</strong></span> <span class='ocrx_word' id='word_1_70' title='bbox 1450 1069 1557 1107; x_wconf 91' lang='lat' dir='ltr'><strong>non</strong></span> <span class='ocrx_word' id='word_1_71' title='bbox 1587 1062 1671 1107; x_wconf 90' lang='lat' dir='ltr'><strong>est</strong></span> <span class='ocrx_word' id='word_1_72' title='bbox 1698 1052 1990 1107; x_wconf 79' lang='lat' dir='ltr'><strong>secundum</strong></span> <span class='ocrx_word' id='word_1_73' title='bbox 2016 1065 2257 1114; x_wconf 90' lang='lat' dir='ltr'><strong>carnem,</strong></span> 
     </span>
    </p>
   </div>
   <div class='ocr_carea' id='block_1_11' title="bbox 666 1144 2257 1216">
    <p class='ocr_par' dir='ltr' id='par_1_11' title="bbox 666 1144 2257 1216">
     <span class='ocr_line' id='line_1_11' title="bbox 666 1144 2257 1216; baseline -0.001 -17"><span class='ocrx_word' id='word_1_74' title='bbox 666 1147 939 1215; x_wconf 87' lang='lat' dir='ltr'><strong>quomodo</strong></span> <span class='ocrx_word' id='word_1_75' title='bbox 979 1161 1086 1201; x_wconf 93' lang='lat' dir='ltr'><strong>non</strong></span> <span class='ocrx_word' id='word_1_76' title='bbox 1117 1153 1201 1201; x_wconf 92' lang='lat' dir='ltr'><strong>est</strong></span> <span class='ocrx_word' id='word_1_77' title='bbox 1238 1145 1522 1216; x_wconf 87' lang='lat' dir='ltr'><strong>adeptivus</strong></span> <span class='ocrx_word' id='word_1_78' title='bbox 1551 1144 1696 1200; x_wconf 81' lang='lat' dir='ltr'><strong>ﬁlius</strong></span> <span class='ocrx_word' id='word_1_79' title='bbox 1736 1144 1973 1214; x_wconf 80' lang='lat' dir='ltr'><strong>Virginis</strong></span> <span class='ocrx_word' id='word_1_80' title='bbox 2023 1144 2112 1199; x_wconf 90' lang='lat' dir='ltr'><strong>ille</strong></span> <span class='ocrx_word' id='word_1_81' title='bbox 2165 1144 2257 1213; x_wconf 88' lang='lat' dir='ltr'><strong>qui</strong></span> 
     </span>
    </p>
   </div>
   <div class='ocr_carea' id='block_1_12' title="bbox 668 1235 2256 1308">
    <p class='ocr_par' dir='ltr' id='par_1_12' title="bbox 668 1235 2256 1308">
     <span class='ocr_line' id='line_1_12' title="bbox 668 1235 2256 1308; baseline -0.003 -16"><span class='ocrx_word' id='word_1_82' title='bbox 668 1247 830 1295; x_wconf 82' lang='lat' dir='ltr'><strong>natus</strong></span> <span class='ocrx_word' id='word_1_83' title='bbox 854 1246 1028 1295; x_wconf 81' lang='lat' dir='ltr'><strong>estex</strong></span> <span class='ocrx_word' id='word_1_84' title='bbox 1052 1237 1185 1305; x_wconf 89' lang='lat' dir='ltr'><strong>Deo,</strong></span> <span class='ocrx_word' id='word_1_85' title='bbox 1202 1237 1326 1308; x_wconf 89' lang='lat' dir='ltr'><strong>quia</strong></span> <span class='ocrx_word' id='word_1_86' title='bbox 1352 1237 1417 1293; x_wconf 91' lang='lat' dir='ltr'><strong>de</strong></span> <span class='ocrx_word' id='word_1_87' title='bbox 1433 1236 1677 1307; x_wconf 84' lang='lat' dir='ltr'><strong>ejusdem</strong></span> <span class='ocrx_word' id='word_1_88' title='bbox 1699 1236 1938 1305; x_wconf 79' lang='lat' dir='ltr'><strong>Virginis</strong></span> <span class='ocrx_word' id='word_1_89' title='bbox 1956 1235 2256 1291; x_wconf 80' lang='lat' dir='ltr'><strong>substantia</strong></span> 
     </span>
    </p>
   </div>
   <div class='ocr_carea' id='block_1_13' title="bbox 669 1328 2257 1399">
    <p class='ocr_par' dir='ltr' id='par_1_13' title="bbox 669 1328 2257 1399">
     <span class='ocr_line' id='line_1_13' title="bbox 669 1328 2257 1399; baseline -0.003 -15"><span class='ocrx_word' id='word_1_90' title='bbox 669 1340 889 1385; x_wconf 91' lang='lat' dir='ltr'><strong>creatus</strong></span> <span class='ocrx_word' id='word_1_91' title='bbox 919 1344 1025 1385; x_wconf 88' lang='lat' dir='ltr'><strong>non</strong></span> <span class='ocrx_word' id='word_1_92' title='bbox 1052 1331 1170 1385; x_wconf 90' lang='lat' dir='ltr'><strong>est?</strong></span> <span class='ocrx_word' id='word_1_93' title='bbox 1216 1330 1361 1399; x_wconf 81' lang='lat' dir='ltr'><strong>Ergo</strong></span> <span class='ocrx_word' id='word_1_94' title='bbox 1393 1330 1438 1383; x_wconf 89' lang='lat' dir='ltr'><strong>si</strong></span> <span class='ocrx_word' id='word_1_95' title='bbox 1487 1342 1708 1383; x_wconf 81' lang='lat' dir='ltr'><strong>necesse</strong></span> <span class='ocrx_word' id='word_1_96' title='bbox 1739 1337 1822 1381; x_wconf 86' lang='lat' dir='ltr'><strong>est</strong></span> <span class='ocrx_word' id='word_1_97' title='bbox 1869 1328 2140 1381; x_wconf 85' lang='lat' dir='ltr'><strong>hominem</strong></span> <span class='ocrx_word' id='word_1_98' title='bbox 2189 1341 2257 1380; x_wconf 79' lang='lat' dir='ltr'><strong>ex</strong></span> 
     </span>
    </p>
   </div>
   <div class='ocr_carea' id='block_1_14' title="bbox 676 1416 2259 1492">
    <p class='ocr_par' dir='ltr' id='par_1_14' title="bbox 676 1416 2259 1492">
     <span class='ocr_line' id='line_1_14' title="bbox 676 1416 2259 1492; baseline -0.003 -16"><span class='ocrx_word' id='word_1_99' title='bbox 676 1423 890 1492; x_wconf 79' lang='lat' dir='ltr'><strong>Virgine</strong></span> <span class='ocrx_word' id='word_1_100' title='bbox 916 1430 1124 1489; x_wconf 88' lang='lat' dir='ltr'><strong>natum,</strong></span> <span class='ocrx_word' id='word_1_101' title='bbox 1151 1421 1495 1491; x_wconf 84' lang='lat' dir='ltr'><strong>Virginisque</strong></span> <span class='ocrx_word' id='word_1_102' title='bbox 1537 1418 1703 1471; x_wconf 85' lang='lat' dir='ltr'><strong>tilium</strong></span> <span class='ocrx_word' id='word_1_103' title='bbox 1732 1417 1982 1488; x_wconf 80' lang='lat' dir='ltr'><strong>adeptive</strong></span> <span class='ocrx_word' id='word_1_104' title='bbox 2025 1431 2144 1471; x_wconf 89' lang='lat' dir='ltr'><strong>esse</strong></span> <span class='ocrx_word' id='word_1_105' title='bbox 2170 1416 2259 1471; x_wconf 86' lang='lat' dir='ltr'><strong>Fi-</strong></span> 
     </span>
    </p>
   </div>
   <div class='ocr_carea' id='block_1_15' title="bbox 670 1506 2258 1582">
    <p class='ocr_par' dir='ltr' id='par_1_15' title="bbox 670 1506 2258 1582">
     <span class='ocr_line' id='line_1_15' title="bbox 670 1506 2258 1582; baseline -0.005 -14"><span class='ocrx_word' id='word_1_106' title='bbox 670 1514 800 1570; x_wconf 84' lang='lat' dir='ltr'><strong>lium</strong></span> <span class='ocrx_word' id='word_1_107' title='bbox 828 1512 922 1567; x_wconf 88' lang='lat' dir='ltr'><strong>Dei</strong></span> <span class='ocrx_word' id='word_1_108' title='bbox 950 1529 963 1566; x_wconf 89' lang='lat'><strong>:</strong></span> <span class='ocrx_word' id='word_1_109' title='bbox 997 1510 1116 1582; x_wconf 90' lang='lat' dir='ltr'><strong>ipso</strong></span> <span class='ocrx_word' id='word_1_110' title='bbox 1153 1512 1312 1565; x_wconf 86' lang='lat' dir='ltr'><strong>modo</strong></span> <span class='ocrx_word' id='word_1_111' title='bbox 1341 1508 1703 1562; x_wconf 83' lang='lat' dir='ltr'><strong>necessarium</strong></span> <span class='ocrx_word' id='word_1_112' title='bbox 1734 1515 1818 1562; x_wconf 88' lang='lat' dir='ltr'><strong>est</strong></span> <span class='ocrx_word' id='word_1_113' title='bbox 1843 1508 2012 1562; x_wconf 90' lang='lat' dir='ltr'><strong>Deum</strong></span> <span class='ocrx_word' id='word_1_114' title='bbox 2040 1507 2137 1561; x_wconf 66' lang='lat' dir='ltr'><strong>DBi</strong></span> <span class='ocrx_word' id='word_1_115' title='bbox 2163 1506 2258 1561; x_wconf 87' lang='lat' dir='ltr'><strong>Fi—</strong></span> 
     </span>
    </p>
   </div>
   <div class='ocr_carea' id='block_1_16' title="bbox 668 1597 2258 1673">
    <p class='ocr_par' dir='ltr' id='par_1_16' title="bbox 668 1597 2258 1673">
     <span class='ocr_line' id='line_1_16' title="bbox 668 1597 2258 1673; baseline -0.006 -13"><span class='ocrx_word' id='word_1_116' title='bbox 668 1605 799 1661; x_wconf 89' lang='lat' dir='ltr'><strong>.ium</strong></span> <span class='ocrx_word' id='word_1_117' title='bbox 824 1603 1073 1673; x_wconf 85' lang='lat' dir='ltr'><strong>adoptive</strong></span> <span class='ocrx_word' id='word_1_118' title='bbox 1103 1616 1221 1656; x_wconf 90' lang='lat' dir='ltr'><strong>esse</strong></span> <span class='ocrx_word' id='word_1_119' title='bbox 1247 1600 1413 1654; x_wconf 88' lang='lat' dir='ltr'><strong>tilium</strong></span> <span class='ocrx_word' id='word_1_120' title='bbox 1441 1598 1695 1667; x_wconf 80' lang='lat' dir='ltr'><strong>Virginis,</strong></span> <span class='ocrx_word' id='word_1_121' title='bbox 1720 1598 1845 1667; x_wconf 85' lang='lat' dir='ltr'><strong>quia</strong></span> <span class='ocrx_word' id='word_1_122' title='bbox 1871 1597 1976 1652; x_wconf 89' lang='lat' dir='ltr'><strong>alia</strong></span> <span class='ocrx_word' id='word_1_123' title='bbox 2008 1598 2258 1652; x_wconf 89' lang='lat' dir='ltr'><strong>substan-</strong></span> 
     </span>
    </p>
   </div>
   <div class='ocr_carea' id='block_1_17' title="bbox 669 1689 2255 1758">
    <p class='ocr_par' dir='ltr' id='par_1_17' title="bbox 669 1689 2255 1758">
     <span class='ocr_line' id='line_1_17' title="bbox 669 1689 2255 1758; baseline -0.003 -10"><span class='ocrx_word' id='word_1_124' title='bbox 669 1692 742 1748; x_wconf 83' lang='lat' dir='ltr'><strong>tia</strong></span> <span class='ocrx_word' id='word_1_125' title='bbox 774 1702 858 1748; x_wconf 91' lang='lat' dir='ltr'><strong>est</strong></span> <span class='ocrx_word' id='word_1_126' title='bbox 878 1692 977 1748; x_wconf 89' lang='lat' dir='ltr'><strong>Dei</strong></span> <span class='ocrx_word' id='word_1_127' title='bbox 1006 1691 1210 1757; x_wconf 88' lang='lat' dir='ltr'><strong>Patris,</strong></span> <span class='ocrx_word' id='word_1_128' title='bbox 1233 1692 1299 1746; x_wconf 92' lang='lat' dir='ltr'><strong>de</strong></span> <span class='ocrx_word' id='word_1_129' title='bbox 1331 1704 1437 1758; x_wconf 89' lang='lat' dir='ltr'><strong>qua</strong></span> <span class='ocrx_word' id='word_1_130' title='bbox 1477 1689 1839 1745; x_wconf 89' lang='lat' dir='ltr'><strong>essentialiter</strong></span> <span class='ocrx_word' id='word_1_131' title='bbox 1867 1697 2028 1744; x_wconf 89' lang='lat' dir='ltr'><strong>natus</strong></span> <span class='ocrx_word' id='word_1_132' title='bbox 2049 1696 2133 1744; x_wconf 88' lang='lat' dir='ltr'><strong>est</strong></span> <span class='ocrx_word' id='word_1_133' title='bbox 2160 1689 2255 1743; x_wconf 88' lang='lat' dir='ltr'><strong>Dei</strong></span> 
     </span>
    </p>
   </div>
   <div class='ocr_carea' id='block_1_18' title="bbox 667 1780 2258 1852">
    <p class='ocr_par' dir='ltr' id='par_1_18' title="bbox 667 1780 2258 1852">
     <span class='ocr_line' id='line_1_18' title="bbox 667 1780 2258 1852; baseline -0.002 -16"><span class='ocrx_word' id='word_1_134' title='bbox 667 1783 868 1849; x_wconf 85' lang='lat' dir='ltr'><strong>Filius;</strong></span> <span class='ocrx_word' id='word_1_135' title='bbox 902 1783 1008 1837; x_wconf 89' lang='lat' dir='ltr'><strong>alia</strong></span> <span class='ocrx_word' id='word_1_136' title='bbox 1048 1781 1307 1852; x_wconf 80' lang='lat' dir='ltr'><strong>Virginis,</strong></span> <span class='ocrx_word' id='word_1_137' title='bbox 1336 1781 1402 1834; x_wconf 92' lang='lat' dir='ltr'><strong>de</strong></span> <span class='ocrx_word' id='word_1_138' title='bbox 1447 1795 1553 1849; x_wconf 91' lang='lat' dir='ltr'><strong>qua</strong></span> <span class='ocrx_word' id='word_1_139' title='bbox 1582 1780 1938 1850; x_wconf 84' lang='lat' dir='ltr'><strong>corporaliter</strong></span> <span class='ocrx_word' id='word_1_140' title='bbox 1982 1789 2144 1834; x_wconf 90' lang='lat' dir='ltr'><strong>natus</strong></span> <span class='ocrx_word' id='word_1_141' title='bbox 2173 1788 2258 1835; x_wconf 90' lang='lat' dir='ltr'><strong>est</strong></span> 
     </span>
    </p>
   </div>
   <div class='ocr_carea' id='block_1_19' title="bbox 667 1857 2329 1938">
    <p class='ocr_par' dir='ltr' id='par_1_19' title="bbox 667 1857 2329 1938">
     <span class='ocr_line' id='line_1_19' title="bbox 667 1857 2329 1938; baseline -0.005 -7"><span class='ocrx_word' id='word_1_142' title='bbox 667 1874 936 1935; x_wconf 83' lang='lat' dir='ltr'><strong>Christus.</strong></span> <span class='ocrx_word' id='word_1_143' title='bbox 960 1873 1070 1929; x_wconf 86' lang='lat' dir='ltr'><strong>Aut</strong></span> <span class='ocrx_word' id='word_1_144' title='bbox 1094 1874 1143 1929; x_wconf 88' lang='lat' dir='ltr'><strong>si</strong></span> <span class='ocrx_word' id='word_1_145' title='bbox 1168 1874 1270 1927; x_wconf 91' lang='lat' dir='ltr'><strong>hoc</strong></span> <span class='ocrx_word' id='word_1_146' title='bbox 1295 1887 1401 1926; x_wconf 94' lang='lat' dir='ltr'><strong>non</strong></span> <span class='ocrx_word' id='word_1_147' title='bbox 1431 1872 1644 1927; x_wconf 81' lang='lat' dir='ltr'><strong>audetis</strong></span> <span class='ocrx_word' id='word_1_148' title='bbox 1685 1871 1888 1935; x_wconf 84' lang='lat' dir='ltr'><strong>dicere,</strong></span> <span class='ocrx_word' id='word_1_149' title='bbox 1918 1871 2043 1938; x_wconf 85' lang='lat' dir='ltr'><strong>quia</strong></span> <span class='ocrx_word' id='word_1_150' title='bbox 2091 1869 2251 1924; x_wconf 87' lang='lat' dir='ltr'><strong>Chri-</strong></span> <span class='ocrx_word' id='word_1_151' title='bbox 2286 1857 2329 1915; x_wconf 83' lang='grc' dir='ltr'><strong>Β</strong></span> 
     </span>
    </p>
   </div>
   <div class='ocr_carea' id='block_1_20' title="bbox 666 1963 2256 2040">
    <p class='ocr_par' dir='ltr' id='par_1_20' title="bbox 666 1963 2256 2040">
     <span class='ocr_line' id='line_1_20' title="bbox 666 1963 2256 2040; baseline -0.004 -19"><span class='ocrx_word' id='word_1_152' title='bbox 666 1967 903 2040; x_wconf 77' lang='lat' dir='ltr'><strong>stianum</strong></span> <span class='ocrx_word' id='word_1_153' title='bbox 931 1980 1127 2027; x_wconf 85' lang='lat' dir='ltr'><strong>nomen</strong></span> <span class='ocrx_word' id='word_1_154' title='bbox 1165 1964 1399 2029; x_wconf 80' lang='lat' dir='ltr'><strong>habetis,</strong></span> <span class='ocrx_word' id='word_1_155' title='bbox 1434 1972 1496 2018; x_wconf 89' lang='lat' dir='ltr'><strong>ut</strong></span> <span class='ocrx_word' id='word_1_156' title='bbox 1516 1965 1675 2019; x_wconf 86' lang='lat' dir='ltr'><strong>beata</strong></span> <span class='ocrx_word' id='word_1_157' title='bbox 1703 1963 1868 2033; x_wconf 89' lang='lat' dir='ltr'><strong>Virgo</strong></span> <span class='ocrx_word' id='word_1_158' title='bbox 1896 1978 2004 2016; x_wconf 89' lang='lat' dir='ltr'><strong>non</strong></span> <span class='ocrx_word' id='word_1_159' title='bbox 2031 1963 2100 2017; x_wconf 90' lang='lat' dir='ltr'><strong>sit</strong></span> <span class='ocrx_word' id='word_1_160' title='bbox 2130 1978 2256 2031; x_wconf 87' lang='lat' dir='ltr'><strong>pro-</strong></span> 
     </span>
    </p>
   </div>
   <div class='ocr_carea' id='block_1_21' title="bbox 666 2056 2255 2129">
    <p class='ocr_par' dir='ltr' id='par_1_21' title="bbox 666 2056 2255 2129">
     <span class='ocr_line' id='line_1_21' title="bbox 666 2056 2255 2129; baseline -0.002 -19"><span class='ocrx_word' id='word_1_161' title='bbox 666 2056 782 2127; x_wconf 74' lang='lat' dir='ltr'><strong>prie</strong></span> <span class='ocrx_word' id='word_1_162' title='bbox 810 2057 906 2116; x_wconf 83' lang='lat' dir='ltr'><strong>Dei</strong></span> <span class='ocrx_word' id='word_1_163' title='bbox 934 2059 1186 2129; x_wconf 81' lang='lat' dir='ltr'><strong>genitrix;</strong></span> <span class='ocrx_word' id='word_1_164' title='bbox 1214 2057 1305 2111; x_wconf 88' lang='lat' dir='ltr'><strong>sed</strong></span> <span class='ocrx_word' id='word_1_165' title='bbox 1333 2072 1430 2126; x_wconf 88' lang='lat' dir='ltr'><strong>per</strong></span> <span class='ocrx_word' id='word_1_166' title='bbox 1458 2057 1822 2126; x_wconf 89' lang='lat' dir='ltr'><strong>adoptionem,</strong></span> <span class='ocrx_word' id='word_1_167' title='bbox 1846 2070 2057 2125; x_wconf 68' lang='lat' dir='ltr'><strong>aequum</strong></span> <span class='ocrx_word' id='word_1_168' title='bbox 2086 2063 2171 2110; x_wconf 89' lang='lat' dir='ltr'><strong>est</strong></span> <span class='ocrx_word' id='word_1_169' title='bbox 2197 2061 2255 2107; x_wconf 91' lang='lat' dir='ltr'><strong>ut</strong></span> 
     </span>
    </p>
   </div>
   <div class='ocr_carea' id='block_1_22' title="bbox 666 2146 2254 2217">
    <p class='ocr_par' dir='ltr' id='par_1_22' title="bbox 666 2146 2254 2217">
     <span class='ocr_line' id='line_1_22' title="bbox 666 2146 2254 2217; baseline -0.003 -15"><span class='ocrx_word' id='word_1_170' title='bbox 666 2163 771 2202; x_wconf 90' lang='lat' dir='ltr'><strong>non</strong></span> <span class='ocrx_word' id='word_1_171' title='bbox 798 2148 1039 2204; x_wconf 86' lang='lat' dir='ltr'><strong>audeatis</strong></span> <span class='ocrx_word' id='word_1_172' title='bbox 1057 2146 1326 2203; x_wconf 72' lang='lat' dir='ltr'><strong>afﬁrmare</strong></span> <span class='ocrx_word' id='word_1_173' title='bbox 1345 2146 1511 2202; x_wconf 81' lang='lat' dir='ltr'><strong>(ilium</strong></span> <span class='ocrx_word' id='word_1_174' title='bbox 1543 2146 1777 2217; x_wconf 87' lang='lat' dir='ltr'><strong>Virginis</strong></span> <span class='ocrx_word' id='word_1_175' title='bbox 1799 2146 2110 2215; x_wconf 83' lang='lat' dir='ltr'><strong>adoptivum</strong></span> <span class='ocrx_word' id='word_1_176' title='bbox 2134 2158 2254 2199; x_wconf 78' lang='lat' dir='ltr'><strong>esse</strong></span> 
     </span>
    </p>
   </div>
   <div class='ocr_carea' id='block_1_23' title="bbox 667 2237 2254 2311">
    <p class='ocr_par' dir='ltr' id='par_1_23' title="bbox 667 2237 2254 2311">
     <span class='ocr_line' id='line_1_23' title="bbox 667 2237 2254 2311; baseline -0.002 -17"><span class='ocrx_word' id='word_1_177' title='bbox 667 2240 761 2294; x_wconf 78' lang='lat' dir='ltr'><strong>Dei</strong></span> <span class='ocrx_word' id='word_1_178' title='bbox 787 2239 966 2296; x_wconf 85' lang='lat' dir='ltr'><strong>Patris</strong></span> <span class='ocrx_word' id='word_1_179' title='bbox 992 2240 1207 2295; x_wconf 87' lang='lat' dir='ltr'><strong>Filium.</strong></span> <span class='ocrx_word' id='word_1_180' title='bbox 1225 2239 1365 2308; x_wconf 84' lang='lat' dir='ltr'><strong>Quid</strong></span> <span class='ocrx_word' id='word_1_181' title='bbox 1386 2241 1550 2311; x_wconf 86' lang='lat' dir='ltr'><strong>igitur</strong></span> <span class='ocrx_word' id='word_1_182' title='bbox 1568 2246 1737 2297; x_wconf 86' lang='lat' dir='ltr'><strong>restat</strong></span> <span class='ocrx_word' id='word_1_183' title='bbox 1760 2239 1862 2293; x_wconf 89' lang='lat' dir='ltr'><strong>nisi</strong></span> <span class='ocrx_word' id='word_1_184' title='bbox 1893 2245 1949 2293; x_wconf 92' lang='lat' dir='ltr'><strong>ut</strong></span> <span class='ocrx_word' id='word_1_185' title='bbox 1973 2237 2254 2308; x_wconf 88' lang='lat' dir='ltr'><strong>utriusque</strong></span> 
     </span>
    </p>
   </div>
   <div class='ocr_carea' id='block_1_24' title="bbox 662 2323 2253 2402">
    <p class='ocr_par' dir='ltr' id='par_1_24' title="bbox 662 2323 2253 2402">
     <span class='ocr_line' id='line_1_24' title="bbox 662 2323 2253 2402; baseline -0.001 -18"><span class='ocrx_word' id='word_1_186' title='bbox 662 2323 905 2400; x_wconf 83' lang='lat' dir='ltr'><strong>parentis</strong></span> <span class='ocrx_word' id='word_1_187' title='bbox 951 2345 1114 2386; x_wconf 91' lang='lat' dir='ltr'><strong>verus</strong></span> <span class='ocrx_word' id='word_1_188' title='bbox 1156 2339 1210 2385; x_wconf 91' lang='lat' dir='ltr'><strong>et</strong></span> <span class='ocrx_word' id='word_1_189' title='bbox 1260 2330 1535 2402; x_wconf 80' lang='lat' dir='ltr'><strong>perfectus</strong></span> <span class='ocrx_word' id='word_1_190' title='bbox 1576 2329 1629 2385; x_wconf 90' lang='lat' dir='ltr'><strong>in</strong></span> <span class='ocrx_word' id='word_1_191' title='bbox 1682 2330 1891 2385; x_wconf 89' lang='lat' dir='ltr'><strong>duabus</strong></span> <span class='ocrx_word' id='word_1_192' title='bbox 1934 2329 2253 2385; x_wconf 84' lang='lat' dir='ltr'><strong>substantiis</strong></span> 
     </span>
    </p>
   </div>
   <div class='ocr_carea' id='block_1_25' title="bbox 662 2418 2250 2491">
    <p class='ocr_par' dir='ltr' id='par_1_25' title="bbox 662 2418 2250 2491">
     <span class='ocr_line' id='line_1_25' title="bbox 662 2418 2250 2491; baseline -0.002 -16"><span class='ocrx_word' id='word_1_193' title='bbox 662 2420 822 2475; x_wconf 83' lang='lat' dir='ltr'><strong>Jesus</strong></span> <span class='ocrx_word' id='word_1_194' title='bbox 845 2420 1096 2476; x_wconf 86' lang='lat' dir='ltr'><strong>Christus</strong></span> <span class='ocrx_word' id='word_1_195' title='bbox 1123 2420 1195 2474; x_wconf 88' lang='lat' dir='ltr'><strong>sit</strong></span> <span class='ocrx_word' id='word_1_196' title='bbox 1219 2419 1382 2491; x_wconf 82' lang='lat'><strong>797</strong></span> <span class='ocrx_word' id='word_1_197' title='bbox 1425 2420 1597 2474; x_wconf 86' lang='lat' dir='ltr'><strong>Filius</strong></span> <span class='ocrx_word' id='word_1_198' title='bbox 1623 2427 1770 2474; x_wconf 91' lang='lat' dir='ltr'><strong>totus</strong></span> <span class='ocrx_word' id='word_1_199' title='bbox 1791 2420 1888 2475; x_wconf 89' lang='lat' dir='ltr'><strong>Dei</strong></span> <span class='ocrx_word' id='word_1_200' title='bbox 1916 2418 2098 2473; x_wconf 86' lang='lat' dir='ltr'><strong>Patris</strong></span> <span class='ocrx_word' id='word_1_201' title='bbox 2120 2432 2250 2489; x_wconf 82' lang='lat' dir='ltr'><strong>pro-</strong></span> 
     </span>
    </p>
   </div>
   <div class='ocr_carea' id='block_1_26' title="bbox 663 2510 2252 2584">
    <p class='ocr_par' dir='ltr' id='par_1_26' title="bbox 663 2510 2252 2584">
     <span class='ocr_line' id='line_1_26' title="bbox 663 2510 2252 2584; baseline 0 -19"><span class='ocrx_word' id='word_1_202' title='bbox 663 2513 836 2584; x_wconf 88' lang='lat' dir='ltr'><strong>prius,</strong></span> <span class='ocrx_word' id='word_1_203' title='bbox 878 2520 1023 2568; x_wconf 90' lang='lat' dir='ltr'><strong>totus</strong></span> <span class='ocrx_word' id='word_1_204' title='bbox 1048 2510 1285 2582; x_wconf 85' lang='lat' dir='ltr'><strong>Virginis</strong></span> <span class='ocrx_word' id='word_1_205' title='bbox 1328 2512 1520 2566; x_wconf 85' lang='lat' dir='ltr'><strong>matris</strong></span> <span class='ocrx_word' id='word_1_206' title='bbox 1558 2510 1832 2581; x_wconf 89' lang='lat' dir='ltr'><strong>pr0prius,</strong></span> <span class='ocrx_word' id='word_1_207' title='bbox 1882 2519 1943 2565; x_wconf 91' lang='lat' dir='ltr'><strong>ut</strong></span> <span class='ocrx_word' id='word_1_208' title='bbox 1990 2510 2063 2565; x_wconf 86' lang='lat' dir='ltr'><strong>sit</strong></span> <span class='ocrx_word' id='word_1_209' title='bbox 2112 2523 2252 2565; x_wconf 89' lang='lat' dir='ltr'><strong>unus</strong></span> 
     </span>
    </p>
   </div>
   <div class='ocr_carea' id='block_1_27' title="bbox 663 2603 1766 2669">
    <p class='ocr_par' dir='ltr' id='par_1_27' title="bbox 663 2603 1766 2669">
     <span class='ocr_line' id='line_1_27' title="bbox 663 2603 1766 2669; baseline -0.001 -10"><span class='ocrx_word' id='word_1_210' title='bbox 663 2604 933 2669; x_wconf 84' lang='lat' dir='ltr'><strong>Christus,</strong></span> <span class='ocrx_word' id='word_1_211' title='bbox 959 2618 1101 2659; x_wconf 91' lang='lat' dir='ltr'><strong>unus</strong></span> <span class='ocrx_word' id='word_1_212' title='bbox 1126 2603 1316 2669; x_wconf 84' lang='lat' dir='ltr'><strong>Filius,</strong></span> <span class='ocrx_word' id='word_1_213' title='bbox 1345 2611 1396 2658; x_wconf 93' lang='lat' dir='ltr'><strong>et</strong></span> <span class='ocrx_word' id='word_1_214' title='bbox 1425 2619 1565 2658; x_wconf 92' lang='lat' dir='ltr'><strong>unus</strong></span> <span class='ocrx_word' id='word_1_215' title='bbox 1590 2603 1766 2659; x_wconf 86' lang='lat' dir='ltr'><strong>Deus?</strong></span> 
     </span>
    </p>
   </div>
   <div class='ocr_carea' id='block_1_28' title="bbox 734 2694 2249 2767">
    <p class='ocr_par' dir='ltr' id='par_1_28' title="bbox 734 2694 2249 2767">
     <span class='ocr_line' id='line_1_28' title="bbox 734 2694 2249 2767; baseline 0.001 -17"><span class='ocrx_word' id='word_1_216' title='bbox 734 2695 872 2752; x_wconf 72' lang='lat' dir='ltr'><strong>XIV.</strong></span> <span class='ocrx_word' id='word_1_217' title='bbox 896 2694 1193 2750; x_wconf 83' lang='lat' dir='ltr'><strong>Audiamus</strong></span> <span class='ocrx_word' id='word_1_218' title='bbox 1221 2694 1351 2765; x_wconf 89' lang='lat' dir='ltr'><strong>quid</strong></span> <span class='ocrx_word' id='word_1_219' title='bbox 1381 2697 1570 2752; x_wconf 89' lang='lat' dir='ltr'><strong>beatus</strong></span> <span class='ocrx_word' id='word_1_220' title='bbox 1592 2694 1926 2767; x_wconf 79' lang='lat' dir='ltr'><strong>Augustinus</strong></span> <span class='ocrx_word' id='word_1_221' title='bbox 1948 2696 2002 2751; x_wconf 90' lang='lat' dir='ltr'><strong>in</strong></span> <span class='ocrx_word' id='word_1_222' title='bbox 2021 2696 2249 2767; x_wconf 89' lang='lat' dir='ltr'><strong>epistola</strong></span> 
     </span>
    </p>
   </div>
   <div class='ocr_carea' id='block_1_29' title="bbox 664 2783 2251 2859">
    <p class='ocr_par' dir='ltr' id='par_1_29' title="bbox 664 2783 2251 2859">
     <span class='ocr_line' id='line_1_29' title="bbox 664 2783 2251 2859; baseline 0.001 -17"><span class='ocrx_word' id='word_1_223' title='bbox 664 2783 733 2843; x_wconf 87' lang='lat' dir='ltr'><strong>ad</strong></span> <span class='ocrx_word' id='word_1_224' title='bbox 758 2787 1019 2843; x_wconf 83' lang='lat' dir='ltr'><strong>Hilarium</strong></span> <span class='ocrx_word' id='word_1_225' title='bbox 1048 2796 1103 2842; x_wconf 94' lang='lat' dir='ltr'><strong>et</strong></span> <span class='ocrx_word' id='word_1_226' title='bbox 1141 2786 1464 2857; x_wconf 84' lang='lat' dir='ltr'><strong>Prospcrum</strong></span> <span class='ocrx_word' id='word_1_227' title='bbox 1486 2799 1509 2828; x_wconf 72' lang='grc' dir='ltr'><strong>ι</strong></span> <span class='ocrx_word' id='word_1_228' title='bbox 1541 2788 1608 2845; x_wconf 85' lang='lat' dir='ltr'><strong>de</strong></span> <span class='ocrx_word' id='word_1_229' title='bbox 1639 2789 1742 2845; x_wconf 92' lang='lat' dir='ltr'><strong>hac</strong></span> <span class='ocrx_word' id='word_1_230' title='bbox 1782 2787 2013 2843; x_wconf 87' lang='lat' dir='ltr'><strong>mirabili</strong></span> <span class='ocrx_word' id='word_1_231' title='bbox 2041 2797 2097 2842; x_wconf 90' lang='lat' dir='ltr'><strong>et</strong></span> <span class='ocrx_word' id='word_1_232' title='bbox 2126 2804 2251 2859; x_wconf 88' lang='lat' dir='ltr'><strong>spe—</strong></span> 
     </span>
    </p>
   </div>
   <div class='ocr_carea' id='block_1_30' title="bbox 668 2876 2252 2949">
    <p class='ocr_par' dir='ltr' id='par_1_30' title="bbox 668 2876 2252 2949">
     <span class='ocr_line' id='line_1_30' title="bbox 668 2876 2252 2949; baseline -0.001 -17"><span class='ocrx_word' id='word_1_233' title='bbox 668 2876 793 2932; x_wconf 89' lang='lat' dir='ltr'><strong>ciali</strong></span> <span class='ocrx_word' id='word_1_234' title='bbox 820 2876 1023 2932; x_wconf 87' lang='lat' dir='ltr'><strong>Christi</strong></span> <span class='ocrx_word' id='word_1_235' title='bbox 1047 2876 1327 2931; x_wconf 89' lang='lat' dir='ltr'><strong>nativitate</strong></span> <span class='ocrx_word' id='word_1_236' title='bbox 1349 2877 1494 2930; x_wconf 86' lang='lat' dir='ltr'><strong>dicat</strong></span> <span class='ocrx_word' id='word_1_237' title='bbox 1523 2891 1537 2930; x_wconf 91' lang='lat'><strong>:</strong></span> <span class='ocrx_word' id='word_1_238' title='bbox 1574 2895 1592 2927; x_wconf 81' lang='grc'><strong><em>‹</em></strong></span> <span class='ocrx_word' id='word_1_239' title='bbox 1623 2876 2051 2949; x_wconf 78' lang='lat' dir='ltr'><strong>Respondeatur,</strong></span> <span class='ocrx_word' id='word_1_240' title='bbox 2076 2877 2252 2948; x_wconf 85' lang='lat' dir='ltr'><strong>inquit</strong></span> 
     </span>
    </p>
   </div>
   <div class='ocr_carea' id='block_1_31' title="bbox 662 2967 2250 3038">
    <p class='ocr_par' dir='ltr' id='par_1_31' title="bbox 662 2967 2250 3038">
     <span class='ocr_line' id='line_1_31' title="bbox 662 2967 2250 3038; baseline 0 -15"><span class='ocrx_word' id='word_1_241' title='bbox 662 2967 774 3033; x_wconf 83' lang='lat' dir='ltr'><strong>ille,</strong></span> <span class='ocrx_word' id='word_1_242' title='bbox 804 2967 969 3022; x_wconf 90' lang='lat' dir='ltr'><strong>homo</strong></span> <span class='ocrx_word' id='word_1_243' title='bbox 993 2974 1052 3021; x_wconf 92' lang='lat' dir='ltr'><strong>ut</strong></span> <span class='ocrx_word' id='word_1_244' title='bbox 1077 2982 1109 3022; x_wconf 88' lang='lat' dir='ltr'><strong>a</strong></span> <span class='ocrx_word' id='word_1_245' title='bbox 1136 2969 1304 3023; x_wconf 84' lang='lat' dir='ltr'><strong>verbo</strong></span> <span class='ocrx_word' id='word_1_246' title='bbox 1329 2978 1597 3022; x_wconf 82' lang='lat' dir='ltr'><strong>coaeterno</strong></span> <span class='ocrx_word' id='word_1_247' title='bbox 1628 2968 1681 3023; x_wconf 93' lang='lat' dir='ltr'><strong>in</strong></span> <span class='ocrx_word' id='word_1_248' title='bbox 1713 2970 1973 3023; x_wconf 87' lang='lat' dir='ltr'><strong>unitatem</strong></span> <span class='ocrx_word' id='word_1_249' title='bbox 2001 2984 2250 3038; x_wconf 71' lang='lat' dir='ltr'><strong>personae</strong></span> 
     </span>
    </p>
   </div>
   <div class='ocr_carea' id='block_1_32' title="bbox 663 3057 2250 3129">
    <p class='ocr_par' dir='ltr' id='par_1_32' title="bbox 663 3057 2250 3129">
     <span class='ocr_line' id='line_1_32' title="bbox 663 3057 2250 3129; baseline -0.002 -15"><span class='ocrx_word' id='word_1_250' title='bbox 663 3066 973 3128; x_wconf 85' lang='lat' dir='ltr'><strong>assumptus</strong></span> <span class='ocrx_word' id='word_1_251' title='bbox 1018 3057 1185 3114; x_wconf 86' lang='lat' dir='ltr'><strong>Filius</strong></span> <span class='ocrx_word' id='word_1_252' title='bbox 1227 3057 1321 3113; x_wconf 91' lang='lat' dir='ltr'><strong>Dei</strong></span> <span class='ocrx_word' id='word_1_253' title='bbox 1376 3058 1686 3129; x_wconf 82' lang='lat' dir='ltr'><strong>unigenitus</strong></span> <span class='ocrx_word' id='word_1_254' title='bbox 1729 3065 1896 3121; x_wconf 87' lang='lat' dir='ltr'><strong>esset,</strong></span> <span class='ocrx_word' id='word_1_255' title='bbox 1954 3060 2094 3113; x_wconf 89' lang='lat' dir='ltr'><strong>unde</strong></span> <span class='ocrx_word' id='word_1_256' title='bbox 2148 3058 2250 3112; x_wconf 92' lang='lat' dir='ltr'><strong>hoc</strong></span> 
     </span>
    </p>
   </div>
   <div class='ocr_carea' id='block_1_33' title="bbox 664 3147 2247 3213">
    <p class='ocr_par' dir='ltr' id='par_1_33' title="bbox 664 3147 2247 3213">
     <span class='ocr_line' id='line_1_33' title="bbox 664 3147 2247 3213; baseline -0.003 -8"><span class='ocrx_word' id='word_1_257' title='bbox 664 3150 859 3205; x_wconf 89' lang='lat' dir='ltr'><strong>meruit</strong></span> <span class='ocrx_word' id='word_1_258' title='bbox 884 3158 1079 3204; x_wconf 87' lang='lat' dir='ltr'><strong>natura</strong></span> <span class='ocrx_word' id='word_1_259' title='bbox 1099 3149 1356 3213; x_wconf 86' lang='lat' dir='ltr'><strong>humana,</strong></span> <span class='ocrx_word' id='word_1_260' title='bbox 1378 3159 1439 3204; x_wconf 86' lang='lat' dir='ltr'><strong>ut</strong></span> <span class='ocrx_word' id='word_1_261' title='bbox 1461 3147 1527 3202; x_wconf 90' lang='lat' dir='ltr'><strong>ad</strong></span> <span class='ocrx_word' id='word_1_262' title='bbox 1554 3149 1694 3204; x_wconf 91' lang='lat' dir='ltr'><strong>hanc</strong></span> <span class='ocrx_word' id='word_1_263' title='bbox 1715 3147 2041 3203; x_wconf 82' lang='lat' dir='ltr'><strong>inell‘abilem</strong></span> <span class='ocrx_word' id='word_1_264' title='bbox 2070 3147 2247 3201; x_wconf 77' lang='lat' dir='ltr'><strong>excel-</strong></span> 
     </span>
    </p>
   </div>
   <div class='ocr_carea' id='block_1_34' title="bbox 662 3239 2247 3312">
    <p class='ocr_par' dir='ltr' id='par_1_34' title="bbox 662 3239 2247 3312">
     <span class='ocr_line' id='line_1_34' title="bbox 662 3239 2247 3312; baseline -0.003 -15"><span class='ocrx_word' id='word_1_265' title='bbox 662 3243 888 3297; x_wconf 84' lang='lat' dir='ltr'><strong>lentiam</strong></span> <span class='ocrx_word' id='word_1_266' title='bbox 936 3241 1276 3312; x_wconf 79' lang='lat' dir='ltr'><strong>perveniret?</strong></span> <span class='ocrx_word' id='word_1_267' title='bbox 1311 3241 1499 3296; x_wconf 78' lang='lat' dir='ltr'><strong>Nonne</strong></span> <span class='ocrx_word' id='word_1_268' title='bbox 1540 3239 1768 3295; x_wconf 81' lang='lat' dir='ltr'><strong>faciente</strong></span> <span class='ocrx_word' id='word_1_269' title='bbox 1812 3255 1877 3294; x_wconf 89' lang='lat' dir='ltr'><strong>ac</strong></span> <span class='ocrx_word' id='word_1_270' title='bbox 1922 3240 2247 3309; x_wconf 81' lang='lat' dir='ltr'><strong>suscipiente</strong></span> 
     </span>
    </p>
   </div>
   <div class='ocr_carea' id='block_1_35' title="bbox 662 3332 2247 3405">
    <p class='ocr_par' dir='ltr' id='par_1_35' title="bbox 662 3332 2247 3405">
     <span class='ocr_line' id='line_1_35' title="bbox 662 3332 2247 3405; baseline -0.002 -16"><span class='ocrx_word' id='word_1_271' title='bbox 662 3334 844 3395; x_wconf 79' lang='lat' dir='ltr'><strong>Verbo</strong></span> <span class='ocrx_word' id='word_1_272' title='bbox 863 3334 978 3405; x_wconf 92' lang='lat' dir='ltr'><strong>ipse</strong></span> <span class='ocrx_word' id='word_1_273' title='bbox 1004 3334 1185 3399; x_wconf 91' lang='lat' dir='ltr'><strong>homo,</strong></span> <span class='ocrx_word' id='word_1_274' title='bbox 1216 3350 1282 3388; x_wconf 78' lang='lat' dir='ltr'><strong>ex</strong></span> <span class='ocrx_word' id='word_1_275' title='bbox 1305 3348 1411 3403; x_wconf 86' lang='lat' dir='ltr'><strong>quo</strong></span> <span class='ocrx_word' id='word_1_276' title='bbox 1438 3349 1558 3389; x_wconf 87' lang='lat' dir='ltr'><strong>esse</strong></span> <span class='ocrx_word' id='word_1_277' title='bbox 1584 3334 1771 3402; x_wconf 69' lang='lat' dir='ltr'><strong>caspit,</strong></span> <span class='ocrx_word' id='word_1_278' title='bbox 1799 3332 1971 3386; x_wconf 86' lang='lat' dir='ltr'><strong>Filius</strong></span> <span class='ocrx_word' id='word_1_279' title='bbox 2002 3333 2094 3387; x_wconf 84' lang='lat' dir='ltr'><strong>Dei</strong></span> <span class='ocrx_word' id='word_1_280' title='bbox 2127 3334 2247 3386; x_wconf 92' lang='lat' dir='ltr'><strong>uni-</strong></span> 
     </span>
    </p>
   </div>
   <div class='ocr_carea' id='block_1_36' title="bbox 669 3422 2248 3495">
    <p class='ocr_par' dir='ltr' id='par_1_36' title="bbox 669 3422 2248 3495">
     <span class='ocr_line' id='line_1_36' title="bbox 669 3422 2248 3495; baseline -0.003 -15"><span class='ocrx_word' id='word_1_281' title='bbox 669 3440 760 3480; x_wconf 69' lang='grc' dir='ltr'><strong>ὀς</strong></span> <span class='ocrx_word' id='word_1_282' title='bbox 804 3440 926 3481; x_wconf 91' lang='lat' dir='ltr'><strong>esse</strong></span> <span class='ocrx_word' id='word_1_283' title='bbox 968 3422 1167 3495; x_wconf 69' lang='lat' dir='ltr'><strong>erepit?</strong></span> <span class='ocrx_word' id='word_1_284' title='bbox 1203 3422 1392 3480; x_wconf 85' lang='lat' dir='ltr'><strong>Nonne</strong></span> <span class='ocrx_word' id='word_1_285' title='bbox 1439 3423 1632 3477; x_wconf 87' lang='lat' dir='ltr'><strong>Filium</strong></span> <span class='ocrx_word' id='word_1_286' title='bbox 1679 3423 1773 3476; x_wconf 87' lang='lat' dir='ltr'><strong>Dei</strong></span> <span class='ocrx_word' id='word_1_287' title='bbox 1803 3424 2021 3477; x_wconf 87' lang='lat' dir='ltr'><strong>unicum</strong></span> <span class='ocrx_word' id='word_1_288' title='bbox 2050 3422 2248 3476; x_wconf 60' lang='lat' dir='ltr'><strong>femina</strong></span> 
     </span>
    </p>
   </div>
   <div class='ocr_carea' id='block_1_37' title="bbox 661 3512 2249 3585">
    <p class='ocr_par' dir='ltr' id='par_1_37' title="bbox 661 3512 2249 3585">
     <span class='ocr_line' id='line_1_37' title="bbox 661 3512 2249 3585; baseline -0.002 -16"><span class='ocrx_word' id='word_1_289' title='bbox 661 3514 754 3569; x_wconf 69' lang='lat' dir='ltr'><strong>illa</strong></span> <span class='ocrx_word' id='word_1_290' title='bbox 784 3514 957 3585; x_wconf 86' lang='lat' dir='ltr'><strong>gratia</strong></span> <span class='ocrx_word' id='word_1_291' title='bbox 988 3513 1143 3581; x_wconf 90' lang='lat' dir='ltr'><strong>plena</strong></span> <span class='ocrx_word' id='word_1_292' title='bbox 1168 3513 1449 3583; x_wconf 85' lang='lat' dir='ltr'><strong>concepit?</strong></span> <span class='ocrx_word' id='word_1_293' title='bbox 1484 3512 1671 3567; x_wconf 79' lang='lat' dir='ltr'><strong>Nonne</strong></span> <span class='ocrx_word' id='word_1_294' title='bbox 1715 3513 1780 3567; x_wconf 93' lang='lat' dir='ltr'><strong>de</strong></span> <span class='ocrx_word' id='word_1_295' title='bbox 1830 3512 2033 3581; x_wconf 86' lang='lat' dir='ltr'><strong>Spiritu</strong></span> <span class='ocrx_word' id='word_1_296' title='bbox 2059 3523 2249 3566; x_wconf 88' lang='lat' dir='ltr'><strong>saneto</strong></span> 
     </span>
    </p>
   </div>
   <div class='ocr_carea' id='block_1_38' title="bbox 665 3602 2249 3675">
    <p class='ocr_par' dir='ltr' id='par_1_38' title="bbox 665 3602 2249 3675">
     <span class='ocr_line' id='line_1_38' title="bbox 665 3602 2249 3675; baseline -0.003 -15"><span class='ocrx_word' id='word_1_297' title='bbox 665 3615 723 3660; x_wconf 88' lang='lat' dir='ltr'><strong>et</strong></span> <span class='ocrx_word' id='word_1_298' title='bbox 740 3605 948 3675; x_wconf 84' lang='lat' dir='ltr'><strong>virgine</strong></span> <span class='ocrx_word' id='word_1_299' title='bbox 978 3603 1145 3659; x_wconf 80' lang='lat' dir='ltr'><strong>Maria</strong></span> <span class='ocrx_word' id='word_1_300' title='bbox 1168 3603 1263 3659; x_wconf 88' lang='lat' dir='ltr'><strong>Dei</strong></span> <span class='ocrx_word' id='word_1_301' title='bbox 1291 3602 1460 3659; x_wconf 83' lang='lat' dir='ltr'><strong>Filius</strong></span> <span class='ocrx_word' id='word_1_302' title='bbox 1480 3605 1672 3658; x_wconf 84' lang='lat' dir='ltr'><strong>unicus</strong></span> <span class='ocrx_word' id='word_1_303' title='bbox 1697 3612 1856 3657; x_wconf 88' lang='lat' dir='ltr'><strong>natus</strong></span> <span class='ocrx_word' id='word_1_304' title='bbox 1881 3613 1983 3667; x_wconf 87' lang='lat' dir='ltr'><strong>est,</strong></span> <span class='ocrx_word' id='word_1_305' title='bbox 2006 3619 2112 3657; x_wconf 93' lang='lat' dir='ltr'><strong>non</strong></span> <span class='ocrx_word' id='word_1_306' title='bbox 2129 3619 2249 3657; x_wconf 89' lang='lat' dir='ltr'><strong>car-</strong></span> 
     </span>
    </p>
   </div>
   <div class='ocr_carea' id='block_1_39' title="bbox 661 3694 2248 3767">
    <p class='ocr_par' dir='ltr' id='par_1_39' title="bbox 661 3694 2248 3767">
     <span class='ocr_line' id='line_1_39' title="bbox 661 3694 2248 3767; baseline -0.001 -16"><span class='ocrx_word' id='word_1_307' title='bbox 661 3697 747 3752; x_wconf 91' lang='lat' dir='ltr'><strong>nis</strong></span> <span class='ocrx_word' id='word_1_308' title='bbox 773 3697 1012 3761; x_wconf 89' lang='lat' dir='ltr'><strong>libidine,</strong></span> <span class='ocrx_word' id='word_1_309' title='bbox 1043 3696 1138 3751; x_wconf 92' lang='lat' dir='ltr'><strong>sed</strong></span> <span class='ocrx_word' id='word_1_310' title='bbox 1166 3695 1426 3767; x_wconf 84' lang='lat' dir='ltr'><strong>singulari</strong></span> <span class='ocrx_word' id='word_1_311' title='bbox 1458 3696 1552 3750; x_wconf 84' lang='lat' dir='ltr'><strong>Dei</strong></span> <span class='ocrx_word' id='word_1_312' title='bbox 1580 3695 1839 3749; x_wconf 84' lang='lat' dir='ltr'><strong>munere?</strong></span> <span class='ocrx_word' id='word_1_313' title='bbox 1872 3714 1891 3747; x_wconf 85' lang='grc'><strong>›</strong></span> <span class='ocrx_word' id='word_1_314' title='bbox 1942 3694 2079 3761; x_wconf 83' lang='lat' dir='ltr'><strong>Quid</strong></span> <span class='ocrx_word' id='word_1_315' title='bbox 2117 3708 2248 3766; x_wconf 86' lang='lat' dir='ltr'><strong>ergo</strong></span> 
     </span>
    </p>
   </div>
   <div class='ocr_carea' id='block_1_40' title="bbox 662 3786 2247 3860">
    <p class='ocr_par' dir='ltr' id='par_1_40' title="bbox 662 3786 2247 3860">
     <span class='ocr_line' id='line_1_40' title="bbox 662 3786 2247 3860; baseline -0.002 -16"><span class='ocrx_word' id='word_1_316' title='bbox 662 3789 1030 3860; x_wconf 79' lang='lat' dir='ltr'><strong>ambiguitatis</strong></span> <span class='ocrx_word' id='word_1_317' title='bbox 1073 3788 1236 3844; x_wconf 83' lang='lat' dir='ltr'><strong>habet</strong></span> <span class='ocrx_word' id='word_1_318' title='bbox 1264 3788 1397 3842; x_wconf 90' lang='lat' dir='ltr'><strong>tanti</strong></span> <span class='ocrx_word' id='word_1_319' title='bbox 1445 3786 1623 3842; x_wconf 86' lang='lat' dir='ltr'><strong>Patris</strong></span> <span class='ocrx_word' id='word_1_320' title='bbox 1674 3786 2074 3843; x_wconf 86' lang='lat' dir='ltr'><strong>testimonium?</strong></span> <span class='ocrx_word' id='word_1_321' title='bbox 2108 3786 2247 3841; x_wconf 83' lang='lat' dir='ltr'><strong>Ecce</strong></span> 
     </span>
    </p>
   </div>
   <div class='ocr_carea' id='block_1_41' title="bbox 659 3878 2245 3953">
    <p class='ocr_par' dir='ltr' id='par_1_41' title="bbox 659 3878 2245 3953">
     <span class='ocr_line' id='line_1_41' title="bbox 659 3878 2245 3953; baseline -0.005 -14"><span class='ocrx_word' id='word_1_322' title='bbox 659 3900 783 3939; x_wconf 90' lang='lat' dir='ltr'><strong>eum</strong></span> <span class='ocrx_word' id='word_1_323' title='bbox 807 3883 898 3952; x_wconf 89' lang='lat' dir='ltr'><strong>qui</strong></span> <span class='ocrx_word' id='word_1_324' title='bbox 935 3884 1000 3938; x_wconf 90' lang='lat' dir='ltr'><strong>de</strong></span> <span class='ocrx_word' id='word_1_325' title='bbox 1026 3882 1244 3953; x_wconf 83' lang='lat' dir='ltr'><strong>Virgine</strong></span> <span class='ocrx_word' id='word_1_326' title='bbox 1274 3888 1431 3934; x_wconf 89' lang='lat' dir='ltr'><strong>natus</strong></span> <span class='ocrx_word' id='word_1_327' title='bbox 1458 3886 1563 3945; x_wconf 89' lang='lat' dir='ltr'><strong>est,</strong></span> <span class='ocrx_word' id='word_1_328' title='bbox 1584 3880 1914 3948; x_wconf 88' lang='lat' dir='ltr'><strong>umgenitum</strong></span> <span class='ocrx_word' id='word_1_329' title='bbox 1942 3886 1995 3932; x_wconf 90' lang='lat' dir='ltr'><strong>et</strong></span> <span class='ocrx_word' id='word_1_330' title='bbox 2027 3878 2245 3932; x_wconf 90' lang='lat' dir='ltr'><strong>unicum</strong></span> 
     </span>
    </p>
   </div>
   <div class='ocr_carea' id='block_1_42' title="bbox 663 3969 2246 4030">
    <p class='ocr_par' dir='ltr' id='par_1_42' title="bbox 663 3969 2246 4030">
     <span class='ocr_line' id='line_1_42' title="bbox 663 3969 2246 4030; baseline -0.004 0"><span class='ocrx_word' id='word_1_331' title='bbox 663 3976 756 4030; x_wconf 85' lang='lat' dir='ltr'><strong>Dei</strong></span> <span class='ocrx_word' id='word_1_332' title='bbox 785 3974 977 4029; x_wconf 77' lang='lat' dir='ltr'><strong>Filium</strong></span> <span class='ocrx_word' id='word_1_333' title='bbox 1006 3989 1111 4027; x_wconf 89' lang='lat' dir='ltr'><strong>non</strong></span> <span class='ocrx_word' id='word_1_334' title='bbox 1142 3972 1407 4027; x_wconf 86' lang='lat' dir='ltr'><strong>dubitavit</strong></span> <span class='ocrx_word' id='word_1_335' title='bbox 1429 3974 1710 4025; x_wconf 87' lang='lat' dir='ltr'><strong>nominare</strong></span> <span class='ocrx_word' id='word_1_336' title='bbox 1748 3979 1805 4024; x_wconf 89' lang='lat' dir='ltr'><strong>et</strong></span> <span class='ocrx_word' id='word_1_337' title='bbox 1823 3970 2063 4024; x_wconf 90' lang='lat' dir='ltr'><strong>credere.</strong></span> <span class='ocrx_word' id='word_1_338' title='bbox 2098 3969 2246 4023; x_wconf 85' lang='lat' dir='ltr'><strong>Nun-</strong></span> 
     </span>
    </p>
   </div>
   <div class='ocr_carea' id='block_1_43' title="bbox 661 4059 2245 4136">
    <p class='ocr_par' dir='ltr' id='par_1_43' title="bbox 661 4059 2245 4136">
     <span class='ocr_line' id='line_1_43' title="bbox 661 4059 2245 4136; baseline -0.005 -17"><span class='ocrx_word' id='word_1_339' title='bbox 661 4065 791 4136; x_wconf 84' lang='lat' dir='ltr'><strong>quid</strong></span> <span class='ocrx_word' id='word_1_340' title='bbox 823 4080 959 4117; x_wconf 79' lang='lat' dir='ltr'><strong>unus</strong></span> <span class='ocrx_word' id='word_1_341' title='bbox 1002 4059 1171 4117; x_wconf 87' lang='lat' dir='ltr'><strong>Filius</strong></span> <span class='ocrx_word' id='word_1_342' title='bbox 1216 4062 1376 4115; x_wconf 89' lang='lat' dir='ltr'><strong>unius</strong></span> <span class='ocrx_word' id='word_1_343' title='bbox 1424 4060 1599 4114; x_wconf 82' lang='lat' dir='ltr'><strong>Patris</strong></span> <span class='ocrx_word' id='word_1_344' title='bbox 1650 4068 1827 4129; x_wconf 81' lang='lat' dir='ltr'><strong>potest</strong></span> <span class='ocrx_word' id='word_1_345' title='bbox 1877 4067 2166 4127; x_wconf 84' lang='lat' dir='ltr'><strong>utrumque</strong></span> <span class='ocrx_word' id='word_1_346' title='bbox 2189 4067 2245 4112; x_wconf 88' lang='lat' dir='ltr'><strong>et</strong></span> 
     </span>
    </p>
   </div>
   <div class='ocr_carea' id='block_1_44' title="bbox 660 4149 2244 4223">
    <p class='ocr_par' dir='ltr' id='par_1_44' title="bbox 660 4149 2244 4223">
     <span class='ocr_line' id='line_1_44' title="bbox 660 4149 2244 4223; baseline -0.003 -15"><span class='ocrx_word' id='word_1_347' title='bbox 660 4157 850 4209; x_wconf 89' lang='lat' dir='ltr'><strong>unicus</strong></span> <span class='ocrx_word' id='word_1_348' title='bbox 878 4168 998 4210; x_wconf 90' lang='lat' dir='ltr'><strong>esse</strong></span> <span class='ocrx_word' id='word_1_349' title='bbox 1027 4161 1080 4208; x_wconf 92' lang='lat' dir='ltr'><strong>et</strong></span> <span class='ocrx_word' id='word_1_350' title='bbox 1104 4152 1423 4223; x_wconf 84' lang='lat' dir='ltr'><strong>adoptivus?</strong></span> <span class='ocrx_word' id='word_1_351' title='bbox 1447 4151 1540 4206; x_wconf 88' lang='lat' dir='ltr'><strong>Vel</strong></span> <span class='ocrx_word' id='word_1_352' title='bbox 1567 4152 1633 4205; x_wconf 86' lang='lat' dir='ltr'><strong>de</strong></span> <span class='ocrx_word' id='word_1_353' title='bbox 1654 4149 1893 4220; x_wconf 87' lang='lat' dir='ltr'><strong>quolibet</strong></span> <span class='ocrx_word' id='word_1_354' title='bbox 1931 4159 2244 4205; x_wconf 90' lang='lat' dir='ltr'><strong>sanctorum</strong></span> 
     </span>
    </p>
   </div>
   <div class='ocr_carea' id='block_1_45' title="bbox 662 4242 2241 4318">
    <p class='ocr_par' dir='ltr' id='par_1_45' title="bbox 662 4242 2241 4318">
     <span class='ocr_line' id='line_1_45' title="bbox 662 4242 2241 4318; baseline -0.003 -18"><span class='ocrx_word' id='word_1_355' title='bbox 662 4248 880 4318; x_wconf 77' lang='lat' dir='ltr'><strong>legitur,</strong></span> <span class='ocrx_word' id='word_1_356' title='bbox 898 4246 1000 4300; x_wconf 90' lang='lat' dir='ltr'><strong>nisi</strong></span> <span class='ocrx_word' id='word_1_357' title='bbox 1026 4245 1092 4299; x_wconf 92' lang='lat' dir='ltr'><strong>de</strong></span> <span class='ocrx_word' id='word_1_358' title='bbox 1115 4244 1332 4299; x_wconf 84' lang='lat' dir='ltr'><strong>Christo</strong></span> <span class='ocrx_word' id='word_1_359' title='bbox 1353 4242 1489 4307; x_wconf 90' lang='lat' dir='ltr'><strong>solo,</strong></span> <span class='ocrx_word' id='word_1_360' title='bbox 1518 4244 1610 4313; x_wconf 85' lang='lat' dir='ltr'><strong>qui</strong></span> <span class='ocrx_word' id='word_1_361' title='bbox 1632 4251 1788 4298; x_wconf 89' lang='lat' dir='ltr'><strong>natus</strong></span> <span class='ocrx_word' id='word_1_362' title='bbox 1804 4252 1974 4297; x_wconf 79' lang='lat' dir='ltr'><strong>estex</strong></span> <span class='ocrx_word' id='word_1_363' title='bbox 2000 4242 2241 4312; x_wconf 83' lang='lat' dir='ltr'><strong>Virgine,</strong></span> 
     </span>
    </p>
   </div>
   <div class='ocr_carea' id='block_1_46' title="bbox 662 4336 1514 4407">
    <p class='ocr_par' dir='ltr' id='par_1_46' title="bbox 662 4336 1514 4407">
     <span class='ocr_line' id='line_1_46' title="bbox 662 4336 1514 4407; baseline -0.006 -13"><span class='ocrx_word' id='word_1_364' title='bbox 662 4340 997 4407; x_wconf 83' lang='lat' dir='ltr'><strong>unigenitum</strong></span> <span class='ocrx_word' id='word_1_365' title='bbox 1026 4338 1118 4391; x_wconf 90' lang='lat' dir='ltr'><strong>Dei</strong></span> <span class='ocrx_word' id='word_1_366' title='bbox 1148 4336 1343 4390; x_wconf 86' lang='lat' dir='ltr'><strong>Filium</strong></span> <span class='ocrx_word' id='word_1_367' title='bbox 1373 4336 1514 4391; x_wconf 81' lang='lat' dir='ltr'><strong>dici?</strong></span> 
     </span>
    </p>
   </div>
   <div class='ocr_carea' id='block_1_47' title="bbox 732 4428 2242 4499">
    <p class='ocr_par' dir='ltr' id='par_1_47' title="bbox 732 4428 2242 4499">
     <span class='ocr_line' id='line_1_47' title="bbox 732 4428 2242 4499; baseline -0.001 -16"><span class='ocrx_word' id='word_1_368' title='bbox 732 4430 842 4485; x_wconf 73' lang='lat' dir='ltr'><strong>XV.</strong></span> <span class='ocrx_word' id='word_1_369' title='bbox 886 4430 1023 4484; x_wconf 87' lang='lat' dir='ltr'><strong>Etsi</strong></span> <span class='ocrx_word' id='word_1_370' title='bbox 1049 4445 1239 4499; x_wconf 91' lang='lat' dir='ltr'><strong>parum</strong></span> <span class='ocrx_word' id='word_1_371' title='bbox 1282 4428 1504 4484; x_wconf 88' lang='lat' dir='ltr'><strong>creditis</strong></span> <span class='ocrx_word' id='word_1_372' title='bbox 1559 4429 1882 4485; x_wconf 82' lang='lat' dir='ltr'><strong>testimoniis</strong></span> <span class='ocrx_word' id='word_1_373' title='bbox 1931 4438 2242 4485; x_wconf 83' lang='lat' dir='ltr'><strong>sanctorum</strong></span> 
     </span>
    </p>
   </div>
   <div class='ocr_carea' id='block_1_48' title="bbox 2361 598 3948 670">
    <p class='ocr_par' dir='ltr' id='par_1_48' title="bbox 2361 598 3948 670">
     <span class='ocr_line' id='line_1_48' title="bbox 2361 598 3948 670; baseline 0.001 -15"><span class='ocrx_word' id='word_1_374' title='bbox 2361 605 2524 668; x_wconf 84' lang='lat' dir='ltr'><strong>trem,</strong></span> <span class='ocrx_word' id='word_1_375' title='bbox 2544 598 2601 655; x_wconf 88' lang='lat' dir='ltr'><strong>in</strong></span> <span class='ocrx_word' id='word_1_376' title='bbox 2630 613 2739 670; x_wconf 90' lang='lat' dir='ltr'><strong>quo</strong></span> <span class='ocrx_word' id='word_1_377' title='bbox 2766 600 3060 656; x_wconf 85' lang='lat' dir='ltr'><strong>secundum</strong></span> <span class='ocrx_word' id='word_1_378' title='bbox 3087 613 3308 655; x_wconf 89' lang='lat' dir='ltr'><strong>carnem</strong></span> <span class='ocrx_word' id='word_1_379' title='bbox 3336 598 3480 655; x_wconf 84' lang='lat' dir='ltr'><strong>titius</strong></span> <span class='ocrx_word' id='word_1_380' title='bbox 3503 607 3589 654; x_wconf 87' lang='lat' dir='ltr'><strong>est</strong></span> <span class='ocrx_word' id='word_1_381' title='bbox 3616 598 3815 667; x_wconf 87' lang='lat' dir='ltr'><strong>David;</strong></span> <span class='ocrx_word' id='word_1_382' title='bbox 3838 614 3948 656; x_wconf 84' lang='lat' dir='ltr'><strong>non</strong></span> 
     </span>
    </p>
   </div>
   <div class='ocr_carea' id='block_1_49' title="bbox 2363 689 3948 766">
    <p class='ocr_par' dir='ltr' id='par_1_49' title="bbox 2363 689 3948 766">
     <span class='ocr_line' id='line_1_49' title="bbox 2363 689 3948 766; baseline -0.001 -19"><span class='ocrx_word' id='word_1_383' title='bbox 2363 697 2543 747; x_wconf 78' lang='lat' dir='ltr'><strong>tanien</strong></span> <span class='ocrx_word' id='word_1_384' title='bbox 2565 691 2620 746; x_wconf 92' lang='lat' dir='ltr'><strong>in</strong></span> <span class='ocrx_word' id='word_1_385' title='bbox 2640 691 2745 766; x_wconf 75' lang='lat' dir='ltr'><strong>hoc</strong></span> <span class='ocrx_word' id='word_1_386' title='bbox 2763 692 2908 763; x_wconf 91' lang='lat' dir='ltr'><strong>quod</strong></span> <span class='ocrx_word' id='word_1_387' title='bbox 2932 690 3189 746; x_wconf 88' lang='lat' dir='ltr'><strong>Dominus</strong></span> <span class='ocrx_word' id='word_1_388' title='bbox 3217 691 3423 747; x_wconf 81' lang='lat' dir='ltr'><strong>existit.</strong></span> <span class='ocrx_word' id='word_1_389' title='bbox 3461 710 3483 744; x_wconf 76' lang='grc' dir='ltr'><strong>ι</strong></span> <span class='ocrx_word' id='word_1_390' title='bbox 3516 689 3573 745; x_wconf 88' lang='grc' dir='ltr'><strong>1η</strong></span> <span class='ocrx_word' id='word_1_391' title='bbox 3612 689 3797 746; x_wconf 85' lang='lat' dir='ltr'><strong>multis</strong></span> <span class='ocrx_word' id='word_1_392' title='bbox 3822 704 3948 747; x_wconf 88' lang='lat' dir='ltr'><strong>eum</strong></span> 
     </span>
    </p>
   </div>
   <div class='ocr_carea' id='block_1_50' title="bbox 2360 780 3951 852">
    <p class='ocr_par' dir='ltr' id='par_1_50' title="bbox 2360 780 3951 852">
     <span class='ocr_line' id='line_1_50' title="bbox 2360 780 3951 852; baseline 0 -15"><span class='ocrx_word' id='word_1_393' title='bbox 2360 781 2594 839; x_wconf 88' lang='lat' dir='ltr'><strong>dicimus</strong></span> <span class='ocrx_word' id='word_1_394' title='bbox 2620 782 2854 838; x_wconf 85' lang='lat' dir='ltr'><strong>similem</strong></span> <span class='ocrx_word' id='word_1_395' title='bbox 2880 790 2937 838; x_wconf 88' lang='lat' dir='ltr'><strong>et</strong></span> <span class='ocrx_word' id='word_1_396' title='bbox 2982 797 3101 847; x_wconf 92' lang='lat' dir='ltr'><strong>nos,</strong></span> <span class='ocrx_word' id='word_1_397' title='bbox 3127 782 3182 836; x_wconf 89' lang='lat' dir='ltr'><strong>in</strong></span> <span class='ocrx_word' id='word_1_398' title='bbox 3207 781 3451 852; x_wconf 89' lang='lat' dir='ltr'><strong>pluribus</strong></span> <span class='ocrx_word' id='word_1_399' title='bbox 3491 780 3807 837; x_wconf 88' lang='lat' dir='ltr'><strong>dissimilem</strong></span> <span class='ocrx_word' id='word_1_400' title='bbox 3836 781 3951 837; x_wconf 72' lang='grc' dir='ltr'><strong>εει·-</strong></span> 
     </span>
    </p>
   </div>
   <div class='ocr_carea' id='block_1_51' title="bbox 2360 871 3943 941">
    <p class='ocr_par' dir='ltr' id='par_1_51' title="bbox 2360 871 3943 941">
     <span class='ocr_line' id='line_1_51' title="bbox 2360 871 3943 941; baseline -0.002 -13"><span class='ocrx_word' id='word_1_401' title='bbox 2360 872 2506 928; x_wconf 87' lang='lat' dir='ltr'><strong>milis</strong></span> <span class='ocrx_word' id='word_1_402' title='bbox 2532 874 2588 930; x_wconf 91' lang='lat' dir='ltr'><strong>in</strong></span> <span class='ocrx_word' id='word_1_403' title='bbox 2615 882 2832 939; x_wconf 82' lang='lat' dir='ltr'><strong>natura,</strong></span> <span class='ocrx_word' id='word_1_404' title='bbox 2859 881 2918 928; x_wconf 91' lang='lat' dir='ltr'><strong>ut</strong></span> <span class='ocrx_word' id='word_1_405' title='bbox 2938 872 3141 939; x_wconf 90' lang='lat' dir='ltr'><strong>dicitis,</strong></span> <span class='ocrx_word' id='word_1_406' title='bbox 3194 873 3289 928; x_wconf 89' lang='lat' dir='ltr'><strong>sed</strong></span> <span class='ocrx_word' id='word_1_407' title='bbox 3334 872 3610 928; x_wconf 87' lang='lat' dir='ltr'><strong>dissimilis</strong></span> <span class='ocrx_word' id='word_1_408' title='bbox 3653 873 3709 927; x_wconf 90' lang='lat' dir='ltr'><strong>in</strong></span> <span class='ocrx_word' id='word_1_409' title='bbox 3750 871 3943 941; x_wconf 78' lang='lat' dir='ltr'><strong>gloria.</strong></span> 
     </span>
    </p>
   </div>
   <div class='ocr_carea' id='block_1_52' title="bbox 2360 961 3948 1034">
    <p class='ocr_par' dir='ltr' id='par_1_52' title="bbox 2360 961 3948 1034">
     <span class='ocr_line' id='line_1_52' title="bbox 2360 961 3948 1034; baseline 0.001 -18"><span class='ocrx_word' id='word_1_410' title='bbox 2360 963 2648 1019; x_wconf 88' lang='lat' dir='ltr'><strong>Dissimilis</strong></span> <span class='ocrx_word' id='word_1_411' title='bbox 2675 971 2761 1019; x_wconf 89' lang='lat' dir='ltr'><strong>est</strong></span> <span class='ocrx_word' id='word_1_412' title='bbox 2780 962 2959 1032; x_wconf 91' lang='lat' dir='ltr'><strong>nobis,</strong></span> <span class='ocrx_word' id='word_1_413' title='bbox 2989 964 3032 1018; x_wconf 91' lang='lat' dir='ltr'><strong>si</strong></span> <span class='ocrx_word' id='word_1_414' title='bbox 3067 963 3347 1019; x_wconf 88' lang='lat' dir='ltr'><strong>nobiseum</strong></span> <span class='ocrx_word' id='word_1_415' title='bbox 3387 974 3471 1018; x_wconf 89' lang='lat' dir='ltr'><strong>est</strong></span> <span class='ocrx_word' id='word_1_416' title='bbox 3495 963 3778 1034; x_wconf 82' lang='lat' dir='ltr'><strong>adOptivus</strong></span> <span class='ocrx_word' id='word_1_417' title='bbox 3803 961 3948 1018; x_wconf 80' lang='lat' dir='ltr'><strong>ﬁlius</strong></span> 
     </span>
    </p>
   </div>
   <div class='ocr_carea' id='block_1_53' title="bbox 2360 1049 3948 1123">
    <p class='ocr_par' dir='ltr' id='par_1_53' title="bbox 2360 1049 3948 1123">
     <span class='ocr_line' id='line_1_53' title="bbox 2360 1049 3948 1123; baseline -0.001 -16"><span class='ocrx_word' id='word_1_418' title='bbox 2360 1058 2415 1107; x_wconf 89' lang='lat' dir='ltr'><strong>et</strong></span> <span class='ocrx_word' id='word_1_419' title='bbox 2440 1053 2839 1123; x_wconf 90' lang='lat' dir='ltr'><strong>nuncupativus</strong></span> <span class='ocrx_word' id='word_1_420' title='bbox 2863 1052 3043 1107; x_wconf 81' lang='lat' dir='ltr'><strong>Deus?</strong></span> <span class='ocrx_word' id='word_1_421' title='bbox 3070 1049 3259 1109; x_wconf 78' lang='lat' dir='ltr'><strong>Videte</strong></span> <span class='ocrx_word' id='word_1_422' title='bbox 3288 1067 3357 1106; x_wconf 90' lang='lat' dir='ltr'><strong>ne</strong></span> <span class='ocrx_word' id='word_1_423' title='bbox 3380 1051 3781 1122; x_wconf 85' lang='lat' dir='ltr'><strong>vobismetipsis</strong></span> <span class='ocrx_word' id='word_1_424' title='bbox 3818 1066 3948 1107; x_wconf 81' lang='lat' dir='ltr'><strong>con-</strong></span> 
     </span>
    </p>
   </div>
   <div class='ocr_carea' id='block_1_54' title="bbox 2360 1143 3947 1214">
    <p class='ocr_par' dir='ltr' id='par_1_54' title="bbox 2360 1143 3947 1214">
     <span class='ocr_line' id='line_1_54' title="bbox 2360 1143 3947 1214; baseline -0.001 -16"><span class='ocrx_word' id='word_1_425' title='bbox 2360 1144 2531 1199; x_wconf 87' lang='lat' dir='ltr'><strong>traria</strong></span> <span class='ocrx_word' id='word_1_426' title='bbox 2556 1144 2748 1199; x_wconf 90' lang='lat' dir='ltr'><strong>dicatis</strong></span> <span class='ocrx_word' id='word_1_427' title='bbox 2782 1161 2795 1197; x_wconf 90' lang='lat'><strong>:</strong></span> <span class='ocrx_word' id='word_1_428' title='bbox 2824 1159 2986 1214; x_wconf 84' lang='lat' dir='ltr'><strong>quem</strong></span> <span class='ocrx_word' id='word_1_429' title='bbox 3039 1144 3286 1199; x_wconf 86' lang='lat' dir='ltr'><strong>asseritis</strong></span> <span class='ocrx_word' id='word_1_430' title='bbox 3325 1144 3380 1199; x_wconf 91' lang='lat' dir='ltr'><strong>in</strong></span> <span class='ocrx_word' id='word_1_431' title='bbox 3423 1152 3618 1198; x_wconf 86' lang='lat' dir='ltr'><strong>natura</strong></span> <span class='ocrx_word' id='word_1_432' title='bbox 3659 1143 3815 1198; x_wconf 90' lang='lat' dir='ltr'><strong>nobis</strong></span> <span class='ocrx_word' id='word_1_433' title='bbox 3848 1157 3947 1213; x_wconf 89' lang='lat' dir='ltr'><strong>per</strong></span> 
     </span>
    </p>
   </div>
   <div class='ocr_carea' id='block_1_55' title="bbox 2360 1235 3946 1305">
    <p class='ocr_par' dir='ltr' id='par_1_55' title="bbox 2360 1235 3946 1305">
     <span class='ocr_line' id='line_1_55' title="bbox 2360 1235 3946 1305; baseline -0.002 -11"><span class='ocrx_word' id='word_1_434' title='bbox 2360 1239 2540 1294; x_wconf 91' lang='lat' dir='ltr'><strong>omnia</strong></span> <span class='ocrx_word' id='word_1_435' title='bbox 2567 1238 2822 1305; x_wconf 90' lang='lat' dir='ltr'><strong>similem,</strong></span> <span class='ocrx_word' id='word_1_436' title='bbox 2852 1238 2997 1293; x_wconf 88' lang='lat' dir='ltr'><strong>hunc</strong></span> <span class='ocrx_word' id='word_1_437' title='bbox 3023 1238 3273 1293; x_wconf 91' lang='lat' dir='ltr'><strong>eumdem</strong></span> <span class='ocrx_word' id='word_1_438' title='bbox 3318 1236 3500 1293; x_wconf 89' lang='lat' dir='ltr'><strong>dicitis</strong></span> <span class='ocrx_word' id='word_1_439' title='bbox 3544 1236 3861 1291; x_wconf 87' lang='lat' dir='ltr'><strong>dissimilem</strong></span> <span class='ocrx_word' id='word_1_440' title='bbox 3889 1235 3946 1291; x_wconf 89' lang='lat' dir='ltr'><strong>in</strong></span> 
     </span>
    </p>
   </div>
   <div class='ocr_carea' id='block_1_56' title="bbox 2358 1328 3945 1404">
    <p class='ocr_par' dir='ltr' id='par_1_56' title="bbox 2358 1328 3945 1404">
     <span class='ocr_line' id='line_1_56' title="bbox 2358 1328 3945 1404; baseline -0.002 -19"><span class='ocrx_word' id='word_1_441' title='bbox 2358 1332 2547 1404; x_wconf 84' lang='lat' dir='ltr'><strong>gloria.</strong></span> <span class='ocrx_word' id='word_1_442' title='bbox 2577 1331 2636 1388; x_wconf 88' lang='lat' dir='ltr'><strong>lu</strong></span> <span class='ocrx_word' id='word_1_443' title='bbox 2664 1332 2766 1387; x_wconf 91' lang='lat' dir='ltr'><strong>hoc</strong></span> <span class='ocrx_word' id='word_1_444' title='bbox 2793 1331 2936 1386; x_wconf 90' lang='lat' dir='ltr'><strong>enim</strong></span> <span class='ocrx_word' id='word_1_445' title='bbox 2966 1330 3282 1387; x_wconf 86' lang='lat' dir='ltr'><strong>dissimilem</strong></span> <span class='ocrx_word' id='word_1_446' title='bbox 3311 1329 3460 1385; x_wconf 89' lang='lat' dir='ltr'><strong>illum</strong></span> <span class='ocrx_word' id='word_1_447' title='bbox 3488 1328 3643 1383; x_wconf 89' lang='lat' dir='ltr'><strong>nobis</strong></span> <span class='ocrx_word' id='word_1_448' title='bbox 3689 1328 3945 1392; x_wconf 89' lang='lat' dir='ltr'><strong>dicimus,</strong></span> 
     </span>
    </p>
   </div>
   <div class='ocr_carea' id='block_1_57' title="bbox 2358 1420 3948 1495">
    <p class='ocr_par' dir='ltr' id='par_1_57' title="bbox 2358 1420 3948 1495">
     <span class='ocr_line' id='line_1_57' title="bbox 2358 1420 3948 1495; baseline -0.001 -17"><span class='ocrx_word' id='word_1_449' title='bbox 2358 1425 2484 1495; x_wconf 86' lang='lat' dir='ltr'><strong>quia</strong></span> <span class='ocrx_word' id='word_1_450' title='bbox 2528 1439 2636 1479; x_wconf 91' lang='lat' dir='ltr'><strong>non</strong></span> <span class='ocrx_word' id='word_1_451' title='bbox 2685 1423 3022 1479; x_wconf 89' lang='lat' dir='ltr'><strong>solummodo</strong></span> <span class='ocrx_word' id='word_1_452' title='bbox 3047 1437 3216 1493; x_wconf 89' lang='lat' dir='ltr'><strong>purus</strong></span> <span class='ocrx_word' id='word_1_453' title='bbox 3247 1423 3409 1477; x_wconf 89' lang='lat' dir='ltr'><strong>homo</strong></span> <span class='ocrx_word' id='word_1_454' title='bbox 3452 1428 3615 1476; x_wconf 85' lang='lat' dir='ltr'><strong>natus</strong></span> <span class='ocrx_word' id='word_1_455' title='bbox 3659 1427 3765 1485; x_wconf 89' lang='lat' dir='ltr'><strong>est,</strong></span> <span class='ocrx_word' id='word_1_456' title='bbox 3803 1420 3948 1477; x_wconf 87' lang='lat' dir='ltr'><strong>sicut</strong></span> 
     </span>
    </p>
   </div>
   <div class='ocr_carea' id='block_1_58' title="bbox 2358 1514 3948 1585">
    <p class='ocr_par' dir='ltr' id='par_1_58' title="bbox 2358 1514 3948 1585">
     <span class='ocr_line' id='line_1_58' title="bbox 2358 1514 3948 1585; baseline 0.001 -16"><span class='ocrx_word' id='word_1_457' title='bbox 2358 1531 2482 1583; x_wconf 89' lang='lat' dir='ltr'><strong>nos,</strong></span> <span class='ocrx_word' id='word_1_458' title='bbox 2514 1517 2610 1571; x_wconf 88' lang='lat' dir='ltr'><strong>sed</strong></span> <span class='ocrx_word' id='word_1_459' title='bbox 2637 1516 2801 1571; x_wconf 89' lang='lat' dir='ltr'><strong>etiam</strong></span> <span class='ocrx_word' id='word_1_460' title='bbox 2825 1515 2971 1571; x_wconf 89' lang='lat' dir='ltr'><strong>Deus</strong></span> <span class='ocrx_word' id='word_1_461' title='bbox 2998 1516 3180 1573; x_wconf 90' lang='lat' dir='ltr'><strong>homo.</strong></span> <span class='ocrx_word' id='word_1_462' title='bbox 3228 1514 3434 1571; x_wconf 88' lang='lat' dir='ltr'><strong>Similis</strong></span> <span class='ocrx_word' id='word_1_463' title='bbox 3462 1514 3516 1569; x_wconf 91' lang='lat' dir='ltr'><strong>in</strong></span> <span class='ocrx_word' id='word_1_464' title='bbox 3543 1530 3610 1570; x_wconf 90' lang='lat' dir='ltr'><strong>eo</strong></span> <span class='ocrx_word' id='word_1_465' title='bbox 3635 1514 3779 1584; x_wconf 90' lang='lat' dir='ltr'><strong>quod</strong></span> <span class='ocrx_word' id='word_1_466' title='bbox 3801 1514 3948 1585; x_wconf 82' lang='lat' dir='ltr'><strong>Apo-</strong></span> 
     </span>
    </p>
   </div>
   <div class='ocr_carea' id='block_1_59' title="bbox 2358 1606 3943 1678">
    <p class='ocr_par' dir='ltr' id='par_1_59' title="bbox 2358 1606 3943 1678">
     <span class='ocr_line' id='line_1_59' title="bbox 2358 1606 3943 1678; baseline -0.003 -15"><span class='ocrx_word' id='word_1_467' title='bbox 2358 1609 2529 1664; x_wconf 85' lang='lat' dir='ltr'><strong>stolus</strong></span> <span class='ocrx_word' id='word_1_468' title='bbox 2558 1609 2655 1673; x_wconf 85' lang='lat' dir='ltr'><strong>ait,</strong></span> <span class='ocrx_word' id='word_1_469' title='bbox 2680 1610 2806 1678; x_wconf 83' lang='lat' dir='ltr'><strong>quia</strong></span> <span class='ocrx_word' id='word_1_470' title='bbox 2830 1608 2979 1677; x_wconf 81' lang='lat' dir='ltr'><strong>pueri</strong></span> <span class='ocrx_word' id='word_1_471' title='bbox 3004 1608 3513 1662; x_wconf 76' lang='lat' dir='ltr'><strong>communicava</strong></span> <span class='ocrx_word' id='word_1_472' title='bbox 3552 1606 3701 1660; x_wconf 81' lang='lat' dir='ltr'><strong>carni</strong></span> <span class='ocrx_word' id='word_1_473' title='bbox 3736 1615 3784 1660; x_wconf 85' lang='lat' dir='ltr'><strong>et</strong></span> <span class='ocrx_word' id='word_1_474' title='bbox 3812 1622 3943 1660; x_wconf 77' lang='lat' dir='ltr'><strong>san-</strong></span> 
     </span>
    </p>
   </div>
   <div class='ocr_carea' id='block_1_60' title="bbox 2359 1694 3947 1770">
    <p class='ocr_par' dir='ltr' id='par_1_60' title="bbox 2359 1694 3947 1770">
     <span class='ocr_line' id='line_1_60' title="bbox 2359 1694 3947 1770; baseline -0.003 -18"><span class='ocrx_word' id='word_1_475' title='bbox 2359 1698 2506 1770; x_wconf 84' lang='lat' dir='ltr'><strong>guini</strong></span> <span class='ocrx_word' id='word_1_476' title='bbox 2522 1712 2540 1749; x_wconf 92' lang='lat'><strong><em>:</em></strong></span> <span class='ocrx_word' id='word_1_477' title='bbox 2567 1706 2613 1750; x_wconf 90' lang='lat' dir='ltr'><strong>et</strong></span> <span class='ocrx_word' id='word_1_478' title='bbox 2641 1698 2750 1768; x_wconf 82' lang='lat' dir='ltr'><strong>ipse</strong></span> <span class='ocrx_word' id='word_1_479' title='bbox 2769 1694 3011 1751; x_wconf 79' lang='lat' dir='ltr'><strong>similiter</strong></span> <span class='ocrx_word' id='word_1_480' title='bbox 3035 1695 3365 1766; x_wconf 77' lang='lat' dir='ltr'><strong>participarit</strong></span> <span class='ocrx_word' id='word_1_481' title='bbox 3390 1694 3605 1760; x_wconf 78' lang='lat' dir='ltr'><strong>eisdem,</strong></span> <span class='ocrx_word' id='word_1_482' title='bbox 3626 1706 3680 1747; x_wconf 88' lang='lat' dir='ltr'><strong>ut</strong></span> <span class='ocrx_word' id='word_1_483' title='bbox 3696 1710 3787 1765; x_wconf 85' lang='lat' dir='ltr'><strong>per</strong></span> <span class='ocrx_word' id='word_1_484' title='bbox 3803 1710 3947 1748; x_wconf 85' lang='lat' dir='ltr'><strong>mor-</strong></span> 
     </span>
    </p>
   </div>
   <div class='ocr_carea' id='block_1_61' title="bbox 2357 1782 3945 1857">
    <p class='ocr_par' dir='ltr' id='par_1_61' title="bbox 2357 1782 3945 1857">
     <span class='ocr_line' id='line_1_61' title="bbox 2357 1782 3945 1857; baseline -0.003 -15"><span class='ocrx_word' id='word_1_485' title='bbox 2357 1800 2459 1842; x_wconf 86' lang='lat' dir='ltr'><strong>tem</strong></span> <span class='ocrx_word' id='word_1_486' title='bbox 2509 1787 2795 1842; x_wconf 79' lang='lat' dir='ltr'><strong>destrueret</strong></span> <span class='ocrx_word' id='word_1_487' title='bbox 2844 1801 2965 1839; x_wconf 86' lang='lat' dir='ltr'><strong>eum</strong></span> <span class='ocrx_word' id='word_1_488' title='bbox 3016 1786 3107 1857; x_wconf 83' lang='lat' dir='ltr'><strong>qui</strong></span> <span class='ocrx_word' id='word_1_489' title='bbox 3160 1782 3380 1838; x_wconf 78' lang='lat' dir='ltr'><strong>habebat</strong></span> <span class='ocrx_word' id='word_1_490' title='bbox 3428 1786 3611 1839; x_wconf 77' lang='lat' dir='ltr'><strong>mortis</strong></span> <span class='ocrx_word' id='word_1_491' title='bbox 3666 1784 3945 1855; x_wconf 81' lang='lat' dir='ltr'><strong>imperium</strong></span> 
     </span>
    </p>
   </div>
   <div class='ocr_carea' id='block_1_62' title="bbox 2358 1871 3944 1949">
    <p class='ocr_par' dir='ltr' id='par_1_62' title="bbox 2358 1871 3944 1949">
     <span class='ocr_line' id='line_1_62' title="bbox 2358 1871 3944 1949; baseline -0.001 -19"><span class='ocrx_word' id='word_1_492' title='bbox 2358 1876 2544 1949; x_wconf 81' lang='lat' dir='ltr'><strong>(Hebr.</strong></span> <span class='ocrx_word' id='word_1_493' title='bbox 2568 1891 2632 1942; x_wconf 86' lang='lat' dir='ltr'><strong>rt,</strong></span> <span class='ocrx_word' id='word_1_494' title='bbox 2666 1874 2789 1947; x_wconf 68' lang='lat' dir='ltr'><strong>id);</strong></span> <span class='ocrx_word' id='word_1_495' title='bbox 2821 1874 3100 1930; x_wconf 87' lang='lat' dir='ltr'><strong>dissimilis</strong></span> <span class='ocrx_word' id='word_1_496' title='bbox 3120 1888 3247 1928; x_wconf 85' lang='lat' dir='ltr'><strong>vero</strong></span> <span class='ocrx_word' id='word_1_497' title='bbox 3286 1872 3343 1929; x_wconf 90' lang='lat' dir='ltr'><strong>in</strong></span> <span class='ocrx_word' id='word_1_498' title='bbox 3393 1888 3462 1927; x_wconf 92' lang='lat' dir='ltr'><strong>eo</strong></span> <span class='ocrx_word' id='word_1_499' title='bbox 3502 1871 3646 1943; x_wconf 90' lang='lat' dir='ltr'><strong>quod</strong></span> <span class='ocrx_word' id='word_1_500' title='bbox 3694 1873 3944 1929; x_wconf 91' lang='lat' dir='ltr'><strong>eamdem</strong></span> 
     </span>
    </p>
   </div>
   <div class='ocr_carea' id='block_1_63' title="bbox 2353 1963 3947 2029">
    <p class='ocr_par' dir='ltr' id='par_1_63' title="bbox 2353 1963 3947 2029">
     <span class='ocr_line' id='line_1_63' title="bbox 2353 1963 3947 2029; baseline -0.001 -9"><span class='ocrx_word' id='word_1_501' title='bbox 2353 1974 2585 2024; x_wconf 86' lang='lat' dir='ltr'><strong>mortem</strong></span> <span class='ocrx_word' id='word_1_502' title='bbox 2612 1980 2720 2022; x_wconf 75' lang='lat' dir='ltr'><strong>non</strong></span> <span class='ocrx_word' id='word_1_503' title='bbox 2748 1965 2947 2020; x_wconf 88' lang='lat' dir='ltr'><strong>misera</strong></span> <span class='ocrx_word' id='word_1_504' title='bbox 2978 1964 3320 2029; x_wconf 87' lang='lat' dir='ltr'><strong>necessitate,</strong></span> <span class='ocrx_word' id='word_1_505' title='bbox 3356 1963 3451 2018; x_wconf 91' lang='lat' dir='ltr'><strong>sed</strong></span> <span class='ocrx_word' id='word_1_506' title='bbox 3481 1963 3823 2019; x_wconf 85' lang='lat' dir='ltr'><strong>misericordi</strong></span> <span class='ocrx_word' id='word_1_507' title='bbox 3848 1980 3947 2020; x_wconf 86' lang='lat' dir='ltr'><strong>vo-</strong></span> 
     </span>
    </p>
   </div>
   <div class='ocr_carea' id='block_1_64' title="bbox 2352 2055 3946 2127">
    <p class='ocr_par' dir='ltr' id='par_1_64' title="bbox 2352 2055 3946 2127">
     <span class='ocr_line' id='line_1_64' title="bbox 2352 2055 3946 2127; baseline 0 -16"><span class='ocrx_word' id='word_1_508' title='bbox 2352 2058 2558 2115; x_wconf 80' lang='lat' dir='ltr'><strong>luntate</strong></span> <span class='ocrx_word' id='word_1_509' title='bbox 2584 2072 2709 2113; x_wconf 85' lang='lat' dir='ltr'><strong>suse</strong></span> <span class='ocrx_word' id='word_1_510' title='bbox 2726 2057 2841 2126; x_wconf 64' lang='lat' dir='ltr'><strong>‘pit,</strong></span> <span class='ocrx_word' id='word_1_511' title='bbox 2866 2056 2986 2126; x_wconf 88' lang='lat' dir='ltr'><strong>ipso</strong></span> <span class='ocrx_word' id='word_1_512' title='bbox 3012 2063 3244 2112; x_wconf 86' lang='lat' dir='ltr'><strong>testante</strong></span> <span class='ocrx_word' id='word_1_513' title='bbox 3277 2074 3291 2108; x_wconf 88' lang='lat'><strong>:</strong></span> <span class='ocrx_word' id='word_1_514' title='bbox 3324 2055 3641 2110; x_wconf 84' lang='lat' dir='ltr'><strong>Potestatem</strong></span> <span class='ocrx_word' id='word_1_515' title='bbox 3666 2056 3831 2111; x_wconf 79' lang='lat' dir='ltr'><strong>habeo</strong></span> <span class='ocrx_word' id='word_1_516' title='bbox 3848 2074 3946 2127; x_wconf 84' lang='lat' dir='ltr'><strong>p0-</strong></span> 
     </span>
    </p>
   </div>
   <div class='ocr_carea' id='block_1_65' title="bbox 2355 2147 3944 2218">
    <p class='ocr_par' dir='ltr' id='par_1_65' title="bbox 2355 2147 3944 2218">
     <span class='ocr_line' id='line_1_65' title="bbox 2355 2147 3944 2218; baseline -0.001 -15"><span class='ocrx_word' id='word_1_517' title='bbox 2355 2148 2510 2204; x_wconf 78' lang='lat' dir='ltr'><strong>nendi</strong></span> <span class='ocrx_word' id='word_1_518' title='bbox 2558 2148 2792 2202; x_wconf 85' lang='lat' dir='ltr'><strong>animum</strong></span> <span class='ocrx_word' id='word_1_519' title='bbox 2832 2163 3024 2215; x_wconf 84' lang='lat' dir='ltr'><strong>meum,</strong></span> <span class='ocrx_word' id='word_1_520' title='bbox 3076 2156 3127 2202; x_wconf 89' lang='lat' dir='ltr'><strong>et</strong></span> <span class='ocrx_word' id='word_1_521' title='bbox 3164 2155 3473 2218; x_wconf 79' lang='lat' dir='ltr'><strong>potestatem</strong></span> <span class='ocrx_word' id='word_1_522' title='bbox 3508 2147 3674 2202; x_wconf 85' lang='lat' dir='ltr'><strong>habeo</strong></span> <span class='ocrx_word' id='word_1_523' title='bbox 3700 2150 3944 2202; x_wconf 74' lang='lat' dir='ltr'><strong>sumendi</strong></span> 
     </span>
    </p>
   </div>
   <div class='ocr_carea' id='block_1_66' title="bbox 2352 2238 3945 2312">
    <p class='ocr_par' dir='ltr' id='par_1_66' title="bbox 2352 2238 3945 2312">
     <span class='ocr_line' id='line_1_66' title="bbox 2352 2238 3945 2312; baseline 0.001 -17"><span class='ocrx_word' id='word_1_524' title='bbox 2352 2240 2681 2312; x_wconf 84' lang='lat' dir='ltr'><strong>eam(.loan.</strong></span> <span class='ocrx_word' id='word_1_525' title='bbox 2713 2256 2773 2306; x_wconf 71' lang='grc' dir='ltr'><strong>ι,</strong></span> <span class='ocrx_word' id='word_1_526' title='bbox 2821 2238 2939 2311; x_wconf 83' lang='grc'><strong>18);</strong></span> <span class='ocrx_word' id='word_1_527' title='bbox 2980 2255 3105 2295; x_wconf 92' lang='lat' dir='ltr'><strong>nam</strong></span> <span class='ocrx_word' id='word_1_528' title='bbox 3158 2256 3257 2296; x_wconf 91' lang='lat' dir='ltr'><strong>nos</strong></span> <span class='ocrx_word' id='word_1_529' title='bbox 3303 2242 3631 2297; x_wconf 85' lang='lat' dir='ltr'><strong>necessitate</strong></span> <span class='ocrx_word' id='word_1_530' title='bbox 3677 2243 3945 2297; x_wconf 90' lang='lat' dir='ltr'><strong>morimur</strong></span> 
     </span>
    </p>
   </div>
   <div class='ocr_carea' id='block_1_67' title="bbox 2351 2331 3944 2404">
    <p class='ocr_par' dir='ltr' id='par_1_67' title="bbox 2351 2331 3944 2404">
     <span class='ocr_line' id='line_1_67' title="bbox 2351 2331 3944 2404; baseline 0.001 -17"><span class='ocrx_word' id='word_1_531' title='bbox 2351 2348 2462 2388; x_wconf 89' lang='lat' dir='ltr'><strong>non</strong></span> <span class='ocrx_word' id='word_1_532' title='bbox 2488 2332 2789 2397; x_wconf 86' lang='lat' dir='ltr'><strong>voluntate,</strong></span> <span class='ocrx_word' id='word_1_533' title='bbox 2816 2332 2959 2388; x_wconf 89' lang='lat' dir='ltr'><strong>sicut</strong></span> <span class='ocrx_word' id='word_1_534' title='bbox 2979 2331 3270 2404; x_wconf 78' lang='lat' dir='ltr'><strong>Apostolus</strong></span> <span class='ocrx_word' id='word_1_535' title='bbox 3291 2332 3366 2387; x_wconf 87' lang='lat' dir='ltr'><strong>ait</strong></span> <span class='ocrx_word' id='word_1_536' title='bbox 3392 2350 3407 2387; x_wconf 90' lang='lat'><strong>:</strong></span> <span class='ocrx_word' id='word_1_537' title='bbox 3436 2331 3503 2389; x_wconf 82' lang='lat' dir='ltr'><strong>In</strong></span> <span class='ocrx_word' id='word_1_538' title='bbox 3524 2333 3623 2388; x_wconf 77' lang='lat' dir='ltr'><strong>hoc</strong></span> <span class='ocrx_word' id='word_1_539' title='bbox 3640 2334 3777 2388; x_wconf 76' lang='lat' dir='ltr'><strong>enim</strong></span> <span class='ocrx_word' id='word_1_540' title='bbox 3797 2334 3944 2403; x_wconf 84' lang='lat' dir='ltr'><strong>inge-</strong></span> 
     </span>
    </p>
   </div>
   <div class='ocr_carea' id='block_1_68' title="bbox 2350 2421 3945 2493">
    <p class='ocr_par' dir='ltr' id='par_1_68' title="bbox 2350 2421 3945 2493">
     <span class='ocr_line' id='line_1_68' title="bbox 2350 2421 3945 2493; baseline -0.001 -18"><span class='ocrx_word' id='word_1_541' title='bbox 2350 2422 2639 2487; x_wconf 76' lang='lat' dir='ltr'><strong>miscimur,</strong></span> <span class='ocrx_word' id='word_1_542' title='bbox 2660 2421 2800 2493; x_wconf 90' lang='lat' dir='ltr'><strong>quod</strong></span> <span class='ocrx_word' id='word_1_543' title='bbox 2828 2422 3162 2492; x_wconf 72' lang='lat' dir='ltr'><strong>supervestiri</strong></span> <span class='ocrx_word' id='word_1_544' title='bbox 3189 2421 3447 2488; x_wconf 73' lang='lat' dir='ltr'><strong>volumus,</strong></span> <span class='ocrx_word' id='word_1_545' title='bbox 3487 2431 3545 2476; x_wconf 85' lang='lat' dir='ltr'><strong>ut</strong></span> <span class='ocrx_word' id='word_1_546' title='bbox 3596 2422 3945 2477; x_wconf 72' lang='lat' dir='ltr'><strong>absorbeatur</strong></span> 
     </span>
    </p>
   </div>
   <div class='ocr_carea' id='block_1_69' title="bbox 2349 2510 3944 2586">
    <p class='ocr_par' dir='ltr' id='par_1_69' title="bbox 2349 2510 3944 2586">
     <span class='ocr_line' id='line_1_69' title="bbox 2349 2510 3944 2586; baseline 0.001 -18"><span class='ocrx_word' id='word_1_547' title='bbox 2349 2513 2446 2584; x_wconf 72' lang='lat' dir='ltr'><strong>Itoc</strong></span> <span class='ocrx_word' id='word_1_548' title='bbox 2474 2512 2695 2567; x_wconf 83' lang='lat' dir='ltr'><strong>mortale</strong></span> <span class='ocrx_word' id='word_1_549' title='bbox 2721 2530 2753 2566; x_wconf 90' lang='lat' dir='ltr'><strong>a</strong></span> <span class='ocrx_word' id='word_1_550' title='bbox 2783 2513 2887 2567; x_wconf 74' lang='lat' dir='ltr'><strong>vita</strong></span> <span class='ocrx_word' id='word_1_551' title='bbox 2912 2512 2999 2585; x_wconf 87' lang='grc'><strong>(11</strong></span> <span class='ocrx_word' id='word_1_552' title='bbox 3024 2510 3149 2567; x_wconf 91' lang='lat' dir='ltr'><strong>Cor.</strong></span> <span class='ocrx_word' id='word_1_553' title='bbox 3178 2528 3231 2578; x_wconf 92' lang='lat' dir='ltr'><strong>v,</strong></span> <span class='ocrx_word' id='word_1_554' title='bbox 3264 2513 3341 2586; x_wconf 76' lang='grc'><strong>4).</strong></span> <span class='ocrx_word' id='word_1_555' title='bbox 3386 2513 3453 2567; x_wconf 82' lang='lat' dir='ltr'><strong>Et</strong></span> <span class='ocrx_word' id='word_1_556' title='bbox 3485 2515 3540 2568; x_wconf 91' lang='lat' dir='ltr'><strong>in</strong></span> <span class='ocrx_word' id='word_1_557' title='bbox 3569 2515 3673 2569; x_wconf 89' lang='lat' dir='ltr'><strong>hoc</strong></span> <span class='ocrx_word' id='word_1_558' title='bbox 3700 2514 3944 2569; x_wconf 86' lang='lat' dir='ltr'><strong>dissimi-</strong></span> 
     </span>
    </p>
   </div>
   <div class='ocr_carea' id='block_1_70' title="bbox 2349 2601 3943 2676">
    <p class='ocr_par' dir='ltr' id='par_1_70' title="bbox 2349 2601 3943 2676">
     <span class='ocr_line' id='line_1_70' title="bbox 2349 2601 3943 2676; baseline 0.003 -21"><span class='ocrx_word' id='word_1_559' title='bbox 2349 2601 2416 2655; x_wconf 75' lang='lat' dir='ltr'><strong>lis</strong></span> <span class='ocrx_word' id='word_1_560' title='bbox 2436 2604 2579 2672; x_wconf 88' lang='lat' dir='ltr'><strong>quod</strong></span> <span class='ocrx_word' id='word_1_561' title='bbox 2601 2617 2728 2658; x_wconf 92' lang='lat' dir='ltr'><strong>caro</strong></span> <span class='ocrx_word' id='word_1_562' title='bbox 2753 2602 2919 2668; x_wconf 88' lang='lat' dir='ltr'><strong>illius,</strong></span> <span class='ocrx_word' id='word_1_563' title='bbox 2961 2618 3123 2673; x_wconf 90' lang='lat' dir='ltr'><strong>quam</strong></span> <span class='ocrx_word' id='word_1_564' title='bbox 3165 2603 3232 2658; x_wconf 90' lang='lat' dir='ltr'><strong>de</strong></span> <span class='ocrx_word' id='word_1_565' title='bbox 3270 2602 3490 2673; x_wconf 83' lang='lat' dir='ltr'><strong>Virgine</strong></span> <span class='ocrx_word' id='word_1_566' title='bbox 3515 2604 3766 2676; x_wconf 88' lang='lat' dir='ltr'><strong>sumpsit,</strong></span> <span class='ocrx_word' id='word_1_567' title='bbox 3809 2619 3943 2659; x_wconf 88' lang='lat' dir='ltr'><strong>caro</strong></span> 
     </span>
    </p>
   </div>
   <div class='ocr_carea' id='block_1_71' title="bbox 2349 2694 3943 2765">
    <p class='ocr_par' dir='ltr' id='par_1_71' title="bbox 2349 2694 3943 2765">
     <span class='ocr_line' id='line_1_71' title="bbox 2349 2694 3943 2765; baseline 0.001 -15"><span class='ocrx_word' id='word_1_568' title='bbox 2349 2702 2434 2750; x_wconf 90' lang='lat' dir='ltr'><strong>est</strong></span> <span class='ocrx_word' id='word_1_569' title='bbox 2479 2694 2602 2749; x_wconf 88' lang='lat' dir='ltr'><strong>Filii</strong></span> <span class='ocrx_word' id='word_1_570' title='bbox 2644 2694 2741 2748; x_wconf 90' lang='lat' dir='ltr'><strong>Dei</strong></span> <span class='ocrx_word' id='word_1_571' title='bbox 2790 2702 3014 2765; x_wconf 82' lang='lat' dir='ltr'><strong>propter</strong></span> <span class='ocrx_word' id='word_1_572' title='bbox 3037 2696 3293 2750; x_wconf 90' lang='lat' dir='ltr'><strong>unionem</strong></span> <span class='ocrx_word' id='word_1_573' title='bbox 3319 2695 3504 2760; x_wconf 87' lang='lat' dir='ltr'><strong>Verbi,</strong></span> <span class='ocrx_word' id='word_1_574' title='bbox 3534 2696 3681 2765; x_wconf 88' lang='lat' dir='ltr'><strong>quod</strong></span> <span class='ocrx_word' id='word_1_575' title='bbox 3701 2710 3833 2751; x_wconf 88' lang='lat' dir='ltr'><strong>caro</strong></span> <span class='ocrx_word' id='word_1_576' title='bbox 3861 2696 3943 2751; x_wconf 77' lang='lat' dir='ltr'><strong>fa-</strong></span> 
     </span>
    </p>
   </div>
   <div class='ocr_carea' id='block_1_72' title="bbox 2349 2784 3943 2858">
    <p class='ocr_par' dir='ltr' id='par_1_72' title="bbox 2349 2784 3943 2858">
     <span class='ocr_line' id='line_1_72' title="bbox 2349 2784 3943 2858; baseline 0.001 -18"><span class='ocrx_word' id='word_1_577' title='bbox 2349 2794 2497 2840; x_wconf 88' lang='lat' dir='ltr'><strong>ctum</strong></span> <span class='ocrx_word' id='word_1_578' title='bbox 2528 2794 2630 2839; x_wconf 90' lang='lat' dir='ltr'><strong>est.</strong></span> <span class='ocrx_word' id='word_1_579' title='bbox 2661 2786 2737 2840; x_wconf 91' lang='lat' dir='ltr'><strong>De</strong></span> <span class='ocrx_word' id='word_1_580' title='bbox 2760 2784 2915 2855; x_wconf 84' lang='lat' dir='ltr'><strong>cujus</strong></span> <span class='ocrx_word' id='word_1_581' title='bbox 2941 2787 3363 2857; x_wconf 90' lang='lat' dir='ltr'><strong>supereminenti</strong></span> <span class='ocrx_word' id='word_1_582' title='bbox 3390 2786 3561 2858; x_wconf 86' lang='lat' dir='ltr'><strong>gloria</strong></span> <span class='ocrx_word' id='word_1_583' title='bbox 3584 2795 3639 2842; x_wconf 94' lang='lat' dir='ltr'><strong>et</strong></span> <span class='ocrx_word' id='word_1_584' title='bbox 3668 2787 3943 2857; x_wconf 87' lang='lat' dir='ltr'><strong>incompa-</strong></span> 
     </span>
    </p>
   </div>
   <div class='ocr_carea' id='block_1_73' title="bbox 2350 2877 3943 2951">
    <p class='ocr_par' dir='ltr' id='par_1_73' title="bbox 2350 2877 3943 2951">
     <span class='ocr_line' id='line_1_73' title="bbox 2350 2877 3943 2951; baseline -0.001 -17"><span class='ocrx_word' id='word_1_585' title='bbox 2350 2878 2506 2934; x_wconf 84' lang='lat' dir='ltr'><strong>rabili</strong></span> <span class='ocrx_word' id='word_1_586' title='bbox 2527 2877 2778 2933; x_wconf 90' lang='lat' dir='ltr'><strong>omnibus</strong></span> <span class='ocrx_word' id='word_1_587' title='bbox 2802 2879 3025 2944; x_wconf 89' lang='lat' dir='ltr'><strong>sanctis,</strong></span> <span class='ocrx_word' id='word_1_588' title='bbox 3068 2878 3213 2934; x_wconf 92' lang='lat' dir='ltr'><strong>illius</strong></span> <span class='ocrx_word' id='word_1_589' title='bbox 3242 2881 3429 2948; x_wconf 91' lang='lat' dir='ltr'><strong>utique</strong></span> <span class='ocrx_word' id='word_1_590' title='bbox 3476 2879 3569 2949; x_wconf 92' lang='lat' dir='ltr'><strong>qui</strong></span> <span class='ocrx_word' id='word_1_591' title='bbox 3617 2894 3684 2934; x_wconf 81' lang='lat' dir='ltr'><strong>ex</strong></span> <span class='ocrx_word' id='word_1_592' title='bbox 3716 2879 3943 2951; x_wconf 89' lang='lat' dir='ltr'><strong>Virgine</strong></span> 
     </span>
    </p>
   </div>
   <div class='ocr_carea' id='block_1_74' title="bbox 2352 2969 3942 3042">
    <p class='ocr_par' dir='ltr' id='par_1_74' title="bbox 2352 2969 3942 3042">
     <span class='ocr_line' id='line_1_74' title="bbox 2352 2969 3942 3042; baseline 0 -16"><span class='ocrx_word' id='word_1_593' title='bbox 2352 2971 2526 3027; x_wconf 82' lang='lat' dir='ltr'><strong>factus</strong></span> <span class='ocrx_word' id='word_1_594' title='bbox 2552 2980 2653 3038; x_wconf 85' lang='lat' dir='ltr'><strong>est,</strong></span> <span class='ocrx_word' id='word_1_595' title='bbox 2684 2986 2848 3026; x_wconf 82' lang='lat' dir='ltr'><strong>verus</strong></span> <span class='ocrx_word' id='word_1_596' title='bbox 2874 2972 2941 3027; x_wconf 89' lang='lat' dir='ltr'><strong>sit</strong></span> <span class='ocrx_word' id='word_1_597' title='bbox 2969 2971 3279 3040; x_wconf 79' lang='lat' dir='ltr'><strong>unigenitus</strong></span> <span class='ocrx_word' id='word_1_598' title='bbox 3324 2971 3419 3026; x_wconf 89' lang='lat' dir='ltr'><strong>Dei</strong></span> <span class='ocrx_word' id='word_1_599' title='bbox 3462 2971 3652 3037; x_wconf 84' lang='lat' dir='ltr'><strong>Filius,</strong></span> <span class='ocrx_word' id='word_1_600' title='bbox 3683 2969 3942 3042; x_wconf 70' lang='lat' dir='ltr'><strong>prmfatus</strong></span> 
     </span>
    </p>
   </div>
   <div class='ocr_carea' id='block_1_75' title="bbox 2350 3062 3941 3133">
    <p class='ocr_par' dir='ltr' id='par_1_75' title="bbox 2350 3062 3941 3133">
     <span class='ocr_line' id='line_1_75' title="bbox 2350 3062 3941 3133; baseline 0.001 -18"><span class='ocrx_word' id='word_1_601' title='bbox 2350 3074 2503 3132; x_wconf 76' lang='lat' dir='ltr'><strong>pater</strong></span> <span class='ocrx_word' id='word_1_602' title='bbox 2532 3062 2860 3133; x_wconf 84' lang='lat' dir='ltr'><strong>Augustinus</strong></span> <span class='ocrx_word' id='word_1_603' title='bbox 2888 3064 2940 3117; x_wconf 91' lang='lat' dir='ltr'><strong>in</strong></span> <span class='ocrx_word' id='word_1_604' title='bbox 2984 3062 3123 3117; x_wconf 87' lang='lat' dir='ltr'><strong>libro</strong></span> <span class='ocrx_word' id='word_1_605' title='bbox 3151 3078 3310 3132; x_wconf 86' lang='lat' dir='ltr'><strong>quem</strong></span> <span class='ocrx_word' id='word_1_606' title='bbox 3335 3062 3707 3117; x_wconf 76' lang='lat' dir='ltr'><strong>dePraescntia</strong></span> <span class='ocrx_word' id='word_1_607' title='bbox 3736 3062 3831 3117; x_wconf 89' lang='lat' dir='ltr'><strong>Dei</strong></span> <span class='ocrx_word' id='word_1_608' title='bbox 3870 3063 3941 3117; x_wconf 86' lang='lat' dir='ltr'><strong>ad</strong></span> 
     </span>
    </p>
   </div>
   <div class='ocr_carea' id='block_1_76' title="bbox 2353 3152 3943 3224">
    <p class='ocr_par' dir='ltr' id='par_1_76' title="bbox 2353 3152 3943 3224">
     <span class='ocr_line' id='line_1_76' title="bbox 2353 3152 3943 3224; baseline 0.001 -18"><span class='ocrx_word' id='word_1_609' title='bbox 2353 3152 2660 3208; x_wconf 69' lang='lat' dir='ltr'><strong>Dardanum</strong></span> <span class='ocrx_word' id='word_1_610' title='bbox 2713 3152 2931 3222; x_wconf 86' lang='lat' dir='ltr'><strong>scripsit</strong></span> <span class='ocrx_word' id='word_1_611' title='bbox 2975 3152 3164 3223; x_wconf 82' lang='lat' dir='ltr'><strong>(Num.</strong></span> <span class='ocrx_word' id='word_1_612' title='bbox 3197 3152 3310 3224; x_wconf 77' lang='grc'><strong>40),</strong></span> <span class='ocrx_word' id='word_1_613' title='bbox 3344 3152 3665 3207; x_wconf 89' lang='lat' dir='ltr'><strong>mirabiliter</strong></span> <span class='ocrx_word' id='word_1_614' title='bbox 3691 3161 3747 3207; x_wconf 91' lang='lat' dir='ltr'><strong>et</strong></span> <span class='ocrx_word' id='word_1_615' title='bbox 3773 3152 3943 3207; x_wconf 89' lang='lat' dir='ltr'><strong>subli-</strong></span> 
     </span>
    </p>
   </div>
   <div class='ocr_carea' id='block_1_77' title="bbox 2358 3240 3941 3310">
    <p class='ocr_par' dir='ltr' id='par_1_77' title="bbox 2358 3240 3941 3310">
     <span class='ocr_line' id='line_1_77' title="bbox 2358 3240 3941 3310; baseline -0.001 -14"><span class='ocrx_word' id='word_1_616' title='bbox 2358 3242 2518 3298; x_wconf 82' lang='lat' dir='ltr'><strong>miter</strong></span> <span class='ocrx_word' id='word_1_617' title='bbox 2547 3242 2824 3309; x_wconf 83' lang='lat' dir='ltr'><strong>disseruit,</strong></span> <span class='ocrx_word' id='word_1_618' title='bbox 2854 3241 2926 3295; x_wconf 90' lang='lat' dir='ltr'><strong>ita</strong></span> <span class='ocrx_word' id='word_1_619' title='bbox 2956 3240 3142 3295; x_wconf 88' lang='lat' dir='ltr'><strong>dicens</strong></span> <span class='ocrx_word' id='word_1_620' title='bbox 3182 3258 3194 3293; x_wconf 91' lang='lat'>:</span> <span class='ocrx_word' id='word_1_621' title='bbox 3234 3259 3252 3291; x_wconf 72' lang='grc' dir='ltr'><strong>ι</strong></span> <span class='ocrx_word' id='word_1_622' title='bbox 3289 3240 3428 3307; x_wconf 83' lang='lat' dir='ltr'><strong>Quid</strong></span> <span class='ocrx_word' id='word_1_623' title='bbox 3468 3254 3597 3310; x_wconf 90' lang='lat' dir='ltr'><strong>ergo</strong></span> <span class='ocrx_word' id='word_1_624' title='bbox 3623 3241 3740 3294; x_wconf 82' lang='lat' dir='ltr'><strong>est?</strong></span> <span class='ocrx_word' id='word_1_625' title='bbox 3767 3240 3941 3295; x_wconf 86' lang='lat' dir='ltr'><strong>hocne</strong></span> 
     </span>
    </p>
   </div>
   <div class='ocr_carea' id='block_1_78' title="bbox 2353 3330 3940 3401">
    <p class='ocr_par' dir='ltr' id='par_1_78' title="bbox 2353 3330 3940 3401">
     <span class='ocr_line' id='line_1_78' title="bbox 2353 3330 3940 3401; baseline -0.002 -13"><span class='ocrx_word' id='word_1_626' title='bbox 2353 3333 2616 3389; x_wconf 82' lang='lat' dir='ltr'><strong>interesse</strong></span> <span class='ocrx_word' id='word_1_627' title='bbox 2637 3330 2971 3385; x_wconf 87' lang='lat' dir='ltr'><strong>arbitramur</strong></span> <span class='ocrx_word' id='word_1_628' title='bbox 3017 3330 3160 3385; x_wconf 90' lang='lat' dir='ltr'><strong>inter</strong></span> <span class='ocrx_word' id='word_1_629' title='bbox 3186 3338 3350 3401; x_wconf 89' lang='lat' dir='ltr'><strong>caput</strong></span> <span class='ocrx_word' id='word_1_630' title='bbox 3390 3337 3447 3385; x_wconf 89' lang='lat' dir='ltr'><strong>et</strong></span> <span class='ocrx_word' id='word_1_631' title='bbox 3474 3330 3714 3384; x_wconf 88' lang='lat' dir='ltr'><strong>membra</strong></span> <span class='ocrx_word' id='word_1_632' title='bbox 3743 3340 3940 3386; x_wconf 63' lang='lat' dir='ltr'><strong>caetera</strong></span> 
     </span>
    </p>
   </div>
   <div class='ocr_carea' id='block_1_79' title="bbox 2352 3423 3938 3495">
    <p class='ocr_par' dir='ltr' id='par_1_79' title="bbox 2352 3423 3938 3495">
     <span class='ocr_line' id='line_1_79' title="bbox 2352 3423 3938 3495; baseline -0.001 -16"><span class='ocrx_word' id='word_1_633' title='bbox 2352 3425 2495 3495; x_wconf 88' lang='lat' dir='ltr'><strong>quod</strong></span> <span class='ocrx_word' id='word_1_634' title='bbox 2518 3425 2569 3478; x_wconf 94' lang='lat' dir='ltr'><strong>in</strong></span> <span class='ocrx_word' id='word_1_635' title='bbox 2595 3423 2835 3494; x_wconf 88' lang='lat' dir='ltr'><strong>quolibet</strong></span> <span class='ocrx_word' id='word_1_636' title='bbox 2855 3423 3103 3493; x_wconf 85' lang='lat' dir='ltr'><strong>quamvis</strong></span> <span class='ocrx_word' id='word_1_637' title='bbox 3130 3424 3398 3493; x_wconf 72' lang='lat' dir='ltr'><strong>prmeipuo</strong></span> <span class='ocrx_word' id='word_1_638' title='bbox 3420 3424 3684 3488; x_wconf 90' lang='lat' dir='ltr'><strong>membro,</strong></span> <span class='ocrx_word' id='word_1_639' title='bbox 3705 3423 3853 3477; x_wconf 65' lang='lat' dir='ltr'><strong>velut</strong></span> <span class='ocrx_word' id='word_1_640' title='bbox 3882 3424 3938 3478; x_wconf 91' lang='lat' dir='ltr'><strong>in</strong></span> 
     </span>
    </p>
   </div>
   <div class='ocr_carea' id='block_1_80' title="bbox 2352 3512 3940 3584">
    <p class='ocr_par' dir='ltr' id='par_1_80' title="bbox 2352 3512 3940 3584">
     <span class='ocr_line' id='line_1_80' title="bbox 2352 3512 3940 3584; baseline 0 -17"><span class='ocrx_word' id='word_1_641' title='bbox 2352 3512 2531 3583; x_wconf 89' lang='lat' dir='ltr'><strong>aliquo</strong></span> <span class='ocrx_word' id='word_1_642' title='bbox 2551 3528 2749 3584; x_wconf 82' lang='lat' dir='ltr'><strong>magno</strong></span> <span class='ocrx_word' id='word_1_643' title='bbox 2776 3514 3041 3583; x_wconf 81' lang='lat' dir='ltr'><strong>prepheta</strong></span> <span class='ocrx_word' id='word_1_644' title='bbox 3067 3522 3163 3567; x_wconf 88' lang='lat' dir='ltr'><strong>aut</strong></span> <span class='ocrx_word' id='word_1_645' title='bbox 3186 3513 3427 3584; x_wconf 81' lang='lat' dir='ltr'><strong>apostolo</strong></span> <span class='ocrx_word' id='word_1_646' title='bbox 3467 3515 3715 3583; x_wconf 73' lang='lat' dir='ltr'><strong>quamvis</strong></span> <span class='ocrx_word' id='word_1_647' title='bbox 3744 3514 3940 3568; x_wconf 85' lang='lat' dir='ltr'><strong>divini-</strong></span> 
     </span>
    </p>
   </div>
   <div class='ocr_carea' id='block_1_81' title="bbox 2352 3602 3938 3674">
    <p class='ocr_par' dir='ltr' id='par_1_81' title="bbox 2352 3602 3938 3674">
     <span class='ocr_line' id='line_1_81' title="bbox 2352 3602 3938 3674; baseline 0.001 -17"><span class='ocrx_word' id='word_1_648' title='bbox 2352 3611 2434 3658; x_wconf 88' lang='lat' dir='ltr'><strong>tas</strong></span> <span class='ocrx_word' id='word_1_649' title='bbox 2462 3603 2687 3666; x_wconf 89' lang='lat' dir='ltr'><strong>babitet,</strong></span> <span class='ocrx_word' id='word_1_650' title='bbox 2736 3618 2843 3657; x_wconf 90' lang='lat' dir='ltr'><strong>non</strong></span> <span class='ocrx_word' id='word_1_651' title='bbox 2890 3610 3073 3657; x_wconf 84' lang='lat' dir='ltr'><strong>tamen</strong></span> <span class='ocrx_word' id='word_1_652' title='bbox 3110 3612 3172 3657; x_wconf 92' lang='lat' dir='ltr'><strong>ut</strong></span> <span class='ocrx_word' id='word_1_653' title='bbox 3196 3602 3250 3656; x_wconf 90' lang='lat' dir='ltr'><strong>in</strong></span> <span class='ocrx_word' id='word_1_654' title='bbox 3276 3603 3472 3674; x_wconf 89' lang='lat' dir='ltr'><strong>capite,</strong></span> <span class='ocrx_word' id='word_1_655' title='bbox 3501 3603 3641 3673; x_wconf 91' lang='lat' dir='ltr'><strong>quod</strong></span> <span class='ocrx_word' id='word_1_656' title='bbox 3669 3611 3754 3658; x_wconf 87' lang='lat' dir='ltr'><strong>est</strong></span> <span class='ocrx_word' id='word_1_657' title='bbox 3780 3602 3938 3658; x_wconf 79' lang='lat' dir='ltr'><strong>Chri-</strong></span> 
     </span>
    </p>
   </div>
   <div class='ocr_carea' id='block_1_82' title="bbox 2349 3692 3937 3764">
    <p class='ocr_par' dir='ltr' id='par_1_82' title="bbox 2349 3692 3937 3764">
     <span class='ocr_line' id='line_1_82' title="bbox 2349 3692 3937 3764; baseline -0.001 -14"><span class='ocrx_word' id='word_1_658' title='bbox 2349 3702 2485 3759; x_wconf 91' lang='lat' dir='ltr'><strong>stus,</strong></span> <span class='ocrx_word' id='word_1_659' title='bbox 2515 3695 2691 3749; x_wconf 90' lang='lat' dir='ltr'><strong>omnis</strong></span> <span class='ocrx_word' id='word_1_660' title='bbox 2716 3693 2992 3764; x_wconf 82' lang='lat' dir='ltr'><strong>plenitudo</strong></span> <span class='ocrx_word' id='word_1_661' title='bbox 3034 3693 3350 3748; x_wconf 87' lang='lat' dir='ltr'><strong>divinitatis.</strong></span> <span class='ocrx_word' id='word_1_662' title='bbox 3398 3692 3533 3748; x_wconf 87' lang='lat' dir='ltr'><strong>Nam</strong></span> <span class='ocrx_word' id='word_1_663' title='bbox 3585 3701 3642 3747; x_wconf 91' lang='lat' dir='ltr'><strong>et</strong></span> <span class='ocrx_word' id='word_1_664' title='bbox 3667 3693 3721 3749; x_wconf 88' lang='lat' dir='ltr'><strong>in</strong></span> <span class='ocrx_word' id='word_1_665' title='bbox 3753 3703 3937 3748; x_wconf 90' lang='lat' dir='ltr'><strong>nostro</strong></span> 
     </span>
    </p>
   </div>
   <div class='ocr_carea' id='block_1_83' title="bbox 2349 3785 3937 3856">
    <p class='ocr_par' dir='ltr' id='par_1_83' title="bbox 2349 3785 3937 3856">
     <span class='ocr_line' id='line_1_83' title="bbox 2349 3785 3937 3856; baseline -0.001 -14"><span class='ocrx_word' id='word_1_666' title='bbox 2349 3802 2579 3856; x_wconf 88' lang='lat' dir='ltr'><strong>corpore</strong></span> <span class='ocrx_word' id='word_1_667' title='bbox 2603 3787 2743 3841; x_wconf 91' lang='lat' dir='ltr'><strong>inest</strong></span> <span class='ocrx_word' id='word_1_668' title='bbox 2772 3801 2965 3841; x_wconf 89' lang='lat' dir='ltr'><strong>sensus</strong></span> <span class='ocrx_word' id='word_1_669' title='bbox 3007 3785 3232 3856; x_wconf 86' lang='lat' dir='ltr'><strong>singulis</strong></span> <span class='ocrx_word' id='word_1_670' title='bbox 3258 3788 3535 3853; x_wconf 86' lang='lat' dir='ltr'><strong>membris,</strong></span> <span class='ocrx_word' id='word_1_671' title='bbox 3562 3787 3655 3842; x_wconf 91' lang='lat' dir='ltr'><strong>sed</strong></span> <span class='ocrx_word' id='word_1_672' title='bbox 3679 3801 3786 3843; x_wconf 90' lang='lat' dir='ltr'><strong>non</strong></span> <span class='ocrx_word' id='word_1_673' title='bbox 3817 3796 3937 3842; x_wconf 83' lang='lat' dir='ltr'><strong>tan-</strong></span> 
     </span>
    </p>
   </div>
   <div class='ocr_carea' id='block_1_84' title="bbox 2347 3876 3932 3949">
    <p class='ocr_par' dir='ltr' id='par_1_84' title="bbox 2347 3876 3932 3949">
     <span class='ocr_line' id='line_1_84' title="bbox 2347 3876 3932 3949; baseline 0.001 -18"><span class='ocrx_word' id='word_1_674' title='bbox 2347 3885 2435 3931; x_wconf 91' lang='lat' dir='ltr'><strong>tus</strong></span> <span class='ocrx_word' id='word_1_675' title='bbox 2451 3884 2684 3947; x_wconf 86' lang='lat' dir='ltr'><strong>quantus</strong></span> <span class='ocrx_word' id='word_1_676' title='bbox 2708 3876 2761 3929; x_wconf 92' lang='lat' dir='ltr'><strong>in</strong></span> <span class='ocrx_word' id='word_1_677' title='bbox 2788 3877 2982 3946; x_wconf 88' lang='lat' dir='ltr'><strong>capite,</strong></span> <span class='ocrx_word' id='word_1_678' title='bbox 3007 3877 3097 3930; x_wconf 91' lang='lat' dir='ltr'><strong>ubi</strong></span> <span class='ocrx_word' id='word_1_679' title='bbox 3113 3892 3335 3946; x_wconf 89' lang='lat' dir='ltr'><strong>prorsus</strong></span> <span class='ocrx_word' id='word_1_680' title='bbox 3357 3878 3534 3933; x_wconf 88' lang='lat' dir='ltr'><strong>omnis</strong></span> <span class='ocrx_word' id='word_1_681' title='bbox 3550 3879 3789 3949; x_wconf 86' lang='lat' dir='ltr'><strong>quinque</strong></span> <span class='ocrx_word' id='word_1_682' title='bbox 3803 3894 3932 3949; x_wconf 86' lang='lat' dir='ltr'><strong>per-</strong></span> 
     </span>
    </p>
   </div>
   <div class='ocr_carea' id='block_1_85' title="bbox 2348 3968 3933 4038">
    <p class='ocr_par' dir='ltr' id='par_1_85' title="bbox 2348 3968 3933 4038">
     <span class='ocr_line' id='line_1_85' title="bbox 2348 3968 3933 4038; baseline 0.003 -14"><span class='ocrx_word' id='word_1_683' title='bbox 2348 3971 2479 4025; x_wconf 87' lang='lat' dir='ltr'><strong>titus</strong></span> <span class='ocrx_word' id='word_1_684' title='bbox 2505 3978 2608 4026; x_wconf 88' lang='lat' dir='ltr'><strong>est.</strong></span> <span class='ocrx_word' id='word_1_685' title='bbox 2630 3968 2705 4024; x_wconf 91' lang='lat' dir='ltr'><strong>lbi</strong></span> <span class='ocrx_word' id='word_1_686' title='bbox 2737 3971 2883 4025; x_wconf 90' lang='lat' dir='ltr'><strong>enim</strong></span> <span class='ocrx_word' id='word_1_687' title='bbox 2912 3978 2968 4025; x_wconf 90' lang='lat' dir='ltr'><strong>et</strong></span> <span class='ocrx_word' id='word_1_688' title='bbox 2992 3971 3138 4026; x_wconf 88' lang='lat' dir='ltr'><strong>visus</strong></span> <span class='ocrx_word' id='word_1_689' title='bbox 3158 3979 3262 4036; x_wconf 89' lang='lat' dir='ltr'><strong>est,</strong></span> <span class='ocrx_word' id='word_1_690' title='bbox 3284 3980 3339 4027; x_wconf 91' lang='lat' dir='ltr'><strong>et</strong></span> <span class='ocrx_word' id='word_1_691' title='bbox 3355 3972 3587 4038; x_wconf 88' lang='lat' dir='ltr'><strong>auditus,</strong></span> <span class='ocrx_word' id='word_1_692' title='bbox 3610 3981 3666 4027; x_wconf 90' lang='lat' dir='ltr'><strong>et</strong></span> <span class='ocrx_word' id='word_1_693' title='bbox 3680 3971 3933 4038; x_wconf 78' lang='lat' dir='ltr'><strong>oll‘actus,</strong></span> 
     </span>
    </p>
   </div>
   <div class='ocr_carea' id='block_1_86' title="bbox 2347 4064 3933 4135">
    <p class='ocr_par' dir='ltr' id='par_1_86' title="bbox 2347 4064 3933 4135">
     <span class='ocr_line' id='line_1_86' title="bbox 2347 4064 3933 4135; baseline 0.001 -17"><span class='ocrx_word' id='word_1_694' title='bbox 2347 4072 2403 4118; x_wconf 93' lang='lat' dir='ltr'><strong>et</strong></span> <span class='ocrx_word' id='word_1_695' title='bbox 2446 4071 2657 4135; x_wconf 86' lang='lat' dir='ltr'><strong>gustus,</strong></span> <span class='ocrx_word' id='word_1_696' title='bbox 2709 4071 2765 4118; x_wconf 90' lang='lat' dir='ltr'><strong>et</strong></span> <span class='ocrx_word' id='word_1_697' title='bbox 2806 4071 2985 4119; x_wconf 89' lang='lat' dir='ltr'><strong>tactus</strong></span> <span class='ocrx_word' id='word_1_698' title='bbox 3020 4082 3031 4117; x_wconf 91' lang='lat'>:</span> <span class='ocrx_word' id='word_1_699' title='bbox 3078 4064 3132 4118; x_wconf 89' lang='lat' dir='ltr'><strong>in</strong></span> <span class='ocrx_word' id='word_1_700' title='bbox 3183 4064 3394 4119; x_wconf 73' lang='lat' dir='ltr'><strong>caneris</strong></span> <span class='ocrx_word' id='word_1_701' title='bbox 3433 4072 3613 4120; x_wconf 80' lang='lat' dir='ltr'><strong>autem</strong></span> <span class='ocrx_word' id='word_1_702' title='bbox 3666 4064 3813 4120; x_wconf 91' lang='lat' dir='ltr'><strong>solus</strong></span> <span class='ocrx_word' id='word_1_703' title='bbox 3849 4073 3933 4120; x_wconf 89' lang='lat' dir='ltr'><strong>est</strong></span> 
     </span>
    </p>
   </div>
   <div class='ocr_carea' id='block_1_87' title="bbox 2348 4153 3933 4227">
    <p class='ocr_par' dir='ltr' id='par_1_87' title="bbox 2348 4153 3933 4227">
     <span class='ocr_line' id='line_1_87' title="bbox 2348 4153 3933 4227; baseline 0.004 -19"><span class='ocrx_word' id='word_1_704' title='bbox 2348 4162 2542 4209; x_wconf 85' lang='lat' dir='ltr'><strong>tactas.</strong></span> <span class='ocrx_word' id='word_1_705' title='bbox 2572 4153 2655 4208; x_wconf 83' lang='lat' dir='ltr'><strong>An</strong></span> <span class='ocrx_word' id='word_1_706' title='bbox 2684 4155 2845 4209; x_wconf 88' lang='lat' dir='ltr'><strong>etiam</strong></span> <span class='ocrx_word' id='word_1_707' title='bbox 2879 4164 3079 4223; x_wconf 65' lang='lat' dir='ltr'><strong>praeter</strong></span> <span class='ocrx_word' id='word_1_708' title='bbox 3126 4156 3230 4211; x_wconf 90' lang='lat' dir='ltr'><strong>hoc</strong></span> <span class='ocrx_word' id='word_1_709' title='bbox 3280 4158 3421 4227; x_wconf 90' lang='lat' dir='ltr'><strong>quod</strong></span> <span class='ocrx_word' id='word_1_710' title='bbox 3468 4157 3617 4211; x_wconf 87' lang='lat' dir='ltr'><strong>velut</strong></span> <span class='ocrx_word' id='word_1_711' title='bbox 3649 4156 3703 4212; x_wconf 94' lang='lat' dir='ltr'><strong>in</strong></span> <span class='ocrx_word' id='word_1_712' title='bbox 3732 4157 3933 4227; x_wconf 88' lang='lat' dir='ltr'><strong>templo</strong></span> 
     </span>
    </p>
   </div>
   <div class='ocr_carea' id='block_1_88' title="bbox 2347 4245 3931 4317">
    <p class='ocr_par' dir='ltr' id='par_1_88' title="bbox 2347 4245 3931 4317">
     <span class='ocr_line' id='line_1_88' title="bbox 2347 4245 3931 4317; baseline 0.004 -19"><span class='ocrx_word' id='word_1_713' title='bbox 2347 4245 2402 4300; x_wconf 87' lang='lat' dir='ltr'><strong>in</strong></span> <span class='ocrx_word' id='word_1_714' title='bbox 2431 4245 2520 4302; x_wconf 88' lang='lat' dir='ltr'><strong>illo</strong></span> <span class='ocrx_word' id='word_1_715' title='bbox 2547 4262 2773 4315; x_wconf 85' lang='lat' dir='ltr'><strong>corpore</strong></span> <span class='ocrx_word' id='word_1_716' title='bbox 2818 4246 3024 4302; x_wconf 85' lang='lat' dir='ltr'><strong>habitat</strong></span> <span class='ocrx_word' id='word_1_717' title='bbox 3071 4248 3250 4304; x_wconf 84' lang='lat' dir='ltr'><strong>omnis</strong></span> <span class='ocrx_word' id='word_1_718' title='bbox 3287 4248 3565 4317; x_wconf 87' lang='lat' dir='ltr'><strong>plenitudo</strong></span> <span class='ocrx_word' id='word_1_719' title='bbox 3611 4248 3931 4316; x_wconf 79' lang='lat' dir='ltr'><strong>divinitatis,</strong></span> 
     </span>
    </p>
   </div>
   <div class='ocr_carea' id='block_1_89' title="bbox 2346 4336 3933 4410">
    <p class='ocr_par' dir='ltr' id='par_1_89' title="bbox 2346 4336 3933 4410">
     <span class='ocr_line' id='line_1_89' title="bbox 2346 4336 3933 4410; baseline 0.003 -19"><span class='ocrx_word' id='word_1_720' title='bbox 2346 4343 2431 4391; x_wconf 82' lang='lat' dir='ltr'><strong>est</strong></span> <span class='ocrx_word' id='word_1_721' title='bbox 2458 4336 2626 4402; x_wconf 89' lang='lat' dir='ltr'><strong>aliud,</strong></span> <span class='ocrx_word' id='word_1_722' title='bbox 2657 4336 2798 4405; x_wconf 86' lang='lat' dir='ltr'><strong>quod</strong></span> <span class='ocrx_word' id='word_1_723' title='bbox 2828 4337 3042 4393; x_wconf 53' lang='lat' dir='ltr'><strong>inarsit</strong></span> <span class='ocrx_word' id='word_1_724' title='bbox 3067 4336 3210 4393; x_wconf 85' lang='lat' dir='ltr'><strong>inter</strong></span> <span class='ocrx_word' id='word_1_725' title='bbox 3259 4338 3388 4393; x_wconf 89' lang='lat' dir='ltr'><strong>illud</strong></span> <span class='ocrx_word' id='word_1_726' title='bbox 3439 4347 3598 4408; x_wconf 89' lang='lat' dir='ltr'><strong>caput</strong></span> <span class='ocrx_word' id='word_1_727' title='bbox 3633 4348 3689 4396; x_wconf 92' lang='lat' dir='ltr'><strong>et</strong></span> <span class='ocrx_word' id='word_1_728' title='bbox 3714 4339 3933 4410; x_wconf 79' lang='lat' dir='ltr'><strong>cujusli-</strong></span> 
     </span>
    </p>
   </div>
   <div class='ocr_carea' id='block_1_90' title="bbox 2343 4428 3998 4504">
    <p class='ocr_par' dir='ltr' id='par_1_90' title="bbox 2343 4428 3998 4504">
     <span class='ocr_line' id='line_1_90' title="bbox 2343 4428 3998 4504; baseline -0.002 -20"><span class='ocrx_word' id='word_1_729' title='bbox 2343 4428 2438 4485; x_wconf 84' lang='lat' dir='ltr'><strong>bet</strong></span> <span class='ocrx_word' id='word_1_730' title='bbox 2457 4430 2687 4485; x_wconf 89' lang='lat' dir='ltr'><strong>membri</strong></span> <span class='ocrx_word' id='word_1_731' title='bbox 2716 4428 3126 4486; x_wconf 66' lang='lat' dir='ltr'><strong>excellentiam?</strong></span> <span class='ocrx_word' id='word_1_732' title='bbox 3162 4430 3259 4485; x_wconf 89' lang='lat' dir='ltr'><strong>Est</strong></span> <span class='ocrx_word' id='word_1_733' title='bbox 3299 4429 3474 4501; x_wconf 90' lang='lat' dir='ltr'><strong>plane,</strong></span> <span class='ocrx_word' id='word_1_734' title='bbox 3504 4431 3646 4501; x_wconf 90' lang='lat' dir='ltr'><strong>quod</strong></span> <span class='ocrx_word' id='word_1_735' title='bbox 3670 4431 3930 4504; x_wconf 82' lang='lat' dir='ltr'><strong>singulari</strong></span> <span class='ocrx_word' id='word_1_736' title='bbox 3994 4478 3998 4481; x_wconf 89' lang='lat'><strong><em>_</em></strong></span> 
     </span>
    </p>
   </div>
   <div class='ocr_carea' id='block_1_91' title="bbox 658 4519 3932 4619">
    <p class='ocr_par' dir='ltr' id='par_1_91' title="bbox 658 4519 3932 4619">
     <span class='ocr_line' id='line_1_91' title="bbox 658 4519 3932 4619; baseline 0.001 -44"><span class='ocrx_word' id='word_1_737' title='bbox 658 4521 1120 4585; x_wconf 80' lang='lat' dir='ltr'><strong>Patrum,crcdite</strong></span> <span class='ocrx_word' id='word_1_738' title='bbox 1142 4520 1243 4591; x_wconf 89' lang='lat' dir='ltr'><strong>ipsi</strong></span> <span class='ocrx_word' id='word_1_739' title='bbox 1273 4521 1367 4574; x_wconf 92' lang='lat' dir='ltr'><strong>Dei</strong></span> <span class='ocrx_word' id='word_1_740' title='bbox 1396 4519 1531 4575; x_wconf 85' lang='lat' dir='ltr'><strong>Filio</strong></span> <span class='ocrx_word' id='word_1_741' title='bbox 1556 4521 1623 4574; x_wconf 90' lang='lat' dir='ltr'><strong>de</strong></span> <span class='ocrx_word' id='word_1_742' title='bbox 1650 4537 1707 4575; x_wconf 90' lang='lat' dir='ltr'><strong>se</strong></span> <span class='ocrx_word' id='word_1_743' title='bbox 1732 4521 2096 4575; x_wconf 89' lang='lat' dir='ltr'><strong>testimonium</strong></span> <span class='ocrx_word' id='word_1_744' title='bbox 2114 4535 2241 4591; x_wconf 66' lang='grc' dir='ltr'><strong>ιιι-ου</strong></span> <span class='ocrx_word' id='word_1_745' title='bbox 2266 4555 2321 4619; x_wconf 76' lang='lat' dir='ltr'><strong>D</strong></span> <span class='ocrx_word' id='word_1_746' title='bbox 2348 4521 2579 4591; x_wconf 89' lang='lat' dir='ltr'><strong>quadam</strong></span> <span class='ocrx_word' id='word_1_747' title='bbox 2610 4521 2950 4589; x_wconf 85' lang='lat' dir='ltr'><strong>susceptione</strong></span> <span class='ocrx_word' id='word_1_748' title='bbox 2978 4520 3214 4577; x_wconf 88' lang='lat' dir='ltr'><strong>hominis</strong></span> <span class='ocrx_word' id='word_1_749' title='bbox 3231 4521 3373 4576; x_wconf 92' lang='lat' dir='ltr'><strong>illius</strong></span> <span class='ocrx_word' id='word_1_750' title='bbox 3400 4537 3507 4577; x_wconf 92' lang='lat' dir='ltr'><strong>una</strong></span> <span class='ocrx_word' id='word_1_751' title='bbox 3536 4521 3677 4578; x_wconf 82' lang='lat' dir='ltr'><strong>facta</strong></span> <span class='ocrx_word' id='word_1_752' title='bbox 3706 4533 3789 4579; x_wconf 90' lang='lat' dir='ltr'><strong>est</strong></span> <span class='ocrx_word' id='word_1_753' title='bbox 3807 4540 3932 4594; x_wconf 87' lang='lat' dir='ltr'><strong>per-</strong></span> 
     </span>
    </p>
   </div>
   <div class='ocr_carea' id='block_1_92' title="bbox 659 4611 2238 4679">
    <p class='ocr_par' dir='ltr' id='par_1_92' title="bbox 659 4611 2238 4679">
     <span class='ocr_line' id='line_1_92' title="bbox 659 4611 2238 4679; baseline 0 -13"><span class='ocrx_word' id='word_1_754' title='bbox 659 4612 873 4667; x_wconf 80' lang='lat' dir='ltr'><strong>ferenti.</strong></span> <span class='ocrx_word' id='word_1_755' title='bbox 902 4612 994 4666; x_wconf 81' lang='lat' dir='ltr'><strong>Ait</strong></span> <span class='ocrx_word' id='word_1_756' title='bbox 1012 4613 1156 4667; x_wconf 89' lang='lat' dir='ltr'><strong>enim</strong></span> <span class='ocrx_word' id='word_1_757' title='bbox 1188 4614 1243 4666; x_wconf 90' lang='lat' dir='ltr'><strong>in</strong></span> <span class='ocrx_word' id='word_1_758' title='bbox 1268 4612 1589 4679; x_wconf 83' lang='lat' dir='ltr'><strong>Evangelio:</strong></span> <span class='ocrx_word' id='word_1_759' title='bbox 1617 4611 1705 4666; x_wconf 80' lang='lat' dir='ltr'><strong>Sic</strong></span> <span class='ocrx_word' id='word_1_760' title='bbox 1734 4613 1871 4666; x_wconf 88' lang='lat' dir='ltr'><strong>enim</strong></span> <span class='ocrx_word' id='word_1_761' title='bbox 1892 4612 2075 4666; x_wconf 64' lang='lat' dir='ltr'><strong>dilexit</strong></span> <span class='ocrx_word' id='word_1_762' title='bbox 2098 4612 2238 4667; x_wconf 80' lang='lat' dir='ltr'><strong>Deus</strong></span> 
     </span>
    </p>
   </div>
   <div class='ocr_carea' id='block_1_93' title="bbox 655 4701 2237 4772">
    <p class='ocr_par' dir='ltr' id='par_1_93' title="bbox 655 4701 2237 4772">
     <span class='ocr_line' id='line_1_93' title="bbox 655 4701 2237 4772; baseline -0.004 -10"><span class='ocrx_word' id='word_1_763' title='bbox 655 4702 933 4768; x_wconf 68' lang='lat' dir='ltr'><strong>mundum,</strong></span> <span class='ocrx_word' id='word_1_764' title='bbox 956 4712 1012 4756; x_wconf 87' lang='lat' dir='ltr'><strong>ut</strong></span> <span class='ocrx_word' id='word_1_765' title='bbox 1038 4701 1236 4756; x_wconf 84' lang='lat' dir='ltr'><strong>Filium</strong></span> <span class='ocrx_word' id='word_1_766' title='bbox 1258 4718 1411 4757; x_wconf 83' lang='lat' dir='ltr'><strong>suum</strong></span> <span class='ocrx_word' id='word_1_767' title='bbox 1441 4702 1763 4771; x_wconf 85' lang='lat' dir='ltr'><strong>unigenitum</strong></span> <span class='ocrx_word' id='word_1_768' title='bbox 1789 4703 1937 4754; x_wconf 85' lang='lat' dir='ltr'><strong>daret</strong></span> <span class='ocrx_word' id='word_1_769' title='bbox 1955 4701 2134 4772; x_wconf 85' lang='lat' dir='ltr'><strong>(Joan.</strong></span> <span class='ocrx_word' id='word_1_770' title='bbox 2153 4718 2237 4766; x_wconf 87' lang='grc' dir='ltr'><strong>ιιι,</strong></span> 
     </span>
    </p>
   </div>
   <div class='ocr_carea' id='block_1_94' title="bbox 661 4791 2239 4869">
    <p class='ocr_par' dir='ltr' id='par_1_94' title="bbox 661 4791 2239 4869">
     <span class='ocr_line' id='line_1_94' title="bbox 661 4791 2239 4869; baseline -0.003 -17"><span class='ocrx_word' id='word_1_771' title='bbox 661 4798 772 4869; x_wconf 74' lang='lat' dir='ltr'><strong>lli).</strong></span> <span class='ocrx_word' id='word_1_772' title='bbox 819 4798 951 4863; x_wconf 87' lang='lat' dir='ltr'><strong>Quis</strong></span> <span class='ocrx_word' id='word_1_773' title='bbox 999 4804 1179 4851; x_wconf 88' lang='lat' dir='ltr'><strong>autem</strong></span> <span class='ocrx_word' id='word_1_774' title='bbox 1226 4796 1384 4849; x_wconf 89' lang='lat' dir='ltr'><strong>datus</strong></span> <span class='ocrx_word' id='word_1_775' title='bbox 1429 4803 1515 4848; x_wconf 89' lang='lat' dir='ltr'><strong>est</strong></span> <span class='ocrx_word' id='word_1_776' title='bbox 1559 4809 1657 4863; x_wconf 90' lang='lat' dir='ltr'><strong>pro</strong></span> <span class='ocrx_word' id='word_1_777' title='bbox 1687 4793 1870 4847; x_wconf 89' lang='lat' dir='ltr'><strong>mundi</strong></span> <span class='ocrx_word' id='word_1_778' title='bbox 1900 4791 2109 4848; x_wconf 86' lang='lat' dir='ltr'><strong>salute?</strong></span> <span class='ocrx_word' id='word_1_779' title='bbox 2144 4793 2239 4847; x_wconf 86' lang='lat' dir='ltr'><strong>llle</strong></span> 
     </span>
    </p>
   </div>
   <div class='ocr_carea' id='block_1_95' title="bbox 660 4884 2240 4960">
    <p class='ocr_par' dir='ltr' id='par_1_95' title="bbox 660 4884 2240 4960">
     <span class='ocr_line' id='line_1_95' title="bbox 660 4884 2240 4960; baseline -0.003 -17"><span class='ocrx_word' id='word_1_780' title='bbox 660 4890 843 4960; x_wconf 90' lang='lat' dir='ltr'><strong>utique</strong></span> <span class='ocrx_word' id='word_1_781' title='bbox 870 4889 961 4958; x_wconf 88' lang='lat' dir='ltr'><strong>qui</strong></span> <span class='ocrx_word' id='word_1_782' title='bbox 988 4886 1224 4942; x_wconf 86' lang='lat' dir='ltr'><strong>torcular</strong></span> <span class='ocrx_word' id='word_1_783' title='bbox 1252 4885 1481 4941; x_wconf 87' lang='lat' dir='ltr'><strong>calcavit</strong></span> <span class='ocrx_word' id='word_1_784' title='bbox 1508 4885 1673 4949; x_wconf 90' lang='lat' dir='ltr'><strong>solus,</strong></span> <span class='ocrx_word' id='word_1_785' title='bbox 1704 4892 1760 4939; x_wconf 91' lang='lat' dir='ltr'><strong>et</strong></span> <span class='ocrx_word' id='word_1_786' title='bbox 1806 4884 2083 4954; x_wconf 85' lang='lat' dir='ltr'><strong>sanguinis</strong></span> <span class='ocrx_word' id='word_1_787' title='bbox 2107 4884 2240 4939; x_wconf 63' lang='lat' dir='ltr'><strong>elin-</strong></span> 
     </span>
    </p>
   </div>
   <div class='ocr_carea' id='block_1_96' title="bbox 658 4978 2240 5048">
    <p class='ocr_par' dir='ltr' id='par_1_96' title="bbox 658 4978 2240 5048">
     <span class='ocr_line' id='line_1_96' title="bbox 658 4978 2240 5048; baseline -0.006 -7"><span class='ocrx_word' id='word_1_788' title='bbox 658 4984 810 5041; x_wconf 78' lang='lat' dir='ltr'><strong>sione</strong></span> <span class='ocrx_word' id='word_1_789' title='bbox 829 4982 1122 5035; x_wconf 87' lang='lat' dir='ltr'><strong>rubicunda</strong></span> <span class='ocrx_word' id='word_1_790' title='bbox 1138 4979 1327 5033; x_wconf 90' lang='lat' dir='ltr'><strong>habuit</strong></span> <span class='ocrx_word' id='word_1_791' title='bbox 1348 4978 1691 5042; x_wconf 75' lang='lat' dir='ltr'><strong>vestimenta,</strong></span> <span class='ocrx_word' id='word_1_792' title='bbox 1718 4993 1880 5047; x_wconf 90' lang='lat' dir='ltr'><strong>quem</strong></span> <span class='ocrx_word' id='word_1_793' title='bbox 1896 4992 1990 5032; x_wconf 70' lang='lat' dir='ltr'><strong>vos</strong></span> <span class='ocrx_word' id='word_1_794' title='bbox 2006 4994 2102 5048; x_wconf 90' lang='lat' dir='ltr'><strong>per</strong></span> <span class='ocrx_word' id='word_1_795' title='bbox 2124 4993 2240 5033; x_wconf 89' lang='lat' dir='ltr'><strong>om-</strong></span> 
     </span>
    </p>
   </div>
   <div class='ocr_carea' id='block_1_97' title="bbox 660 5068 2239 5140">
    <p class='ocr_par' dir='ltr' id='par_1_97' title="bbox 660 5068 2239 5140">
     <span class='ocr_line' id='line_1_97' title="bbox 660 5068 2239 5140; baseline -0.003 -11"><span class='ocrx_word' id='word_1_796' title='bbox 660 5076 749 5130; x_wconf 87' lang='lat' dir='ltr'><strong>nia</strong></span> <span class='ocrx_word' id='word_1_797' title='bbox 778 5071 1010 5128; x_wconf 83' lang='lat' dir='ltr'><strong>similem</strong></span> <span class='ocrx_word' id='word_1_798' title='bbox 1036 5086 1157 5126; x_wconf 89' lang='lat' dir='ltr'><strong>esse</strong></span> <span class='ocrx_word' id='word_1_799' title='bbox 1184 5071 1361 5135; x_wconf 90' lang='lat' dir='ltr'><strong>nobis,</strong></span> <span class='ocrx_word' id='word_1_800' title='bbox 1391 5070 1593 5139; x_wconf 90' lang='lat' dir='ltr'><strong>absque</strong></span> <span class='ocrx_word' id='word_1_801' title='bbox 1622 5068 1737 5140; x_wconf 87' lang='lat' dir='ltr'><strong>lege</strong></span> <span class='ocrx_word' id='word_1_802' title='bbox 1763 5070 1994 5139; x_wconf 90' lang='lat' dir='ltr'><strong>peccati,</strong></span> <span class='ocrx_word' id='word_1_803' title='bbox 2017 5078 2239 5124; x_wconf 86' lang='lat' dir='ltr'><strong>conten-</strong></span> 
     </span>
    </p>
   </div>
   <div class='ocr_carea' id='block_1_98' title="bbox 659 5159 2237 5231">
    <p class='ocr_par' dir='ltr' id='par_1_98' title="bbox 659 5159 2237 5231">
     <span class='ocr_line' id='line_1_98' title="bbox 659 5159 2237 5231; baseline -0.001 -14"><span class='ocrx_word' id='word_1_804' title='bbox 659 5164 809 5227; x_wconf 88' lang='lat' dir='ltr'><strong>ditis,</strong></span> <span class='ocrx_word' id='word_1_805' title='bbox 840 5163 978 5217; x_wconf 87' lang='lat' dir='ltr'><strong>sicut</strong></span> <span class='ocrx_word' id='word_1_806' title='bbox 1005 5162 1059 5215; x_wconf 88' lang='lat' dir='ltr'><strong>in</strong></span> <span class='ocrx_word' id='word_1_807' title='bbox 1083 5160 1250 5216; x_wconf 86' lang='lat' dir='ltr'><strong>libelli</strong></span> <span class='ocrx_word' id='word_1_808' title='bbox 1280 5162 1444 5217; x_wconf 89' lang='lat' dir='ltr'><strong>vestri</strong></span> <span class='ocrx_word' id='word_1_809' title='bbox 1473 5160 1614 5215; x_wconf 90' lang='lat' dir='ltr'><strong>serie</strong></span> <span class='ocrx_word' id='word_1_810' title='bbox 1654 5159 1976 5226; x_wconf 89' lang='lat' dir='ltr'><strong>ostenditur,</strong></span> <span class='ocrx_word' id='word_1_811' title='bbox 2016 5168 2077 5214; x_wconf 91' lang='lat' dir='ltr'><strong>ut</strong></span> <span class='ocrx_word' id='word_1_812' title='bbox 2121 5163 2237 5231; x_wconf 88' lang='lat' dir='ltr'><strong>ipsa</strong></span> 
     </span>
    </p>
   </div>
   <div class='ocr_carea' id='block_1_99' title="bbox 660 5251 2238 5324">
    <p class='ocr_par' dir='ltr' id='par_1_99' title="bbox 660 5251 2238 5324">
     <span class='ocr_line' id='line_1_99' title="bbox 660 5251 2238 5324; baseline -0.001 -16"><span class='ocrx_word' id='word_1_813' title='bbox 660 5254 823 5311; x_wconf 89' lang='lat' dir='ltr'><strong>verba</strong></span> <span class='ocrx_word' id='word_1_814' title='bbox 845 5268 1111 5324; x_wconf 89' lang='lat' dir='ltr'><strong>ponamus</strong></span> <span class='ocrx_word' id='word_1_815' title='bbox 1139 5263 1258 5322; x_wconf 74' lang='lat' dir='ltr'><strong>qua:</strong></span> <span class='ocrx_word' id='word_1_816' title='bbox 1280 5268 1375 5308; x_wconf 81' lang='lat' dir='ltr'><strong>vos</strong></span> <span class='ocrx_word' id='word_1_817' title='bbox 1403 5253 1457 5307; x_wconf 91' lang='lat' dir='ltr'><strong>in</strong></span> <span class='ocrx_word' id='word_1_818' title='bbox 1504 5252 1692 5307; x_wconf 88' lang='lat' dir='ltr'><strong>eodem</strong></span> <span class='ocrx_word' id='word_1_819' title='bbox 1731 5251 2009 5322; x_wconf 88' lang='lat' dir='ltr'><strong>posuistis,</strong></span> <span class='ocrx_word' id='word_1_820' title='bbox 2054 5254 2238 5309; x_wconf 77' lang='lat' dir='ltr'><strong>dicen-</strong></span> 
     </span>
    </p>
   </div>
   <div class='ocr_carea' id='block_1_100' title="bbox 662 5342 2239 5412">
    <p class='ocr_par' dir='ltr' id='par_1_100' title="bbox 662 5342 2239 5412">
     <span class='ocr_line' id='line_1_100' title="bbox 662 5342 2239 5412; baseline -0.003 -13"><span class='ocrx_word' id='word_1_821' title='bbox 662 5353 744 5401; x_wconf 87' lang='lat' dir='ltr'><strong>tes</strong></span> <span class='ocrx_word' id='word_1_822' title='bbox 775 5363 787 5397; x_wconf 90' lang='lat'>:</span> <span class='ocrx_word' id='word_1_823' title='bbox 824 5362 843 5394; x_wconf 75' lang='grc' dir='ltr'><strong><em>ο</em></strong></span> <span class='ocrx_word' id='word_1_824' title='bbox 873 5343 988 5398; x_wconf 80' lang='lat' dir='ltr'><strong>Non</strong></span> <span class='ocrx_word' id='word_1_825' title='bbox 1016 5343 1070 5397; x_wconf 91' lang='lat' dir='ltr'><strong>in</strong></span> <span class='ocrx_word' id='word_1_826' title='bbox 1093 5344 1265 5412; x_wconf 86' lang='lat' dir='ltr'><strong>gloria</strong></span> <span class='ocrx_word' id='word_1_827' title='bbox 1294 5342 1529 5407; x_wconf 87' lang='lat' dir='ltr'><strong>deitatis,</strong></span> <span class='ocrx_word' id='word_1_828' title='bbox 1557 5342 1609 5395; x_wconf 92' lang='lat' dir='ltr'><strong>in</strong></span> <span class='ocrx_word' id='word_1_829' title='bbox 1632 5355 1735 5410; x_wconf 89' lang='lat' dir='ltr'><strong>qua</strong></span> <span class='ocrx_word' id='word_1_830' title='bbox 1762 5356 1861 5411; x_wconf 91' lang='lat' dir='ltr'><strong>per</strong></span> <span class='ocrx_word' id='word_1_831' title='bbox 1886 5343 2066 5396; x_wconf 89' lang='lat' dir='ltr'><strong>omnia</strong></span> <span class='ocrx_word' id='word_1_832' title='bbox 2089 5342 2239 5397; x_wconf 85' lang='lat' dir='ltr'><strong>simi-</strong></span> 
     </span>
    </p>
   </div>
   <div class='ocr_carea' id='block_1_101' title="bbox 660 5430 2234 5496">
    <p class='ocr_par' dir='ltr' id='par_1_101' title="bbox 660 5430 2234 5496">
     <span class='ocr_line' id='line_1_101' title="bbox 660 5430 2234 5496; baseline -0.002 -9"><span class='ocrx_word' id='word_1_833' title='bbox 660 5436 725 5489; x_wconf 92' lang='lat' dir='ltr'><strong>lis</strong></span> <span class='ocrx_word' id='word_1_834' title='bbox 751 5443 834 5488; x_wconf 89' lang='lat' dir='ltr'><strong>est</strong></span> <span class='ocrx_word' id='word_1_835' title='bbox 873 5434 1043 5496; x_wconf 81' lang='lat' dir='ltr'><strong>Patri,</strong></span> <span class='ocrx_word' id='word_1_836' title='bbox 1075 5431 1353 5488; x_wconf 89' lang='lat' dir='ltr'><strong>dissimilis</strong></span> <span class='ocrx_word' id='word_1_837' title='bbox 1380 5447 1507 5487; x_wconf 89' lang='lat' dir='ltr'><strong>vero</strong></span> <span class='ocrx_word' id='word_1_838' title='bbox 1554 5430 1698 5484; x_wconf 92' lang='lat' dir='ltr'><strong>omni</strong></span> <span class='ocrx_word' id='word_1_839' title='bbox 1728 5440 2020 5495; x_wconf 67' lang='lat' dir='ltr'><strong>creaturae;</strong></span> <span class='ocrx_word' id='word_1_840' title='bbox 2060 5431 2154 5486; x_wconf 91' lang='lat' dir='ltr'><strong>sed</strong></span> <span class='ocrx_word' id='word_1_841' title='bbox 2182 5431 2234 5484; x_wconf 90' lang='lat' dir='ltr'><strong>in</strong></span> 
     </span>
    </p>
   </div>
   <div class='ocr_carea' id='block_1_102' title="bbox 659 5519 2238 5593">
    <p class='ocr_par' dir='ltr' id='par_1_102' title="bbox 659 5519 2238 5593">
     <span class='ocr_line' id='line_1_102' title="bbox 659 5519 2238 5593; baseline -0.003 -14"><span class='ocrx_word' id='word_1_842' title='bbox 659 5525 773 5579; x_wconf 76' lang='lat' dir='ltr'><strong>sola</strong></span> <span class='ocrx_word' id='word_1_843' title='bbox 801 5524 1159 5589; x_wconf 89' lang='lat' dir='ltr'><strong>humanitate,</strong></span> <span class='ocrx_word' id='word_1_844' title='bbox 1192 5524 1244 5577; x_wconf 92' lang='lat' dir='ltr'><strong>in</strong></span> <span class='ocrx_word' id='word_1_845' title='bbox 1272 5537 1374 5591; x_wconf 90' lang='lat' dir='ltr'><strong>qua</strong></span> <span class='ocrx_word' id='word_1_846' title='bbox 1398 5537 1494 5593; x_wconf 88' lang='lat' dir='ltr'><strong>per</strong></span> <span class='ocrx_word' id='word_1_847' title='bbox 1520 5521 1701 5576; x_wconf 91' lang='lat' dir='ltr'><strong>omnia</strong></span> <span class='ocrx_word' id='word_1_848' title='bbox 1734 5521 1924 5576; x_wconf 90' lang='lat' dir='ltr'><strong>similis</strong></span> <span class='ocrx_word' id='word_1_849' title='bbox 1952 5519 2127 5576; x_wconf 78' lang='lat' dir='ltr'><strong>factus</strong></span> <span class='ocrx_word' id='word_1_850' title='bbox 2155 5529 2238 5578; x_wconf 90' lang='lat' dir='ltr'><strong>est</strong></span> 
     </span>
    </p>
   </div>
   <div class='ocr_carea' id='block_1_103' title="bbox 662 5613 2232 5685">
    <p class='ocr_par' dir='ltr' id='par_1_103' title="bbox 662 5613 2232 5685">
     <span class='ocr_line' id='line_1_103' title="bbox 662 5613 2232 5685; baseline -0.002 -15"><span class='ocrx_word' id='word_1_851' title='bbox 662 5616 837 5679; x_wconf 87' lang='lat' dir='ltr'><strong>nobis,</strong></span> <span class='ocrx_word' id='word_1_852' title='bbox 868 5626 1093 5684; x_wconf 83' lang='lat' dir='ltr'><strong>excepta</strong></span> <span class='ocrx_word' id='word_1_853' title='bbox 1124 5614 1242 5685; x_wconf 87' lang='lat' dir='ltr'><strong>lege</strong></span> <span class='ocrx_word' id='word_1_854' title='bbox 1259 5615 1494 5684; x_wconf 79' lang='lat' dir='ltr'><strong>peccati;</strong></span> <span class='ocrx_word' id='word_1_855' title='bbox 1522 5613 1711 5668; x_wconf 89' lang='lat' dir='ltr'><strong>similis</strong></span> <span class='ocrx_word' id='word_1_856' title='bbox 1730 5613 1917 5682; x_wconf 86' lang='lat' dir='ltr'><strong>utique</strong></span> <span class='ocrx_word' id='word_1_857' title='bbox 1941 5613 1995 5667; x_wconf 90' lang='lat' dir='ltr'><strong>in</strong></span> <span class='ocrx_word' id='word_1_858' title='bbox 2019 5622 2232 5679; x_wconf 89' lang='lat' dir='ltr'><strong>natura,</strong></span> 
     </span>
    </p>
   </div>
   <div class='ocr_carea' id='block_1_104' title="bbox 663 5702 2229 5772">
    <p class='ocr_par' dir='ltr' id='par_1_104' title="bbox 663 5702 2229 5772">
     <span class='ocr_line' id='line_1_104' title="bbox 663 5702 2229 5772; baseline -0.001 -13"><span class='ocrx_word' id='word_1_859' title='bbox 663 5706 745 5759; x_wconf 92' lang='lat' dir='ltr'><strong>cui</strong></span> <span class='ocrx_word' id='word_1_860' title='bbox 773 5715 948 5759; x_wconf 80' lang='lat' dir='ltr'><strong>tamen</strong></span> <span class='ocrx_word' id='word_1_861' title='bbox 976 5707 1150 5761; x_wconf 81' lang='lat' dir='ltr'><strong>tmllus</strong></span> <span class='ocrx_word' id='word_1_862' title='bbox 1165 5706 1353 5761; x_wconf 81' lang='lat' dir='ltr'><strong>similis</strong></span> <span class='ocrx_word' id='word_1_863' title='bbox 1376 5711 1573 5769; x_wconf 77' lang='lat' dir='ltr'><strong>exstat,</strong></span> <span class='ocrx_word' id='word_1_864' title='bbox 1603 5704 1684 5758; x_wconf 88' lang='lat' dir='ltr'><strong>vel</strong></span> <span class='ocrx_word' id='word_1_865' title='bbox 1713 5703 1935 5772; x_wconf 65' lang='lat' dir='ltr'><strong>atqualis</strong></span> <span class='ocrx_word' id='word_1_866' title='bbox 1960 5704 2013 5758; x_wconf 87' lang='lat' dir='ltr'><strong>in</strong></span> <span class='ocrx_word' id='word_1_867' title='bbox 2044 5702 2229 5771; x_wconf 65' lang='lat' dir='ltr'><strong>gloria.</strong></span> 
     </span>
    </p>
   </div>
   <div class='ocr_carea' id='block_1_105' title="bbox 734 5818 1251 5889">
    <p class='ocr_par' dir='ltr' id='par_1_105' title="bbox 734 5818 1251 5889">
     <span class='ocr_line' id='line_1_105' title="bbox 734 5818 1251 5889; baseline -0.004 -19"><span class='ocrx_word' id='word_1_868' title='bbox 734 5828 758 5857; x_wconf 75' lang='grc'><strong><em>⁸</em></strong></span> <span class='ocrx_word' id='word_1_869' title='bbox 788 5818 1020 5885; x_wconf 71' lang='lat' dir='ltr'><strong>Epistula</strong></span> <span class='ocrx_word' id='word_1_870' title='bbox 1053 5828 1251 5889; x_wconf 26' lang='lat' dir='ltr'><strong>ignota.</strong></span> 
     </span>
    </p>
   </div>
   <div class='ocr_carea' id='block_1_106' title="bbox 2342 4612 3929 4686">
    <p class='ocr_par' dir='ltr' id='par_1_106' title="bbox 2342 4612 3929 4686">
     <span class='ocr_line' id='line_1_106' title="bbox 2342 4612 3929 4686; baseline 0.001 -18"><span class='ocrx_word' id='word_1_871' title='bbox 2342 4626 2475 4668; x_wconf 90' lang='lat' dir='ltr'><strong>sona</strong></span> <span class='ocrx_word' id='word_1_872' title='bbox 2521 4627 2643 4666; x_wconf 91' lang='lat' dir='ltr'><strong>eum</strong></span> <span class='ocrx_word' id='word_1_873' title='bbox 2691 4613 2882 4667; x_wconf 89' lang='lat' dir='ltr'><strong>Verbo.</strong></span> <span class='ocrx_word' id='word_1_874' title='bbox 2930 4612 3006 4667; x_wconf 91' lang='lat' dir='ltr'><strong>De</strong></span> <span class='ocrx_word' id='word_1_875' title='bbox 3050 4614 3196 4669; x_wconf 90' lang='lat' dir='ltr'><strong>nullo</strong></span> <span class='ocrx_word' id='word_1_876' title='bbox 3225 4614 3368 4669; x_wconf 92' lang='lat' dir='ltr'><strong>enim</strong></span> <span class='ocrx_word' id='word_1_877' title='bbox 3409 4615 3574 4686; x_wconf 75' lang='lat'><strong>798</strong></span> <span class='ocrx_word' id='word_1_878' title='bbox 3616 4624 3929 4670; x_wconf 81' lang='lat' dir='ltr'><strong>sanctorum</strong></span> 
     </span>
    </p>
   </div>
   <div class='ocr_carea' id='block_1_107' title="bbox 2342 4701 3931 4775">
    <p class='ocr_par' dir='ltr' id='par_1_107' title="bbox 2342 4701 3931 4775">
     <span class='ocr_line' id='line_1_107' title="bbox 2342 4701 3931 4775; baseline 0 -17"><span class='ocrx_word' id='word_1_879' title='bbox 2342 4702 2449 4758; x_wconf 90' lang='lat' dir='ltr'><strong>dici</strong></span> <span class='ocrx_word' id='word_1_880' title='bbox 2468 4705 2663 4775; x_wconf 86' lang='lat' dir='ltr'><strong>potuit,</strong></span> <span class='ocrx_word' id='word_1_881' title='bbox 2695 4708 2788 4756; x_wconf 90' lang='lat' dir='ltr'><strong>aut</strong></span> <span class='ocrx_word' id='word_1_882' title='bbox 2816 4710 3016 4771; x_wconf 87' lang='lat' dir='ltr'><strong>potest,</strong></span> <span class='ocrx_word' id='word_1_883' title='bbox 3047 4710 3140 4756; x_wconf 90' lang='lat' dir='ltr'><strong>aut</strong></span> <span class='ocrx_word' id='word_1_884' title='bbox 3168 4704 3390 4773; x_wconf 88' lang='lat' dir='ltr'><strong>poterit,</strong></span> <span class='ocrx_word' id='word_1_885' title='bbox 3428 4701 3654 4758; x_wconf 84' lang='lat' dir='ltr'><strong>Verbum</strong></span> <span class='ocrx_word' id='word_1_886' title='bbox 3691 4719 3814 4757; x_wconf 87' lang='lat' dir='ltr'><strong>caro</strong></span> <span class='ocrx_word' id='word_1_887' title='bbox 3843 4703 3931 4773; x_wconf 79' lang='lat' dir='ltr'><strong>fa-</strong></span> 
     </span>
    </p>
   </div>
   <div class='ocr_carea' id='block_1_108' title="bbox 2340 4794 3930 4867">
    <p class='ocr_par' dir='ltr' id='par_1_108' title="bbox 2340 4794 3930 4867">
     <span class='ocr_line' id='line_1_108' title="bbox 2340 4794 3930 4867; baseline -0.001 -16"><span class='ocrx_word' id='word_1_888' title='bbox 2340 4805 2503 4851; x_wconf 79' lang='lat' dir='ltr'><strong>ctum.</strong></span> <span class='ocrx_word' id='word_1_889' title='bbox 2534 4794 2724 4849; x_wconf 85' lang='lat' dir='ltr'><strong>Nullus</strong></span> <span class='ocrx_word' id='word_1_890' title='bbox 2774 4802 3080 4850; x_wconf 88' lang='lat' dir='ltr'><strong>sanctorum</strong></span> <span class='ocrx_word' id='word_1_891' title='bbox 3123 4796 3362 4865; x_wconf 90' lang='lat' dir='ltr'><strong>qualibet</strong></span> <span class='ocrx_word' id='word_1_892' title='bbox 3405 4795 3713 4864; x_wconf 66' lang='lat' dir='ltr'><strong>praestantia</strong></span> <span class='ocrx_word' id='word_1_893' title='bbox 3738 4796 3930 4867; x_wconf 64' lang='lat' dir='ltr'><strong>gratia:</strong></span> 
     </span>
    </p>
   </div>
   <div class='ocr_carea' id='block_1_109' title="bbox 2343 4884 3929 4956">
    <p class='ocr_par' dir='ltr' id='par_1_109' title="bbox 2343 4884 3929 4956">
     <span class='ocr_line' id='line_1_109' title="bbox 2343 4884 3929 4956; baseline 0.003 -17"><span class='ocrx_word' id='word_1_894' title='bbox 2343 4884 2604 4956; x_wconf 87' lang='lat' dir='ltr'><strong>unigeniti</strong></span> <span class='ocrx_word' id='word_1_895' title='bbox 2631 4899 2828 4939; x_wconf 88' lang='lat' dir='ltr'><strong>nomen</strong></span> <span class='ocrx_word' id='word_1_896' title='bbox 2854 4885 3082 4956; x_wconf 87' lang='lat' dir='ltr'><strong>accepit,</strong></span> <span class='ocrx_word' id='word_1_897' title='bbox 3115 4894 3173 4939; x_wconf 91' lang='lat' dir='ltr'><strong>ut</strong></span> <span class='ocrx_word' id='word_1_898' title='bbox 3192 4886 3335 4956; x_wconf 90' lang='lat' dir='ltr'><strong>quod</strong></span> <span class='ocrx_word' id='word_1_899' title='bbox 3359 4895 3441 4941; x_wconf 91' lang='lat' dir='ltr'><strong>est</strong></span> <span class='ocrx_word' id='word_1_900' title='bbox 3470 4887 3644 4956; x_wconf 91' lang='lat' dir='ltr'><strong>ipsum</strong></span> <span class='ocrx_word' id='word_1_901' title='bbox 3671 4886 3767 4941; x_wconf 90' lang='lat' dir='ltr'><strong>Dei</strong></span> <span class='ocrx_word' id='word_1_902' title='bbox 3795 4888 3929 4943; x_wconf 85' lang='lat' dir='ltr'><strong>Ver-</strong></span> 
     </span>
    </p>
   </div>
   <div class='ocr_carea' id='block_1_110' title="bbox 2341 4974 3929 5047">
    <p class='ocr_par' dir='ltr' id='par_1_110' title="bbox 2341 4974 3929 5047">
     <span class='ocr_line' id='line_1_110' title="bbox 2341 4974 3929 5047; baseline 0.004 -17"><span class='ocrx_word' id='word_1_903' title='bbox 2341 4974 2470 5030; x_wconf 89' lang='lat' dir='ltr'><strong>bum</strong></span> <span class='ocrx_word' id='word_1_904' title='bbox 2500 4986 2626 5029; x_wconf 86' lang='lat' dir='ltr'><strong>ante</strong></span> <span class='ocrx_word' id='word_1_905' title='bbox 2654 4974 2869 5038; x_wconf 73' lang='lat' dir='ltr'><strong>szecula,</strong></span> <span class='ocrx_word' id='word_1_906' title='bbox 2895 4976 2999 5032; x_wconf 91' lang='lat' dir='ltr'><strong>hoc</strong></span> <span class='ocrx_word' id='word_1_907' title='bbox 3023 4976 3184 5031; x_wconf 87' lang='lat' dir='ltr'><strong>simul</strong></span> <span class='ocrx_word' id='word_1_908' title='bbox 3226 4992 3351 5033; x_wconf 90' lang='lat' dir='ltr'><strong>cum</strong></span> <span class='ocrx_word' id='word_1_909' title='bbox 3396 4985 3672 5047; x_wconf 86' lang='lat' dir='ltr'><strong>assumpto</strong></span> <span class='ocrx_word' id='word_1_910' title='bbox 3707 4979 3929 5037; x_wconf 89' lang='lat' dir='ltr'><strong>homine</strong></span> 
     </span>
    </p>
   </div>
   <div class='ocr_carea' id='block_1_111' title="bbox 2341 5052 3923 5139">
    <p class='ocr_par' dir='ltr' id='par_1_111' title="bbox 2341 5052 3923 5139">
     <span class='ocr_line' id='line_1_111' title="bbox 2341 5052 3923 5139; baseline 0.004 -18"><span class='ocrx_word' id='word_1_911' title='bbox 2341 5066 2633 5121; x_wconf 84' lang='lat' dir='ltr'><strong>diceretur.</strong></span> <span class='ocrx_word' id='word_1_912' title='bbox 2682 5064 2986 5137; x_wconf 84' lang='lat' dir='ltr'><strong>Singularis</strong></span> <span class='ocrx_word' id='word_1_913' title='bbox 3039 5077 3123 5122; x_wconf 90' lang='lat' dir='ltr'><strong>est</strong></span> <span class='ocrx_word' id='word_1_914' title='bbox 3179 5067 3271 5123; x_wconf 82' lang='lat' dir='ltr'><strong>illa</strong></span> <span class='ocrx_word' id='word_1_915' title='bbox 3329 5069 3621 5139; x_wconf 87' lang='lat' dir='ltr'><strong>susceptio,</strong></span> <span class='ocrx_word' id='word_1_916' title='bbox 3669 5086 3770 5127; x_wconf 91' lang='lat' dir='ltr'><strong>nec</strong></span> <span class='ocrx_word' id='word_1_917' title='bbox 3799 5052 3923 5128; x_wconf 84' lang='lat' dir='ltr'><strong>cum</strong></span> 
     </span>
    </p>
   </div>
   <div class='ocr_carea' id='block_1_112' title="bbox 2340 5155 3924 5231">
    <p class='ocr_par' dir='ltr' id='par_1_112' title="bbox 2340 5155 3924 5231">
     <span class='ocr_line' id='line_1_112' title="bbox 2340 5155 3924 5231; baseline 0.003 -17"><span class='ocrx_word' id='word_1_918' title='bbox 2340 5156 2651 5214; x_wconf 89' lang='lat' dir='ltr'><strong>hominibus</strong></span> <span class='ocrx_word' id='word_1_919' title='bbox 2671 5155 2940 5227; x_wconf 85' lang='lat' dir='ltr'><strong>aliquibus</strong></span> <span class='ocrx_word' id='word_1_920' title='bbox 2971 5158 3175 5213; x_wconf 87' lang='lat' dir='ltr'><strong>sanctis</strong></span> <span class='ocrx_word' id='word_1_921' title='bbox 3202 5158 3534 5227; x_wconf 87' lang='lat' dir='ltr'><strong>quantalibet</strong></span> <span class='ocrx_word' id='word_1_922' title='bbox 3579 5161 3843 5231; x_wconf 89' lang='lat' dir='ltr'><strong>sapientia</strong></span> <span class='ocrx_word' id='word_1_923' title='bbox 3868 5172 3924 5219; x_wconf 91' lang='lat' dir='ltr'><strong>et</strong></span> 
     </span>
    </p>
   </div>
   <div class='ocr_carea' id='block_1_113' title="bbox 2339 5248 3919 5321">
    <p class='ocr_par' dir='ltr' id='par_1_113' title="bbox 2339 5248 3919 5321">
     <span class='ocr_line' id='line_1_113' title="bbox 2339 5248 3919 5321; baseline 0.005 -20"><span class='ocrx_word' id='word_1_924' title='bbox 2339 5248 2627 5303; x_wconf 85' lang='lat' dir='ltr'><strong>sanctitate</strong></span> <span class='ocrx_word' id='word_1_925' title='bbox 2662 5248 3049 5317; x_wconf 65' lang='lat' dir='ltr'><strong>prazstantibus</strong></span> <span class='ocrx_word' id='word_1_926' title='bbox 3086 5248 3195 5304; x_wconf 90' lang='lat' dir='ltr'><strong>ullo</strong></span> <span class='ocrx_word' id='word_1_927' title='bbox 3234 5250 3394 5304; x_wconf 88' lang='lat' dir='ltr'><strong>modo</strong></span> <span class='ocrx_word' id='word_1_928' title='bbox 3420 5258 3595 5321; x_wconf 85' lang='lat' dir='ltr'><strong>potest</strong></span> <span class='ocrx_word' id='word_1_929' title='bbox 3625 5265 3746 5308; x_wconf 87' lang='lat' dir='ltr'><strong>esse</strong></span> <span class='ocrx_word' id='word_1_930' title='bbox 3769 5268 3919 5309; x_wconf 86' lang='lat' dir='ltr'><strong>eom-</strong></span> 
     </span>
    </p>
   </div>
   <div class='ocr_carea' id='block_1_114' title="bbox 2338 5335 3920 5411">
    <p class='ocr_par' dir='ltr' id='par_1_114' title="bbox 2338 5335 3920 5411">
     <span class='ocr_line' id='line_1_114' title="bbox 2338 5335 3920 5411; baseline 0.003 -19"><span class='ocrx_word' id='word_1_931' title='bbox 2338 5340 2536 5403; x_wconf 88' lang='lat' dir='ltr'><strong>munis,</strong></span> <span class='ocrx_word' id='word_1_932' title='bbox 2556 5338 2646 5393; x_wconf 89' lang='lat' dir='ltr'><strong>ubi</strong></span> <span class='ocrx_word' id='word_1_933' title='bbox 2667 5337 2861 5393; x_wconf 60' lang='lat' dir='ltr'><strong>divina;</strong></span> <span class='ocrx_word' id='word_1_934' title='bbox 2876 5335 3063 5407; x_wconf 64' lang='lat' dir='ltr'><strong>gratiae</strong></span> <span class='ocrx_word' id='word_1_935' title='bbox 3089 5339 3224 5393; x_wconf 88' lang='lat' dir='ltr'><strong>satis</strong></span> <span class='ocrx_word' id='word_1_936' title='bbox 3244 5340 3583 5410; x_wconf 89' lang='lat' dir='ltr'><strong>perspicuum</strong></span> <span class='ocrx_word' id='word_1_937' title='bbox 3607 5340 3920 5411; x_wconf 82' lang='lat' dir='ltr'><strong>clarumque</strong></span> 
     </span>
    </p>
   </div>
   <div class='ocr_carea' id='block_1_115' title="bbox 2338 5426 3920 5501">
    <p class='ocr_par' dir='ltr' id='par_1_115' title="bbox 2338 5426 3920 5501">
     <span class='ocr_line' id='line_1_115' title="bbox 2338 5426 3920 5501; baseline 0.004 -21"><span class='ocrx_word' id='word_1_938' title='bbox 2338 5426 2725 5482; x_wconf 90' lang='lat' dir='ltr'><strong>documentum</strong></span> <span class='ocrx_word' id='word_1_939' title='bbox 2753 5434 2855 5482; x_wconf 89' lang='lat' dir='ltr'><strong>est.</strong></span> <span class='ocrx_word' id='word_1_940' title='bbox 2881 5426 3017 5494; x_wconf 88' lang='lat' dir='ltr'><strong>Quis</strong></span> <span class='ocrx_word' id='word_1_941' title='bbox 3055 5429 3199 5482; x_wconf 88' lang='lat' dir='ltr'><strong>enim</strong></span> <span class='ocrx_word' id='word_1_942' title='bbox 3245 5437 3355 5485; x_wconf 90' lang='lat' dir='ltr'><strong>tam</strong></span> <span class='ocrx_word' id='word_1_943' title='bbox 3405 5430 3476 5485; x_wconf 87' lang='lat' dir='ltr'><strong>sit</strong></span> <span class='ocrx_word' id='word_1_944' title='bbox 3520 5430 3831 5501; x_wconf 86' lang='lat' dir='ltr'><strong>sacrilegus,</strong></span> <span class='ocrx_word' id='word_1_945' title='bbox 3861 5439 3920 5487; x_wconf 92' lang='lat' dir='ltr'><strong>ut</strong></span> 
     </span>
    </p>
   </div>
   <div class='ocr_carea' id='block_1_116' title="bbox 2338 5514 3920 5589">
    <p class='ocr_par' dir='ltr' id='par_1_116' title="bbox 2338 5514 3920 5589">
     <span class='ocr_line' id='line_1_116' title="bbox 2338 5514 3920 5589; baseline 0.003 -20"><span class='ocrx_word' id='word_1_946' title='bbox 2338 5516 2533 5570; x_wconf 88' lang='lat' dir='ltr'><strong>audeat</strong></span> <span class='ocrx_word' id='word_1_947' title='bbox 2559 5514 2849 5577; x_wconf 80' lang='lat' dir='ltr'><strong>aﬂirmare,</strong></span> <span class='ocrx_word' id='word_1_948' title='bbox 2880 5515 3115 5585; x_wconf 88' lang='lat' dir='ltr'><strong>aliquam</strong></span> <span class='ocrx_word' id='word_1_949' title='bbox 3164 5533 3322 5588; x_wconf 84' lang='lat' dir='ltr'><strong>posse</strong></span> <span class='ocrx_word' id='word_1_950' title='bbox 3362 5519 3596 5574; x_wconf 90' lang='lat' dir='ltr'><strong>animam</strong></span> <span class='ocrx_word' id='word_1_951' title='bbox 3637 5534 3732 5589; x_wconf 92' lang='lat' dir='ltr'><strong>per</strong></span> <span class='ocrx_word' id='word_1_952' title='bbox 3760 5520 3920 5574; x_wconf 82' lang='lat' dir='ltr'><strong>meri-</strong></span> 
     </span>
    </p>
   </div>
   <div class='ocr_carea' id='block_1_117' title="bbox 2339 5607 3920 5675">
    <p class='ocr_par' dir='ltr' id='par_1_117' title="bbox 2339 5607 3920 5675">
     <span class='ocr_line' id='line_1_117' title="bbox 2339 5607 3920 5675; baseline 0.003 -14"><span class='ocrx_word' id='word_1_953' title='bbox 2339 5615 2451 5663; x_wconf 92' lang='lat' dir='ltr'><strong>tum</strong></span> <span class='ocrx_word' id='word_1_954' title='bbox 2476 5607 2631 5661; x_wconf 89' lang='lat' dir='ltr'><strong>liberi</strong></span> <span class='ocrx_word' id='word_1_955' title='bbox 2661 5608 2898 5671; x_wconf 86' lang='lat' dir='ltr'><strong>arbitrii,</strong></span> <span class='ocrx_word' id='word_1_956' title='bbox 2924 5615 2986 5661; x_wconf 92' lang='lat' dir='ltr'><strong>ut</strong></span> <span class='ocrx_word' id='word_1_957' title='bbox 3010 5608 3147 5663; x_wconf 88' lang='lat' dir='ltr'><strong>alter</strong></span> <span class='ocrx_word' id='word_1_958' title='bbox 3170 5610 3242 5663; x_wconf 90' lang='lat' dir='ltr'><strong>sit</strong></span> <span class='ocrx_word' id='word_1_959' title='bbox 3282 5609 3547 5675; x_wconf 87' lang='lat' dir='ltr'><strong>Christus,</strong></span> <span class='ocrx_word' id='word_1_960' title='bbox 3574 5610 3817 5666; x_wconf 72' lang='lat' dir='ltr'><strong>edicere?</strong></span> <span class='ocrx_word' id='word_1_961' title='bbox 3850 5610 3920 5666; x_wconf 88' lang='lat' dir='ltr'><strong>Ut</strong></span> 
     </span>
    </p>
   </div>
   <div class='ocr_carea' id='block_1_118' title="bbox 2338 5701 3915 5772">
    <p class='ocr_par' dir='ltr' id='par_1_118' title="bbox 2338 5701 3915 5772">
     <span class='ocr_line' id='line_1_118' title="bbox 2338 5701 3915 5772; baseline -0.001 -14"><span class='ocrx_word' id='word_1_962' title='bbox 2338 5702 2482 5759; x_wconf 88' lang='lat' dir='ltr'><strong>enim</strong></span> <span class='ocrx_word' id='word_1_963' title='bbox 2529 5702 2597 5755; x_wconf 90' lang='lat' dir='ltr'><strong>ad</strong></span> <span class='ocrx_word' id='word_1_964' title='bbox 2640 5713 2925 5771; x_wconf 88' lang='lat' dir='ltr'><strong>personam</strong></span> <span class='ocrx_word' id='word_1_965' title='bbox 2969 5701 3132 5757; x_wconf 74' lang='lat' dir='ltr'><strong>Verbi</strong></span> <span class='ocrx_word' id='word_1_966' title='bbox 3181 5702 3440 5772; x_wconf 84' lang='lat' dir='ltr'><strong>unigeniti</strong></span> <span class='ocrx_word' id='word_1_967' title='bbox 3466 5702 3780 5770; x_wconf 89' lang='lat' dir='ltr'><strong>pertineret,</strong></span> <span class='ocrx_word' id='word_1_968' title='bbox 3811 5716 3915 5770; x_wconf 86' lang='lat' dir='ltr'><strong>quo</strong></span> 
     </span>
    </p>
   </div>
  </div>
