4346 6672
373 490 478 549 ιιι

1130 490 1545 552 ῡΟσΜΑΤΙΕᾹ.
1577 528 1648 537 -
1676 488 1837 553 ADV.
1876 490 2171 550 FELICEM
2212 493 2391 549 LIBRI
2431 493 2537 549 ΠΙ.
2578 524 2647 533 --
2676 490 2800 548 LIB.
2837 496 2883 547 ἵ.

3554 490 3657 549 ιιι.

365 616 538 679 pacto
562 619 660 677 per
705 605 938 661 iiberum
985 606 1271 661 arbitrium
1314 608 1675 662 communiter
1719 607 1972 662 omnibus
1998 605 2048 665 Α
2076 602 2238 656 homo
2264 610 2351 657 est
2392 602 2483 671 qui
2510 610 2817 671 assumptus
2844 607 2947 655 est.
2988 618 3006 651 ι
3034 598 3108 653 De
3137 613 3243 668 quo
3286 606 3341 653 et
3363 598 3654 670 Apostolus

363 707 430 754 et
449 698 772 754 naturaliter
800 697 985 752 datum
1013 713 1120 752 una
1147 697 1261 753 sola
1299 699 1480 752 anima
1530 698 1841 763 meruisset,
1864 696 1969 751 nisi

366 790 485 847 hoc
506 787 800 861 singularis
825 788 999 859 gratia
1020 788 1382 858 prmstitisset,
1409 805 1569 858 quam
1602 789 1684 844 fas
1724 795 1808 843 est
1826 802 1968 857 prte-

358 878 582 939 dicare,
614 877 680 932 de
705 892 812 947 qua
844 876 997 933 nefas
1038 884 1121 932 est
1162 875 1406 945 judicare
1452 878 1621 933 velle?
1670 897 1689 931 ι
1744 877 1820 932 De
1867 877 1971 932 hac

316 1003 319 1007 ν
362 968 543 1023 etiam
572 965 890 1023 excellentia
913 965 1056 1021 illius
1078 966 1333 1032 hominis,
1360 967 1451 1036 qui
1473 966 1540 1022 de
1570 966 1789 1037 Virgine
1813 974 1974 1022 natus

366 1066 483 1124 est,
528 1058 672 1115 idem
716 1057 880 1113 Patcr
923 1057 979 1111 in
1016 1056 1243 1127 epistola
1278 1057 1499 1128 prmfata
1533 1057 1601 1113 ad
1626 1056 1889 1112 Hilarium
1917 1063 1972 1111 et

364 1149 707 1222 Prosperum
726 1149 1035 1205 sublimiter
1052 1156 1289 1214 enarrat,
1312 1151 1404 1205 ubi
1427 1150 1765 1207 abundanter
1790 1151 1975 1220 dispu-

370 1251 461 1299 tat
484 1251 676 1299 contra
705 1242 1069 1307 adversarios,
1094 1241 1189 1312 qui
1209 1241 1416 1314 seipsos
1438 1241 1675 1313 aequales
1698 1256 1819 1298 esse
1844 1258 1971 1298 con-

368 1335 611 1391 tendunt
636 1335 690 1390 in
716 1333 892 1404 gratia
911 1331 1131 1388 Christo
1155 1341 1379 1404 propter
1416 1333 1849 1388 communionem
1878 1348 1975 1387 na—

369 1431 539 1489 turae,
561 1426 767 1495 ponens
790 1423 969 1494 primo
995 1423 1160 1477 verba
1185 1423 1617 1478 adversariorum
1643 1422 1749 1478 hoc.
1774 1420 1970 1476 modo:

378 1530 406 1564 ε
439 1512 805 1584 Respondeat,
835 1512 1031 1580 inquit,
1062 1512 1224 1567 homo
1250 1511 1377 1574 Deo,
1410 1512 1454 1567 si
1480 1511 1665 1574 audet.
1708 1520 1765 1566 et
1804 1510 1972 1577 dicat,

372 1605 493 1662 Cur
521 1621 626 1660 non
648 1614 705 1660 et
732 1620 831 1676 ego
846 1606 869 1659 ’ἒ
914 1605 981 1660 Et
1005 1604 1050 1659 si
1080 1605 1351 1659 audierit:
1382 1604 1426 1660 Ο
1457 1606 1618 1660 homo
1650 1612 1726 1659 ἰιι
1766 1605 1889 1673 quis
1915 1618 1976 1659 es

373 1696 476 1765 qui
500 1694 828 1765 respondeas
856 1694 1000 1749 Deo?
1026 1708 1126 1749 nec
1144 1695 1223 1749 sic
1241 1694 1509 1759 cohibeat,
1540 1694 1635 1751 sed
1661 1688 1855 1765 augeat
1875 1693 1977 1748 ims

376 1785 698 1856 pudentiam
724 1794 782 1842 et
825 1784 969 1839 dicat
1000 1799 1015 1838 :
1044 1784 1324 1852 Quomodo
1363 1785 1544 1848 audio,
1593 1783 1674 1839 Tu
1709 1784 1831 1854 quis
1855 1798 1915 1839 es
1942 1798 1976 1839 ο

383 1878 576 1942 hamo,
631 1892 754 1933 cum
797 1875 901 1931 sim
952 1874 1094 1946 quod
1117 1866 1297 1941 audio,
1338 1875 1391 1929 id
1421 1882 1506 1930 est
1532 1876 1714 1939 homo,
1751 1874 1894 1945 quod
1922 1882 1979 1929 et

378 1968 474 2023 ille
505 1941 570 2023 de
599 1983 707 2038 quo
733 1983 865 2040 ago;
896 1941 994 2022 cur
1015 1983 1127 2022 non
1150 1968 1257 2022 sim
1280 1967 1424 2037 quod
1449 1964 1568 2020 ille?
1588 1952 1663 2019 At
1678 1941 1821 2021 enim
1849 1980 1978 2038 gra-
2011 1941 2054 2002 Β

377 2060 458 2115 tia
486 2059 573 2113 ille
598 2060 719 2114 talis
740 2069 796 2115 et
822 2067 1004 2114 tantus
1029 2067 1129 2113 est.
1158 2057 1268 2113 Cur
1292 2058 1502 2112 diversa
1544 2066 1630 2113 est
1665 2058 1863 2127 gratia,
1886 2056 1981 2113 ubi

336 2186 337 2189 η
382 2160 586 2208 natura
641 2150 945 2206 communis
988 2150 1105 2204 est?
1151 2148 1309 2204 Certe
1356 2165 1463 2204 non
1492 2158 1577 2205 est
1620 2164 1981 2219 personarum

382 2245 634 2316 acceptio
659 2245 796 2314 apud
818 2245 1009 2298 Deum.
1040 2242 1174 2310 Quis
1201 2257 1307 2297 non
1348 2241 1471 2297 dico
1492 2240 1855 2307 Christianus,
1885 2239 1980 2297 sed

382 2339 615 2393 insanus
636 2336 751 2391 haec
777 2336 956 2390 dicat?
1000 2333 1275 2404 Appareat
1316 2333 1498 2402 itaque
1526 2333 1684 2387 nobis
1712 2332 1765 2387 in
1794 2340 1982 2387 nostro

382 2426 568 2499 capite
608 2427 724 2497 ipse
758 2425 897 2487 fons
941 2425 1151 2497 gratiae,
1193 2425 1337 2479 unde
1385 2424 1682 2479 secundum
1728 2423 1983 2479 uniuscu-

378 2517 583 2588 jusque
612 2531 921 2573 mensuram
949 2529 1111 2586 super
1137 2522 1330 2570 cuncta
1358 2512 1476 2583 ejus
1515 2514 1757 2570 membra
1787 2511 1983 2568 diffun-

381 2607 488 2663 dit.
521 2605 595 2662 Ea
624 2606 798 2677 gratia
825 2605 885 2660 lit
909 2604 981 2660 ab
1002 2604 1160 2659 initio
1186 2602 1310 2659 fidei
1334 2618 1447 2659 sua:
1486 2603 1659 2659 homo
1672 2603 1981 2673 quicunque

381 2700 754 2765 Christianus,
782 2712 890 2769 qua
916 2696 1089 2768 gratia
1118 2696 1280 2751 homo
1308 2695 1398 2751 ille
1425 2696 1494 2750 ab
1516 2694 1672 2751 initio
1695 2694 1868 2749 factus
1897 2700 1983 2748 est

385 2792 662 2850 Christus.
692 2791 770 2846 De
798 2791 915 2861 ipso
944 2771 1148 2861 Spiritu
1175 2796 1259 2843 est
1293 2788 1384 2843 hic
1412 2796 1654 2851 renatus,
1678 2787 1743 2840 de
1763 2800 1871 2857 quo
1897 2792 1985 2839 est

386 2882 485 2939 ille
513 2891 697 2939 natus.
738 2899 762 2934 ι
789 2880 981 2945 Aliter,
1011 2888 1072 2936 ut
1096 2887 1317 2935 sanctus
1337 2876 1666 2950 Augustinus
1685 2875 1801 2931 vult
1826 2874 1984 2931 intel-

386 2975 506 3048 ligi,
537 2974 813 3046 plenitudo
860 2971 1027 3027 fontis
1064 2978 1265 3035 manat,
1317 2970 1476 3025 aliter
1522 2967 1682 3023 rivali
1724 2980 1984 3022 mensura

390 3061 571 3124 currit
598 3066 665 3122 de
687 3066 862 3130 fonte,
887 3065 1032 3137 quod
1057 3066 1259 3119 beatus
1278 3062 1517 3134 Baptista
1550 3068 1779 3117 testatur
1808 3077 1822 3115 :
1858 3059 1983 3114 Non

388 3158 553 3226 enim,
582 3158 773 3228 inquit.
802 3156 871 3212 ad
907 3172 1206 3212 mensuram
1234 3156 1326 3213 dat
1352 3155 1495 3209 Deus
1514 3154 1761 3226 spiritum
1791 3152 1979 3227 (Joan.

393 3264 484 3315 ιιι,
515 3247 583 3302 5i
608 3257 659 3302 et
682 3248 793 3319 55).
823 3234 984 3301 Pater
1006 3248 1151 3302 enim
1176 3244 1350 3317 diligit
1367 3244 1584 3310 Filium,
1610 3253 1663 3300 et
1689 3244 1871 3299 omnia
1890 3244 1984 3301 de-

390 3340 477 3395 dit
501 3340 552 3393 in
580 3355 742 3393 manu
771 3337 908 3407 ejus.
953 3338 1031 3394 De
1054 3336 1349 3393 rivulorum
1393 3350 1648 3392 mensura
1697 3334 1986 3407 Apostolus

389 3436 630 3487 testatur
653 3449 666 3485 :
697 3418 991 3501 Unicuique
1011 3437 1245 3485 nostrum
1266 3428 1392 3482 data
1412 3437 1485 3482 est
1506 3428 1677 3499 gratia
1701 3426 1987 3482 secundum

394 3535 705 3574 mensuram
733 3518 1033 3572 donationis
1059 3515 1254 3571 Christi
1278 3514 1495 3588 (Ephes.
1525 3532 1598 3581 tv,
1626 3516 1701 3589 7).

468 3611 610 3665 XVI.
652 3609 719 3664 Et
741 3610 865 3681 quia
882 3608 1040 3681 paulo
1062 3617 1189 3664 ante
1213 3606 1420 3664 fecistis
1441 3608 1772 3664 mentionem
1796 3607 1985 3674 David,

388 3702 556 3757 \‘elim
585 3701 799 3765 dicatis,
832 3702 898 3757 de
921 3718 1028 3773 quo
1049 3698 1455 3777 interrogasset
1497 3700 1613 3770 ipsa
1659 3698 1872 3756 Veritas
1894 3694 1990 3755 Ju-

392 3796 565 3861 dmos,
590 3796 682 3849 ubi
706 3795 782 3848 ait
805 3809 819 3847 :
851 3792 1020 3865 Cujus
1046 3790 1220 3848 Fiiius
1262 3803 1338 3848 est
1380 3784 1663 3847 Christus?
1688 3791 1944 3847 Dixerunt
1969 3806 1988 3845 :

394 3882 573 3939 David
625 3883 841 3955 (Matth.
873 3899 1011 3949 xxn,
1038 3883 1149 3954 42).
1196 3883 1315 3954 Ipse
1355 3890 1535 3937 autem
1580 3881 1861 3953 proposuit
1886 3882 1992 3937 illis

396 3975 778 4044 quaestionem,
828 3975 1098 4045 quomodo
1141 3973 1344 4029 dictum
1387 3974 1485 4039 sit;
1532 3972 1682 4027 Dixit
1732 3972 1990 4029 Dominus

399 4063 631 4120 Domino
658 4081 805 4130 meo;
830 4063 952 4118 sede
981 4082 1013 4118 a
1040 4063 1237 4119 dextris
1266 4066 1414 4118 meis.
1445 4062 1505 4119 Si
1524 4055 1669 4134 ﬁlius
1695 4074 1770 4118 est
1795 4061 1990 4130 David,

396 4153 663 4226 quomodo
692 4164 768 4207 est
798 4152 1053 4209 Dominus
1085 4155 1199 4226 ejus
1230 4150 1416 4227 (lbid.,
1446 4171 1577 4209 vers.
1600 4153 1690 4218 44,
1721 4152 1848 4223 45)?
1893 4153 1992 4209 Cui

398 4252 583 4300 autem
608 4253 817 4299 natura:
845 4245 1048 4299 dictum
1078 4251 1183 4309 est,
1209 4244 1335 4299 sede
1363 4259 1393 4297 a
1422 4242 1628 4299 dextris
1670 4244 1826 4325 meis,
1856 4236 1994 4298 divi-

399 4340 486 4392 tia:
514 4352 582 4392 au
607 4335 893 4391 humanae?
942 4334 1203 4391 llumanae
1251 4336 1480 4403 scilicet,
1534 4344 1597 4390 ut
1641 4336 1696 4389 in
1747 4333 1991 4407 symbolo

397 4435 653 4484 cantatur
678 4444 692 4479 :
716 4426 810 4497 qui
840 4425 1079 4481 ascendit
1127 4425 1183 4480 in
1232 4425 1419 4490 caelos,
1447 4434 1504 4481 et
1550 4425 1703 4481 sedet
1729 4441 1759 4480 a
1786 4424 1993 4482 dextris

396 4520 518 4577 Dei.
556 4518 705 4578 Unde
731 4526 787 4574 et
816 4517 1028 4575 Marcus
1069 4520 1400 4589 evangelista
1458 4521 1514 4574 in
1563 4517 1670 4575 fine
1714 4518 1991 4589 Evangelii

395 4612 486 4668 sui
517 4612 594 4665 ait
625 4610 733 4665 :Et
756 4610 1013 4665 Dominus
1032 4610 1243 4681 quidem
1268 4610 1410 4665 Deus
1458 4610 1682 4684 [Iesus],
1715 4621 1991 4683 postquam

397 4702 610 4757 locutus
632 4714 725 4767 est,
753 4713 1052 4773 assumptus
1074 4712 1148 4757 est
1174 4703 1227 4757 in
1255 4703 1461 4769 cerium,
1483 4713 1534 4760 et
1564 4704 1697 4759 sedit
1727 4721 1757 4757 a
1793 4704 1991 4758 dextris

400 4794 505 4850 Dei
528 4793 720 4866 (Marc.
740 4811 851 4860 xvi,
878 4795 988 4867 l9).
1022 4794 1240 4851 Naturae
1268 4797 1355 4853 cui
1398 4796 1600 4854 dictum
1636 4805 1737 4863 est,
1769 4808 1913 4852 terra
1938 4814 1991 4851 es

398 4900 450 4945 et
474 4890 532 4944 in
554 4898 748 4943 terram
769 4887 866 4944 ibis
896 4888 1048 4963 (Gen.
1088 4907 1171 4956 ιιι,
1200 4891 1306 4963 19),
1335 4890 1462 4947 huic
1493 4893 1700 4947 dictum
1739 4900 1844 4958 est,
1872 4891 1995 4947 sede

403 4997 437 5035 α
466 4978 665 5033 dextris
688 4980 815 5033 meis
842 4978 1016 5050 (Psat.
1037 4994 1152 5043 cur,
1182 4981 1254 5049 ι).
1292 4998 1310 5030 ι
1342 4979 1456 5035 lloc
1480 4975 1616 5035 dixit
1641 4978 1913 5047 Christus,
1936 4988 2000 5039 ut

399 5068 601 5124 beatus
621 5067 980 5139 Hieronymus
1005 5069 1254 5140 exposuit
1293 5067 1344 5124 in
1404 5078 1637 5125 tractatu
1667 5068 1824 5138 hujus
1849 5070 1995 5140 psal-

402 5162 480 5216 mi
512 5172 563 5226 ι,
591 5161 660 5215 ad
677 5159 1003 5225 Pharismos,
1025 5159 1117 5230 qui
1146 5158 1443 5231 simplicem
1473 5159 1642 5215 lilium
1672 5159 1840 5215 David
1868 5174 2001 5217 con—

405 5254 697 5309 fitebantur
722 5252 1038 5315 Christum:
1073 5250 1135 5307 Si
1184 5251 1326 5322 ﬁlius
1371 5261 1446 5307 est
1495 5251 1689 5317 David,
1735 5252 1997 5325 quomodo

407 5353 553 5398 uocat
580 5342 755 5413 ﬁlium
787 5358 943 5398 suum
972 5342 1256 5397 Dominum
1276 5343 1302 5397 .9
1329 5362 1349 5397 ι
1394 5343 1461 5397 Ει
1495 5342 1656 5413 paulo
1681 5351 1825 5416 post,
1853 5343 1996 5399 idem

408 5435 564 5506 ipse:
600 5450 619 5484 ι
646 5432 839 5488 Videte
866 5447 998 5501 ergo
1025 5432 1156 5502 quid
1193 5421 1329 5488 dicit
1355 5449 1368 5486 :
1404 5432 1548 5488 Dixit
1588 5432 1845 5489 Dominus
1890 5433 2000 5489 Do-

407 5526 553 5580 mino
594 5540 728 5578 meo.
760 5522 899 5579 Num
927 5523 1017 5580 hic
1044 5521 1253 5597 (Forte,
1290 5522 1437 5597 huic]
1482 5524 1569 5581 cui
1603 5526 1919 5598 pmcipitur
1942 5532 2004 5580 ut

406 5614 629 5671 sedeat?
658 5613 802 5671 Deus
829 5629 939 5669 non
967 5614 1143 5681 sedet,
1182 5616 1481 5686 assumptio
1531 5616 1783 5689 corporis
1826 5616 1997 5675 sedet.

408 5702 551 5764 Buic
596 5720 729 5778 ergo
773 5707 1088 5779 praecipitur
1129 5716 1188 5762 ut
1232 5708 1434 5764 sedeat.
1484 5710 1610 5782 quia
1656 5708 1858 5783 [Hier.,
1883 5709 1997 5783 qui]

485 5849 510 5876 ⁸
543 5838 602 5895 S.
635 5839 888 5913 ψει-ηιμ
921 5838 1196 5913 Breviario
1222 5841 1291 5913 in
1321 5840 1662 5905 Psalterium,
1708 5843 1850 5913 quod
1877 5842 2003 5897 huic

412 5920 604 5966 sancto
635 5908 782 5965 Patri
806 5909 1067 5966 Alettmtts
1111 5910 1323 5979 quidem
1353 5913 1628 5978 attribuit;
1662 5929 1688 5967 a
1720 5908 1852 5968 viris
1876 5927 2003 5968 vero

2008 3298 2060 3365 ϐ

2072 695 2167 759 ait,
2195 705 2243 748 et
2292 705 2366 749 est
2408 693 2666 749 Dominus
2695 694 2928 747 omnium
2955 691 3134 761 (Rom.
3157 704 3213 757 ι,
3260 690 3349 762 12)
3375 707 3388 745 :
3419 699 3473 746 et
3496 691 3541 747 si
3569 703 3655 750 est

2072 785 2335 841 Dominus
2363 785 2625 848 omnium,
2655 784 2840 852 utique
2877 792 2931 836 et
2958 782 3218 838 Dominus
3238 790 3323 837 est
3357 781 3549 849 David,
3588 782 3656 841 do

2073 873 2229 943 cujus
2254 876 2460 931 semine
2483 879 2643 929 natus
2668 880 2753 928 est
2772 871 3082 929 carnaliter.
3114 871 3227 928 Hec
3247 873 3368 928 ideo
3394 881 3506 927 tam
3528 872 3656 929 sub-

2072 964 2241 1020 tiliter
2291 964 2649 1033 interrogavit
2698 962 2813 1033 ipse
2860 962 3003 1017 Deus
3051 960 3333 1029 Christus,
3386 972 3447 1018 ut
3494 964 3656 1020 intel-

2072 1055 2333 1128 ligeretur
2390 1056 2641 1111 eumdem
2702 1070 2823 1111 esse
2876 1054 3163 1112 Dominum
3217 1054 3387 1111 David
3448 1058 3541 1125 qui
3602 1064 3657 1113 et

2073 1146 2217 1202 ﬁlius
2248 1152 2354 1202 est.

2149 1236 2306 1295 XVII.
2344 1237 2413 1294 Et
2434 1236 2481 1295 si
2500 1238 2604 1294 hoc
2630 1253 2821 1309 parum
2849 1238 3098 1294 rideatur
3126 1238 3427 1296 i‘ntidelitatt
3459 1251 3658 1301 vestrm

2077 1328 2212 1384 tanti
2240 1327 2422 1384 Patris
2446 1328 2758 1385 testimonio
2797 1328 3081 1384 Dominum
3110 1344 3231 1387 esse
3270 1332 3361 1401 qui
3392 1342 3550 1391 natus
3573 1343 3652 1392 est

2076 1422 2142 1476 de
2165 1420 2371 1476 semine
2395 1418 2567 1475 David
2592 1417 2675 1490 (ut
2714 1426 2768 1473 te
2796 1431 3026 1489 quoque,
3057 1432 3092 1474 o
3122 1419 3275 1475 Felix
3313 1420 3472 1491 hujus
3500 1425 3655 1480 novi-

2077 1510 2203 1565 tatis
2248 1511 2507 1573 assertor,
2551 1509 2860 1581 specialiter
2885 1509 3142 1580 angelica!
3182 1512 3335 1567 vocis
3358 1516 3661 1572 assertione

2075 1599 2361 1670 alloquar),
2394 1598 2516 1653 audi
2547 1599 2712 1653 etiam
2738 1598 3049 1668 loquentem
3092 1600 3159 1655 ad
3194 1609 3440 1671 pastores
3462 1604 3526 1659 de
3562 1606 3656 1662 Dei

2076 1701 2199 1749 ortu
2214 1693 2464 1763 angelum
2484 1691 2580 1747 Dei
2607 1709 2620 1745 :
2649 1691 2703 1745 Ν
2707 1700 2825 1745 atus
2845 1701 2936 1755 est,
2959 1691 3150 1763 inquit,
3170 1692 3310 1748 vobis
3333 1695 3495 1766 799
3509 1698 3664 1752 hodie

2079 1783 2340 1849 Salvator,
2373 1784 2464 1855 qui
2488 1793 2562 1839 est
2594 1783 2833 1839 Christus
2859 1784 3116 1839 Dominus
3165 1786 3220 1841 in
3266 1787 3472 1844 civitate
3495 1787 3665 1844 David

2082 1875 2235 1949 (Luc.
2266 1893 2327 1940 ιι,
2363 1877 2470 1947 Η).
2520 1875 2599 1931 Νε
2645 1875 2816 1930 solum
2859 1876 3046 1945 utique
3078 1874 3353 1933 Christum
3391 1878 3665 1936 hominem

2083 1964 2428 2037 intelligeres,
2457 1974 2510 2020 et
2534 1965 2628 2019 Dei
2660 1965 2753 2020 tibi
2796 1973 2851 2020 et
2879 1964 3178 2021 Salvatoris
3204 1979 3398 2024 nomen
3429 1970 3626 2040 adjecit
3652 1991 3663 2024 :

2081 2055 2291 2113 scilicet
2312 2064 2373 2109 ut
2401 2069 2563 2125 quem
2596 2056 2933 2112 Salvatorem
2963 2072 3084 2114 esse
3103 2062 3667 2130 cognosceres,Deum

2081 2160 2424 2217 nequaquam
2469 2162 2588 2203 esse
2632 2147 2908 2203 dubitares
2937 2165 2951 2201 :
2982 2156 3038 2204 et
3064 2164 3187 2205 cum
3230 2150 3470 2208 salvandi
3499 2154 3671 2209 virtus

2080 2237 2298 2292 nonnisi
2322 2238 2516 2294 divinae
2544 2248 2875 2310 competeret
2899 2241 3175 2311 potestati,
3209 2243 3402 2300 divina:
3428 2260 3546 2301 eam
3574 2261 3671 2318 po-

2083 2328 2266 2382 tentia:
2281 2341 2401 2383 csse
2425 2343 2534 2385 non
2556 2329 2880 2402 ambigeres,
2901 2332 2955 2384 in
2977 2346 3084 2402 quo
3108 2334 3405 2402 potentiam
3427 2335 3669 2394 salvandi

2081 2435 2202 2477 esse
2227 2419 2530 2477 didicisses.
2556 2420 2663 2477 Sed
2689 2430 2748 2478 et
2772 2426 2877 2478 hoc
2916 2423 3281 2481 incredulitati
3325 2436 3430 2484 tum
3473 2443 3668 2500 parum

2083 2510 2315 2569 fortasse
2356 2513 2624 2579 videatur,
2654 2515 2781 2584 quia
2833 2527 2957 2571 eum
3005 2515 3227 2588 angelus
3254 2518 3464 2576 Domini
3491 2524 3673 2593 potius

2085 2602 2448 2671 Salvatorem,
2479 2620 2639 2675 quam
2668 2604 2841 2661 Deum
2870 2616 2965 2662 aut
2996 2606 3092 2663 Dei
3120 2606 3315 2666 Filium
3345 2613 3668 2682 nominaret,

2083 2707 2211 2750 cum
2234 2693 2423 2765 utique
2462 2694 2778 2766 impiissime
2823 2695 2992 2755 Deum
3022 2714 3208 2771 neges,
3237 2715 3398 2774 quem
3428 2702 3675 2763 Salvatos

2084 2799 2202 2842 rem
2227 2799 2354 2841 esse
2376 2783 2604 2843 fatearis
2634 2804 2651 2841 :
2679 2802 2841 2862 quem
2860 2788 3049 2847 beatus
3076 2790 3267 2847 doctor
3285 2796 3525 2865 gentium
3555 2778 3674 2854 Stilu-

2083 2883 2330 2932 vstorem
2356 2878 2555 2949 erepius
2585 2879 2866 2934 nominare
2894 2897 3003 2938 non
3056 2883 3351 2951 dubitat-ir,
3374 2885 3561 2945 dicens
3605 2891 3674 2946 ad

2086 2967 2270 3023 Titum
2302 2986 2325 3023 :'
2345 2968 2602 3040 Apparuit
2646 2970 2783 3024 enim
2830 2971 3003 3043 gratia
3043 2972 3142 3028 Dei
3174 2974 3464 3033 Saluatoris
3509 2980 3674 3035 nostri

2090 3057 2219 3130 (Tit.
2266 3075 2327 3126 ιι,
2374 3059 2482 3131 ιι).
2515 3058 2654 3114 Audi
2681 3076 2896 3133 quoque
2934 3064 3319 3135 archangelum
3364 3065 3673 3126 Gsbrielem

2090 3148 2273 3205 Maria:
2296 3152 2491 3222 virgini
2521 3152 2902 3221 praedicantur
2936 3172 2949 3209 :
2972 3154 3218 3227 Spiritus,
3244 3157 3437 3230 inquit,
3460 3170 3675 3217 sanctus

2087 3243 2415 3311 superveniet
2436 3244 2492 3297 in
2521 3253 2589 3308 te,
2614 3253 2665 3300 et
2707 3245 2871 3300 virtus
2916 3244 3179 3302 Altissimi
3204 3248 3530 3317 abumhrabit
3556 3251 3672 3321 tibi,

2089 3332 2206 3387 ideo
2231 3342 2279 3387 et
2299 3333 2439 3404 quod
2460 3345 2707 3390 nascetur
2732 3336 2795 3393 in
2812 3346 2862 3393 te
2892 3346 3153 3405 sanctum,
3188 3341 3459 3397 vocabitur
3493 3340 3670 3400 Filius

2087 3418 2189 3477 Dei
2233 3421 2396 3494 (Lucr
2429 3440 2470 3491 ι,
2498 3424 2612 3498 55).
2656 3425 2820 3485 Vides
2847 3429 3298 3498 quemadmodum
3336 3432 3673 3491 nativitatem

2089 3508 2187 3565 Dei
2218 3511 2559 3568 indicaturus
2586 3514 2885 3571 divinitatis
2910 3532 3073 3589 opera
3112 3520 3432 3592 praemiserit
3461 3539 3475 3577 :
3509 3520 3681 3595 Spiri-

2090 3613 2177 3658 tus
2208 3604 2353 3659 enim
2384 3617 2596 3662 sanctus
2619 3607 2848 3681 (inquit).
2868 3612 3031 3666 veniet
3071 3612 3127 3667 in
3154 3621 3221 3677 te,
3253 3624 3301 3667 et
3332 3615 3492 3670 virtus
3513 3614 3679 3673 Altis-

2093 3696 2213 3751 simi
2258 3696 2586 3753 obumbrabit
2637 3700 2752 3754 tibi.
2802 3700 3172 3758 Pulcherrime
3210 3704 3436 3775 loquens
3459 3706 3682 3776 angelus

2091 3784 2417 3842 excellentia
2442 3789 2730 3857 verborum
2761 3790 3097 3861 majestatem
3126 3792 3291 3849 divini
3314 3794 3494 3866 operis
3512 3798 3668 3869 expli.

2091 3877 2255 3932 cavit.
2284 3878 2424 3945 Quid
2452 3880 2595 3936 enim
2626 3883 2761 3937 tanti
2788 3893 3080 3954 apparatus
3121 3898 3256 3954 opus
3302 3894 3424 3942 erat
3451 3887 3505 3942 in
3532 3888 3675 3944 nati-

2092 3967 2264 4023 vitate
2315 3971 2480 4028 unius
2526 3972 2795 4038 iufantuli,
2840 3984 2901 4030 ut
2952 3986 3010 4032 tu
3066 3976 3169 4041 vis,
3215 3976 3487 4047 adoptivi?
3518 3976 3681 4051 fater

2092 4058 2458 4129 obumbravit,
2482 4059 2716 4133 Spiritus
2742 4074 2960 4120 sanctus
2978 4066 3369 4139 imprmguavit,
3398 4064 3568 4124 Filius
3594 4068 3679 4123 in.

2092 4159 2352 4207 carnatus
2389 4161 2495 4219 est,
2528 4154 2655 4210 dum
2681 4156 2860 4215 omnis
2906 4158 3144 4215 scelestis
3183 4166 3504 4231 terrenaque
3526 4176 3682 4217 crea-

2093 4247 2217 4295 tura
2245 4241 2361 4299 solo
2385 4243 2626 4315 iubentis
2664 4248 2832 4303 verbo
2879 4247 3019 4305 facta
3070 4258 3153 4305 est
3205 4265 3225 4305 :-
3264 4257 3323 4305 ut
3366 4250 3599 4309 habetur
3624 4253 3679 4309 in

2092 4333 2303 4403 psalmo
2332 4377 2347 4392 .
2393 4335 2515 4409 Ipse
2542 4338 2700 4406 dixit,
2746 4348 2796 4394 et
2824 4340 2965 4411 facta
2992 4351 3137 4405 sunt,
3160 4358 3267 4414 ipse
3307 4342 3596 4410 mandarit,
3630 4353 3680 4398 et

2095 4433 2275 4481 creata
2303 4437 2423 4481 sunt
2457 4424 2632 4501 (Psal.
2660 4441 2888 4497 exurit,
2928 4431 3004 4504 5).
3054 4430 3165 4487 Cur
3191 4447 3384 4503 parum
3423 4433 3527 4489 fuit
3564 4432 3682 4504 jus~

2097 4522 2181 4578 sio
2202 4520 2457 4585 dicentis,
2481 4520 2622 4576 sicut
2667 4520 2723 4576 in
2760 4523 2971 4578 caeteris
3013 4524 3264 4580 omnibus
3305 4526 3584 4589 creaturis,
3614 4528 3681 4583 ad

2078 4612 2259 4673 .unius
2280 4610 2519 4668 hominis
2545 4612 2998 4681 procreationem,
3049 4614 3093 4669 si
3121 4616 3491 4671 tantummodo
3515 4631 3682 4688 purus

2103 4706 2265 4760 homo
2304 4710 2463 4758 natus
2501 4711 2606 4768 est,
2637 4712 2824 4760 etnon
2856 4703 3018 4771 Deus,
3060 4704 3146 4760 vel
3183 4707 3349 4761 etiam
3386 4707 3483 4764 Dei
3515 4706 3686 4765 Filius

2103 4793 2300 4851 verus?
2330 4792 2437 4849 Sed
2464 4792 2555 4848 illa
2581 4794 2770 4867 utique
2794 4794 2974 4850 omnia
3007 4810 3171 4865 opera
3198 4797 3561 4867 angeliearum
3586 4813 3684 4871 po-

2105 4891 2382 4948 testatum,
2428 4882 2514 4937 vel
2538 4884 2778 4938 omnium
2808 4893 3181 4941 creaturarum
3226 4884 3367 4941 facta
3419 4896 3545 4945 sunt
3588 4904 3686 4959 per

2098 4972 2401 5044 jussionem
2433 4971 2529 5027 Dei
2560 4990 2573 5026 :
2598 4972 2851 5027 nativitas
2873 4983 3053 5029 autem
3081 4973 3176 5029 Dei
3202 4974 3324 5029 Filii
3345 4976 3552 5047 agenda
3574 4981 3681 5033 lion

2103 5072 2241 5131 erat,
2266 5064 2368 5119 nisi
2397 5078 2493 5134 per
2512 5065 2803 5120 adventum
2849 5074 2906 5121 et
2944 5068 3313 5137 operationem
3342 5076 3543 5125 sanctas
3563 5068 3686 5125 Tri—

2106 5156 2294 5213 nitatis
2324 5174 2336 5207 :
2359 5157 2487 5226 quia
2514 5165 2569 5211 et
2587 5156 2798 5227 concipi
2828 5155 2971 5214 Deus
2993 5158 3061 5214 ab
3089 5158 3330 5223 homine,
3364 5158 3467 5217 nisi
3496 5174 3556 5217 se
3584 5161 3684 5218 do-

2105 5260 2296 5313 nante;
2327 5257 2384 5306 et
2411 5250 2583 5316 nasci,
2632 5251 2735 5307 nisi
2777 5266 2837 5305 se
2891 5250 3163 5315 illabente,
3215 5267 3322 5307 non
3352 5259 3582 5323 poterat.
3620 5251 3683 5309 Et

2106 5339 2229 5397 ideo
2250 5338 2605 5411 archangelus
2629 5348 3075 5410 superventuram
3115 5340 3322 5415 Virgini
3351 5343 3688 5414 Iuajestatrn:

2110 5448 2323 5490 sacram
2350 5432 2621 5489 indicabat
2642 5447 2658 5488 :
2681 5431 2926 5489 videlicet
2947 5441 3007 5489 ut
3031 5434 3158 5503 quia
3196 5432 3281 5504 agi
3310 5440 3457 5490 tanta
3485 5449 3575 5491 res
3594 5447 3681 5505 per

2111 5525 2408 5581 humanum
2450 5522 2690 5579 officium
2737 5540 2845 5580 non
2892 5523 3132 5590 valebat,
3173 5524 3344 5597 ipsius
3380 5523 3688 5583 adfuturam

2111 5615 2318 5672 diceret
2345 5614 2679 5685 maiestatem
2725 5612 2778 5671 in
2808 5621 3092 5685 conceptu,
3132 5613 3226 5686 qui
3251 5621 3372 5679 erat
3397 5611 3688 5674 futui-usta

2106 5715 2286 5779 partu.
2310 5705 2381 5761 Et
2397 5706 2523 5776 quia
2552 5703 2696 5761 Deus
2719 5705 3031 5777 supervenit
3065 5704 3119 5760 in
3168 5702 3536 5778 conceptione,
3568 5702 3688 5761 ideo

2108 5840 2334 5921 eruditis
2356 5848 2556 5897 nostra:
2585 5839 2918 5896 :etatisinter
2940 5840 3214 5911 supposita
3237 5839 3410 5895 eidem
3434 5836 3684 5909 opusczda

2112 5920 2187 5981 τε]
2198 5920 2320 5965 iettu
2329 5926 2382 5965 r.
