4346 6650
734 316 834 371 ΜΞ»

1579 321 1638 376 Β.
1668 324 1742 377 1F.
1784 318 2010 376 ALBINI
2053 321 2183 377 SEU
2223 316 2502 374 A'LCUINI
2539 319 2828 378 OPERCM
2866 324 3045 379 PARS
3083 323 3170 380 Ill.

3909 323 4019 376 141

734 429 947 484 iuturus
978 437 1108 482 erat
1137 429 1282 486 Deus
1320 428 1374 484 in
1399 429 1791 498 iparturitione.
1812 430 1895 485 -Et
1919 431 2049 500 quid
2088 430 2154 484 de
2183 429 2316 496 Deo,
2345 429 2396 488 A
2425 443 2619 498 corpus
2667 431 2876 486 Domini
2929 433 3164 487 Thomas
3206 431 3483 503 apostolus
3534 432 3828 500 contigisse
3851 471 3865 494 ,
3901 449 4024 485 nec

731 519 836 575 nisi
863 518 1006 575 Deus
1034 519 1186 574 nasci
1212 520 1421 590 potuit?
1449 519 1681 590 Spiritus
1727 529 1804 574 est
1849 519 1994 574 Deus
2025 519 2204 592 (ileon.
2242 535 2315 586 iv,

731 609 849 683 24),
878 608 1242 680 utApostolus
1267 611 1371 676 ait;
1402 611 1469 666 de
1495 627 1602 681 quo
1638 611 1858 682 spiritu,
1909 613 2047 666 ut-in
2075 611 2320 682 symbolo

735 701 1082 768 cantitamus,
1111 715 1178 755 ex
1207 700 1373 755 Maria
1414 701 1624 770 virgine
1659 709 1834 757 znatus
1876 711 1964 756 est
2003 701 2171 756 Filius
2196 701 2316 756 Dei.

730 791 952 850 Addidit
971 806 1186 862 quoque
1209 792 1476 863 quaerenti
1503 792 1707 862 Virgini
1741 791 2099 862 archangelus
2123 811 2135 844 :
2166 789 2322 844 Ideo-

731 898 832 953 que
852 882 994 955 quod
1019 898 1086 936 ea:
1109 891 1159 936 te
1184 891 1429 937 nascetur
1456 892 1716 946 sanctum,
1740 883 2007 936 vocabitur
2027 879 2320 936 Filius-Dei

735 970 890 1043 (Luc.
921 988 962 1040 ι,
990 972 1104 1047 55).
1129 971 1242 1027 Hoc
1269 980 1352 1027 est
1377 973 1590 1027 dicere:
1622 987 1728 1026 non
1761 973 1974 1042 ignores
1997 972 2139 1026 hunc
2159 979 2322 1025 tanta:

734 1065 814 1121 rei
836 1074 1178 1138 apparatum,
1192 1072 1311 1121 :hoc
1322 1067 1468 1121 tanti
1487 1064 1727 1137 mysterii
1741 1071 2145 1119 sacramentum
2171 1084 2191 1115 .·
2203 1062 2322 1116 ideo

732 1156 788 1210 in
819 1163 872 1210 te
891 1155 1072 1211 veniet
1093 1154 1350 1224 maiestas
1369 1155 1737 1225 Dei,-quialex
1783 1163 1836 1209 te
1860 1161 2127 1208 nascetur
2154 1152 2323 1207 Filius

739 1244 854 1300 Dei.
885 1244 1026 1312 Quid
1067 1246 1157 1301 hic
1203 1245 1347 1301 ultra
1397 1245 1598 1315 ambigi
1654 1251 1754 1298 aut
1800 1243 1930 1313 quid
1954 1242 2187 1311 amplius
2215 1241 2322 1296 dici

733 1337 945 1407 potest?
973 1338 1142 1392 Deum
1165 1337 1303 1392 dixit
1338 1345 1809 1406 superventurum,
1833 1335 1943 1389 =Dei
1970 1334 2180 1389 :Filium
2227 1348 2325 1387 na-

736 1428 1020 1482 sciturum.
1073 1426 1154 1481 Tu
1199 1442 1380 1496 quaere
1410 1428 1646 1493 nunc,'si
1687 1427 1881 1497 placet,
1923 1427 2194 1496 quomodo
2232 1432 2326 1478 aut

737 1516 830 1572 Dei
869 1516 1039 1572 Filius
1077 1517 1182 1571 sit?
1207 1517 1478 1586 quomodo
1495 1525 1591 1571 aut
1611 1515 1916 1570 Dei'Filius
1941 1530 2050 1571 non
2095 1516 2187 1581 sit,
2232 1515 2324 1586 qui

736 1616 895 1662 natus
947 1608 1064 1662 est?
1098 1607 1193 1661 vel
1249 1607 1293 1662 si
1346 1607 1444 1663 Dei
1487 1607 1670 1662 Filius
1710 1607 1814 1674 sit,
1862 1607 2134 1677 quomodo
2181 1607 2325 1663 Deus

738 1714 842 1752 non
882 1698 994 1753 sit?

2423 519 2695 576 Christum
2728 523 3012 577 Dominum
3043 523 3212 578 Deum
3255 523 3458 578 dixisse
3487 522 3690 593 legeret
3713 521 3912 593 (Casa,
3942 523 4026 576 lc-

2422 609 2683 680 geretur].
2737 610 2842 666 Sed
2882 614 3152 667 immutari
3187 611 3331 682 quod
3361 613 3413 667 in
3443 613 3734 684 Evangelio
3757 612 3856 666 Dei
3883 613 4025 667 scri-

2421 711 2703 770 ptum-est,
2753 719 3093 774 nequaquam
3145 713 3342 773 potest,
3383 703 3581 758 Corium
3621 707 3758 758 enim
3803 712 3851 758 et
3879 713 4024 757 terra

2421 793 2754 860 transibunt,
2796 795 2950 847 verba
2986 808 3102 848 rem
3135 793 3233 846 Dei
3261 811 3366 848 non
3405 793 3744 865 prmteribunt
3795 793 4018 865 (Matth.

2423 897 2572 947 xxw,
2598 883 2712 954 55).
2762 883 2899 938 Ecce
2930 884 3076 938 enim
3124 884 3289 938 etiam
3320 899 3463 938 nunc
3491 884 3586 938 tibi
3614 884 3721 946 ille,
3752 883 3861 954 ι(ιυί
3895 892 4026 937 tunc

2425 979 2653 1026 testatus
2684 978 2768 1026 est
2788 972 3028 1028 Thomas
3052 974 3344 1045 apostolus,
3378 973 3576 1027 clamat
3601 991 3614 1026 :
3655 973 3802 1027 Dens
3826 969 4025 1027 estule-

2423 1078 2517 1118 sus
2541 1077 2704 1132 quem
2735 1063 2905 1131 tetigi,
2944 1063 3097 1118 Deus
3134 1064 3290 1134 cujus
3335 1065 3579 1118 membra
3621 1061 3861 1132 palpavi,
3898 1076 4026 1116 ~non

2424 1167 2526 1222 ego
2558 1152 2933 1222 incorporalia
2978 1156 3140 1206 .tenui
3171 1194 3184 1215 ,
3247 1167 3347 1207 nec
3405 1152 3768 1207 intractabilia
3803 1150 4027 1205 'tentnvi

2425 1241 2624 1315 (Casa,
2657 1241 2929 1314 tractavi].
2976 1241 3091 1297 Non
3122 1242 3386 1312 Spiritum
3414 1258 3575 1298 manu
3604 1242 3832 1313 conligi,
3864 1249 3926 1294 ut
3955 1240 4027 1294 de

2424 1347 2491 1386 eo
2522 1340 2728 1386 tantum
2758 1333 2952 1388 credar
2991 1333 3216 1398 dixisse,
3266 1334 3406 1388 Deus
3431 1341 3536 1387 est.
3585 1331 3824 1403 Spiritus
3864 1333 4026 1402 juxta

2430 1423 2636 1478 Domini
2668 1424 3038 1491 mei-dictum,
3076 1440 3286 1479 carnem
3325 1435 3373 1479 et
3398 1442 3515 1478 ossa
3543 1441 3651 1478 non
3679 1425 3831 1478 habet
3867 1423 4024 1494 (Luc.

2419 1531 2576 1580 xxxv,
2608 1514 2722 1586 59).
2768 1515 2882 1586 Ego
2908 1531 3106 1588 corpus
3144 1517 3357 1571 Domini
3395 1517 3724 1586 mei‘tetigi:
3757 1531 3858 1587 ego
3900 1531 4027 1570 car—

2428 1621 2550 1662 nem
2588 1613 2644 1660 et
2670 1622 2794 1662 ossa
2823 1606 3034 1678 palpavi
3062 1625 3074 1660 :
3102 1623 3203 1677 ego
3232 1608 3428 1677 digitos
3456 1623 3606 1660 meos
3630 1608 3682 1661 in
3707 1607 3883 1661 locum
3915 1605 4031 1660 vul-

2428 1697 2791 1762 nerum-misi,
2833 1697 2980 1752 etde
3018 1697 3234 1753 Christo
3263 1697 3488 1752 Domino
3519 1713 3662 1763 meo,
3709 1713 3872 1767 quem
3910 1697 4033 1766 pal-

804 1788 984 1843 XVlll.
1011 1788 1069 1844 Si
1104 1804 1241 1845 vero
1266 1789 2054 1860 nec-archangelorum-credis
2083 1791 2326 1844 testimo—
2356 1773 2402 1832 Β
2427 1803 2704 1856 paverunt,
2726 1788 3056 1858 proclamavi
3083 1809 3097 1854 ;
3148 1789 3404 1844 Dominus
3433 1807 3580 1843 meus
3607 1801 3654 1844 et
3685 1788 3827 1844 Deus
3853 1806 4030 1847 meus.

729 1881 849 1946 nio,
898 1881 1056 1936 crede
1089 1881 1281 1936 saltem
1330 1881 1498 1950 ipsius
1543 1882 1637 1935 Dei
1682 1881 1882 1944 Patris,
1930 1880 2022 1949 qui
2062 1881 2176 1944 ait,
2233 1881 2322 1934 ubi

732 1971 1154 2041 transﬁguratus
1196 1979 1279 2026 est
1326 1972 1578 2027 Christus
1615 1972 1667 2025 in
1694 1980 1892 2026 monte
1928 1980 2138 2035 sancto,
2189 1971 2329 2026 sicut

733 2062 1123 2135 prtediximus:
1173 2061 1371 2118 llic-eat
1401 2061 1574 2117 Filius
1605 2080 1773 2129 meus,
1817 2065 1872 2118 in
1893 2078 1996 2134 quo
2033 2063 2162 2117 mihi
2205 2062 2329 2116 bene

734 2153 1046 2223 complacui,
1096 2154 1264 2224 ipsum
1287 2153 1483 2207 taudite
1524 2153 1738 2224 (Matth.
1770 2169 1854 2220 ut,
1877 2154 1996 2224 d7).
2047 2153 2220 2220 Quam
2250 2154 2330 2207 vi-

737 2245 943 2300 sionem
975 2246 1231 2316 prmcepit
1253 2245 1513 2317 apostolis
1543 2246 1939 2311 tacete-donec
1967 2246 2136 2302 Filius
2158 2246 2330 2301 homi-

739 2336 822 2392 nis
845 2351 875 2390 a
905 2337 1132 2391 mortuis
1161 2346 1501 2408 resurgeret;
1536 2353 1620 2392 ne
1644 2338 1773 2392 dum
1801 2337 1970 2407 gloria
1997 2338 2325 2407 praedicare-

740 2436 829 2482 tur
857 2429 1175 2499 maiestatis,
1228 2429 1407 2484 crucis
1447 2430 1763 2498 mysterium
1799 2429 2168 2500 impediretur.
2221 2429 2330 2485 Cur

737 2520 904 2585 enim,
937 2520 982 2574 si
1009 2520 1076 2574 de
1119 2520 1299 2574 divina
1328 2530 1517 2573 natura
1549 2521 1639 2574 Dei
1673 2520 1792 2574 Filii
1822 2521 2090 2576 dixisset:
2137 2523 2222 2574 hic
2255 2531 2330 2574 est

743 2609 916 2664 Filius
940 2628 1084 2665 meus
1114 2611 1356 2676 dilectus,
1407 2614 1573 2666 taceri
1612 2613 1956 2682 praecipitur,
1998 2613 2126 2666 dum
2172 2613 2330 2667 toties

739 2703 988 2758 Christus
1030 2718 1087 2758 se
1121 2703 1358 2758 ostendit
1394 2703 1572 2773 palam
1595 2743 1609 2768 ,
1656 2710 1712 2756 et
1746 2702 2060 2772 praedicavit
2089 2701 2182 2756 Dei
2211 2716 2330 2756 esse

742 2791 958 2858 Filium,
1007 2793 1172 2848 veluti
1208 2794 1301 2848 ubi
1343 2793 1456 2846 ait:
1504 2793 1616 2862 Ego
1662 2802 1708 2846 et
1740 2789 1902 2846 Pater
1933 2808 2099 2846 unum
2149 2809 2329 2846 sumus

741 2883 922 2955 (lous.
951 2901 1021 2951 τι,
1052 2884 1166 2956 30).
1213 2885 1387 2941 Item:
1423 2883 1526 2950 Qui
1557 2886 1690 2939 videt
1713 2903 1818 2950 mc,
1865 2886 2002 2938 uidet
2029 2897 2076 2940 et
2121 2884 2329 2938 Patrem

741 2982 922 3054 (Joan.
954 2995 1066 3044 IlV’,
1089 2980 1164 3050 9).
1195 2979 1328 3034 Item
1354 2997 1365 3032 :
1411 2977 1598 3033 Omnia
1629 2996 1749 3050 qum
1787 2979 1946 3033 Pater
1971 2981 2118 3048 facit,
2145 2981 2258 3033 ha'r
2283 2990 2328 3031 et

742 3069 916 3126 Filius
943 3070 1188 3124 similiter
1215 3069 1342 3139 facit
1387 3069 1568 3140 (Jomi.
1605 3088 1650 3133 ν,
1693 3072 1816 3141 l9):
1865 3082 1914 3123 et
1966 3073 2132 3126 multa
2176 3073 2326 3133 talia,

743 3168 831 3223 ubi
854 3182 922 3222 se
963 3166 1017 3220 in
1044 3163 1226 3219 divina
1257 3163 1556 3217 substantia
1604 3162 1825 3216 omnino
1867 3162 2015 3217 Patri
2045 3163 2327 3232 aequalem,

742 3256 1000 3312 et-Patris
1043 3271 1162 3312 esse
1198 3253 1395 3309 Filium
1420 3269 1525 3308 non
1556 3255 1759 3308 tmeuit.
1811 3255 1916 3307 Sed
1964 3256 2079 3309 haec
2109 3271 2207 3309 vox
2240 3272 2332 3324 pa-

745 3355 899 3401 terna
927 3345 994 3399 ad
1021 3346 1124 3400 hoc
1150 3344 1497 3412 in-baptismo
1519 3359 1688 3414 super
1702 3344 1896 3397 Filium
1927 3345 2158 3400 hominis
2190 3347 2331 3398 facta

745 3446 849 3503 est,
895 3447 957 3492 ut
979 3444 1366 3508 agnosceretur
1385 3446 1444 3490 et
1487 3437 1802 3491 crederetur
1831 3451 1992 3488 venis
2019 3451 2139 3490 esse
2166 3436 2334 3489 Filius

748 3527 844 3582 Dei
873 3528 1053 3592 homo,
1099 3525 1194 3596 qui
1223 3541 1288 3581 ex
1322 3525 1624 3580 substantia
1651 3525 1823 3580 beata:
1855 3526 2090 3597 Virginis
2117 3533 2334 3580 creabis

749 3627 853 3676 εει.

823 3711 963 3768 XIX.
997 3710 1103 3769 Sed
1128 3710 1269 3769 forte
1291 3726 1425 3768 mea:
1453 3711 1734 3780 parvitatis
1760 3727 1958 3766 sensus
1971 3712 2065 3765 tibi
2095 3713 2329 3768 non-suf—

737 3803 886 3869 ﬁcit,
915 3812 975 3859 ut
1002 3804 1346 3871 de'Cbristo,
1396 3804 1488 3872 qui
1518 3802 1586 3856 de
1624 3802 1844 3871 Virgine
1885 3813 2044 3857 natus
2069 3814 2171 3868 est,
2222 3808 2337 3861 lucc

753 3895 1058 3952 testimonia
1092 3895 1271 3950 Patris
1300 3893 1510 3964 prolata
1537 3894 1663 3948 sint.
1716 3895 1853 3947 Audi
1881 3895 2044 3948 etiam
2070 3897 2337 3965 quomodo

752 3986 944 4044 Patres
967 3986 1141 4041 nostri
1164 3984 1273 4038 viri
1318 3999 1446 4039 vere
1485 3985 1736 4040 catholici
1769 3988 2161 4056 responderunt
2187 3998 2337 4042 antc-

753 4079 1059 4134 cessoribus
1103 4075 1227 4139 tuis,
1272 4076 1364 4146 qui
1394 4075 1669 4132 Christum
1707 4094 1808 4131 nec.
1842 4079 1931 4132 Dei
1977 4079 2188 4145 Filium,
2241 4098 2341 4135 nec

757 4171 924 4226 Deum
948 4167 1449 4223 verum-voluerunt
1471 4170 1714 4233 credere,
1764 4180 1821 4223 ut
1844 4173 2032 4226 eadem
2057 4174 2217 4226 verba
2246 4189 2338 4242 po-

756 4277 964 4324 namus,
1010 4260 1317 4330 800qua:
1359 4259 1610 4329 leguntur
1651 4261 1703 4314 in
1729 4261 1867 4314 libro
1909 4264 2051 4316 beati
2095 4263 2338 4318 Cassiani

757 4352 898 4420 (Lib.
931 4367 991 4405 Ill
1014 4351 1078 4405 de
1105 4350 1405 4416 Incarnat.,
1432 4365 1552 4420 cap.
1580 4350 1645 4404 t5
1676 4360 1728 4405 et
1759 4353 1844 4419 16)
1875 4369 1888 4406 :
1919 4354 2001 4405 vel
2021 4355 2108 4408 sic
2135 4354 2336 4415 divino,

759 4444 972 4514 inquit,
1010 4441 1200 4498 credas
1244 4441 1553 4496 testimonio
1579 4457 1608 4493 a
1641 4443 1809 4512 signis
1853 4445 2179 4506 cmlestibus,

757 4552 918 4608 super
965 4535 1289 4608 baptismum
1339 4537 1540 4593 Christi
1595 4549 1981 4608 appium-runt.
2049 4541 2170 4595 llaec
2217 4552 2340 4596 sunt

759 4635 922 4685 verba
952 4629 1074 4683 ﬁdei
1104 4629 1399 4684 catholicae.
1437 4648 1456 4681 (
1492 4630 1628 4696 Quid
1655 4646 1782 4700 ergo
1805 4633 2080 4701 apostolus
2104 4635 2340 4690 Thomas

759 4723 953 4792 tetigit,
995 4736 1119 4776 cum
1144 4721 1211 4776 ad
1238 4720 1558 4791 palpandum
1590 4723 1755 4776 Deum
1788 4727 2148 4779 accessisset?
2186 4728 2341 4782 Chri-

762 4821 902 4864 stum
943 4811 1128 4881 utique
1153 4811 1358 4880 absque
1383 4811 1544 4866 dubio
1569 4828 1582 4877 ;
1613 4813 1742 4882 quid
1771 4821 1950 4867 autem
1975 4815 2343 4871 exclamavit?

765 4905 1039 4968 Dominus,
1070 4903 1276 4972 inquit,
1305 4913 1522 4957 meusvet
1551 4903 1694 4958 Deus
1729 4921 1873 4958 meus
1903 4906 2082 4974 (Joan.
2113 4925 2198 4968 xx,
2227 4909 2339 4981 9.8).

763 4994 915 5055 Nunc
941 4993 987 5048 si
1010 5002 1186 5064 potes,
1215 5002 1268 5049 et
1296 4992 1566 5048 Christum
1599 5008 1627 5046 a
1658 4993 1766 5049 Deo
1787 5011 2003 5065 separa,
2034 5009 2088 5051 et
2120 5000 2345 5053 immuta

763 5085 966 5140 dictum
995 5083 1119 5147 hoc,
1154 5084 1205 5138 si
1232 5085 1378 5138 vales
1404 5103 1414 5138 :
1445 5083 1514 5138 da
1543 5084 1878 5140 dialecticam
1907 5087 2344 5158 disputationem,

765 5177 831 5231 da
852 5177 1189 5247 prudentiam
1219 5177 1566 5242 mundialem,
1610 5188 1664 5232 et
1691 5179 1913 5234 stultam
1945 5183 2089 5236 illam
2121 5187 2348 5241 verbosa

764 5267 1056 5322 calliditate
1077 5268 1396 5336 sapientiam
1421 5283 1435 5321 :
1464 5276 1614 5324 verte
1640 5285 1830 5327 omnes
1855 5281 1961 5326 tete
1992 5274 2043 5327 in
2071 5274 2258 5340 facies,
2295 5288 2352 5331 et

766 5358 1060 5422 contrahe,
1110 5359 1372 5429 quidquid
1418 5359 1530 5414 sive
1576 5360 1790 5424 animis,
1840 5363 1953 5416 sive
2001 5373 2116 5419 arte
2161 5369 2348 5433 vales;

767 5446 1029 5520 quidlibet
1055 5448 1224 5514 dicas,
1257 5449 1514 5518 quidlibet
1544 5449 1729 5517 facias,
1761 5455 1910 5510 exire
1939 5456 2065 5512 hinc
2089 5475 2352 5528 nusquam

768 5540 939 5608 vales,
977 5542 1080 5596 nisi
1108 5542 1232 5606 hoc,
1267 5541 1409 5611 quod
1458 5544 1733 5611 apostolus
1765 5547 1958 5615 tetigit,
1991 5549 2158 5606 Deum
2188 5550 2355 5607 fatea-

770 5634 865 5688 ris.
907 5632 975 5690 Et
1002 5634 1243 5704 quidem,
1273 5635 1320 5688 si
1363 5649 1470 5703 quo
1498 5637 1655 5690 modo
1699 5639 1895 5706 possis,
1940 5645 2220 5696 immutare
2249 5643 2353 5699 ior-

770 5739 868 5783 San
901 5726 1138 5782 historiae
1166 5729 1486 5797 evangelica:
1514 5732 1945 5800 praedicationum
1972 5737 2120 5801 velis,
2161 5748 2219 5793 ut
2258 5757 2356 5796 nec

2428 1879 2545 1934 Non
2571 1881 2871 1935 enim‘novi
2911 1879 3365 1936 interChristum
3413 1892 3471 1936 et
3513 1883 3682 1936 Deum
3729 1881 3906 1937 facere
3947 1881 4034 1934 di-

2429 1975 2705 2038 stantiam,
2752 1974 2990 2030 inserere
3031 1975 3326 2045 sacriiegas
3351 1975 3635 2043 opiniones
3662 1977 3804 2030 inter
3839 1972 4032 2030 Iesum

2428 2071 2484 2117 et
2514 2062 2680 2117 Deum
2728 2062 2870 2125 nolo,
2903 2063 3192 2119 ~devellere
3231 2080 3261 2117 a
3286 2067 3468 2134 seipse
3510 2061 3801 2119 Dominum
3845 2079 4033 2120 meum

2431 2151 2632 2206 nescio.
2672 2150 2781 2206 Fac
2808 2167 2930 2208 esse
2956 2170 2986 2207 a
3012 2169 3101 2208 me
3129 2154 3376 2223 quisquis
3406 2155 3616 2209 diversa
3649 2154 3838 2219 sentis,
3879 2153 4034 2225 quis-

2430 2241 2552 2308 quis
2591 2241 2801 2297 diversa
2851 2242 3124 2314 loqueris:
3179 2245 3293 2316 Ego
3333 2245 3483 2301 aiiud
3535 2245 3815 2300 Christum
3862 2262 4032 2316 quam

2435 2332 2600 2387 Deum
2644 2347 2765 2388 esse
2791 2349 2896 2388 non
2925 2335 3083 2389 novi:
3118 2336 3238 2390 rhoc
3263 2351 3385 2390 cum
3429 2336 3759 2405 coapostolis
3785 2337 4034 2390 meiste-

2431 2424 2545 2488 nui,
2587 2424 2688 2477 hoc
2727 2423 2983 2480 Ecclesiis
3021 2426 3236 2491 tradidi,
3281 2425 3384 2482 hoc
3413 2429 3666 2497 gentibus
3709 2427 4030 2497 pmxlicavi,

2433 2514 2535 2568 hoc
2559 2515 2725 2568 etiam
2770 2515 3071 2569 tibi-clamo
3101 2531 3112 2567 :
3163 2515 3416 2572 Christus
3445 2518 3603 2572 :Deus
3642 2528 3746 2581 est,
3778 2518 4036 2572 Christus

2433 2604 2576 2658 Deus
2621 2612 2723 2659 est.
2773 2604 2932 2659 Aliud
2971 2620 3122 2660 mens
3161 2621 3300 2660 sana
3334 2622 3438 2661 non
3484 2608 3670 2671 sentit,
3721 2607 3864 2660 aliud
3897 2607 4037 2661 ﬁdes

2433 2712 2563 2751 sana
2602 2713 2707 2752 non
2741 2698 2977 2768 loquitur
3003 2717 3016 2763 ;
3049 2700 3229 2754 tiinziil
3260 2715 3286 2752 a
3317 2716 3374 2754 se
3402 2701 3657 2755 divinitas
3685 2707 4031 2770 nonpotest:

2433 2800 2486 2844 et
2514 2806 2634 2844 cum
2667 2791 2852 2860 utique
2878 2792 3139 2861 quidmiid
3165 2803 3247 2847 est
3272 2794 3542 2856 Christus,
3577 2794 3720 2848 Deus
3744 2795 3835 2860 sit,
3885 2793 4040 2847 inve-

2434 2882 2535 2935 niri
2584 2882 2635 2934 in
2670 2881 2779 2934 Deo
2805 2881 2949 2936 aliud
2991 2898 3094 2936 non
3121 2892 3301 2952 potest
3330 2900 3492 2953 quam
3517 2884 3682 2940 Deus.

2505 3015 2622 3070 XX.
2655 3015 2792 3082 Quid
2817 3017 2897 3070 ais
2923 3024 2977 3070 tu
3005 3033 3165 3080 nunc,
3191 3018 3486 3073 hmreticc?
3533 3018 3877 3074 sulliciuntne
3908 3019 4031 3075 haec

2357 3113 2406 3176 ο
2436 3110 2741 3162 testimonia
2775 3107 2896 3162 ﬁdei
2931 3110 3094 3162 etiam
3127 3125 3350 3165 summa:
3387 3109 3713 3176 inﬁdelitati,
3761 3127 3830 3169 an
3857 3111 4039 3166 athuc

2434 3198 2635 3267 aliquid
2664 3196 2967 3252 addendum
3003 3201 3126 3253 est?
3170 3199 3234 3252 Et
3273 3201 3401 3270 quid
3439 3201 3525 3255 vel
3570 3203 4035 3273 postprophctas,

2435 3289 2514 3342 vel
2543 3296 2662 3358 post
2691 3289 2961 3358 apostolos
3003 3289 3126 3343 addi
3164 3300 3384 3360 potest,
3437 3294 3539 3348 nisi
3568 3294 3729 3359 forte,
3777 3305 3835 3348 ut
3861 3295 4038 3352 Judtni

2434 3382 2704 3451 quondam
2730 3383 3145 3451 expostulabant
3183 3385 3396 3454 signum
3439 3386 3543 3441 sibi
3573 3387 3641 3441 de
3677 3387 3837 3452 etnlo,
3869 3389 4037 3443 etiam

2435 3481 2491 3527 tu
2518 3473 2612 3527 tibi
2642 3473 2760 3530 dari
2783 3475 3063 3544 postules?
3093 3476 3201 3530 Sed
3233 3478 3436 3549 petenti
3463 3479 3556 3535 tibi
3587 3481 3710 3546 hoc,
3741 3481 3871 3535 illud
3889 3482 4039 3551 quod

2435 3581 2752 3635 responsum
2797 3575 2926 3621 tunc
2967 3567 3073 3622 illis
3101 3576 3186 3622 est
3210 3611 3226 3632 ,
3262 3583 3488 3626 necesse
3529 3579 3616 3626 est
3663 3573 3983 3643 responderi
4021 3592 4036 3628 :

2435 3655 2716 3712 Cencratio
2745 3674 2907 3726 prava
2927 3668 2974 3713 et
2997 3659 3239 3715 adultera
3270 3663 3476 3733 signum
3505 3666 3717 3734 qumrit,
3743 3676 3795 3720 et
3824 3667 4039 3735 signum

2437 3766 2540 3802 non
2569 3751 2782 3804 dabitur
2813 3751 2881 3815 ci,
2933 3751 3035 3805 nisi
3074 3753 3282 3822 signum
3324 3752 3483 3808 lente
3521 3757 3786 3825 propheta:
3813 3756 4037 3828 (Matth.

2439 3857 2547 3905 ενι,
2577 3841 2676 3912 4);
2722 3849 2779 3896 et
2815 3856 2943 3897 vere
2967 3842 3213 3898 suilieere
3239 3844 3336 3898 tibi
3384 3844 3597 3917 signum
3635 3847 3757 3911 hoc,
3803 3848 3886 3902 vel
3914 3863 4044 3903 cum

2436 3931 2637 3988 Judaeis
2673 3933 3118 4004 cruciﬁgentibus
3161 3942 3392 4005 poterat,
3445 3945 3506 3990 ut
3549 3936 3835 3993 Dominum
3866 3938 4042 3993 Deum

2438 4033 2703 4088 nostrum,
2743 4025 2914 4079 etiam
2953 4025 3058 4082 hac
3087 4041 3146 4082 re
3172 4025 3287 4081 sola
3311 4027 3536 4084 edoctus
3571 4029 3847 4094 crederes,
3875 4045 4042 4100 quem

2437 4115 2602 4169 etiam
2627 4114 2701 4170 illi
2731 4115 3115 4186 quiipersecuti
3140 4116 3371 4179 fuerant,
3405 4119 3774 4175 crediderunt.
3808 4119 3916 4178 Sed
3954 4130 4038 4178 ta-

2440 4219 2563 4258 men
2587 4205 2712 4274 quia
2743 4205 2982 4261 ctelestis
3013 4206 3151 4279 signi
3191 4205 3418 4263 fecimus
3449 4210 3802 4276 mentionem,
3846 4221 4041 4268 osten-

2440 4296 2562 4348 dam
2591 4296 2687 4349 tibi
2715 4296 2779 4350 de
2805 4297 2946 4352 coelo
2991 4297 3223 4367 signum.
3277 4307 3332 4354 et
3371 4299 3588 4368 quidem
3634 4300 3764 4367 tale,
3817 4302 3903 4357 cui
3939 4319 4044 4359 nec

2441 4383 2710 4438 dtemones
2739 4400 2978 4455 unquam
3002 4388 3466 4452 contradixerunt,
3497 4391 3624 4443 dum
3653 4391 3766 4459 ipsa
3795 4392 4047 4450 veritatis

2222 4461 2340 4512 (1⁸⁵³⁷Ε
2371 4475 2418 4534 D
2447 4474 2768 4529 necessitate
2797 4484 3046 4544 cogente,
3071 4477 3195 4531 licet
3221 4475 3406 4532 Iesum
3432 4494 3753 4548 corporeum
3780 4496 3900 4538 esse
3929 4497 4047 4538 cer-

2440 4573 2652 4631 nerent,
2704 4565 2873 4620 Deum
2911 4576 3112 4631 tamen,
3158 4569 3305 4638 quod
3349 4578 3489 4634 erat,
3541 4585 3662 4626 esse
3705 4570 4039 4628 clamabant.

2441 4659 2579 4725 Quid
2607 4673 2736 4729 ergo
2773 4659 2850 4714 ait
2894 4659 3222 4732 evangelista
3263 4661 3330 4716 de
3355 4661 3583 4718 Domino
3625 4661 3752 4718 Iesu
3777 4663 4044 4720 Christo?

2433 4748 2773 4817 Baptizatus,
2800 4750 2993 4820 inquit,
3021 4751 3293 4822 confestim
3319 4753 3554 4808 ascendit
3574 4755 3640 4809 de
3662 4771 3820 4825 aqua,
3849 4765 3894 4810 et
3926 4774 4046 4812 cccc

2444 4842 2609 4911 aperti
2651 4851 2772 4894 sunt
2817 4841 2866 4893 ei
2911 4842 3048 4908 caeli,
3094 4853 3142 4896 et
3172 4843 3306 4898 uidit
3349 4844 3610 4916 Spiritum
3647 4846 4044 4904 descendentem

2444 4931 2578 4984 sicut
2605 4930 2897 4985 columbam
2929 4933 3211 4988 venientem
3235 4952 3391 5005 super
3422 4954 3498 5000 se,
3521 4946 3571 4991 et
3596 4954 3711 4993 ecce
3734 4955 3832 4993 vox
3856 4940 3923 4995 de
3941 4958 4043 5003 coe-

2446 5020 2511 5074 lis
2536 5020 2748 5074 dicens:
2777 5019 2878 5074 Hic
2907 5031 2983 5075 est
3024 5021 3201 5078 Filius
3230 5041 3374 5080 meus
3405 5026 3627 5083 dilectus
3645 5069 3660 5095 ,
3702 5031 3760 5084 in
3785 5047 3886 5102 quo
3911 5032 4044 5086 mihi

2447 5109 2737 5180 complacui
2769 5110 2984 5183 (Matth.
3021 5130 3106 5180 tu,
3152 5115 3240 5182 i6,
3287 5116 3398 5187 l7).
3425 5116 3597 5184 .Quid’
3619 5121 3688 5176 ad
3730 5120 3846 5176 haec
3874 5137 4040 5186 nunc,

2451 5199 2734 5266 llmretice,
2766 5204 2888 5258 ais?
2914 5203 3118 5259 dictum
3147 5206 3396 5276 displicet
3423 5225 3492 5263 an
3516 5224 3747 5279 persona
3771 5211 4003 5267 dicentis
4019 5212 4044 5264 ?

2452 5305 2552 5345 nec
2577 5292 3021 5362 interpretatione
3045 5304 3195 5352 certe
3227 5297 3431 5369 indiget
3463 5299 3812 5371 intelligentia
3840 5301 4046 5356 allocu-

2455 5383 2632 5446 tionis,
2681 5399 2781 5440 nec
2813 5387 3281 5443 commendatione
3318 5391 3608 5446 verborum
3651 5392 3885 5462 dignitas
3909 5391 4046 5448 allo-

2455 5471 2686 5540 quentis.
2733 5472 2878 5530 Deus
2901 5475 3064 5530 Pater
3091 5484 3174 5531 est
3200 5476 3294 5548 qui
3339 5478 3495 5544 dixit,
3527 5480 3750 5536 evidens
3785 5487 3872 5536 est
3893 5481 4046 5554 quod

2456 5563 2658 5618 dictum
2701 5573 2804 5619 est.
2852 5564 3104 5638 Nunquid
3136 5578 3246 5622 tam
3293 5569 3658 5638 impudentem
3692 5577 3788 5627 aut
3818 5571 4040 5629 sacrile-

2456 5670 2573 5724 gam
2606 5652 2802 5727 (Cass,
2833 5665 2944 5711 tam
2971 5659 3312 5732 sacrilegam]
3333 5675 3520 5717 vocem
3551 5662 3793 5731 proferre
3813 5663 4041 5734 poteris.

2461 5753 2520 5798 ut
2551 5745 2716 5808 dicas,
2766 5746 2830 5800 de
2860 5747 3137 5818 unigenito
3176 5749 3270 5806 Dei
3311 5749 3448 5807 Filio
3483 5766 3581 5808 nec
3612 5753 3720 5809 Deo
3751 5753 3894 5810 Patri
3917 5772 4045 5812 esse
