4346 6676
188 541 310 600 145

963 538 1377 596 ΒΟΟΜΑΤΙΟΑ.
1414 571 1485 581 -
1512 541 1672 596 ADV.
1715 539 2025 596 FELICEM.
2051 538 2231 594 LIBRI
2272 539 2381 594 ΥΠ.
2413 569 2484 579 ---
2503 538 2634 595 LIB.
2676 539 2739 594 ll.

3389 542 3489 598 HG

185 660 572 719 .-_-re.demlum-‘l
617 656 718 712 llic
742 665 818 712 est
845 673 998 728 ergo,
1035 657 1232 726 inquit,
1263 654 1439 710 Filius
1480 671 1628 710 meus
1653 653 1787 710 dile-
1818 655 1868 716 Α
1895 653 2113 724 quidem
2138 668 2248 708 non
2275 668 2465 719 unum,
2495 655 2590 710 sed
2615 661 2676 710 et
2692 654 2859 708 multa
2884 665 2944 708 et-
2967 654 3281 725 siugularia.
3311 655 3495 718 [labes

184 767 332 818 ctus,
380 757 447 809 in.
472 771 574 825 quo
611 754 740 808 milii
785 750 1099 823 complacui.
1148 749 1256 806 Sed
1299 750 1536 806 tentabis
1573 747 1802 804 forsitan

186 846 404 908 dicere,
445 851 505 897 ut
532 851 619 899 est
644 841 936 906 dementia,
970 841 1037 896 de
1066 840 1247 896 Verbo
1268 841 1393 906 hoc,
1425 854 1533 894 non
1556 838 1623 893 de
1647 837 1802 893 Chri-

188 943 287 992 sto
317 935 524 990 dictum
554 933 757 988 fuisse:
784 931 880 985 Dic
900 931 1034 985 mihi
1053 945 1183 999 ergo
1210 931 1333 1000 quis
1359 935 1480 985 erat
1507 927 1600 997 qui
1626 926 1804 996 bapti-

191 1025 454 1089 zabatur,
483 1023 723 1080 Verbum
764 1037 834 1076 an
861 1021 1146 1077 Christus?
1174 1021 1308 1088 Quis
1335 1020 1637 1090 baptizatus
1659 1026 1805 1074 esset

192 1117 259 1172 in
282 1114 540 1180 Iordane,
568 1128 697 1168 caro
716 1128 784 1168 an
809 1110 1047 1183 Spiritus
1064 1112 1090 1166 ?
1133 1111 1343 1183 Negare
1362 1111 1548 1181 utique
1575 1125 1683 1165 non
1708 1124 1800 1180 pov

192 1215 288 1262 tes
333 1203 610 1260 Christum
651 1200 841 1257 fuisse.
883 1199 1058 1256 Homo
1089 1215 1217 1271 ergo
1246 1199 1336 1254 ille
1376 1213 1445 1255 ex
1489 1197 1710 1254 homine
1738 1212 1803 1253 ac

178 1295 318 1357 Deo
346 1302 526 1359 natus,
561 1291 770 1363 Spiritu
799 1300 988 1347 sancto
1018 1291 1071 1345 in
1097 1291 1260 1361 801-
1289 1289 1804 1360 Virginem-descen-

193 1383 388 1449 dente,
438 1390 494 1438 et
519 1382 721 1438 vintute
765 1381 1031 1436 Altissimi
1067 1379 1428 1435 obumbrante
1475 1387 1798 1447 conceptus,

195 1489 270 1530 ac
295 1473 378 1530 sic
403 1471 640 1532 hominis
683 1478 740 1527 et
769 1471 866 1526 Dei
891 1469 1081 1536 Filius,
1131 1469 1221 1526 ille
1245 1470 1452 1540 utique,
1498 1476 1559 1524 ut
1601 1483 1801 1541 negare

192 1573 513 1636 non'potes,
546 1563 855 1635 baptizatus
873 1569 978 1618 est.
1009 1562 1065 1617 Si
1087 1576 1219 1633 ergo
1243 1560 1333 1616 ille
1357 1558 1670 1631 baptizatus,
1693 1567 1800 1622 est,

192 1657 294 1712 ille
322 1664 380 1712 et
415 1655 766 1713 nominatus:
817 1652 944 1724 quia
974 1653 1064 1708 ille
1109 1652 1298 1721 utique
1326 1650 1661 1716 nominatus,
1705 1649 1799 1720 qui

192 1747 511 1819 baptizatus
537 1755 657 1802 est:
689 1745 796 1802 Hic
823 1754 923 1813 est,
950 1744 1146 1815 inquit,
1185 1741 1368 1798 Filius
1386 1759 1531 1800 meus
1555 1739 1799 1806 dilectus,

192 1838 259 1891 in
287 1853 390 1908 quo
415 1836 544 1891 mihi
574 1835 891 1908 complacui.
955 1835 1211 1908 Nunquid
1257 1833 1365 1890 dici
1409 1833 1802 1907 signiﬁcantius

192 1935 304 1981 aut
331 1928 645 1999 expressius
667 1927 963 1999 quidquam
998 1927 1221 1996 potest?
1265 1925 1518 1982 Christus
1558 1925 1801 1996 baptiza-

1900 742 2050 799 euim
2075 756 2243 797 unum
2271 740 2326 797 in
2357 741 2633 812 apertione
2671 743 2822 807 coeli,
2869 743 3014 798 aliud
3041 745 3094 799 in
3135 745 3373 817 Spiritus
3399 747 3495 804 de-

1897 831 2206 897 scensione,
2235 830 2456 885 tertium
2482 831 2538 884 in
2559 830 2738 885 Patris
2762 845 2932 897 voce;
2955 847 3076 902 qute
3103 836 3288 905 utique
3310 836 3494 895 omnia

1899 919 2179 978 Christum
2202 920 2373 977 Deum
2401 935 2521 977 esse
2545 920 2860 988 declarant;
2901 923 3025 991 quia
3057 938 3182 980 cum
3202 933 3256 982 et
3285 941 3498 982 resera-

1901 1012 1979 1069 tio
2003 1012 2268 1068 ecclorum
2297 1012 2470 1068 Deum
2499 1011 2723 1079 indicat,
2773 1021 2830 1068 ct
2869 1014 3152 1070 descensio
3180 1031 3350 1088 super.
3370 1033 3497 1074 eum

1900 1103 2076 1159 sancti
2109 1101 2348 1174 Spiritus
2381 1104 2562 1158 Deum.
2595 1104 2880 1174 approbat,
2925 1115 2982 1160 et
3025 1105 3277 1163 allocutio
3320 1107 3499 1165 Patris

1902 1192 2073 1248 Deum
2116 1206 2238 1248 esse
2269 1191 2575 1257 conﬁrmat.
2624 1192 2808 1264 Neque
2845 1195 3005 1249 enim
3035 1194 3120 1250 vel
3149 1196 3346 1251 cmlum
3391 1199 3497 1254 nisi

1902 1282 2112 1338 Domini
2164 1281 2248 1337 sui
2301 1283 2494 1338 honori
2537 1285 2838 1353 patuisset;
2895 1283 2994 1340 vel-
3031 1284 3266 1357 Spiritus
3314 1289 3499 1359 specie
3572 1274 3581 1283 ”

1900 1377 2192 1447 corporali,
2241 1375 2349 1431 nisi
2381 1391 2544 1446 super
2573 1375 2666 1431 Dei
2715 1375 2914 1433 Filium
2939 1376 3345 1445 descendisset;
3397 1395 3498 1434 nec

1900 1466 2064 1524 Pater
2106 1467 2302 1524 Filium
2334 1466 2437 1523 nisi
2468 1483 2598 1524 vere
2633 1467 2830 1524 Filium
2856 1469 3222 1526 declarasset:
3272 1487 3499 1542 prteser-

1901 1558 1999 1613 tim
2026 1573 2150 1615 cum
2175 1557 2262 1614 his
2287 1557 2483 1615 divina:
2507 1558 2806 1615 nativitatis
2835 1559 3341 1629 signiﬁcationibus,
3374 1577 3495 1631 quae

1899 1668 2008 1708 non
2052 1651 2226 1709 solum
2266 1653 2559 1709 veritatem.
2595 1653 2699 1724 pia:
2747 1651 2872 1708 ﬁdei
2923 1653 3349 1720 conﬁrmarent,
3398 1655 3496 1710 sed

1899 1747 2066 1802 etiam
2087 1745 2417 1818 pravitatem
2444 1745 2624 1818 impiae
2657 1744 2930 1817 epiniouis
2956 1746 3325 1803 excluderent.
3360 1745 3500 1802 luel-

1900 1836 2054 1894 fabili
2088 1839 2235 1893 enim
2263 1837 2431 1893 divini
2458 1838 2592 1893 dicti
2619 1836 3042 1910 magniﬁcentia,
3091 1853 3493 1910 cumexpresse

1899 1943 1962 1984 ac
1991 1928 2360 1999 signiﬁcanter
2383 1928 2612 1985 dixisset
2647 1927 2850 1986 Pater:
2889 1928 2993 1984 Hic
3023 1939 3100 1985 est
3130 1929 3496 1998 Filius-meus,

194 2029 292 2074 tus
313 2027 416 2082 est,
441 2018 692 2074 Christus
719 2019 786 2074 de
809 2035 950 2088 aqua
970 2019 1237 2085 ascendit,
1285 2019 1504 2074 Christo
1526 2018 1799 2089 baptizato
1833 2006 1876 2065 Β
1903 2017 2108 2073 addidit
2132 2019 2297 2074 etiam
2344 2017 2476 2074 illud
2523 2018 2668 2088 quod
2706 2027 3060 2075 consecutum
3107 2028 3208 2086 est,
3254 2020 3495 2086 dilectus,

192 2109 327 2165 coeli
354 2109 527 2180 aperti
550 2119 714 2175 sunt;
746 2109 1029 2165 descendit
1048 2124 1214 2180 super
1230 2108 1505 2166 Christum
1533 2111 1799 2179 corporali

191 2201 384 2272 specie
412 2201 651 2272 Spiritus
698 2208 942 2268 sanctus,
985 2200 1265 2257 Christum
1300 2201 1465 2258 Pater
1512 2201 1801 2272 appellavit

192 2294 208 2366 Ι
223 2293 407 2359 (Ζαεεο,
432 2302 653 2364 propter
683 2292 964 2349 Christum
998 2292 1248 2349 columba
1287 2293 1605 2350 descendit:
1637 2308 1801 2363 super

188 2387 477 2442 Christum
505 2387 560 2440 in
589 2387 857 2458 corporali
886 2388 1064 2459 specie
1078 2387 1316 2460 Spiritus
1341 2397 1561 2446 sanctus
1591 2389 1794 2455 astitit;

189 2479 480 2534 Christum
509 2477 674 2533 Pater
720 2479 1056 2554 appellavit].
1109 2480 1222 2538 Hoc
1270 2482 1316 2537 si
1363 2481 1430 2538 de
1456 2481 1672 2538 Christo
1717 2482 1799 2536 di-

191 2580 352 2629 ctum
378 2585 581 2644 negare
620 2588 787 2630 ausus
813 2589 892 2640 es,
943 2583 1192 2645 superest
1231 2583 1420 2630 utnec
1465 2573 1800 2646 baptizatum

191 2665 478 2721 Christum
506 2665 689 2731 fuisse,
736 2681 838 2722 nec
879 2665 1143 2736 Spiritum
1172 2666 1539 2734 descendisse,
1573 2683 1671 2722 nec
1698 2666 1800 2721 Pa-

196 2765 350 2812 trem.
369 2757 608 2813 locutum
635 2757 804 2814 fuisse
838 2758 1154 2816 contendas.
1202 2759 1317 2814 Sed
1339 2769 1493 2829 urget
1536 2769 1714 2814 tamen
1743 2763 1798 2814 et

195 2849 399 2918 proruit
427 2858 482 2905 te
504 2850 623 2920 ipsa
651 2851 877 2918 veritas,
910 2860 972 2906 ut
995 2852 1160 2907 etiam
1208 2853 1253 2907 si
1281 2851 1523 2907 conﬁteri
1552 2867 1672 2907 eam
1702 2867 1800 2908 no-

196 2941 290 3003 Iis,
327 2947 509 2996 tuneo
527 2956 730 3013 negare
753 2956 864 2996 non
890 2941 1087 3011 possis.
1134 2941 1272 3010 Quid
1299 2943 1442 2999 enim
1473 2943 1547 2996 ait
1565 2959 1799 3013 evange-

197 3029 376 3084 lista?
414 3029 727 3102 Baptizatus
763 3041 938 3088 autem
965 3033 1236 3103 confestim
1275 3033 1518 3088 ascendit
1546 3033 1611 3088 de
1635 3049 1792 3106 aqua.

199 3111 338 3188 Quis
377 3122 690 3191 baptizatus
725 3125 853 3180 est?
903 3123 1155 3180 Christus
1187 3125 1392 3195 utique.
1445 3124 1516 3180 Et
1549 3142 1688 3191 ecce,
1714 3125 1796 3180 in-

199 3211 345 3282 quit,
375 3214 547 3283 aperti
563 3225 686 3270 sunt
718 3216 831 3270 caeli
858 3229 878 3269 :
928 3215 1029 3272 Cui
1061 3217 1287 3282 scilicet,
1329 3217 1437 3271 nisi
1480 3216 1555 3271 illi
1581 3217 1673 3287 qui
1700 3217 1796 3271 ba-

199 3303 439 3374 ptizatus
471 3313 577 3372 est,
618 3305 838 3363 Christo
875 3307 1104 3376 utique?
1149 3307 1220 3362 Et
1258 3307 1386 3362 vidit
1412 3305 1672 3378 Spiritum
1698 3307 1796 3362 Dei

197 3393 601 3449 descendentem
649 3395 788 3450 sicut
837 3396 1134 3452 columbam
1177 3398 1460 3452 uenientem
1513 3414 1669 3468 super
1714 3414 1788 3452 se.

196 3482 334 3550 Quis
361 3484 541 3540 vidit?
587 3485 855 3553 Christus,
906 3487 1136 3555 scilicet,
1187 3488 1272 3546 vel
1307 3487 1545 3546 Joannes
1592 3487 1792 3563 [Cass.,

195 3574 355 3629 verba
403 3574 488 3631 vel
538 3575 776 3634 Joannes
826 3578 1044 3653 omitt.].
1090 3579 1266 3653 Super
1305 3596 1467 3651 quem
1495 3581 1792 3649 descendit,

197 3679 367 3735 super
393 3664 674 3722 Christum
701 3668 933 3738 utique?
977 3671 1046 3725 Et
1085 3687 1190 3726 vox
1235 3671 1378 3728 facta
1422 3678 1507 3728 est
1551 3673 1619 3727 de
1655 3673 1796 3730 ctelo

197 3754 407 3810 dicens.
458 3755 533 3811 De
558 3759 702 3828 quo?
741 3759 809 3814 de
848 3758 1065 3816 Christo
1088 3763 1333 3829 scilicet;
1379 3763 1510 3833 quid
1539 3761 1682 3819 enim
1705 3777 1794 3819 se-

195 3845 430 3914 quitur?
480 3845 585 3902 Hic
629 3858 706 3904 est
737 3849 914 3906 Filius
953 3869 1100 3907 meus
1141 3853 1382 3921 dilectus,
1430 3855 1487 3910 in
1520 3871 1624 3928 quo
1665 3857 1796 3914 mihi

197 3936 513 4007 complacui.
557 3938 628 3995 Ut
652 3942 835 3996 omnia
858 3941 967 4007 illa,
992 3953 1215 4016 propter
1237 3960 1398 4016 quem
1430 3945 1572 4002 facta
1595 3957 1792 4016 essent,

198 4029 639 4097 ostenderentur,
690 4047 796 4088 vox
845 4044 1137 4090 consecuta
1182 4044 1269 4092 est
1306 4039 1524 4094 dicens:
1575 4036 1680 4093 Hic
1721 4049 1796 4094 cst

200 4115 379 4174 Filius
415 4137 562 4175 meus
594 4121 834 4187 dilectus,
862 4125 918 4178 in
945 4142 1047 4195 quo
1075 4125 1204 4180 mihi
1233 4127 1546 4198 complacui.
1579 4127 1799 4185 Hoeest

198 4208 421 4266 dicere:
459 4211 561 4266 llic
589 4221 674 4269 est
699 4222 920 4284 propter
943 4231 1104 4284 quem
1126 4224 1318 4272 cuncta
1341 4218 1458 4274 haec
1477 4216 1620 4273 facta
1646 4227 1794 4284 sunt,

199 4300 290 4355 hic
319 4309 407 4356 est
435 4303 592 4357 enim.
613 4301 780 4359 Filius
816 4320 992 4370 meus,
1035 4314 1256 4377 propter
1286 4309 1432 4365 hunc
1473 4309 1597 4364 caeli
1623 4314 1795 4380 aperti

199 4401 347 4458 sunt,
397 4403 618 4464 propter
665 4394 809 4450 hunc
855 4395 1089 4466 Spiritus
1136 4411 1292 4452 meus
1335 4399 1521 4465 venit,
1577 4408 1798 4472 prepter

197 4483 344 4538 hunc
370 4501 477 4540 vox
505 4501 626 4540 mea
655 4483 796 4540 facta
823 4493 948 4552 cst;
979 4486 1067 4542 hic
1090 4494 1174 4542 cst
1201 4487 1368 4543 Filius
1392 4504 1566 4545 meus.
1600 4490 1798 4548 Dicens

195 4590 370 4645 ergo:
405 4574 505 4630 Hie
533 4583 617 4630 est
643 4575 812 4631 Filius
847 4593 1021 4642 meus,
1044 4593 1206 4648 quem
1246 4578 1605 4649 designabat?
1644 4583 1796 4638 illum

197 4666 390 4734 utique
414 4681 575 4735 quem
599 4666 846 4722 columba
874 4669 1148 4739 tangebat.
1185 4669 1358 4736 Quem
1385 4687 1516 4743 ergo
1549 4673 1796 4730 columba

199 4758 420 4826 tetigit?
465 4756 742 4816 Christum
768 4759 998 4825 scilicet,
1043 4776 1174 4833 ergo
1219 4761 1468 4819 Christus
1512 4763 1682 4821 Filius
1707 4777 1794 4824 est

198 4847 318 4903 Dei.
353 4847 574 4918 impleta
604 4857 711 4914 est,
753 4858 815 4905 ut
837 4867 982 4915 reor,
1012 4853 1233 4922 sponsio
1261 4869 1402 4910 mea.
1450 4855 1614 4912 Vides
1640 4872 1793 4930 ergo,

197 4937 479 5004 hzeretice,
519 4938 763 5010 profecto
789 4943 1004 5012 signum
1049 4943 1147 5001 tibi
1193 4944 1262 5000 de
1306 4945 1447 5002 caelo
1489 4946 1710 5013 datum,
1739 4955 1797 5005 et

270 5085 296 5112 ο
333 5071 452 5127 Huc
477 5088 647 5142 usque
670 5089 738 5131 ex
764 5073 1045 5133 Cassiano.

202 5211 346 5226 Ψ

1757 5223 1995 5235 ...αι’-

1900 2108 2107 2164 scilicet
2126 2116 2203 2175 et,
2231 2110 2287 2164 in
2322 2125 2425 2180 quo
2459 2109 2587 2164 mihi
2611 2109 2926 2180 complacui.
2975 2109 3174 2182 Utique
3203 2111 3344 2167 sicut
3369 2126 3496 2166 eum

1897 2217 1996 2273 per
2020 2203 2371 2274 prophetiam:
2388 2202 2560 2259 Deum
2588 2201 2873 2258 ieiunumst:
2889 2202 3076 2259 Deum.
3097 2218 3368 2275 magnum
3375 2204 3489 2275 jam

1898 2297 2290 2368 praedicaverat
2313 2295 2451 2367 (l-sa.
2485 2311 2564 2359 ix,
2588 2293 2671 2367 6),
2702 2294 2781 2349 ita
2801 2295 2892 2350 hic
2921 2294 3126 2360 dicens,
3157 2291 3332 2349 Filius
3353 2311 3497 2350 meus

1898 2389 2142 2454 dilectus,
2175 2389 2229 2442 in
2255 2403 2358 2460 quo
2378 2384 2692 2456 complacui,
2721 2401 2888 2457 super
2913 2386 3114 2456 proprii
3139 2383 3260 2440 Filii
3289 2385 3373 2440 sui
3400 2400 3498 2440 no-

1897 2495 2044 2544 men,
2092 2479 2257 2533 etiam
2294 2475 2480 2533 dilecti
2520 2482 2576 2532 et
2621 2475 2933 2548 complaciti-
2976 2476 3079 2532 sibi
3126 2491 3324 2532 nomen
3372 2474 3495 2531 Filii

1899 2569 2095 2641 adjecit
2125 2567 2323 2641 [Cass.,
2354 2567 2578 2637 insuper:
2616 2567 2829 2640 proprii.
2851 2566 2970 2621 Filii
3001 2566 3084 2621 sui
3117 2582 3309 2621 nomen
3341 2567 3488 2637 adje-

1898 2660 1990 2726 cit,
2022 2657 2156 2731 etc.]
2187 2677 2200 2712 :
2244 2666 2305 2713 ut
2330 2656 2958 2728 pneprietatemdivinai,
3008 2657 3236 2723 scilicet,
3285 2665 3493 2712 naturae

1897 2754 2191 2809 nominum
2226 2750 2568 2822 signiﬁcaret
2605 2747 2878 2816 adiectio:
2928 2758 2982 2804 et
3023 2749 3077 2804 id
3117 2749 3187 2804 ad
3229 2749 3492 2804 honorem

1896 2842 2024 2899 Filii
2055 2842 2150 2896 Dei
2181 2838 2528 2911 peculiariter
2565 2839 2898 2909 pertineret,
2948 2839 3093 2910 quod
3120 2836 3249 2894 nulli
3273 2838 3495 2895 omnino

1896 2930 2102 2987 homini
2145 2930 2480 3001 contigisset.
2532 2928 2718 2999 Itaque
2761 2928 2906 2985 sicut
2931 2927 3021 2982 illa
3063 2929 3283 3000 propria
3310 2945 3375 2984 ac
3400 2945 3496 2999 pe-

1896 3021 2120 3078 culiaria
2147 3021 2203 3074 in
2226 3033 2459 3090 persona
2505 3017 2721 3073 Domini.
2763 3015 3092 3073 nostri-.Jesu
3138 3017 3343 3074 Christi
3371 3015 3490 3073 fite-

1898 3120 2047 3176 runt,
2089 3110 2240 3180 quod
2263 3109 2387 3165 coeli
2418 3107 2601 3180 aperti
2628 3117 2776 3174 sunt,
2814 3107 2959 3179 quod
2996 3123 3122 3163 eum
3161 3108 3305 3164 Deus
3326 3106 3491 3163 Pater

1896 3203 2107 3258 cunctis
2153 3199 2459 3258 videntibus
2483 3214 2582 3270 per.
2605 3199 2987 3256 adventantem
3014 3207 3178 3270 atque
3201 3207 3494 3255 testantem

1897 3291 2202 3348 columbam
2247 3291 2411 3362 quasi
2430 3305 2596 3346 manu
2637 3289 3035 3360 quodammodo
3081 3305 3180 3347 sua
3209 3289 3404 3362 tetigit,
3438 3297 3494 3345 et

1898 3384 2055 3456 quasi
2076 3382 2244 3456 digito
2263 3383 2547 3440 iudicante.
2565 3383 2894 3438 monstravit
2913 3382 3134 3438 dicens:
3170 3379 3274 3437 Hic
3298 3391 3376 3437 est
3398 3379 3496 3436 Ei-

1898 3473 2002 3532 lim
2037 3491 2184 3532 meus
2213 3489 2233 3530 :
2271 3475 2351 3533 ita
2379 3474 2512 3534 illud
2556 3488 2770 3545 quoque
2807 3475 3088 3546 proprium
3118 3475 3175 3531 ei
3201 3490 3268 3532 ac
3309 3475 3497 3547 singu-

1898 3566 2029 3629 lare,
2062 3567 2217 3635 quod:
2234 3565 2584 3636 peculiariter
2610 3565 2842 3622 dilectus
2867 3573 2926 3622 et
2946 3565 3296 3636 peculiariter
3339 3565 3492 3621 Patri

1897 3657 2255 3728 complacitus
2275 3656 2612 3724 nominatur,
2637 3664 2698 3712 ut
2720 3657 3050 3728 peculiarem
3070 3659 3260 3732 utique
3285 3664 3492 3720 natura:

1898 3751 2671 3824 signiﬁcationempeculiaria
2699 3754 3067 3811 additamenta
3102 3763 3488 3818 monstrarent,

1895 3849 1951 3898 et
1985 3844 2376 3913 proprietatem
2417 3844 2687 3915 unigeniti
2723 3843 2848 3900 Filii
2894 3845 3067 3900 etiam.
3109 3847 3490 3917 cognominem

1895 3933 2200 4004 proprietas
2242 3933 2624 4001 conﬁrmaret,
2659 3951 2829 4005 quam.
2861 3937 2976 4008 jam
3020 3937 3194 3993 honor
3217 3938 3490 4010 signorum

1894 4022 2316 4095 prmcedentium
2350 4026 2776 4096 comprobasset.
2827 4026 2936 4086 Sed
2972 4026 3084 4096 iam
3133 4027 3300 4085 libelli
3335 4030 3493 4088 istius

1896 4113 2021 4172 ﬁnis
2057 4114 2148 4170 sit.
2199 4112 2387 4186 Neque
2412 4117 2556 4171 enim
2600 4116 2706 4174 hoc
2751 4115 2955 4174 dictum
2999 4117 3096 4175 Dei
3145 4116 3344 4185 Patris,
3394 4129 3490 4175 aut

1897 4209 2084 4278 augeri
2125 4207 2378 4265 humanis
2406 4209 2747 4265 sermonibus
2768 4250 2784 4275 ,
2831 4216 2927 4264 aut
2971 4209 3248 4281 exaequari
3288 4220 3486 4280 potest.

1896 4297 2063 4356 Nobis
2088 4299 2154 4356 de
2180 4299 2409 4356 Domino
2433 4310 2628 4358 nostro.
2651 4301 2781 4358 Jesu
2805 4301 3026 4359 Christo
3053 4302 3194 4359 Filio
3231 4319 3330 4361 suo
3357 4304 3488 4360 satis

1894 4406 1995 4462 per
2019 4408 2080 4448 se
2122 4395 2298 4465 ipsum
2331 4391 2492 4449 Pater
2518 4392 2716 4466 [Cass.,
2762 4410 2863 4466 per
2886 4411 2945 4452 se
2973 4395 3088 4467 ipse
3121 4395 3264 4452 Deus
3303 4396 3488 4470 Pater]

1897 4483 2123 4540 idoneus
2153 4484 2304 4541 testis
2326 4492 2410 4540 est
2436 4485 2621 4541 dicens
2645 4503 2659 4540 :
2688 4484 2790 4541 Hic
2829 4497 2908 4542 est
2935 4484 2986 4541 F
2986 4487 3111 4544 ilius
3138 4503 3304 4544 meus.
3334 4489 3414 4545 Tu
3439 4490 3487 4545 si

1896 4574 2374 4631 contradicendum
2401 4576 2488 4631 his
2531 4576 2628 4632 Dei
2655 4575 2836 4634 Patris
2860 4578 3084 4635 vocibus
3107 4587 3290 4650 putas,
3337 4580 3412 4636 illi
3455 4598 3488 4638 a

1901 4671 1978 4732 te,
2026 4681 2250 4722 necesse
2290 4674 2378 4722 est
2413 4667 2742 4735 contradici,
2794 4669 2890 4740 qui
2912 4685 3037 4725 eum
3079 4671 3486 4728 evidentissima

1899 4757 2263 4815 declaratione
2282 4758 2478 4816 Filium
2508 4776 2666 4816 suum
2690 4775 2809 4817 esse
2834 4763 2902 4818 ab
2927 4762 3076 4818 omni
3097 4765 3296 4821 mundo
3317 4765 3489 4822 voluit

1894 4847 2112 4919 agnosci
2142 4862 2189 4902 ι.
2227 4869 2247 4902 ι

2001 5226 3480 5255 Ἦ

1373 5315 1544 5386 802
1588 5313 1823 5374 LIBER
1863 5313 2287 5376 SECUNDUS.

266 5491 310 5546 1.
345 5491 462 5547 Non
491 5492 654 5548 debet
698 5493 830 5548 mihi
860 5493 1030 5550 lector
1065 5495 1332 5567 imputare
1375 5498 1643 5554 sermonis
1685 5498 1793 5554 mei

191 5581 487 5639 contusam
525 5583 923 5653 quodammodo
967 5583 1388 5655 disputationem
1433 5595 1488 5642 et
1517 5587 1792 5647 inordina-

193 5683 335 5738 tam,
360 5673 490 5744 quia
515 5689 623 5729 non
651 5681 801 5730 recto
831 5677 1046 5730 tramite
1073 5677 1363 5744 currentis,
1403 5679 1499 5734 sed
1525 5678 1793 5735 circuloso

191 5764 549 5835 loquacitatis
572 5773 750 5822 rotatu
792 5766 1120 5835 disputantis
1146 5767 1371 5837 vestigia
1414 5769 1567 5840 sequi
1606 5785 1792 5826 neces-

195 5858 410 5914 sarium
457 5859 648 5914 habeo.
697 5857 765 5912 Et
808 5867 964 5928 prout
1001 5860 1136 5916 ordo
1179 5848 1528 5930 proponentis
1572 5863 1787 5930 exierit,

195 5964 388 6005 sermo
431 5950 804 6020 respondentis
841 5945 1218 6021 subsequatur.
1270 5951 1379 6007 Nec
1409 5953 1602 6008 mirum
1629 5955 1674 6009 si
1706 5953 1789 6011 di-

1889 5512 2048 5555 verso
2081 5497 2296 5552 tramite
2341 5512 2556 5553 curram
2598 5500 2651 5555 in
2683 5515 2950 5571 sermone,
3004 5509 3097 5577 qui
3122 5512 3272 5567 vario
3314 5528 3476 5572 sensu

1888 5590 2074 5655 etiam,
2125 5597 2179 5644 et
2220 5589 2438 5646 sibimet
2475 5591 2577 5662 ipsi
2621 5593 2913 5665 aliquantis
2957 5600 3010 5654 in
3053 5601 3187 5660 locis
3229 5606 3476 5665 dissimili

1889 5683 2068 5756 pergit
2092 5698 2191 5754 per
2211 5683 2504 5740 latissimos
2532 5695 2732 5744 sanctae
2761 5688 3055 5761 Scriptum
3077 5709 3316 5766 campos,
3366 5716 3473 5757 non

1892 5774 2169 5830 catholicae
2214 5771 2338 5828 ﬁdei
2367 5789 2614 5845 quaerens
2638 5779 2924 5838 veritatem
2944 5825 2962 5850 ,
3008 5785 3102 5840 sed
3144 5801 3242 5842 suo
3279 5792 3471 5858 errori,

1890 5865 2019 5922 licet
2058 5866 2210 5922 valde
2250 5868 2352 5924 sibi
2397 5870 2691 5937 contraria,
2741 5873 2930 5928 nititur
2959 5873 3152 5949 [Deest,
3206 5881 3472 5950 invenire,

1890 5958 1966 6014 vel
1990 5959 2181 6035 simile]
2211 5961 2548 6031 testimonia;
2580 5965 2820 6019 crnnium
2843 5965 3219 6025 haereticorum
3233 5987 3466 6044 sequens
