4346 6642
713 365 816 422 H7

1565 355 1626 410 Β.
1667 354 1732 410 F.
1769 351 1996 406 ALBINI
2030 349 2162 404 SEU
2200 345 2475 403 ALCUI‘NI
2510 343 2793 400 OPERL’M
2841 343 3020 399 PARS
3055 345 3140 398 lll.

3874 344 3990 402 148

710 475 1176 539 consuetudinem,
1219 473 1310 543 qui
1335 469 1500 526 divini
1538 465 1736 536 eloquii
1782 462 2078 519 sententias
2108 459 2175 514 ad
2204 458 2286 512 sui
2318 464 2361 517 Α
2391 465 2440 509 te
2471 465 2713 509 nascetur
2737 463 2994 514 sanctum,
3025 451 3197 506 Filius
3211 452 3310 506 Dei
3337 453 3772 527 eocabilur(Luc.
3798 470 3840 521 ι,
3859 453 3983 528 55).

709 568 1084 642 probationem
1109 563 1313 619 erroris
1335 578 1503 632 pravo
1534 550 2074 624 sensu-iuttrpretat‘i
2113 550 2292 604 nitun-

711 671 818 714 tur.

784 747 848 805 ll.
895 748 1040 804 Dicis
1085 748 1269 816 itaque
1315 744 1455 817 quod
1501 757 1660 797 noras
1691 738 1844 793 homo
1881 750 2067 792 norum
2107 747 2294 787 nomen

707 840 897 894 habere
937 838 1139 896 debeat.
1183 837 1296 900 Dic,
1345 851 1496 902 rogo,
1543 832 1664 902 quis
1707 831 1810 884 hoc
1853 840 2049 882 novum
2098 837 2292 878 nomen

711 928 945 999 Spiritus
975 929 1172 983 vestris
1202 926 1437 980 insonuit
1461 922 1725 986 auribus?
1757 919 1916 974 Forte
1947 918 2087 972 Deus
2115 923 2294 968 tectsm

711 1019 1032 1089 loquebatur
1079 1019 1130 1072 in
1167 1018 1396 1080 turbine,
1431 1014 1609 1069 'vclnti
1644 1027 1767 1067 cum
1813 1010 1914 1064 Job
1952 1020 2109 1062 servo
2153 1017 2290 1059 suo:

632 1125 643 1135 ‘
711 1114 796 1168 vel
821 1115 984 1169 etiam
1014 1113 1068 1167 in
1115 1095 1652 1182 Pyl‘euatiscollibus
1701 1105 1754 1158 in
1796 1102 2037 1157 tonitruo
2078 1105 2134 1150 et
2161 1110 2294 1150 vcce

713 1208 877 1272 tubtn,
925 1207 1063 1264 sicut
1089 1221 1210 1261 cum
1260 1203 1439 1273 Moyse
1474 1199 1673 1254 famulo
1718 1212 1816 1251 suo
1847 1196 1901 1249 in
1936 1192 2065 1246 Sina
2109 1197 2294 1243 monte

712 1296 1104 1353 sermocinatus
1132 1302 1251 1350 est:
1296 1291 1382 1346 vel
1419 1289 1704 1345 Dominum
1731 1300 1854 1341 cum
1878 1281 2012 1338 lsaia
2033 1281 2294 1352 propheta

713 1387 894 1445 vidisti
920 1389 972 1441 in
996 1387 1131 1442 solio
1158 1385 1456 1447 sedentem,
1483 1381 1749 1436 etmissus
1763 1385 1844 1432 est
1873 1373 2143 1444 serapbim
2169 1386 2294 1426 cum

713 1480 936 1536 ardente
964 1477 1168 1533 calculo
1194 1477 1332 1530 labia
1362 1483 1452 1530 tua
1483 1472 1760 1532 mundare,
1791 1475 1850 1524 ut
1876 1466 2116 1522 inaudita
2141 1479 2172 1518 a
2196 1478 2296 1518 sa:-

712 1571 851 1630 culis
898 1571 1112 1626 nomina
1162 1569 1358 1624 mundo
1404 1565 1650 1639 proferre
1691 1559 1989 1616 valuisses:
2043 1556 2128 1612 vel
2169 1570 2327 1616 cum.

713 1664 970 1735 Apostolo
999 1675 1183 1734 raptus
1213 1661 1358 1716 fuisti
1383 1658 1449 1716 ad
1476 1658 1692 1714 tertium
1718 1655 1935 1716 coelum,
1965 1659 2020 1707 et
2041 1650 2115 1705 ibi
2144 1649 2296 1704 audi-

716 1758 785 1811 sti
812 1754 1097 1811 ineli‘abilia
1122 1753 1284 1808 verba
1310 1771 1322 1805 :
1351 1750 1434 1805 vel
1461 1764 1582 1805 cum
1610 1748 1768 1802 beato
1795 1741 2123 1812 evangelista
2153 1739 2293 1793 vidi-

2396 545 2452 600 Si
2484 546 2650 615 igitur
2694 544 2808 614 ipse
2833 542 3070 606 Gabriel,
3119 543 3212 611 qui
3238 541 3436 597 dicitur
3466 541 3724 600 fortitudo
3750 540 3880 610 Dei,
3927 551 3984 600 te

2391 646 2638 690 orantem
2668 637 2722 688 in
2752 633 2950 703 templo
2972 633 3287 696 invenisset,
3329 647 3436 686 non
3467 648 3658 686 novem
3690 634 3975 696 mensium,

2391 727 2486 782 ευ]
2519 734 2776 796 perpetua
2807 723 3175 778 taciturnitate
3201 722 3536 778 incredulum
3565 724 3878 779 damnasset
3913 739 3977 780 os

2393 825 2584 870 tuum:
2615 815 2742 886 quia
2766 829 2926 885 quem
2966 813 3055 867 ille
3083 829 3113 866 a
3151 813 3263 869 Deo
3302 813 3499 868 missus
3524 821 3580 868 et
3621 814 3816 869 divinae
3853 829 3982 870 con-

2393 907 2538 962 scius
2565 907 2857 964 voluntatis
2881 920 3072 974 parere
3098 904 3372 973 Virginem
3395 905 3649 974 przedixit
3686 903 3892 972 Jesum,
3927 907 3980 960 id

2393 1005 2496 1061 est,
2526 995 2883 1059 Salvatorem,
2904 1002 2959 1048 et
2982 1009 3251 1064 magnum,
3287 1002 3343 1048 et
3364 993 3560 1048 Filium
3595 995 3879 1057 Altissimi,
3926 1004 3981 1051 et

2393 1095 2664 1150 sanctum,
2690 1093 2745 1138 et
2773 1093 3124 1154 regnaturum
3151 1084 3203 1137 in
3240 1092 3505 1138 aeternum
3533 1086 3790 1151 ostendit,
3836 1085 3983 1142 huic

2394 1183 2451 1230 tu
2481 1183 2707 1247 parvum
2733 1182 2789 1232 et
2829 1174 3160 1244 adoptivum,
3211 1181 3268 1229 et
3297 1189 3515 1230 servum
3560 1176 3980 1232 eonditionalem

2395 1267 2583 1323 testari
2613 1283 2720 1321 non
2752 1267 2932 1322 times.

2462 1357 2626 1428 803
2664 1357 2748 1412 Ill.
2786 1355 3026 1411 Primum
3052 1372 3181 1430 ergo
3222 1357 3409 1414 illud-a
3443 1368 3494 1416 te
3522 1361 3763 1431 requiro,
3797 1360 3985 1416 Domi-

2395 1469 2525 1508 num
2562 1451 2745 1508 Jesum
2784 1451 3094 1512 Christum,
3139 1453 3229 1521 qui
3273 1468 3339 1508 ex
3371 1453 3539 1508 Maria
3584 1455 3794 1525 virgine
3823 1463 3985 1510 natus

2395 1555 2498 1609 est,
2527 1544 2758 1600 hominis
2779 1552 2984 1599 tantum
3013 1544 3232 1611 Filium,
3259 1561 3328 1599 an
3358 1547 3521 1602 etiam
3557 1547 3653 1601 Dei
3679 1548 3874 1603 Filium
3905 1549 3986 1604 di-

2397 1636 2525 1692 cas?
2551 1633 2655 1691 Sed
2684 1635 2786 1690 hoc
2815 1634 3140 1706 superﬂuum
3164 1643 3248 1690 est
3273 1651 3302 1689 a
3333 1643 3384 1690 te
3403 1652 3648 1706 quturere
3675 1640 3820 1708 quod
3862 1653 3987 1710 per-

2398 1729 2642 1797 spicuum
2670 1734 2754 1781 est
2783 1735 2833 1780 te
2861 1727 3086 1790 sentire,
3114 1734 3169 1781 et
3195 1726 3377 1781 multis
3423 1727 3620 1793 verbis,
3654 1729 3783 1785 licet
3810 1731 3988 1786 inani-

716 1849 786 1903 sti
813 1857 867 1903 et
887 1847 1063 1915 legisti
1092 1846 1288 1899 librum
1314 1842 1603 1912 sigillatum
1640 1849 1844 1906 septem
1870 1811 2087 1905 sigillis,
2133 1845 2293 1901 quem

2331 1811 2372 1873 Β
2397 1829 2501 1886 ter,
2541 1821 2866 1876 conlirmare
2888 1818 3122 1874 hominis
3151 1833 3272 1874 esse
3304 1827 3510 1874 tantum
3542 1820 3758 1885 Filium,
3799 1824 3890 1891 qui
3919 1839 3988 1876 ex

716 1953 878 1995 uerno
922 1935 1093 2006 potuit
1122 1935 1351 2005 aperire,
1400 1933 1502 1988 nisi
1549 1931 1634 1986 leo
1663 1929 1729 1983 de
1759 1927 1898 1982 tribu
1933 1924 2091 1989 Juda,
2141 1922 2297 1992 cujus

717 2029 967 2100 potestati
997 2027 1283 2085 infeliciter
1308 2025 1456 2080 Felix
1489 2025 1747 2095 derogare
1771 2037 1876 2077 non
1900 2019 2133 2076 metuis!
2165 2018 2300 2074 Pro-

719 2120 802 2177 fer
835 2130 1014 2176 tamen
1042 2118 1195 2174 nobis
1234 2117 1364 2188 quid
1404 2124 1578 2171 tecum
1609 2114 1920 2183 loqueretur
1948 2111 2088 2165 Deus
2115 2108 2200 2162 vel
2241 2109 2298 2162 in

719 2213 954 2278 turbine,
981 2210 1064 2266 vel
1095 2211 1147 2264 in
1173 2208 1444 2279 Pyrcntcis
1471 2206 1698 2262 collibus
1722 2223 1736 2258 τ
1784 2203 1866 2257 vel
1894 2202 1981 2256 illa
2007 2198 2299 2256 inell'abilia

720 2303 882 2358 verba
913 2318 1032 2370 ιμκο
1069 2301 1264 2354 audisti
1305 2300 1393 2354 die
1435 2296 1622 2362 nobis,
1670 2296 1754 2352 vel
1783 2296 1848 2349 de
1895 2293 2124 2365 sigillata
2160 2291 2300 2345 libro

717 2393 944 2455 ostende
975 2391 1130 2445 nobis
1176 2388 1481 2444 testimonia
1529 2387 1652 2442 novi
1701 2385 1935 2440 nominis
1973 2383 2116 2453 quod
2162 2395 2299 2435 novo

719 2481 925 2538 homini
954 2479 1210 2535 indidisti.
1251 2479 1423 2534 Credo
1445 2477 1586 2548 quod
1617 2477 1753 2532 alius
1781 2477 2003 2546 spiritus
2028 2475 2122 2528 tibi
2155 2472 2302 2526 locu-

719 2581 813 2631 tus
835 2583 918 2630 est
954 2572 1230 2628 Christum
1268 2586 1388 2626 esse
1431 2571 1762 2641 adoptivum,
1809 2569 1946 2623 alius
1986 2567 2135 2621 Isaiae
2176 2579 2302 2635 pro-

722 2667 898 2738 phetae
927 2665 1208 2735 inspiravit
1245 2664 1478 2720 dicenti:
1527 2664 1594 2718 Et
1647 2662 1913 2720 vocabitur
1957 2677 2144 2716 nomen
2184 2660 2300 2730 ejus

723 2755 1039 2814 Emmanuel
1067 2753 1203 2825 (Isn.
1233 2769 1355 2827 vlt,
1382 2753 1470 2823 14)
1496 2769 1510 2818 ;
1558 2752 1644 2808 vel
1671 2753 1832 2808 etiam
1861 2751 2004 2820 quod
2032 2750 2159 2805 alibi
2186 2749 2296 2804 ait:

725 2845 793 2902 Et
848 2847 1113 2902 vocabigur
1146 2845 1332 2899 nomen
1381 2843 1495 2913 ejus
1549 2841 1897 2906 admirabilis,
1946 2839 2299 2905 consiliarius,

722 2935 884 3000 Deus,
916 2935 1088 3005 furtis,
1118 2935 1352 3004 princeps
1381 2934 1548 3003 pacis,
1573 2942 1722 3002 pater
1750 2930 1916 3000 futuri
1945 2930 2125 2984 δίπουιὶ
2164 2928 2299 3001 (lsa.

723 3042 801 3091 nt,
849 3027 925 3094 6).
975 3025 1042 3080 Et
1066 3025 1202 3080 alius
1227 3025 1450 3094 spiritus
1496 3023 1590 3078 tibi
1614 3020 1834 3077 dictavit
1864 3020 2138 3076 Christum
2166 3037 2306 3076 nun-

723 3119 1031 3188 cupati-vum
1057 3133 1177 3173 esse
1204 3117 1391 3182 Deum,
1423 3116 1560 3171 alius
1585 3114 1739 3170 alteri
1764 3116 2040 3185 prophette
2066 3115 2299 3170 dicenti:

727 3208 789 3264 Si
829 3209 986 3279 afﬁgit
1029 3209 1180 3262 homo
1217 3207 1384 3260 Deum
1427 3223 1604 3271 suum,
1653 3207 1774 3276 quia
1822 3221 1906 3259 vos
1959 3205 2173 3275 aﬁigetis
2221 3220 2303 3258 me

726 3300 983 3373 (Maloea.
1025 3316 1108 3366 Ill,
1136 3300 1212 3371 8).
1258 3298 1506 3368 Nunquid
1551 3313 1657 3354 non
1686 3297 1801 3352 hare
1842 3311 1944 3352 vox
1973 3296 2172 3352 Christi
2202 3313 2302 3367 po-

729 3393 830 3447 tuit
852 3406 991 3457 esse,
1018 3393 1234 3462 quando
1258 3391 1452 3446 ductus
1475 3396 1558 3445 est
1585 3389 1651 3445 ad
1680 3403 1918 3456 crucem,
1962 3388 2116 3458 quasi
2139 3388 2306 3444 dixis-

727 3495 848 3542 set:
881 3487 1010 3550 Cur,
1040 3500 1243 3556 qureso,
1285 3485 1700 3555 itedemptorem
1741 3491 1980 3538 vestrum
2010 3479 2118 3537 non
2142 3495 2307 3552 agno-

729 3579 921 3636 scitis?
948 3577 1058 3633 Cur
1078 3576 1245 3632 Deum
1271 3576 1514 3630 indutum
1544 3590 1642 3646 pro
1667 3573 1819 3629 vobis
1840 3588 2001 3628 carne
2043 3572 2306 3627 nescitis?

730 3669 997 3726 Salvatori
1039 3676 1215 3723 vestro
1251 3683 1436 3721 necem
1482 3666 1704 3735 paratis.
1753 3663 2041 3719 Auctorem
2072 3665 2196 3718 vita:
2238 3662 2306 3718 ad

728 3773 959 3820 mortem
1000 3761 1232 3817 ducitis:
1275 3760 1415 3814 Deus
1443 3767 1621 3814 vester
1645 3773 1783 3816 sum,
1833 3770 1992 3826 quem
2028 3754 2308 3824 suspendi-

730 3857 838 3910 tis:
869 3855 1010 3908 Deus
1037 3861 1234 3918 ve.-.tcr,
1262 3867 1420 3922 quem
1467 3849 1803 3918 crueiligitis.
1854 3848 2004 3915 Quis,
2039 3863 2186 3918 rogo,
2221 3846 2307 3900 hic

728 3962 900 4009 error,
953 3954 1048 4000 aut
1079 3961 1197 4014 qum
1238 3944 1444 3999 insania
1483 3944 1609 3998 est?
1659 3942 1719 3997 Si
1757 3941 1914 4012 afﬁgit
1955 3943 2110 3994 homo
2139 3938 2307 3992 Deum

731 4055 905 4102 suum,
928 4038 1050 4109 quia
1084 4053 1168 4091 vos
1194 4035 1396 4106 αθὶσὶιὶδ
1425 4051 1522 4089 me.
1571 4033 1733 4090 Vides
1758 4031 2027 4102 quomodo
2053 4045 2154 4084 vox
2196 4031 2311 4084 htee

734 4131 966 4200 ipsarum
992 4128 1401 4198 quodammodo,
1430 4143 1549 4198 qua:
1564 4137 1684 4182 acta
1711 4133 1854 4186 sunt,
1889 4139 2069 4179 rerum
2092 4137 2193 4176 vox
2216 4121 2306 4174 sit.

734 4219 981 4289 iiunquid
1009 4219 1314 4288 expressius
1343 4217 1634 4286 quidquam
1664 4224 1757 4270 aut
1798 4215 2137 4269 manifestius
2163 4229 2313 4283 qua:-

736 4311 843 4367 ris?
866 4309 1024 4364 Vides
1051 4308 1319 4379 quomodo
1350 4307 1652 4362 testimonia
1674 4321 1828 4361 sacra
1858 4313 2040 4359 natum
2069 4303 2122 4357 in
2147 4315 2312 4357 carne

735 4401 1018 4457 Dominum
1045 4398 1225 4454 Jesum
1263 4396 1533 4453 Christum
1570 4397 1637 4452 ab
1662 4396 1793 4468 ipsis
1817 4393 2211 4465 quodammodo
2236 4393 2314 4446 in-

732 4491 1030 4556 Cuuabulis,
1079 4506 1249 4561 usque
1285 4490 1351 4543 ad
1390 4504 1605 4546 crucem
1653 4502 1812 4559 quam
1841 4485 2082 4555 pertulit,
2124 4497 2308 4554 prose-

732 4595 857 4641 cuta
883 4593 1044 4640 sunt:
1075 4599 1196 4640 cum
1228 4583 1410 4652 utique
1441 4582 1608 4645 illum,
1640 4593 1797 4651 quem
1824 4578 1990 4632 Isaias
2019 4575 2302 4630 Dominum

733 4679 787 4730 in
811 4691 974 4729 carne
1001 4675 1143 4729 nasci
1173 4675 1517 4744 praedicavit;
1551 4672 1641 4728 hic
1663 4669 1828 4724 Deum
1861 4669 1913 4722 in
1942 4681 2102 4722 cruce
2129 4663 2306 4719 videat

734 4764 892 4835 adigi.
945 4764 1010 4819 Et
1034 4765 1153 4819 ideo
1179 4779 1206 4816 a
1234 4763 1491 4833 propheta
1521 4771 1575 4815 et
1609 4759 1715 4815 illic
1742 4757 1832 4812 ubi
1870 4764 2028 4810 natus
2053 4762 2136 4809 est
2165 4753 2306 4809 Deus

733 4861 947 4921 dieitur,
985 4867 1041 4926 et
1065 4857 1170 4912 illic
1195 4856 1284 4910 ubi
1313 4855 1601 4910 cruciﬁxus
1629 4861 1714 4908 est
1739 4851 1880 4905 Deus
1906 4847 2305 4903 evidentissime

737 4952 1060 5006 nominatur.
1111 4946 1423 5002 Certissime
1466 4945 1602 5002 alius
1642 4941 1864 5013 angelus
1897 4940 1989 4994 tibi
2019 4938 2306 4994 dormienti

735 5047 788 5100 in
836 5043 1040 5100 somnis
1075 5040 1356 5112 apparuit,
1403 5039 1540 5092 alius
1581 5034 1772 5106 Ioseph
1821 5035 1938 5087 viro
1987 5031 2206 5086 Maria}:
2255 5037 2308 5085 et

735 5137 878 5191 aliud
909 5136 1004 5190 tibi
1035 5149 1228 5188 nomen
1257 5127 1674 5189 demonstravit,
1721 5124 1864 5179 aliud
1896 5123 1969 5176 illi
1995 5139 2011 5187 ;
2042 5121 2126 5177 vel
2170 5119 2310 5174 aiius

737 5245 840 5284 non
867 5224 1104 5288 Gabriel,
1142 5223 1234 5279 sed
1268 5224 1481 5292 ignotus
1521 5217 1745 5288 quilibet
1783 5216 2000 5271 nuntius
2040 5214 2134 5268 tibi
2175 5211 2309 5281 vigi-

738 5319 869 5379 lanti
928 5315 1098 5375 astitit
1158 5325 1446 5367 susurrans
1496 5310 1550 5366 in
1596 5321 1800 5363 aurem.
1861 5305 2054 5368 llunc,
2113 5303 2308 5372 inquit,

737 5423 984 5482 puerum,
1014 5405 1103 5475 qui
1126 5412 1281 5458 natus
1305 5409 1389 5457 est
1409 5401 1476 5455 de
1503 5397 1743 5468 Virgine,
1779 5395 2085 5465 adoptivum
2113 5405 2310 5449 vocare

739 5481 1031 5554 memento.
1083 5491 1190 5550 Sed
1225 5491 1365 5568 alius
1404 5487 1730 5544 beatissima:
1770 5483 1977 5555 Virgini
2019 5481 2211 5546 astitit,
2254 5486 2312 5532 et

732 5595 844 5664 jam
896 5603 1003 5646 non
1044 5581 1330 5658 quislibet,
1383 5581 1475 5636 sed
1521 5578 1737 5638 Gabriel
1775 5576 2128 5648 ardiangelus
2163 5573 2309 5629 clara

738 5698 868 5740 voce
893 5678 1280 5754 pronuntians:
1326 5673 1553 5745 Spiritus
1576 5680 1784 5730 sanctus
1821 5669 2138 5739 superveniet
2165 5669 2310 5728 inte,

741 5791 784 5830 et
819 5780 977 5839 rirtus
1006 5771 1252 5829 Altissimi
1275 5767 1592 5834 obuirilvrabit
1621 5766 1713 5820 tibi
1736 5778 1752 5814 :
1779 5765 1991 5832 ideoque
2017 5772 2062 5816 et
2087 5760 2222 5832 quod
2251 5775 2312 5813 ex

2401 1913 2618 1984 Virgine
2647 1919 2806 1965 natus
2832 1919 2933 1975 est,
2961 1918 3017 1964 et
3045 1925 3150 1964 non
3197 1910 3313 1974 Dei,
3345 1911 3450 1965 nisi
3496 1927 3594 1980 per
3619 1912 3987 1982 adoptionem.

2398 2004 2508 2060 Nos
2537 2012 2740 2069 autem,
2771 2004 2825 2058 id
2849 2011 2932 2058 est
2951 2044 2966 2068 ,
2990 2002 3383 2058 catholicorum
3408 2005 3648 2059 omnium
3680 2005 3834 2072 fides,
3865 2023 3985 2069 nos,

2399 2095 2639 2164 inquam,
2679 2109 2869 2150 omnes
2894 2100 3183 2161 utrumque
3226 2101 3281 2146 et
3321 2093 3593 2148 credimus
3638 2105 3693 2151 et
3737 2095 3993 2167 intelligi-

2400 2200 2540 2249 mus,
2570 2193 2627 2240 et
2669 2185 2870 2240 scimus
2896 2192 2950 2238 et
2977 2183 3320 2250 confitemur,
3359 2184 3504 2254 quod
3547 2194 3602 2240 et
3641 2187 3878 2243 hominis
3907 2198 3996 2244 est

2400 2276 2584 2340 Filius,
2610 2276 2702 2344 qui
2733 2291 2797 2330 ex
2826 2275 3045 2329 homine
3075 2283 3235 2330 natus
3263 2283 3367 2339 cst,
3388 2284 3442 2330 et
3467 2275 3560 2331 Dei
3592 2278 3782 2343 Filius,
3808 2280 3898 2349 qui
3923 2296 3993 2334 ex

2402 2364 2604 2435 Spiritu
2627 2373 2816 2420 sancto
2844 2374 3136 2437 conceptus
3161 2375 3265 2421 est.
3297 2366 3374 2420 Tu
3397 2382 3528 2439 ergo
3552 2368 3636 2424 vel
3676 2377 3991 2441 utrumque,

2401 2455 2457 2509 id
2484 2462 2588 2519 est,
2618 2455 2713 2509 Dei
2740 2454 2937 2509 Filium
2960 2464 3123 2526 atque
3143 2464 3199 2510 et
3217 2457 3472 2522 hominis,
3500 2472 3567 2512 an
3587 2466 3793 2514 tantum
3819 2461 3998 2516 homi-

2402 2545 2488 2601 nis
2526 2561 2646 2600 esse
2687 2546 2921 2601 asseris?
2957 2547 3014 2602 Si
3041 2556 3246 2602 tantum
3273 2548 3528 2615 hominis,
3569 2551 3868 2606 reclamant
3897 2554 3997 2609 tibi

2405 2636 2653 2707 apostoli,
2673 2637 2978 2693 reclamant
3007 2640 3300 2708 prophetae,
3319 2641 3579 2696 reclamat
3600 2643 3834 2712 denique
3853 2645 3992 2715 ipse,

2401 2744 2501 2800 per
2514 2744 2674 2800 quem
2695 2728 2836 2784 facta
2855 2737 2937 2784 est
2964 2731 3264 2798 conceptio,
3280 2730 3516 2800 Spiritus
3538 2741 3776 2790 sanctus.
3799 2732 3998 2790 Obrui-

2403 2828 2496 2874 tur
2539 2820 3061 2890 impudentissimum
3110 2835 3172 2875 os
3225 2829 3377 2876 tuum
3429 2825 3640 2880 cunctis
3683 2824 3992 2884 divinorum

2406 2913 2616 2983 apicum
2673 2911 3028 2977 testimoniis;
3079 2912 3328 2968 obruitur
3370 2916 3541 2970 sacris
3594 2916 3993 2991 voluminibus,

2407 3006 2610 3061 sanctis
2648 3005 2905 3069 testibus;
2961 3006 3214 3062 obruitur
3258 3007 3491 3078 denique
3533 3009 3648 3080 ipso
3693 3010 3788 3066 Dei
3818 3011 3998 3067 Evano

2408 3096 2569 3167 gelio,
2606 3096 2760 3165 (μιθεί
2784 3095 2960 3150 divina
2988 3112 3148 3150 manu
3177 3097 3362 3153 multis
3389 3099 3441 3153 in
3472 3101 3605 3155 locis
3633 3103 3868 3159 maxime
3891 3119 3993 3175 pa:

2331 3171 2376 3234 C
2407 3192 2560 3242 terna
2591 3200 2718 3240 voce
2743 3185 2808 3241 de
2833 3185 3004 3251 caelis,
3022 3195 3077 3239 et
3104 3186 3270 3255 ipsius
3297 3188 3604 3244 testimonio
3629 3192 3697 3246 de
3721 3207 3829 3263 quo
3851 3171 3997 3249 nunc

2405 3278 2561 3334 nobis
2589 3292 2768 3332 sermo
2802 3286 2903 3332 est.
2932 3277 3164 3340 Damnat
3185 3287 3237 3334 et
3272 3281 3387 3350 ipse
3412 3281 3771 3354 archangelus
3797 3299 3987 3341 vocem

2406 3369 2737 3428 incredulam
2763 3369 2817 3423 in
2856 3376 2928 3432 te,
2964 3369 3053 3438 qui
3075 3371 3274 3428 virtute
3300 3373 3381 3426 sui
3411 3371 3678 3428 sermonis
3715 3374 3911 3430 clausit
3939 3378 3993 3429 in

2405 3463 2668 3520 Zacharia
2695 3477 2756 3517 os
2782 3461 3116 3516 incredulum
3151 3481 3164 3516 :
3198 3462 3367 3518 multo
3419 3465 3593 3536 magis
3619 3473 3675 3519 et
3703 3465 3757 3520 in
3801 3475 3874 3533 te,
3903 3465 3998 3537 qui

2406 3572 2507 3612 nec
2555 3555 2651 3610 Dei
2701 3554 2876 3610 Patris
2928 3552 3238 3609 testimonio
3277 3555 3342 3609 de
3387 3555 3525 3610 Filio
3580 3573 3678 3616 suo
3724 3560 3993 3624 testantis,

2407 3666 2507 3706 nec
2559 3647 2866 3720 aposmlieis
2915 3647 3213 3711 doctrinis,
3255 3663 3356 3702 nec
3411 3651 3736 3720 propheticis
3791 3667 3994 3721 prazsa-

2407 3743 2546 3814 giis,
2601 3755 2700 3795 nec
2759 3739 3014 3810 angelicis
3062 3739 3315 3794 affatibus
3371 3742 3680 3795 consentire
3727 3742 3847 3808 vis,
3901 3745 3998 3798 sed

2407 3843 2529 3905 post
2554 3834 2668 3887 haec
2689 3831 2931 3886 veritatis
2954 3830 3256 3886 testimonia
3285 3846 3481 3885 novum
3515 3847 3708 3886 nomen
3731 3832 3828 3888 Dei
3857 3833 3997 3888 Filio

2409 3939 2532 3980 cum
2563 3922 2749 3993 paucis
2775 3921 3061 3990 Hispaniae,
3087 3937 3194 3976 non
3226 3922 3347 3976 dico
3372 3922 3707 3986 doctoribus,
3732 3923 3826 3978 sed
3856 3927 4000 3979 veri-

2409 4015 2539 4079 tatis
2564 4013 2952 4075 desertoribus,
2977 4012 3252 4082 imponere
3276 4014 3576 4081 praesumis.
3604 4013 3994 4069 Convertimini

2409 4105 2729 4177 quandoque
2782 4103 2849 4157 ad
2903 4104 3125 4158 unitatis
3173 4103 3452 4159 catliolicte
3503 4107 3868 4172 concordiam,
3917 4117 3995 4169 et.

2410 4198 2538 4253 dum
2565 4197 2740 4250 adhuc
2779 4194 2957 4248 lumen
3008 4194 3243 4257 habetis,
3272 4197 3496 4260 currite,
3523 4211 3590 4250 ne
3632 4212 3728 4251 vos
3757 4200 3998 4254 tenebra:

2410 4287 2816 4360 apprehendant
2848 4302 2861 4339 :
2892 4293 2950 4340 ut
2993 4285 3113 4340 sitis
3142 4301 3239 4354 per
3265 4285 3415 4340 illum
3444 4286 3730 4356 adoptione
3761 4280 3997 4344 ﬁliorum

2411 4381 2578 4451 digni,
2618 4380 2708 4450 qui
2752 4389 2835 4434 est
2875 4394 3035 4432 verus
3077 4377 3245 4432 Filius
3276 4379 3392 4444 Dei,
3433 4378 3527 4447 qui
3568 4379 3620 4432 in
3664 4379 3998 4448 plenitudine

2413 4474 2711 4530 divinitatis
2735 4479 2895 4528 natus
2922 4479 3004 4527 est
3033 4469 3304 4539 perfectus
3333 4470 3778 4539 Deus,perl‘cctus
3794 4474 3991 4529 homo:

2411 4578 2555 4626 totus
2598 4569 2760 4632 Deus,
2792 4575 2938 4623 totus
2968 4567 3160 4628 homo;
3215 4572 3361 4619 totus
3397 4564 3564 4619 Filius
3600 4565 3714 4629 Dei,
3745 4573 3801 4620 et
3846 4573 3993 4621 totus

2407 4661 2548 4717 ﬁlius
2595 4659 2848 4714 hominis.
2893 4657 2958 4711 Et
2984 4669 3178 4711 nomen
3209 4656 3349 4725 quod
3396 4657 3616 4726 angelus
3665 4657 3992 4726 concipienti

2406 4752 2613 4824 Virgini
2642 4749 2911 4821 praedixit,
2941 4749 2995 4803 id
3041 4756 3125 4800 est
3163 4746 3357 4800 Filium
3387 4747 3505 4811 Dei,
3547 4747 3859 4802 ﬁrmissime
3910 4755 3992 4802 le-

2406 4851 2568 4906 nete,
2616 4841 2822 4896 credite
2881 4847 2936 4893 et
2980 4837 3290 4908 praedicate.
3346 4835 3441 4893 Dei
3491 4837 3634 4891 enim
3688 4837 3858 4892 Filius
3904 4837 3994 4894 Je-

2408 4950 2502 4990 sus
2557 4932 2808 4988 Christus
2860 4937 2970 4991 est,
3027 4929 3118 4997 qui
3178 4936 3234 4981 et
3279 4927 3348 4982 de
3401 4927 3682 4984 divinitate
3734 4929 3988 4999 genitus.

2407 5034 2464 5080 et
2511 5024 2577 5079 de
2625 5022 2903 5077 divinitate
2954 5027 3244 5087 conceptus
3286 5029 3387 5073 est.
3423 5019 3479 5072 Si
3526 5031 3706 5074 autem
3759 5019 3853 5078 Dei
3901 5019 3993 5074 Fi-

2411 5114 2547 5178 lius,
2593 5127 2722 5182 ergo
2760 5109 3127 5166 indubitanter
3176 5107 3318 5164 Deus
3371 5125 3382 5160 :
3434 5109 3477 5162 si
3521 5124 3650 5164 vero
3688 5109 3849 5175 Deus,
3883 5111 3993 5166 uti-

2410 5220 2515 5275 que
2560 5201 2705 5256 omni
2753 5200 2979 5255 veritate
3012 5197 3238 5270 plenus,
3295 5201 3420 5270 quia
3472 5201 3646 5270 gratia
3679 5206 3734 5254 et
3789 5200 3991 5256 veritas

2383 5311 2508 5366 ,per
2529 5293 2710 5349 Iesum
2741 5291 3014 5348 Christum
3043 5290 3182 5346 facta
3211 5299 3294 5346 est
3339 5289 3521 5361 (Joau.
3561 5307 3609 5357 ι,
3642 5291 3752 5362 l7).
3799 5289 3993 5348 Omnis

2411 5402 2542 5460 ergo
2589 5386 2643 5440 in
2693 5399 2758 5440 eo
2807 5383 3010 5454 gratia,
3050 5383 3226 5438 omnis
3265 5384 3497 5448 veritas,
3547 5385 3723 5440 omnis
3769 5384 3986 5450 virtus,

2412 5479 2590 5536 omnis
2641 5477 2913 5548 potentia,
2963 5475 3140 5530 omnis
3189 5475 3472 5539 divinitas,
3524 5477 3700 5533 omnis
3759 5476 3992 5547 denique

2415 5570 2712 5629 divinitatis
2755 5584 2818 5623 ac
2873 5568 3170 5638 majestatis
3220 5567 3390 5638 ipsius
3437 5567 3714 5638 plenitudo
3747 5582 3869 5624 cum
3923 5581 3990 5623 eo

2415 5676 2575 5734 atque
2605 5662 2658 5715 in
2687 5674 2752 5716 eo
2780 5674 2991 5729 semper
3015 5657 3132 5722 luit,
3159 5658 3269 5713 sive
3297 5660 3351 5714 ia
3391 5658 3547 5720 cado,
3581 5657 3694 5713 sive
3719 5657 3773 5712 in
3818 5666 3986 5734 terra,

2417 5757 2528 5810 sive
2551 5754 2600 5811 in
2627 5761 2799 5816 utero,
2831 5753 2939 5807 sive
2963 5751 3013 5804 iu
3036 5760 3175 5805 ortu.
3215 5750 3355 5805 Nihil
3383 5766 3613 5821 unquam
3638 5751 3752 5808 Deo
3786 5753 3852 5809 de
3877 5729 3991 5824 Deq
